PokerStars Hand #170024494870:  Hold'em Limit ($3/$6 USD) - 2017/05/06 6:18:30 ET
Table 'Antielus' 6-max Seat #1 is the button
Seat 1: 19woody58 ($120 in chips)
Seat 2: Koraseg ($120 in chips)
19woody58: posts small blind $1
Koraseg: posts big blind $3
*** HOLE CARDS ***
19woody58: raises $3 to $6
Koraseg: calls $3
*** FLOP *** [2c Jd 9d]
Koraseg: checks
19woody58: bets $3
Koraseg: calls $3
*** TURN *** [2c Jd 9d] [4d]
Koraseg: checks
19woody58: checks
*** RIVER *** [2c Jd 9d 4d] [9h]
Koraseg: checks
19woody58: bets $6
Koraseg: calls $6
*** SHOW DOWN ***
19woody58: shows [5c 5d] (two pair, Nines and Fives)
Koraseg: mucks hand
sonartec joins the table at seat #6
19woody58 collected $29.50 from pot
*** SUMMARY ***
Total pot $30 | Rake $0.50
Board [2c Jd 9d 4d 9h]
Seat 1: 19woody58 (button) (small blind) showed [5c 5d] and won ($29.50) with two pair, Nines and Fives
Seat 2: Koraseg (big blind) mucked


PokerStars Hand #170024557473:  Hold'em Limit ($3/$6 USD) - 2017/05/06 6:20:56 ET
Table 'Antielus' 6-max Seat #6 is the button
Seat 2: Koraseg ($67.92 in chips)
Seat 6: sonartec ($154.85 in chips)
sonartec: posts small blind $1
Koraseg: posts big blind $3
*** HOLE CARDS ***
sonartec: raises $3 to $6
Koraseg: calls $3
*** FLOP *** [8d Jc 4d]
Koraseg: checks
sonartec: bets $3
Koraseg: raises $3 to $6
sonartec: calls $3
*** TURN *** [8d Jc 4d] [Ks]
Koraseg: bets $6
sonartec: calls $6
*** RIVER *** [8d Jc 4d Ks] [Kh]
Koraseg: bets $6
sonartec: calls $6
*** SHOW DOWN ***
Koraseg: shows [Qc Td] (a pair of Kings)
sonartec: shows [8c Jd] (two pair, Kings and Jacks)
sonartec collected $47.50 from pot
*** SUMMARY ***
Total pot $48 | Rake $0.50
Board [8d Jc 4d Ks Kh]
Seat 2: Koraseg (big blind) showed [Qc Td] and lost with a pair of Kings
Seat 6: sonartec (button) (small blind) showed [8c Jd] and won ($47.50) with two pair, Kings and Jacks


PokerStars Hand #170024582579:  Hold'em Limit ($3/$6 USD) - 2017/05/06 6:21:55 ET
Table 'Antielus' 6-max Seat #2 is the button
Seat 2: Koraseg ($98.68 in chips)
Seat 6: sonartec ($182.99 in chips)
Koraseg: posts small blind $1
sonartec: posts big blind $3
*** HOLE CARDS ***
Koraseg: folds
Uncalled bet ($2) returned to sonartec
sonartec collected $2 from pot
sonartec: doesn't show hand
*** SUMMARY ***
Total pot $2 | Rake $0
Seat 2: Koraseg (button) (small blind) folded before Flop
Seat 6: sonartec (big blind) collected ($2)


PokerStars Hand #170024565518:  Hold'em Limit ($3/$6 USD) - 2017/05/06 6:21:15 ET
Table 'Antielus' 6-max Seat #2 is the button
Seat 2: Koraseg ($43.92 in chips)
Seat 6: sonartec ($178.35 in chips)
Koraseg: posts small blind $1
sonartec: posts big blind $3
*** HOLE CARDS ***
Koraseg: raises $3 to $6
sonartec: raises $3 to $9
Koraseg: calls $3
*** FLOP *** [Jh Qs As]
sonartec: bets $3
Koraseg: folds
Uncalled bet ($3) returned to sonartec
sonartec collected $17.64 from pot
sonartec: doesn't show hand
*** SUMMARY ***
Total pot $18 | Rake $0.36
Board [Jh Qs As]
Seat 2: Koraseg (button) (small blind) folded on the Flop
Seat 6: sonartec (big blind) collected ($17.64)


PokerStars Hand #170024580321:  Hold'em Limit ($3/$6 USD) - 2017/05/06 6:21:50 ET
Table 'Antielus' 6-max Seat #6 is the button
Seat 2: Koraseg ($97.68 in chips)
Seat 6: sonartec ($183.99 in chips)
sonartec: posts small blind $1
Koraseg: posts big blind $3
*** HOLE CARDS ***
sonartec: folds
Uncalled bet ($2) returned to Koraseg
Koraseg collected $2 from pot
Koraseg: doesn't show hand
*** SUMMARY ***
Total pot $2 | Rake $0
Seat 2: Koraseg (big blind) collected ($2)
Seat 6: sonartec (button) (small blind) folded before Flop


PokerStars Hand #170024575599:  Hold'em Limit ($3/$6 USD) - 2017/05/06 6:21:39 ET
Table 'Antielus' 6-max Seat #2 is the button
Seat 2: Koraseg ($91.92 in chips)
Seat 6: sonartec ($189.99 in chips)
Koraseg: posts small blind $1
sonartec: posts big blind $3
*** HOLE CARDS ***
Koraseg: raises $3 to $6
sonartec: calls $3
*** FLOP *** [Qd 2s 9d]
sonartec: checks
Koraseg: bets $3
sonartec: folds
Uncalled bet ($3) returned to Koraseg
Koraseg collected $11.76 from pot
Koraseg: doesn't show hand
*** SUMMARY ***
Total pot $12 | Rake $0.24
Board [Qd 2s 9d]
Seat 2: Koraseg (button) (small blind) collected ($11.76)
Seat 6: sonartec (big blind) folded on the Flop


PokerStars Hand #170024572411:  Hold'em Limit ($3/$6 USD) - 2017/05/06 6:21:31 ET
Table 'Antielus' 6-max Seat #6 is the button
Seat 2: Koraseg ($94.92 in chips)
Seat 6: sonartec ($186.99 in chips)
sonartec: posts small blind $1
Koraseg: posts big blind $3
*** HOLE CARDS ***
sonartec: raises $3 to $6
Koraseg: folds
Uncalled bet ($3) returned to sonartec
sonartec collected $6 from pot
sonartec: doesn't show hand
*** SUMMARY ***
Total pot $6 | Rake $0
Seat 2: Koraseg (big blind) folded before Flop
Seat 6: sonartec (button) (small blind) collected ($6)


PokerStars Hand #170024593513:  Hold'em Limit ($3/$6 USD) - 2017/05/06 6:22:20 ET
Table 'Antielus' 6-max Seat #2 is the button
Seat 2: Koraseg ($112.18 in chips)
Seat 6: sonartec ($168.99 in chips)
Koraseg: posts small blind $1
sonartec: posts big blind $3
*** HOLE CARDS ***
Koraseg: raises $3 to $6
sonartec: raises $3 to $9
Koraseg: calls $3
*** FLOP *** [Ks Th 3s]
sonartec: bets $3
Koraseg: folds
Uncalled bet ($3) returned to sonartec
sonartec collected $17.64 from pot
sonartec: doesn't show hand
*** SUMMARY ***
Total pot $18 | Rake $0.36
Board [Ks Th 3s]
Seat 2: Koraseg (button) (small blind) folded on the Flop
Seat 6: sonartec (big blind) collected ($17.64)


PokerStars Hand #170024584684:  Hold'em Limit ($3/$6 USD) - 2017/05/06 6:22:00 ET
Table 'Antielus' 6-max Seat #6 is the button
Seat 2: Koraseg ($97.68 in chips)
Seat 6: sonartec ($183.99 in chips)
sonartec: posts small blind $1
Koraseg: posts big blind $3
*** HOLE CARDS ***
sonartec: raises $3 to $6
Koraseg: calls $3
*** FLOP *** [7d Qd 2c]
Koraseg: checks
sonartec: bets $3
Koraseg: raises $3 to $6
sonartec: raises $3 to $9
Koraseg: calls $3
*** TURN *** [7d Qd 2c] [3h]
Koraseg: checks
sonartec: checks
*** RIVER *** [7d Qd 2c 3h] [2d]
Koraseg: bets $6
19woody58 joins the table at seat #1
sonartec: folds
Uncalled bet ($6) returned to Koraseg
Koraseg collected $29.50 from pot
Koraseg: doesn't show hand
*** SUMMARY ***
Total pot $30 | Rake $0.50
Board [7d Qd 2c 3h 2d]
Seat 2: Koraseg (big blind) collected ($29.50)
Seat 6: sonartec (button) (small blind) folded on the River


