PokerStars Hand #160502441280:  Hold'em Limit ($3/$6 USD) - 2016/10/27 8:30:59 ET
Table 'Antikleia II' 6-max Seat #3 is the button
Seat 3: johannesmart ($72 in chips)
Seat 4: Agrotait ($72 in chips)
johannesmart: posts small blind $1
Agrotait: posts big blind $3
*** HOLE CARDS ***
johannesmart: calls $2
Agrotait: checks
*** FLOP *** [2c 3s 3c]
hooverr joins the table at seat #6
Agrotait: bets $3
johannesmart: folds
Uncalled bet ($3) returned to Agrotait
Agrotait collected $5.88 from pot
Agrotait: doesn't show hand
*** SUMMARY ***
Total pot $6 | Rake $0.12
Board [2c 3s 3c]
Seat 3: johannesmart (button) (small blind) folded on the Flop
Seat 4: Agrotait (big blind) collected ($5.88)


PokerStars Hand #160502528968:  Hold'em Limit ($3/$6 USD) - 2016/10/27 8:33:46 ET
Table 'Antikleia II' 6-max Seat #4 is the button
Seat 4: Agrotait ($131.82 in chips)
Seat 6: hooverr ($97.19 in chips)
Agrotait: posts small blind $1
hooverr: posts big blind $3
*** HOLE CARDS ***
Agrotait: folds
Uncalled bet ($2) returned to hooverr
hooverr collected $2 from pot
hooverr: doesn't show hand
*** SUMMARY ***
Total pot $2 | Rake $0
Seat 4: Agrotait (button) (small blind) folded before Flop
Seat 6: hooverr (big blind) collected ($2)


PokerStars Hand #160502832702:  Hold'em Limit ($3/$6 USD) - 2016/10/27 8:43:07 ET
Table 'Antikleia II' 6-max Seat #5 is the button
Seat 5: Kees123 ($182.38 in chips)
Seat 6: hooverr ($68.15 in chips)
Agrotait leaves the table
Kees123: posts small blind $1
hooverr: posts big blind $3
*** HOLE CARDS ***
Kees123: raises $3 to $6
hooverr: folds
Uncalled bet ($3) returned to Kees123
Kees123 collected $6 from pot
*** SUMMARY ***
Total pot $6 | Rake $0
Seat 5: Kees123 (button) (small blind) collected ($6)
Seat 6: hooverr (big blind) folded before Flop


PokerStars Hand #160502829832:  Hold'em Limit ($3/$6 USD) - 2016/10/27 8:43:02 ET
Table 'Antikleia II' 6-max Seat #6 is the button
Seat 5: Kees123 ($181.38 in chips)
Seat 6: hooverr ($69.15 in chips)
hooverr: posts small blind $1
zizonmusang: is sitting out
Agrotait: is sitting out
Kees123: posts big blind $3
*** HOLE CARDS ***
hooverr: folds
Uncalled bet ($2) returned to Kees123
Kees123 collected $2 from pot
*** SUMMARY ***
Total pot $2 | Rake $0
Seat 5: Kees123 (big blind) collected ($2)
Seat 6: hooverr (button) (small blind) folded before Flop


