PokerStars Hand #149487703635:  Hold'em Limit ($3/$6 USD) - 2016/02/27 5:46:46 ET
Table 'Antiope' 6-max Seat #3 is the button
Seat 3: minigus575 ($120 in chips)
Seat 4: TbIP-TbIP 88 ($72 in chips)
minigus575: posts small blind $1
parconxxx joins the table at seat #2
Psynto joins the table at seat #5
TbIP-TbIP 88: posts big blind $3
*** HOLE CARDS ***
minigus575: folds
Uncalled bet ($2) returned to TbIP-TbIP 88
TbIP-TbIP 88 collected $2 from pot
TbIP-TbIP 88: doesn't show hand
*** SUMMARY ***
Total pot $2 | Rake $0
Seat 3: minigus575 (button) (small blind) folded before Flop
Seat 4: TbIP-TbIP 88 (big blind) collected ($2)


PokerStars Hand #149491045879:  Hold'em Limit ($3/$6 USD) - 2016/02/27 7:19:07 ET
Table 'Antiope' 6-max Seat #4 is the button
Seat 3: PycV ($124 in chips)
Seat 4: CrystalMirac ($163.62 in chips)
CrystalMirac: posts small blind $1
killerfurbel: is sitting out
PycV: posts big blind $3
*** HOLE CARDS ***
CrystalMirac: calls $2
killerfurbel leaves the table
PycV: raises $3 to $6
CrystalMirac: calls $3
*** FLOP *** [Kc 2h 7h]
PycV: bets $3
CrystalMirac: calls $3
*** TURN *** [Kc 2h 7h] [3d]
PycV: bets $6
CrystalMirac: folds
Uncalled bet ($6) returned to PycV
PycV collected $17.64 from pot
PycV: doesn't show hand
*** SUMMARY ***
Total pot $18 | Rake $0.36
Board [Kc 2h 7h 3d]
Seat 3: PycV (big blind) collected ($17.64)
Seat 4: CrystalMirac (button) (small blind) folded on the Turn


PokerStars Hand #149491071098:  Hold'em Limit ($3/$6 USD) - 2016/02/27 7:19:45 ET
Table 'Antiope' 6-max Seat #3 is the button
Seat 3: PycV ($124.64 in chips)
Seat 4: CrystalMirac ($162.26 in chips)
PycV: posts small blind $1
CrystalMirac: posts big blind $3
*** HOLE CARDS ***
PycV: folds
Uncalled bet ($2) returned to CrystalMirac
CrystalMirac collected $2 from pot
CrystalMirac: doesn't show hand
*** SUMMARY ***
Total pot $2 | Rake $0
Seat 3: PycV (button) (small blind) folded before Flop
Seat 4: CrystalMirac (big blind) collected ($2)


PokerStars Hand #149491066375:  Hold'em Limit ($3/$6 USD) - 2016/02/27 7:19:37 ET
Table 'Antiope' 6-max Seat #4 is the button
Seat 3: PycV ($123.64 in chips)
Seat 4: CrystalMirac ($163.26 in chips)
CrystalMirac: posts small blind $1
PycV: posts big blind $3
*** HOLE CARDS ***
CrystalMirac: folds
Uncalled bet ($2) returned to PycV
PycV collected $2 from pot
PycV: doesn't show hand
*** SUMMARY ***
Total pot $2 | Rake $0
Seat 3: PycV (big blind) collected ($2)
Seat 4: CrystalMirac (button) (small blind) folded before Flop


PokerStars Hand #149491055131:  Hold'em Limit ($3/$6 USD) - 2016/02/27 7:19:21 ET
Table 'Antiope' 6-max Seat #3 is the button
Seat 3: PycV ($132.64 in chips)
Seat 4: CrystalMirac ($154.62 in chips)
PycV: posts small blind $1
CrystalMirac: posts big blind $3
*** HOLE CARDS ***
PycV: raises $3 to $6
CrystalMirac: raises $3 to $9
PycV: calls $3
*** FLOP *** [3c 5c Ts]
CrystalMirac: bets $3
PycV: folds
Uncalled bet ($3) returned to CrystalMirac
CrystalMirac collected $17.64 from pot
CrystalMirac: doesn't show hand
*** SUMMARY ***
Total pot $18 | Rake $0.36
Board [3c 5c Ts]
Seat 3: PycV (button) (small blind) folded on the Flop
Seat 4: CrystalMirac (big blind) collected ($17.64)


PokerStars Hand #149492007944:  Hold'em Limit ($3/$6 USD) - 2016/02/27 7:43:04 ET
Table 'Antiope' 6-max Seat #2 is the button
Seat 2: Krazy90 ($145.04 in chips)
Seat 6: schänzli ($16 in chips)
Krazy90: posts small blind $1
schänzli: posts big blind $3
*** HOLE CARDS ***
Krazy90: folds
Uncalled bet ($2) returned to schänzli
schänzli collected $2 from pot
schänzli: doesn't show hand
*** SUMMARY ***
Total pot $2 | Rake $0
Seat 2: Krazy90 (button) (small blind) folded before Flop
Seat 6: schänzli (big blind) collected ($2)


PokerStars Hand #149491994547:  Hold'em Limit ($3/$6 USD) - 2016/02/27 7:42:44 ET
Table 'Antiope' 6-max Seat #6 is the button
Seat 2: Krazy90 ($136.40 in chips)
Seat 6: schänzli ($25 in chips)
schänzli: posts small blind $1
Krazy90: posts big blind $3
*** HOLE CARDS ***
schänzli: raises $3 to $6
Krazy90: calls $3
*** FLOP *** [As Tc 7c]
Krazy90: checks
schänzli: bets $3
Krazy90: calls $3
*** TURN *** [As Tc 7c] [3s]
Krazy90: checks
schänzli: checks
*** RIVER *** [As Tc 7c 3s] [6h]
Krazy90: bets $6
schänzli: folds
Uncalled bet ($6) returned to Krazy90
Krazy90 collected $17.64 from pot
Krazy90: doesn't show hand
*** SUMMARY ***
Total pot $18 | Rake $0.36
Board [As Tc 7c 3s 6h]
Seat 2: Krazy90 (big blind) collected ($17.64)
Seat 6: schänzli (button) (small blind) folded on the River


PokerStars Hand #149491986577:  Hold'em Limit ($3/$6 USD) - 2016/02/27 7:42:32 ET
Table 'Antiope' 6-max Seat #2 is the button
Seat 2: Krazy90 ($130.64 in chips)
Seat 6: schänzli ($31 in chips)
Krazy90: posts small blind $1
schänzli: posts big blind $3
*** HOLE CARDS ***
Krazy90: raises $3 to $6
schänzli: calls $3
*** FLOP *** [9h 4h 5s]
schänzli: checks
Krazy90: bets $3
schänzli: folds
Uncalled bet ($3) returned to Krazy90
Krazy90 collected $11.76 from pot
Krazy90: doesn't show hand
*** SUMMARY ***
Total pot $12 | Rake $0.24
Board [9h 4h 5s]
Seat 2: Krazy90 (button) (small blind) collected ($11.76)
Seat 6: schänzli (big blind) folded on the Flop


PokerStars Hand #149492052395:  Hold'em Limit ($3/$6 USD) - 2016/02/27 7:44:09 ET
Table 'Antiope' 6-max Seat #6 is the button
Seat 2: Krazy90 ($132.04 in chips)
Seat 6: schänzli ($28.76 in chips)
schänzli: posts small blind $1
Krazy90: posts big blind $3
*** HOLE CARDS ***
schänzli: folds
Uncalled bet ($2) returned to Krazy90
Krazy90 collected $2 from pot
Krazy90: doesn't show hand
*** SUMMARY ***
Total pot $2 | Rake $0
Seat 2: Krazy90 (big blind) collected ($2)
Seat 6: schänzli (button) (small blind) folded before Flop


PokerStars Hand #149492048732:  Hold'em Limit ($3/$6 USD) - 2016/02/27 7:44:04 ET
Table 'Antiope' 6-max Seat #2 is the button
Seat 2: Krazy90 ($133.04 in chips)
Seat 6: schänzli ($27.76 in chips)
Krazy90: posts small blind $1
schänzli: posts big blind $3
*** HOLE CARDS ***
Krazy90: folds
Uncalled bet ($2) returned to schänzli
schänzli collected $2 from pot
schänzli: doesn't show hand
*** SUMMARY ***
Total pot $2 | Rake $0
Seat 2: Krazy90 (button) (small blind) folded before Flop
Seat 6: schänzli (big blind) collected ($2)


PokerStars Hand #149492039356:  Hold'em Limit ($3/$6 USD) - 2016/02/27 7:43:50 ET
Table 'Antiope' 6-max Seat #6 is the button
Seat 2: Krazy90 ($136.04 in chips)
Seat 6: schänzli ($24.88 in chips)
schänzli: posts small blind $1
Krazy90: posts big blind $3
*** HOLE CARDS ***
schänzli: calls $2
Krazy90: checks
*** FLOP *** [9c Kc 4s]
Krazy90: checks
schänzli: bets $3
Krazy90: folds
Uncalled bet ($3) returned to schänzli
schänzli collected $5.88 from pot
schänzli: doesn't show hand
*** SUMMARY ***
Total pot $6 | Rake $0.12
Board [9c Kc 4s]
Seat 2: Krazy90 (big blind) folded on the Flop
Seat 6: schänzli (button) (small blind) collected ($5.88)


PokerStars Hand #149492035726:  Hold'em Limit ($3/$6 USD) - 2016/02/27 7:43:44 ET
Table 'Antiope' 6-max Seat #2 is the button
Seat 2: Krazy90 ($137.04 in chips)
Seat 6: schänzli ($23.88 in chips)
Krazy90: posts small blind $1
schänzli: posts big blind $3
*** HOLE CARDS ***
Krazy90: folds
Uncalled bet ($2) returned to schänzli
schänzli collected $2 from pot
schänzli: doesn't show hand
*** SUMMARY ***
Total pot $2 | Rake $0
Seat 2: Krazy90 (button) (small blind) folded before Flop
Seat 6: schänzli (big blind) collected ($2)


PokerStars Hand #149492028149:  Hold'em Limit ($3/$6 USD) - 2016/02/27 7:43:33 ET
Table 'Antiope' 6-max Seat #6 is the button
Seat 2: Krazy90 ($140.04 in chips)
Seat 6: schänzli ($21 in chips)
schänzli: posts small blind $1
Krazy90: posts big blind $3
*** HOLE CARDS ***
schänzli: calls $2
Krazy90: checks
*** FLOP *** [8d 6s Qd]
Krazy90: checks
schänzli: bets $3
Krazy90: folds
Uncalled bet ($3) returned to schänzli
schänzli collected $5.88 from pot
schänzli: doesn't show hand
*** SUMMARY ***
Total pot $6 | Rake $0.12
Board [8d 6s Qd]
Seat 2: Krazy90 (big blind) folded on the Flop
Seat 6: schänzli (button) (small blind) collected ($5.88)


PokerStars Hand #149492025079:  Hold'em Limit ($3/$6 USD) - 2016/02/27 7:43:29 ET
Table 'Antiope' 6-max Seat #2 is the button
Seat 2: Krazy90 ($141.04 in chips)
Seat 6: schänzli ($20 in chips)
Krazy90: posts small blind $1
schänzli: posts big blind $3
*** HOLE CARDS ***
Krazy90: folds
Uncalled bet ($2) returned to schänzli
schänzli collected $2 from pot
schänzli: doesn't show hand
*** SUMMARY ***
Total pot $2 | Rake $0
Seat 2: Krazy90 (button) (small blind) folded before Flop
Seat 6: schänzli (big blind) collected ($2)


PokerStars Hand #149492017915:  Hold'em Limit ($3/$6 USD) - 2016/02/27 7:43:18 ET
Table 'Antiope' 6-max Seat #6 is the button
Seat 2: Krazy90 ($144.04 in chips)
Seat 6: schänzli ($17 in chips)
schänzli: posts small blind $1
Krazy90: posts big blind $3
*** HOLE CARDS ***
schänzli: raises $3 to $6
Krazy90: folds
Uncalled bet ($3) returned to schänzli
schänzli collected $6 from pot
schänzli: doesn't show hand
*** SUMMARY ***
Total pot $6 | Rake $0
Seat 2: Krazy90 (big blind) folded before Flop
Seat 6: schänzli (button) (small blind) collected ($6)


PokerStars Hand #149492092273:  Hold'em Limit ($3/$6 USD) - 2016/02/27 7:45:08 ET
Table 'Antiope' 6-max Seat #6 is the button
Seat 2: Krazy90 ($132.86 in chips)
Seat 6: schänzli ($27.58 in chips)
schänzli: posts small blind $1
Krazy90: posts big blind $3
*** HOLE CARDS ***
schänzli: calls $2
Krazy90: checks
*** FLOP *** [4s 7d 9h]
Krazy90: checks
schänzli: checks
*** TURN *** [4s 7d 9h] [4d]
Krazy90: checks
schänzli: checks
*** RIVER *** [4s 7d 9h 4d] [8h]
Krazy90: checks
schänzli: checks
*** SHOW DOWN ***
Krazy90: shows [5d Td] (a pair of Fours)
schänzli: shows [2s Js] (a pair of Fours - Jack kicker)
schänzli collected $5.88 from pot
*** SUMMARY ***
Total pot $6 | Rake $0.12
Board [4s 7d 9h 4d 8h]
Seat 2: Krazy90 (big blind) showed [5d Td] and lost with a pair of Fours
Seat 6: schänzli (button) (small blind) showed [2s Js] and won ($5.88) with a pair of Fours


PokerStars Hand #149492071499:  Hold'em Limit ($3/$6 USD) - 2016/02/27 7:44:38 ET
Table 'Antiope' 6-max Seat #2 is the button
Seat 2: Krazy90 ($133.04 in chips)
Seat 6: schänzli ($27.76 in chips)
Krazy90: posts small blind $1
schänzli: posts big blind $3
*** HOLE CARDS ***
Krazy90: raises $3 to $6
schänzli: calls $3
*** FLOP *** [5s 2s 3h]
schänzli: checks
Krazy90: bets $3
schänzli: calls $3
*** TURN *** [5s 2s 3h] [6s]
schänzli: checks
Krazy90: checks
*** RIVER *** [5s 2s 3h 6s] [Jd]
schänzli: checks
Krazy90: checks
*** SHOW DOWN ***
schänzli: shows [7h Kd] (high card King)
Krazy90: shows [Kc 7c] (high card King)
schänzli collected $8.82 from pot
Krazy90 collected $8.82 from pot
*** SUMMARY ***
Total pot $18 | Rake $0.36
Board [5s 2s 3h 6s Jd]
Seat 2: Krazy90 (button) (small blind) showed [Kc 7c] and won ($8.82) with high card King
Seat 6: schänzli (big blind) showed [7h Kd] and won ($8.82) with high card King


PokerStars Hand #149492067040:  Hold'em Limit ($3/$6 USD) - 2016/02/27 7:44:31 ET
Table 'Antiope' 6-max Seat #6 is the button
Seat 2: Krazy90 ($132.04 in chips)
Seat 6: schänzli ($28.76 in chips)
schänzli: posts small blind $1
Krazy90: posts big blind $3
*** HOLE CARDS ***
schänzli: folds
Uncalled bet ($2) returned to Krazy90
Krazy90 collected $2 from pot
Krazy90: doesn't show hand
*** SUMMARY ***
Total pot $2 | Rake $0
Seat 2: Krazy90 (big blind) collected ($2)
Seat 6: schänzli (button) (small blind) folded before Flop


PokerStars Hand #149492056165:  Hold'em Limit ($3/$6 USD) - 2016/02/27 7:44:15 ET
Table 'Antiope' 6-max Seat #2 is the button
Seat 2: Krazy90 ($133.04 in chips)
Seat 6: schänzli ($27.76 in chips)
Krazy90: posts small blind $1
schänzli: posts big blind $3
*** HOLE CARDS ***
Krazy90: folds
Uncalled bet ($2) returned to schänzli
schänzli collected $2 from pot
schänzli: doesn't show hand
*** SUMMARY ***
Total pot $2 | Rake $0
Seat 2: Krazy90 (button) (small blind) folded before Flop
Seat 6: schänzli (big blind) collected ($2)


PokerStars Hand #149492133615:  Hold'em Limit ($3/$6 USD) - 2016/02/27 7:46:09 ET
Table 'Antiope' 6-max Seat #6 is the button
Seat 2: Krazy90 ($145.26 in chips)
Seat 6: schänzli ($14.46 in chips)
schänzli: posts small blind $1
Krazy90: posts big blind $3
*** HOLE CARDS ***
schänzli: raises $3 to $6
Krazy90: raises $3 to $9
schänzli: raises $3 to $12
Betting is capped
Krazy90: calls $3
*** FLOP *** [As 3s 4h]
Krazy90: bets $3
schänzli: calls $2.46 and is all-in
Uncalled bet ($0.54) returned to Krazy90
*** TURN *** [As 3s 4h] [3h]
*** RIVER *** [As 3s 4h 3h] [5d]
*** SHOW DOWN ***
Krazy90: shows [Jh Ks] (a pair of Threes)
schänzli: shows [Ac Td] (two pair, Aces and Threes)
schänzli collected $28.42 from pot
*** SUMMARY ***
Total pot $28.92 | Rake $0.50
Board [As 3s 4h 3h 5d]
Seat 2: Krazy90 (big blind) showed [Jh Ks] and lost with a pair of Threes
Seat 6: schänzli (button) (small blind) showed [Ac Td] and won ($28.42) with two pair, Aces and Threes


PokerStars Hand #149492117790:  Hold'em Limit ($3/$6 USD) - 2016/02/27 7:45:45 ET
Table 'Antiope' 6-max Seat #2 is the button
Seat 2: Krazy90 ($136.62 in chips)
Seat 6: schänzli ($23.46 in chips)
Krazy90: posts small blind $1
schänzli: posts big blind $3
*** HOLE CARDS ***
Krazy90: raises $3 to $6
schänzli: calls $3
*** FLOP *** [Th Kd Jh]
schänzli: checks
Krazy90: bets $3
schänzli: calls $3
*** TURN *** [Th Kd Jh] [6d]
schänzli: checks
Krazy90: bets $6
schänzli: folds
Uncalled bet ($6) returned to Krazy90
Krazy90 collected $17.64 from pot
Krazy90: doesn't show hand
*** SUMMARY ***
Total pot $18 | Rake $0.36
Board [Th Kd Jh 6d]
Seat 2: Krazy90 (button) (small blind) collected ($17.64)
Seat 6: schänzli (big blind) folded on the Turn


PokerStars Hand #149492114050:  Hold'em Limit ($3/$6 USD) - 2016/02/27 7:45:40 ET
Table 'Antiope' 6-max Seat #6 is the button
Seat 2: Krazy90 ($135.62 in chips)
Seat 6: schänzli ($24.46 in chips)
schänzli: posts small blind $1
Krazy90: posts big blind $3
*** HOLE CARDS ***
schänzli: folds
Uncalled bet ($2) returned to Krazy90
Krazy90 collected $2 from pot
Krazy90: doesn't show hand
*** SUMMARY ***
Total pot $2 | Rake $0
Seat 2: Krazy90 (big blind) collected ($2)
Seat 6: schänzli (button) (small blind) folded before Flop


PokerStars Hand #149492102807:  Hold'em Limit ($3/$6 USD) - 2016/02/27 7:45:24 ET
Table 'Antiope' 6-max Seat #2 is the button
Seat 2: Krazy90 ($129.86 in chips)
Seat 6: schänzli ($30.46 in chips)
Krazy90: posts small blind $1
schänzli: posts big blind $3
*** HOLE CARDS ***
Krazy90: raises $3 to $6
schänzli: calls $3
*** FLOP *** [6h Jc Qd]
schänzli: checks
Krazy90: checks
*** TURN *** [6h Jc Qd] [9d]
schänzli: checks
Krazy90: bets $6
schänzli: folds
Uncalled bet ($6) returned to Krazy90
Krazy90 collected $11.76 from pot
Krazy90: doesn't show hand
*** SUMMARY ***
Total pot $12 | Rake $0.24
Board [6h Jc Qd 9d]
Seat 2: Krazy90 (button) (small blind) collected ($11.76)
Seat 6: schänzli (big blind) folded on the Turn


PokerStars Hand #149492164475:  Hold'em Limit ($3/$6 USD) - 2016/02/27 7:46:54 ET
Table 'Antiope' 6-max Seat #2 is the button
Seat 2: Krazy90 ($143.32 in chips)
Seat 6: schänzli ($15.42 in chips)
Krazy90: posts small blind $1
schänzli: posts big blind $3
*** HOLE CARDS ***
Krazy90: raises $3 to $6
schänzli: raises $3 to $9
Krazy90: raises $3 to $12
Betting is capped
schänzli: calls $3
*** FLOP *** [9h 8c Qh]
schänzli: bets $3
Krazy90: raises $3 to $6
schänzli: calls $0.42 and is all-in
Uncalled bet ($2.58) returned to Krazy90
*** TURN *** [9h 8c Qh] [3s]
*** RIVER *** [9h 8c Qh 3s] [Ks]
*** SHOW DOWN ***
schänzli: shows [Ad 6c] (high card Ace)
Krazy90: shows [9c 7s] (a pair of Nines)
Krazy90 collected $30.34 from pot
*** SUMMARY ***
Total pot $30.84 | Rake $0.50
Board [9h 8c Qh 3s Ks]
Seat 2: Krazy90 (button) (small blind) showed [9c 7s] and won ($30.34) with a pair of Nines
Seat 6: schänzli (big blind) showed [Ad 6c] and lost with high card Ace


PokerStars Hand #149492160848:  Hold'em Limit ($3/$6 USD) - 2016/02/27 7:46:49 ET
Table 'Antiope' 6-max Seat #6 is the button
Seat 2: Krazy90 ($142.32 in chips)
Seat 6: schänzli ($16.42 in chips)
schänzli: posts small blind $1
Krazy90: posts big blind $3
*** HOLE CARDS ***
schänzli: folds
Uncalled bet ($2) returned to Krazy90
Krazy90 collected $2 from pot
Krazy90: doesn't show hand
*** SUMMARY ***
Total pot $2 | Rake $0
Seat 2: Krazy90 (big blind) collected ($2)
Seat 6: schänzli (button) (small blind) folded before Flop


PokerStars Hand #149492144069:  Hold'em Limit ($3/$6 USD) - 2016/02/27 7:46:24 ET
Table 'Antiope' 6-max Seat #2 is the button
Seat 2: Krazy90 ($130.80 in chips)
Seat 6: schänzli ($28.42 in chips)
Krazy90: posts small blind $1
schänzli: posts big blind $3
*** HOLE CARDS ***
Krazy90: raises $3 to $6
schänzli: calls $3
*** FLOP *** [2s 9d Ad]
schänzli: checks
Krazy90: checks
*** TURN *** [2s 9d Ad] [Qh]
schänzli: bets $6
Krazy90: calls $6
*** RIVER *** [2s 9d Ad Qh] [Qc]
schänzli: checks
Krazy90: bets $6
schänzli: folds
Uncalled bet ($6) returned to Krazy90
Krazy90 collected $23.52 from pot
Krazy90: doesn't show hand
*** SUMMARY ***
Total pot $24 | Rake $0.48
Board [2s 9d Ad Qh Qc]
Seat 2: Krazy90 (button) (small blind) collected ($23.52)
Seat 6: schänzli (big blind) folded on the River


PokerStars Hand #149492654683:  Hold'em Limit ($3/$6 USD) - 2016/02/27 7:59:13 ET
Table 'Antiope' 6-max Seat #3 is the button
Seat 1: VolkovDmitri ($120 in chips)
Seat 3: CrystalMirac ($120 in chips)
CrystalMirac: posts small blind $1
VolkovDmitri: posts big blind $3
*** HOLE CARDS ***
CrystalMirac: folds
Uncalled bet ($2) returned to VolkovDmitri
VolkovDmitri collected $2 from pot
VolkovDmitri: doesn't show hand
*** SUMMARY ***
Total pot $2 | Rake $0
Seat 1: VolkovDmitri (big blind) collected ($2)
Seat 3: CrystalMirac (button) (small blind) folded before Flop


PokerStars Hand #149492695273:  Hold'em Limit ($3/$6 USD) - 2016/02/27 8:00:17 ET
Table 'Antiope' 6-max Seat #1 is the button
Seat 1: VolkovDmitri ($128.64 in chips)
Seat 3: CrystalMirac ($118.64 in chips)
VolkovDmitri: posts small blind $1
CrystalMirac: posts big blind $3
*** HOLE CARDS ***
VolkovDmitri: raises $3 to $6
CrystalMirac: folds
Uncalled bet ($3) returned to VolkovDmitri
VolkovDmitri collected $6 from pot
VolkovDmitri: doesn't show hand
*** SUMMARY ***
Total pot $6 | Rake $0
Seat 1: VolkovDmitri (button) (small blind) collected ($6)
Seat 3: CrystalMirac (big blind) folded before Flop


PokerStars Hand #149492681378:  Hold'em Limit ($3/$6 USD) - 2016/02/27 7:59:57 ET
Table 'Antiope' 6-max Seat #3 is the button
Seat 1: VolkovDmitri ($120 in chips)
Seat 3: CrystalMirac ($127.64 in chips)
CrystalMirac: posts small blind $1
VolkovDmitri: posts big blind $3
*** HOLE CARDS ***
CrystalMirac: raises $3 to $6
VolkovDmitri: calls $3
*** FLOP *** [5d 5h Td]
VolkovDmitri: checks
CrystalMirac: bets $3
VolkovDmitri: raises $3 to $6
CrystalMirac: folds
Uncalled bet ($3) returned to VolkovDmitri
VolkovDmitri collected $17.64 from pot
VolkovDmitri: doesn't show hand
*** SUMMARY ***
Total pot $18 | Rake $0.36
Board [5d 5h Td]
Seat 1: VolkovDmitri (big blind) collected ($17.64)
Seat 3: CrystalMirac (button) (small blind) folded on the Flop


PokerStars Hand #149492663332:  Hold'em Limit ($3/$6 USD) - 2016/02/27 7:59:27 ET
Table 'Antiope' 6-max Seat #1 is the button
Seat 1: VolkovDmitri ($121 in chips)
Seat 3: CrystalMirac ($119 in chips)
VolkovDmitri: posts small blind $1
CrystalMirac: posts big blind $3
*** HOLE CARDS ***
VolkovDmitri: raises $3 to $6
CrystalMirac: calls $3
*** FLOP *** [8d 7d Qc]
CrystalMirac: checks
VolkovDmitri: bets $3
CrystalMirac: calls $3
*** TURN *** [8d 7d Qc] [8c]
CrystalMirac: checks
VolkovDmitri: checks
*** RIVER *** [8d 7d Qc 8c] [4c]
CrystalMirac: bets $6
VolkovDmitri: folds
Uncalled bet ($6) returned to CrystalMirac
CrystalMirac collected $17.64 from pot
CrystalMirac: doesn't show hand
*** SUMMARY ***
Total pot $18 | Rake $0.36
Board [8d 7d Qc 8c 4c]
Seat 1: VolkovDmitri (button) (small blind) folded on the River
Seat 3: CrystalMirac (big blind) collected ($17.64)


PokerStars Hand #149492705431:  Hold'em Limit ($3/$6 USD) - 2016/02/27 8:00:34 ET
Table 'Antiope' 6-max Seat #3 is the button
Seat 1: VolkovDmitri ($131.64 in chips)
Seat 3: CrystalMirac ($115.64 in chips)
CrystalMirac: posts small blind $1
VolkovDmitri: posts big blind $3
*** HOLE CARDS ***
CrystalMirac: raises $3 to $6
VolkovDmitri: calls $3
*** FLOP *** [7s Ac 5s]
VolkovDmitri: bets $3
CrystalMirac: folds
Uncalled bet ($3) returned to VolkovDmitri
VolkovDmitri collected $11.76 from pot
VolkovDmitri: doesn't show hand
*** SUMMARY ***
Total pot $12 | Rake $0.24
Board [7s Ac 5s]
Seat 1: VolkovDmitri (big blind) collected ($11.76)
Seat 3: CrystalMirac (button) (small blind) folded on the Flop


PokerStars Hand #149492717766:  Hold'em Limit ($3/$6 USD) - 2016/02/27 8:00:52 ET
Table 'Antiope' 6-max Seat #1 is the button
Seat 1: VolkovDmitri ($137.40 in chips)
Seat 3: CrystalMirac ($109.64 in chips)
VolkovDmitri: posts small blind $1
CrystalMirac: posts big blind $3
*** HOLE CARDS ***
VolkovDmitri: raises $3 to $6
CrystalMirac: folds
Uncalled bet ($3) returned to VolkovDmitri
VolkovDmitri collected $6 from pot
VolkovDmitri: doesn't show hand
*** SUMMARY ***
Total pot $6 | Rake $0
Seat 1: VolkovDmitri (button) (small blind) collected ($6)
Seat 3: CrystalMirac (big blind) folded before Flop


PokerStars Hand #149492733189:  Hold'em Limit ($3/$6 USD) - 2016/02/27 8:01:15 ET
Table 'Antiope' 6-max Seat #3 is the button
Seat 1: VolkovDmitri ($140.40 in chips)
Seat 3: CrystalMirac ($106.64 in chips)
CrystalMirac: posts small blind $1
VolkovDmitri: posts big blind $3
*** HOLE CARDS ***
CrystalMirac: raises $3 to $6
VolkovDmitri: calls $3
*** FLOP *** [Tc Qd Td]
VolkovDmitri: checks
CrystalMirac: bets $3
VolkovDmitri: folds
Uncalled bet ($3) returned to CrystalMirac
CrystalMirac collected $11.76 from pot
CrystalMirac: doesn't show hand
*** SUMMARY ***
Total pot $12 | Rake $0.24
Board [Tc Qd Td]
Seat 1: VolkovDmitri (big blind) folded on the Flop
Seat 3: CrystalMirac (button) (small blind) collected ($11.76)


PokerStars Hand #149492747503:  Hold'em Limit ($3/$6 USD) - 2016/02/27 8:01:36 ET
Table 'Antiope' 6-max Seat #1 is the button
Seat 1: VolkovDmitri ($134.40 in chips)
Seat 3: CrystalMirac ($112.40 in chips)
VolkovDmitri: posts small blind $1
CrystalMirac: posts big blind $3
*** HOLE CARDS ***
VolkovDmitri: raises $3 to $6
CrystalMirac: calls $3
*** FLOP *** [7d 2d Tc]
CrystalMirac: checks
VolkovDmitri: bets $3
CrystalMirac: calls $3
*** TURN *** [7d 2d Tc] [8d]
CrystalMirac: checks
VolkovDmitri: checks
*** RIVER *** [7d 2d Tc 8d] [Qs]
CrystalMirac: checks
VolkovDmitri: checks
*** SHOW DOWN ***
CrystalMirac: shows [3s Ad] (high card Ace)
VolkovDmitri: shows [7h 6s] (a pair of Sevens)
VolkovDmitri collected $17.64 from pot
*** SUMMARY ***
Total pot $18 | Rake $0.36
Board [7d 2d Tc 8d Qs]
Seat 1: VolkovDmitri (button) (small blind) showed [7h 6s] and won ($17.64) with a pair of Sevens
Seat 3: CrystalMirac (big blind) showed [3s Ad] and lost with high card Ace


PokerStars Hand #149492776921:  Hold'em Limit ($3/$6 USD) - 2016/02/27 8:02:18 ET
Table 'Antiope' 6-max Seat #3 is the button
Seat 1: VolkovDmitri ($143.04 in chips)
Seat 3: CrystalMirac ($103.40 in chips)
CrystalMirac: posts small blind $1
VolkovDmitri: posts big blind $3
*** HOLE CARDS ***
AzureCaper joins the table at seat #4
CrystalMirac: raises $3 to $6
VolkovDmitri: calls $3
*** FLOP *** [Qc Qs 9c]
VolkovDmitri: checks
CrystalMirac: bets $3
VolkovDmitri: raises $3 to $6
CrystalMirac: raises $3 to $9
VolkovDmitri: raises $3 to $12
Betting is capped
CrystalMirac: calls $3
*** TURN *** [Qc Qs 9c] [Jc]
VolkovDmitri: bets $6
CrystalMirac: calls $6
*** RIVER *** [Qc Qs 9c Jc] [Th]
VolkovDmitri: bets $6
CrystalMirac: calls $6
*** SHOW DOWN ***
VolkovDmitri: shows [9s Qd] (a full house, Queens full of Nines)
CrystalMirac: mucks hand
VolkovDmitri collected $59.50 from pot
*** SUMMARY ***
Total pot $60 | Rake $0.50
Board [Qc Qs 9c Jc Th]
Seat 1: VolkovDmitri (big blind) showed [9s Qd] and won ($59.50) with a full house, Queens full of Nines
Seat 3: CrystalMirac (button) (small blind) mucked


PokerStars Hand #149492815800:  Hold'em Limit ($3/$6 USD) - 2016/02/27 8:03:13 ET
Table 'Antiope' 6-max Seat #1 is the button
Seat 1: VolkovDmitri ($172.54 in chips)
Seat 3: CrystalMirac ($73.40 in chips)
VolkovDmitri: posts small blind $1
CrystalMirac: posts big blind $3
*** HOLE CARDS ***
VolkovDmitri: raises $3 to $6
CrystalMirac: calls $3
*** FLOP *** [2d Ad 2c]
CrystalMirac: checks
VolkovDmitri: bets $3
CrystalMirac: folds
Uncalled bet ($3) returned to VolkovDmitri
VolkovDmitri collected $11.76 from pot
VolkovDmitri: doesn't show hand
*** SUMMARY ***
Total pot $12 | Rake $0.24
Board [2d Ad 2c]
Seat 1: VolkovDmitri (button) (small blind) collected ($11.76)
Seat 3: CrystalMirac (big blind) folded on the Flop


PokerStars Hand #149493013450:  Hold'em Limit ($3/$6 USD) - 2016/02/27 8:07:54 ET
Table 'Antiope' 6-max Seat #4 is the button
Seat 3: CrystalMirac ($101.97 in chips)
Seat 4: AzureCaper ($74.61 in chips)
AzureCaper: posts small blind $1
VolkovDmitri: is sitting out
CrystalMirac: posts big blind $3
*** HOLE CARDS ***
AzureCaper: raises $3 to $6
CrystalMirac: raises $3 to $9
VolkovDmitri leaves the table
AzureCaper: calls $3
*** FLOP *** [4d Ts 7d]
CrystalMirac: bets $3
AzureCaper: calls $3
*** TURN *** [4d Ts 7d] [5c]
CrystalMirac: bets $6
AzureCaper: calls $6
*** RIVER *** [4d Ts 7d 5c] [Qh]
CrystalMirac: bets $6
AzureCaper: calls $6
*** SHOW DOWN ***
CrystalMirac: shows [Ks Qc] (a pair of Queens)
AzureCaper: mucks hand
CrystalMirac collected $47.50 from pot
*** SUMMARY ***
Total pot $48 | Rake $0.50
Board [4d Ts 7d 5c Qh]
Seat 3: CrystalMirac (big blind) showed [Ks Qc] and won ($47.50) with a pair of Queens
Seat 4: AzureCaper (button) (small blind) mucked


PokerStars Hand #149493033380:  Hold'em Limit ($3/$6 USD) - 2016/02/27 8:08:22 ET
Table 'Antiope' 6-max Seat #4 is the button
Seat 3: CrystalMirac ($116.47 in chips)
Seat 4: AzureCaper ($80.64 in chips)
AzureCaper: posts small blind $1
CrystalMirac: posts big blind $3
*** HOLE CARDS ***
AzureCaper: raises $3 to $6
CrystalMirac: folds
Uncalled bet ($3) returned to AzureCaper
AzureCaper collected $6 from pot
AzureCaper: doesn't show hand
*** SUMMARY ***
Total pot $6 | Rake $0
Seat 3: CrystalMirac (big blind) folded before Flop
Seat 4: AzureCaper (button) (small blind) collected ($6)


PokerStars Hand #149493026220:  Hold'em Limit ($3/$6 USD) - 2016/02/27 8:08:12 ET
Table 'Antiope' 6-max Seat #3 is the button
Seat 3: CrystalMirac ($125.47 in chips)
Seat 4: AzureCaper ($72 in chips)
CrystalMirac: posts small blind $1
AzureCaper: posts big blind $3
*** HOLE CARDS ***
CrystalMirac: raises $3 to $6
AzureCaper: calls $3
*** FLOP *** [Kh 3d 7c]
AzureCaper: checks
CrystalMirac: bets $3
AzureCaper: raises $3 to $6
CrystalMirac: folds
Uncalled bet ($3) returned to AzureCaper
AzureCaper collected $17.64 from pot
AzureCaper: doesn't show hand
*** SUMMARY ***
Total pot $18 | Rake $0.36
Board [Kh 3d 7c]
Seat 3: CrystalMirac (button) (small blind) folded on the Flop
Seat 4: AzureCaper (big blind) collected ($17.64)


PokerStars Hand #149493038421:  Hold'em Limit ($3/$6 USD) - 2016/02/27 8:08:29 ET
Table 'Antiope' 6-max Seat #3 is the button
Seat 3: CrystalMirac ($113.47 in chips)
Seat 4: AzureCaper ($83.64 in chips)
CrystalMirac: posts small blind $1
AzureCaper: posts big blind $3
*** HOLE CARDS ***
CrystalMirac: raises $3 to $6
AzureCaper: calls $3
*** FLOP *** [Ks Ad Qh]
AzureCaper: checks
CrystalMirac: checks
*** TURN *** [Ks Ad Qh] [6h]
AzureCaper: checks
CrystalMirac: checks
*** RIVER *** [Ks Ad Qh 6h] [8h]
AzureCaper: checks
CrystalMirac: checks
*** SHOW DOWN ***
AzureCaper: shows [4c 3s] (high card Ace)
CrystalMirac: shows [4h Qc] (a pair of Queens)
CrystalMirac collected $11.76 from pot
*** SUMMARY ***
Total pot $12 | Rake $0.24
Board [Ks Ad Qh 6h 8h]
Seat 3: CrystalMirac (button) (small blind) showed [4h Qc] and won ($11.76) with a pair of Queens
Seat 4: AzureCaper (big blind) showed [4c 3s] and lost with high card Ace


PokerStars Hand #149493053578:  Hold'em Limit ($3/$6 USD) - 2016/02/27 8:08:51 ET
Table 'Antiope' 6-max Seat #3 is the button
Seat 3: CrystalMirac ($116.23 in chips)
Seat 4: AzureCaper ($80.64 in chips)
CrystalMirac: posts small blind $1
AzureCaper: posts big blind $3
*** HOLE CARDS ***
CrystalMirac: raises $3 to $6
AzureCaper: folds
Uncalled bet ($3) returned to CrystalMirac
CrystalMirac collected $6 from pot
CrystalMirac: doesn't show hand
*** SUMMARY ***
Total pot $6 | Rake $0
Seat 3: CrystalMirac (button) (small blind) collected ($6)
Seat 4: AzureCaper (big blind) folded before Flop


PokerStars Hand #149493048812:  Hold'em Limit ($3/$6 USD) - 2016/02/27 8:08:44 ET
Table 'Antiope' 6-max Seat #4 is the button
Seat 3: CrystalMirac ($119.23 in chips)
Seat 4: AzureCaper ($77.64 in chips)
AzureCaper: posts small blind $1
CrystalMirac: posts big blind $3
*** HOLE CARDS ***
AzureCaper: raises $3 to $6
CrystalMirac: folds
Uncalled bet ($3) returned to AzureCaper
AzureCaper collected $6 from pot
AzureCaper: doesn't show hand
*** SUMMARY ***
Total pot $6 | Rake $0
Seat 3: CrystalMirac (big blind) folded before Flop
Seat 4: AzureCaper (button) (small blind) collected ($6)


PokerStars Hand #149493058220:  Hold'em Limit ($3/$6 USD) - 2016/02/27 8:08:57 ET
Table 'Antiope' 6-max Seat #4 is the button
Seat 3: CrystalMirac ($119.23 in chips)
Seat 4: AzureCaper ($77.64 in chips)
AzureCaper: posts small blind $1
CrystalMirac: posts big blind $3
*** HOLE CARDS ***
AzureCaper: folds
Uncalled bet ($2) returned to CrystalMirac
CrystalMirac collected $2 from pot
CrystalMirac: doesn't show hand
*** SUMMARY ***
Total pot $2 | Rake $0
Seat 3: CrystalMirac (big blind) collected ($2)
Seat 4: AzureCaper (button) (small blind) folded before Flop


PokerStars Hand #149493061229:  Hold'em Limit ($3/$6 USD) - 2016/02/27 8:09:01 ET
Table 'Antiope' 6-max Seat #3 is the button
Seat 3: CrystalMirac ($120.23 in chips)
Seat 4: AzureCaper ($76.64 in chips)
CrystalMirac: posts small blind $1
AzureCaper: posts big blind $3
*** HOLE CARDS ***
CrystalMirac: raises $3 to $6
AzureCaper: calls $3
*** FLOP *** [Ad 9c 2d]
AzureCaper: checks
CrystalMirac: bets $3
AzureCaper: raises $3 to $6
CrystalMirac: calls $3
*** TURN *** [Ad 9c 2d] [7d]
AzureCaper: bets $6
CrystalMirac: folds
Uncalled bet ($6) returned to AzureCaper
AzureCaper collected $23.52 from pot
AzureCaper: doesn't show hand
*** SUMMARY ***
Total pot $24 | Rake $0.48
Board [Ad 9c 2d 7d]
Seat 3: CrystalMirac (button) (small blind) folded on the Turn
Seat 4: AzureCaper (big blind) collected ($23.52)


PokerStars Hand #149493072456:  Hold'em Limit ($3/$6 USD) - 2016/02/27 8:09:17 ET
Table 'Antiope' 6-max Seat #4 is the button
Seat 3: CrystalMirac ($108.23 in chips)
Seat 4: AzureCaper ($88.16 in chips)
AzureCaper: posts small blind $1
CrystalMirac: posts big blind $3
*** HOLE CARDS ***
AzureCaper: raises $3 to $6
CrystalMirac: folds
Uncalled bet ($3) returned to AzureCaper
AzureCaper collected $6 from pot
AzureCaper: doesn't show hand
*** SUMMARY ***
Total pot $6 | Rake $0
Seat 3: CrystalMirac (big blind) folded before Flop
Seat 4: AzureCaper (button) (small blind) collected ($6)


PokerStars Hand #149493076126:  Hold'em Limit ($3/$6 USD) - 2016/02/27 8:09:22 ET
Table 'Antiope' 6-max Seat #3 is the button
Seat 3: CrystalMirac ($105.23 in chips)
Seat 4: AzureCaper ($91.16 in chips)
CrystalMirac: posts small blind $1
AzureCaper: posts big blind $3
*** HOLE CARDS ***
CrystalMirac: raises $3 to $6
AzureCaper: calls $3
*** FLOP *** [Td Ts 3h]
AzureCaper: checks
CrystalMirac: checks
*** TURN *** [Td Ts 3h] [7c]
AzureCaper: bets $6
CrystalMirac: calls $6
*** RIVER *** [Td Ts 3h 7c] [7h]
AzureCaper: bets $6
CrystalMirac: calls $6
*** SHOW DOWN ***
AzureCaper: shows [Tc 3c] (a full house, Tens full of Sevens)
CrystalMirac: mucks hand
AzureCaper collected $35.50 from pot
*** SUMMARY ***
Total pot $36 | Rake $0.50
Board [Td Ts 3h 7c 7h]
Seat 3: CrystalMirac (button) (small blind) mucked
Seat 4: AzureCaper (big blind) showed [Tc 3c] and won ($35.50) with a full house, Tens full of Sevens


PokerStars Hand #149493087580:  Hold'em Limit ($3/$6 USD) - 2016/02/27 8:09:38 ET
Table 'Antiope' 6-max Seat #4 is the button
Seat 3: CrystalMirac ($87.23 in chips)
Seat 4: AzureCaper ($108.66 in chips)
AzureCaper: posts small blind $1
CrystalMirac: posts big blind $3
*** HOLE CARDS ***
AzureCaper: raises $3 to $6
CrystalMirac: calls $3
*** FLOP *** [3s Jh Ad]
CrystalMirac: checks
AzureCaper: bets $3
CrystalMirac: calls $3
*** TURN *** [3s Jh Ad] [As]
CrystalMirac: checks
AzureCaper: bets $6
CrystalMirac: raises $6 to $12
AzureCaper: folds
Uncalled bet ($6) returned to CrystalMirac
CrystalMirac collected $29.50 from pot
CrystalMirac: doesn't show hand
*** SUMMARY ***
Total pot $30 | Rake $0.50
Board [3s Jh Ad As]
Seat 3: CrystalMirac (big blind) collected ($29.50)
Seat 4: AzureCaper (button) (small blind) folded on the Turn


PokerStars Hand #149493100439:  Hold'em Limit ($3/$6 USD) - 2016/02/27 8:09:56 ET
Table 'Antiope' 6-max Seat #3 is the button
Seat 3: CrystalMirac ($101.73 in chips)
Seat 4: AzureCaper ($93.66 in chips)
CrystalMirac: posts small blind $1
AzureCaper: posts big blind $3
*** HOLE CARDS ***
CrystalMirac: folds
Uncalled bet ($2) returned to AzureCaper
AzureCaper collected $2 from pot
AzureCaper: doesn't show hand
*** SUMMARY ***
Total pot $2 | Rake $0
Seat 3: CrystalMirac (button) (small blind) folded before Flop
Seat 4: AzureCaper (big blind) collected ($2)


PokerStars Hand #149493103893:  Hold'em Limit ($3/$6 USD) - 2016/02/27 8:10:01 ET
Table 'Antiope' 6-max Seat #4 is the button
Seat 3: CrystalMirac ($100.73 in chips)
Seat 4: AzureCaper ($94.66 in chips)
AzureCaper: posts small blind $1
CrystalMirac: posts big blind $3
*** HOLE CARDS ***
AzureCaper: raises $3 to $6
CrystalMirac: folds
Uncalled bet ($3) returned to AzureCaper
AzureCaper collected $6 from pot
AzureCaper: doesn't show hand
*** SUMMARY ***
Total pot $6 | Rake $0
Seat 3: CrystalMirac (big blind) folded before Flop
Seat 4: AzureCaper (button) (small blind) collected ($6)


PokerStars Hand #149493118389:  Hold'em Limit ($3/$6 USD) - 2016/02/27 8:10:22 ET
Table 'Antiope' 6-max Seat #4 is the button
Seat 3: CrystalMirac ($96.73 in chips)
Seat 4: AzureCaper ($98.66 in chips)
AzureCaper: posts small blind $1
CrystalMirac: posts big blind $3
*** HOLE CARDS ***
AzureCaper: raises $3 to $6
CrystalMirac: folds
Uncalled bet ($3) returned to AzureCaper
AzureCaper collected $6 from pot
AzureCaper: doesn't show hand
*** SUMMARY ***
Total pot $6 | Rake $0
Seat 3: CrystalMirac (big blind) folded before Flop
Seat 4: AzureCaper (button) (small blind) collected ($6)


PokerStars Hand #149493114498:  Hold'em Limit ($3/$6 USD) - 2016/02/27 8:10:16 ET
Table 'Antiope' 6-max Seat #3 is the button
Seat 3: CrystalMirac ($97.73 in chips)
Seat 4: AzureCaper ($97.66 in chips)
CrystalMirac: posts small blind $1
AzureCaper: posts big blind $3
*** HOLE CARDS ***
CrystalMirac: folds
Uncalled bet ($2) returned to AzureCaper
AzureCaper collected $2 from pot
AzureCaper: doesn't show hand
*** SUMMARY ***
Total pot $2 | Rake $0
Seat 3: CrystalMirac (button) (small blind) folded before Flop
Seat 4: AzureCaper (big blind) collected ($2)


PokerStars Hand #149493122964:  Hold'em Limit ($3/$6 USD) - 2016/02/27 8:10:28 ET
Table 'Antiope' 6-max Seat #3 is the button
Seat 3: CrystalMirac ($93.73 in chips)
Seat 4: AzureCaper ($101.66 in chips)
CrystalMirac: posts small blind $1
AzureCaper: posts big blind $3
*** HOLE CARDS ***
CrystalMirac: raises $3 to $6
AzureCaper: raises $3 to $9
CrystalMirac: calls $3
*** FLOP *** [8s 3d 6h]
AzureCaper: bets $3
CrystalMirac: folds
Uncalled bet ($3) returned to AzureCaper
AzureCaper collected $17.64 from pot
AzureCaper: doesn't show hand
*** SUMMARY ***
Total pot $18 | Rake $0.36
Board [8s 3d 6h]
Seat 3: CrystalMirac (button) (small blind) folded on the Flop
Seat 4: AzureCaper (big blind) collected ($17.64)


PokerStars Hand #149493129851:  Hold'em Limit ($3/$6 USD) - 2016/02/27 8:10:38 ET
Table 'Antiope' 6-max Seat #4 is the button
Seat 3: CrystalMirac ($84.73 in chips)
Seat 4: AzureCaper ($110.30 in chips)
AzureCaper: posts small blind $1
CrystalMirac: posts big blind $3
*** HOLE CARDS ***
AzureCaper: raises $3 to $6
CrystalMirac: calls $3
*** FLOP *** [9s 9d 4h]
CrystalMirac: checks
AzureCaper: bets $3
CrystalMirac: raises $3 to $6
AzureCaper: folds
Uncalled bet ($3) returned to CrystalMirac
CrystalMirac collected $17.64 from pot
CrystalMirac: doesn't show hand
*** SUMMARY ***
Total pot $18 | Rake $0.36
Board [9s 9d 4h]
Seat 3: CrystalMirac (big blind) collected ($17.64)
Seat 4: AzureCaper (button) (small blind) folded on the Flop


PokerStars Hand #149493137194:  Hold'em Limit ($3/$6 USD) - 2016/02/27 8:10:48 ET
Table 'Antiope' 6-max Seat #3 is the button
Seat 3: CrystalMirac ($93.37 in chips)
Seat 4: AzureCaper ($101.30 in chips)
CrystalMirac: posts small blind $1
AzureCaper: posts big blind $3
*** HOLE CARDS ***
CrystalMirac: raises $3 to $6
AzureCaper: folds
Uncalled bet ($3) returned to CrystalMirac
CrystalMirac collected $6 from pot
CrystalMirac: doesn't show hand
*** SUMMARY ***
Total pot $6 | Rake $0
Seat 3: CrystalMirac (button) (small blind) collected ($6)
Seat 4: AzureCaper (big blind) folded before Flop


PokerStars Hand #149493140561:  Hold'em Limit ($3/$6 USD) - 2016/02/27 8:10:53 ET
Table 'Antiope' 6-max Seat #4 is the button
Seat 3: CrystalMirac ($96.37 in chips)
Seat 4: AzureCaper ($98.30 in chips)
AzureCaper: posts small blind $1
CrystalMirac: posts big blind $3
*** HOLE CARDS ***
AzureCaper: raises $3 to $6
CrystalMirac: calls $3
*** FLOP *** [Kd 5h 4s]
CrystalMirac: checks
AzureCaper: bets $3
CrystalMirac: folds
Uncalled bet ($3) returned to AzureCaper
AzureCaper collected $11.76 from pot
AzureCaper: doesn't show hand
*** SUMMARY ***
Total pot $12 | Rake $0.24
Board [Kd 5h 4s]
Seat 3: CrystalMirac (big blind) folded on the Flop
Seat 4: AzureCaper (button) (small blind) collected ($11.76)


PokerStars Hand #149493150083:  Hold'em Limit ($3/$6 USD) - 2016/02/27 8:11:07 ET
Table 'Antiope' 6-max Seat #3 is the button
Seat 3: CrystalMirac ($90.37 in chips)
Seat 4: AzureCaper ($104.06 in chips)
CrystalMirac: posts small blind $1
AzureCaper: posts big blind $3
*** HOLE CARDS ***
CrystalMirac: folds
Uncalled bet ($2) returned to AzureCaper
AzureCaper collected $2 from pot
AzureCaper: doesn't show hand
*** SUMMARY ***
Total pot $2 | Rake $0
Seat 3: CrystalMirac (button) (small blind) folded before Flop
Seat 4: AzureCaper (big blind) collected ($2)


PokerStars Hand #149493153780:  Hold'em Limit ($3/$6 USD) - 2016/02/27 8:11:12 ET
Table 'Antiope' 6-max Seat #4 is the button
Seat 3: CrystalMirac ($89.37 in chips)
Seat 4: AzureCaper ($105.06 in chips)
AzureCaper: posts small blind $1
CrystalMirac: posts big blind $3
*** HOLE CARDS ***
AzureCaper: raises $3 to $6
CrystalMirac: calls $3
*** FLOP *** [8d 8s 6d]
CrystalMirac: checks
AzureCaper: bets $3
CrystalMirac: calls $3
*** TURN *** [8d 8s 6d] [6h]
CrystalMirac: checks
AzureCaper: bets $6
CrystalMirac: calls $6
*** RIVER *** [8d 8s 6d 6h] [9h]
CrystalMirac: checks
AzureCaper: bets $6
CrystalMirac: calls $6
*** SHOW DOWN ***
AzureCaper: shows [Ts 6s] (a full house, Sixes full of Eights)
CrystalMirac: mucks hand
AzureCaper collected $41.50 from pot
*** SUMMARY ***
Total pot $42 | Rake $0.50
Board [8d 8s 6d 6h 9h]
Seat 3: CrystalMirac (big blind) mucked
Seat 4: AzureCaper (button) (small blind) showed [Ts 6s] and won ($41.50) with a full house, Sixes full of Eights


PokerStars Hand #149493167391:  Hold'em Limit ($3/$6 USD) - 2016/02/27 8:11:31 ET
Table 'Antiope' 6-max Seat #3 is the button
Seat 3: CrystalMirac ($68.37 in chips)
Seat 4: AzureCaper ($125.56 in chips)
CrystalMirac: posts small blind $1
AzureCaper: posts big blind $3
*** HOLE CARDS ***
CrystalMirac: folds
Uncalled bet ($2) returned to AzureCaper
AzureCaper collected $2 from pot
AzureCaper: doesn't show hand
*** SUMMARY ***
Total pot $2 | Rake $0
Seat 3: CrystalMirac (button) (small blind) folded before Flop
Seat 4: AzureCaper (big blind) collected ($2)


PokerStars Hand #149493194386:  Hold'em Limit ($3/$6 USD) - 2016/02/27 8:12:09 ET
Table 'Antiope' 6-max Seat #4 is the button
Seat 3: CrystalMirac ($53.37 in chips)
Seat 4: AzureCaper ($140.06 in chips)
AzureCaper: posts small blind $1
CrystalMirac: posts big blind $3
*** HOLE CARDS ***
AzureCaper: raises $3 to $6
CrystalMirac: calls $3
*** FLOP *** [Ac Jd 4h]
CrystalMirac: checks
AzureCaper: bets $3
CrystalMirac: calls $3
*** TURN *** [Ac Jd 4h] [2c]
CrystalMirac: checks
AzureCaper: bets $6
CrystalMirac: calls $6
*** RIVER *** [Ac Jd 4h 2c] [8s]
CrystalMirac: checks
AzureCaper: checks
*** SHOW DOWN ***
CrystalMirac: shows [5d 5c] (a pair of Fives)
AzureCaper: shows [Qd Jh] (a pair of Jacks)
AzureCaper collected $29.50 from pot
*** SUMMARY ***
Total pot $30 | Rake $0.50
Board [Ac Jd 4h 2c 8s]
Seat 3: CrystalMirac (big blind) showed [5d 5c] and lost with a pair of Fives
Seat 4: AzureCaper (button) (small blind) showed [Qd Jh] and won ($29.50) with a pair of Jacks


PokerStars Hand #149493206839:  Hold'em Limit ($3/$6 USD) - 2016/02/27 8:12:27 ET
Table 'Antiope' 6-max Seat #3 is the button
Seat 3: CrystalMirac ($38.37 in chips)
Seat 4: AzureCaper ($154.56 in chips)
CrystalMirac: posts small blind $1
AzureCaper: posts big blind $3
*** HOLE CARDS ***
CrystalMirac: folds
Uncalled bet ($2) returned to AzureCaper
AzureCaper collected $2 from pot
AzureCaper: doesn't show hand
*** SUMMARY ***
Total pot $2 | Rake $0
Seat 3: CrystalMirac (button) (small blind) folded before Flop
Seat 4: AzureCaper (big blind) collected ($2)


PokerStars Hand #149493172921:  Hold'em Limit ($3/$6 USD) - 2016/02/27 8:11:39 ET
Table 'Antiope' 6-max Seat #4 is the button
Seat 3: CrystalMirac ($67.37 in chips)
Seat 4: AzureCaper ($126.56 in chips)
AzureCaper: posts small blind $1
CrystalMirac: posts big blind $3
*** HOLE CARDS ***
AzureCaper: folds
Uncalled bet ($2) returned to CrystalMirac
CrystalMirac collected $2 from pot
CrystalMirac: doesn't show hand
*** SUMMARY ***
Total pot $2 | Rake $0
Seat 3: CrystalMirac (big blind) collected ($2)
Seat 4: AzureCaper (button) (small blind) folded before Flop


PokerStars Hand #149493175773:  Hold'em Limit ($3/$6 USD) - 2016/02/27 8:11:43 ET
Table 'Antiope' 6-max Seat #3 is the button
Seat 3: CrystalMirac ($68.37 in chips)
Seat 4: AzureCaper ($125.56 in chips)
CrystalMirac: posts small blind $1
AzureCaper: posts big blind $3
*** HOLE CARDS ***
CrystalMirac: raises $3 to $6
AzureCaper: calls $3
*** FLOP *** [3s 4h 4d]
AzureCaper: checks
CrystalMirac: bets $3
AzureCaper: calls $3
*** TURN *** [3s 4h 4d] [5s]
AzureCaper: checks
CrystalMirac: checks
*** RIVER *** [3s 4h 4d 5s] [6s]
AzureCaper: checks
CrystalMirac: bets $6
AzureCaper: calls $6
*** SHOW DOWN ***
CrystalMirac: shows [Jc 8d] (a pair of Fours)
AzureCaper: shows [Ac 8c] (a pair of Fours - Ace kicker)
AzureCaper collected $29.50 from pot
*** SUMMARY ***
Total pot $30 | Rake $0.50
Board [3s 4h 4d 5s 6s]
Seat 3: CrystalMirac (button) (small blind) showed [Jc 8d] and lost with a pair of Fours
Seat 4: AzureCaper (big blind) showed [Ac 8c] and won ($29.50) with a pair of Fours


PokerStars Hand #149493210555:  Hold'em Limit ($3/$6 USD) - 2016/02/27 8:12:32 ET
Table 'Antiope' 6-max Seat #4 is the button
Seat 3: CrystalMirac ($37.37 in chips)
Seat 4: AzureCaper ($155.56 in chips)
AzureCaper: posts small blind $1
CrystalMirac: posts big blind $3
*** HOLE CARDS ***
AzureCaper: raises $3 to $6
CrystalMirac: raises $3 to $9
AzureCaper: calls $3
*** FLOP *** [4h Jh 5h]
CrystalMirac: bets $3
AzureCaper: folds
Uncalled bet ($3) returned to CrystalMirac
CrystalMirac collected $17.64 from pot
CrystalMirac: doesn't show hand
*** SUMMARY ***
Total pot $18 | Rake $0.36
Board [4h Jh 5h]
Seat 3: CrystalMirac (big blind) collected ($17.64)
Seat 4: AzureCaper (button) (small blind) folded on the Flop


PokerStars Hand #149493252855:  Hold'em Limit ($3/$6 USD) - 2016/02/27 8:13:32 ET
Table 'Antiope' 6-max Seat #4 is the button
Seat 3: CrystalMirac ($43.77 in chips)
Seat 4: AzureCaper ($148.20 in chips)
AzureCaper: posts small blind $1
CrystalMirac: posts big blind $3
*** HOLE CARDS ***
AzureCaper: raises $3 to $6
CrystalMirac: folds
Uncalled bet ($3) returned to AzureCaper
AzureCaper collected $6 from pot
AzureCaper: doesn't show hand
*** SUMMARY ***
Total pot $6 | Rake $0
Seat 3: CrystalMirac (big blind) folded before Flop
Seat 4: AzureCaper (button) (small blind) collected ($6)


PokerStars Hand #149493241932:  Hold'em Limit ($3/$6 USD) - 2016/02/27 8:13:17 ET
Table 'Antiope' 6-max Seat #3 is the button
Seat 3: CrystalMirac ($52.77 in chips)
Seat 4: AzureCaper ($139.56 in chips)
CrystalMirac: posts small blind $1
AzureCaper: posts big blind $3
*** HOLE CARDS ***
CrystalMirac: raises $3 to $6
AzureCaper: calls $3
*** FLOP *** [4h 2s Jh]
AzureCaper: checks
CrystalMirac: bets $3
AzureCaper: raises $3 to $6
CrystalMirac: folds
Uncalled bet ($3) returned to AzureCaper
AzureCaper collected $17.64 from pot
AzureCaper: doesn't show hand
*** SUMMARY ***
Total pot $18 | Rake $0.36
Board [4h 2s Jh]
Seat 3: CrystalMirac (button) (small blind) folded on the Flop
Seat 4: AzureCaper (big blind) collected ($17.64)


PokerStars Hand #149493219209:  Hold'em Limit ($3/$6 USD) - 2016/02/27 8:12:45 ET
Table 'Antiope' 6-max Seat #3 is the button
Seat 3: CrystalMirac ($46.01 in chips)
Seat 4: AzureCaper ($146.56 in chips)
CrystalMirac: posts small blind $1
AzureCaper: posts big blind $3
*** HOLE CARDS ***
CrystalMirac: raises $3 to $6
AzureCaper: calls $3
*** FLOP *** [3d 4s 6h]
AzureCaper: checks
CrystalMirac: bets $3
AzureCaper: folds
Uncalled bet ($3) returned to CrystalMirac
CrystalMirac collected $11.76 from pot
CrystalMirac: doesn't show hand
*** SUMMARY ***
Total pot $12 | Rake $0.24
Board [3d 4s 6h]
Seat 3: CrystalMirac (button) (small blind) collected ($11.76)
Seat 4: AzureCaper (big blind) folded on the Flop


PokerStars Hand #149493230905:  Hold'em Limit ($3/$6 USD) - 2016/02/27 8:13:01 ET
Table 'Antiope' 6-max Seat #4 is the button
Seat 3: CrystalMirac ($51.77 in chips)
Seat 4: AzureCaper ($140.56 in chips)
AzureCaper: posts small blind $1
CrystalMirac: posts big blind $3
*** HOLE CARDS ***
AzureCaper: folds
Uncalled bet ($2) returned to CrystalMirac
CrystalMirac collected $2 from pot
CrystalMirac: doesn't show hand
*** SUMMARY ***
Total pot $2 | Rake $0
Seat 3: CrystalMirac (big blind) collected ($2)
Seat 4: AzureCaper (button) (small blind) folded before Flop


PokerStars Hand #149493238862:  Hold'em Limit ($3/$6 USD) - 2016/02/27 8:13:12 ET
Table 'Antiope' 6-max Seat #4 is the button
Seat 3: CrystalMirac ($51.77 in chips)
Seat 4: AzureCaper ($140.56 in chips)
AzureCaper: posts small blind $1
CrystalMirac: posts big blind $3
*** HOLE CARDS ***
AzureCaper: folds
Uncalled bet ($2) returned to CrystalMirac
CrystalMirac collected $2 from pot
CrystalMirac: doesn't show hand
*** SUMMARY ***
Total pot $2 | Rake $0
Seat 3: CrystalMirac (big blind) collected ($2)
Seat 4: AzureCaper (button) (small blind) folded before Flop


PokerStars Hand #149493233902:  Hold'em Limit ($3/$6 USD) - 2016/02/27 8:13:05 ET
Table 'Antiope' 6-max Seat #3 is the button
Seat 3: CrystalMirac ($52.77 in chips)
Seat 4: AzureCaper ($139.56 in chips)
CrystalMirac: posts small blind $1
AzureCaper: posts big blind $3
*** HOLE CARDS ***
CrystalMirac: folds
Uncalled bet ($2) returned to AzureCaper
AzureCaper collected $2 from pot
AzureCaper: doesn't show hand
*** SUMMARY ***
Total pot $2 | Rake $0
Seat 3: CrystalMirac (button) (small blind) folded before Flop
Seat 4: AzureCaper (big blind) collected ($2)


PokerStars Hand #149493289211:  Hold'em Limit ($3/$6 USD) - 2016/02/27 8:14:23 ET
Table 'Antiope' 6-max Seat #3 is the button
Seat 3: CrystalMirac ($40.77 in chips)
Seat 4: AzureCaper ($151.20 in chips)
CrystalMirac: posts small blind $1
AzureCaper: posts big blind $3
*** HOLE CARDS ***
CrystalMirac: raises $3 to $6
AzureCaper: calls $3
*** FLOP *** [4c Ac 9d]
AzureCaper: checks
CrystalMirac: bets $3
AzureCaper: folds
Uncalled bet ($3) returned to CrystalMirac
CrystalMirac collected $11.76 from pot
CrystalMirac: doesn't show hand
*** SUMMARY ***
Total pot $12 | Rake $0.24
Board [4c Ac 9d]
Seat 3: CrystalMirac (button) (small blind) collected ($11.76)
Seat 4: AzureCaper (big blind) folded on the Flop


PokerStars Hand #149493282855:  Hold'em Limit ($3/$6 USD) - 2016/02/27 8:14:14 ET
Table 'Antiope' 6-max Seat #4 is the button
Seat 3: CrystalMirac ($43.77 in chips)
Seat 4: AzureCaper ($148.20 in chips)
AzureCaper: posts small blind $1
CrystalMirac: posts big blind $3
*** HOLE CARDS ***
AzureCaper: raises $3 to $6
CrystalMirac: folds
Uncalled bet ($3) returned to AzureCaper
AzureCaper collected $6 from pot
AzureCaper: doesn't show hand
*** SUMMARY ***
Total pot $6 | Rake $0
Seat 3: CrystalMirac (big blind) folded before Flop
Seat 4: AzureCaper (button) (small blind) collected ($6)


PokerStars Hand #149493256599:  Hold'em Limit ($3/$6 USD) - 2016/02/27 8:13:37 ET
Table 'Antiope' 6-max Seat #3 is the button
Seat 3: CrystalMirac ($40.77 in chips)
Seat 4: AzureCaper ($151.20 in chips)
CrystalMirac: posts small blind $1
AzureCaper: posts big blind $3
*** HOLE CARDS ***
CrystalMirac: folds
Uncalled bet ($2) returned to AzureCaper
AzureCaper collected $2 from pot
AzureCaper: doesn't show hand
*** SUMMARY ***
Total pot $2 | Rake $0
Seat 3: CrystalMirac (button) (small blind) folded before Flop
Seat 4: AzureCaper (big blind) collected ($2)


PokerStars Hand #149493259892:  Hold'em Limit ($3/$6 USD) - 2016/02/27 8:13:42 ET
Table 'Antiope' 6-max Seat #4 is the button
Seat 3: CrystalMirac ($39.77 in chips)
Seat 4: AzureCaper ($152.20 in chips)
AzureCaper: posts small blind $1
CrystalMirac: posts big blind $3
*** HOLE CARDS ***
AzureCaper: raises $3 to $6
CrystalMirac: folds
Uncalled bet ($3) returned to AzureCaper
AzureCaper collected $6 from pot
AzureCaper: doesn't show hand
*** SUMMARY ***
Total pot $6 | Rake $0
Seat 3: CrystalMirac (big blind) folded before Flop
Seat 4: AzureCaper (button) (small blind) collected ($6)


PokerStars Hand #149493274089:  Hold'em Limit ($3/$6 USD) - 2016/02/27 8:14:02 ET
Table 'Antiope' 6-max Seat #4 is the button
Seat 3: CrystalMirac ($39.77 in chips)
Seat 4: AzureCaper ($152.20 in chips)
AzureCaper: posts small blind $1
CrystalMirac: posts big blind $3
*** HOLE CARDS ***
AzureCaper: folds
Uncalled bet ($2) returned to CrystalMirac
CrystalMirac collected $2 from pot
CrystalMirac: doesn't show hand
*** SUMMARY ***
Total pot $2 | Rake $0
Seat 3: CrystalMirac (big blind) collected ($2)
Seat 4: AzureCaper (button) (small blind) folded before Flop


PokerStars Hand #149493268709:  Hold'em Limit ($3/$6 USD) - 2016/02/27 8:13:54 ET
Table 'Antiope' 6-max Seat #3 is the button
Seat 3: CrystalMirac ($36.77 in chips)
Seat 4: AzureCaper ($155.20 in chips)
CrystalMirac: posts small blind $1
AzureCaper: posts big blind $3
*** HOLE CARDS ***
CrystalMirac: raises $3 to $6
AzureCaper: folds
Uncalled bet ($3) returned to CrystalMirac
CrystalMirac collected $6 from pot
CrystalMirac: doesn't show hand
*** SUMMARY ***
Total pot $6 | Rake $0
Seat 3: CrystalMirac (button) (small blind) collected ($6)
Seat 4: AzureCaper (big blind) folded before Flop


PokerStars Hand #149493278107:  Hold'em Limit ($3/$6 USD) - 2016/02/27 8:14:08 ET
Table 'Antiope' 6-max Seat #3 is the button
Seat 3: CrystalMirac ($40.77 in chips)
Seat 4: AzureCaper ($151.20 in chips)
CrystalMirac: posts small blind $1
AzureCaper: posts big blind $3
*** HOLE CARDS ***
CrystalMirac: raises $3 to $6
AzureCaper: folds
Uncalled bet ($3) returned to CrystalMirac
CrystalMirac collected $6 from pot
CrystalMirac: doesn't show hand
*** SUMMARY ***
Total pot $6 | Rake $0
Seat 3: CrystalMirac (button) (small blind) collected ($6)
Seat 4: AzureCaper (big blind) folded before Flop


PokerStars Hand #149493338405:  Hold'em Limit ($3/$6 USD) - 2016/02/27 8:15:32 ET
Table 'Antiope' 6-max Seat #4 is the button
Seat 3: CrystalMirac ($83.53 in chips)
Seat 4: AzureCaper ($107.20 in chips)
AzureCaper: posts small blind $1
CrystalMirac: posts big blind $3
*** HOLE CARDS ***
AzureCaper: raises $3 to $6
CrystalMirac: folds
Uncalled bet ($3) returned to AzureCaper
AzureCaper collected $6 from pot
AzureCaper: doesn't show hand
*** SUMMARY ***
Total pot $6 | Rake $0
Seat 3: CrystalMirac (big blind) folded before Flop
Seat 4: AzureCaper (button) (small blind) collected ($6)


PokerStars Hand #149493297625:  Hold'em Limit ($3/$6 USD) - 2016/02/27 8:14:35 ET
Table 'Antiope' 6-max Seat #4 is the button
Seat 3: CrystalMirac ($46.53 in chips)
Seat 4: AzureCaper ($145.20 in chips)
AzureCaper: posts small blind $1
CrystalMirac: posts big blind $3
*** HOLE CARDS ***
AzureCaper: raises $3 to $6
CrystalMirac: calls $3
*** FLOP *** [8h 3h 3c]
CrystalMirac: checks
AzureCaper: bets $3
CrystalMirac: calls $3
*** TURN *** [8h 3h 3c] [2h]
CrystalMirac: checks
AzureCaper: bets $6
CrystalMirac: raises $6 to $12
AzureCaper: calls $6
*** RIVER *** [8h 3h 3c 2h] [Ah]
CrystalMirac: checks
AzureCaper: checks
*** SHOW DOWN ***
CrystalMirac: shows [9h 6h] (a flush, Ace high)
AzureCaper: mucks hand
CrystalMirac collected $41.50 from pot
*** SUMMARY ***
Total pot $42 | Rake $0.50
Board [8h 3h 3c 2h Ah]
Seat 3: CrystalMirac (big blind) showed [9h 6h] and won ($41.50) with a flush, Ace high
Seat 4: AzureCaper (button) (small blind) mucked


PokerStars Hand #149493307941:  Hold'em Limit ($3/$6 USD) - 2016/02/27 8:14:49 ET
Table 'Antiope' 6-max Seat #3 is the button
Seat 3: CrystalMirac ($67.03 in chips)
Seat 4: AzureCaper ($124.20 in chips)
CrystalMirac: posts small blind $1
AzureCaper: posts big blind $3
*** HOLE CARDS ***
CrystalMirac: folds
Uncalled bet ($2) returned to AzureCaper
AzureCaper collected $2 from pot
AzureCaper: doesn't show hand
*** SUMMARY ***
Total pot $2 | Rake $0
Seat 3: CrystalMirac (button) (small blind) folded before Flop
Seat 4: AzureCaper (big blind) collected ($2)


PokerStars Hand #149493311281:  Hold'em Limit ($3/$6 USD) - 2016/02/27 8:14:54 ET
Table 'Antiope' 6-max Seat #4 is the button
Seat 3: CrystalMirac ($66.03 in chips)
Seat 4: AzureCaper ($125.20 in chips)
AzureCaper: posts small blind $1
CrystalMirac: posts big blind $3
*** HOLE CARDS ***
AzureCaper: folds
Uncalled bet ($2) returned to CrystalMirac
CrystalMirac collected $2 from pot
CrystalMirac: doesn't show hand
*** SUMMARY ***
Total pot $2 | Rake $0
Seat 3: CrystalMirac (big blind) collected ($2)
Seat 4: AzureCaper (button) (small blind) folded before Flop


PokerStars Hand #149493319895:  Hold'em Limit ($3/$6 USD) - 2016/02/27 8:15:06 ET
Table 'Antiope' 6-max Seat #3 is the button
Seat 3: CrystalMirac ($67.03 in chips)
Seat 4: AzureCaper ($124.20 in chips)
CrystalMirac: posts small blind $1
AzureCaper: posts big blind $3
*** HOLE CARDS ***
CrystalMirac: raises $3 to $6
AzureCaper: folds
Uncalled bet ($3) returned to CrystalMirac
CrystalMirac collected $6 from pot
CrystalMirac: doesn't show hand
*** SUMMARY ***
Total pot $6 | Rake $0
Seat 3: CrystalMirac (button) (small blind) collected ($6)
Seat 4: AzureCaper (big blind) folded before Flop


PokerStars Hand #149493334789:  Hold'em Limit ($3/$6 USD) - 2016/02/27 8:15:27 ET
Table 'Antiope' 6-max Seat #3 is the button
Seat 3: CrystalMirac ($84.53 in chips)
Seat 4: AzureCaper ($106.20 in chips)
CrystalMirac: posts small blind $1
AzureCaper: posts big blind $3
*** HOLE CARDS ***
CrystalMirac: folds
Uncalled bet ($2) returned to AzureCaper
AzureCaper collected $2 from pot
AzureCaper: doesn't show hand
*** SUMMARY ***
Total pot $2 | Rake $0
Seat 3: CrystalMirac (button) (small blind) folded before Flop
Seat 4: AzureCaper (big blind) collected ($2)


PokerStars Hand #149493324954:  Hold'em Limit ($3/$6 USD) - 2016/02/27 8:15:13 ET
Table 'Antiope' 6-max Seat #4 is the button
Seat 3: CrystalMirac ($70.03 in chips)
Seat 4: AzureCaper ($121.20 in chips)
AzureCaper: posts small blind $1
CrystalMirac: posts big blind $3
*** HOLE CARDS ***
AzureCaper: raises $3 to $6
CrystalMirac: calls $3
*** FLOP *** [8c 6h Ks]
CrystalMirac: checks
AzureCaper: bets $3
CrystalMirac: calls $3
*** TURN *** [8c 6h Ks] [Kd]
CrystalMirac: checks
AzureCaper: bets $6
CrystalMirac: raises $6 to $12
AzureCaper: folds
Uncalled bet ($6) returned to CrystalMirac
CrystalMirac collected $29.50 from pot
CrystalMirac: doesn't show hand
*** SUMMARY ***
Total pot $30 | Rake $0.50
Board [8c 6h Ks Kd]
Seat 3: CrystalMirac (big blind) collected ($29.50)
Seat 4: AzureCaper (button) (small blind) folded on the Turn


PokerStars Hand #149493374862:  Hold'em Limit ($3/$6 USD) - 2016/02/27 8:16:22 ET
Table 'Antiope' 6-max Seat #3 is the button
Seat 3: CrystalMirac ($41.53 in chips)
Seat 4: AzureCaper ($148.22 in chips)
CrystalMirac: posts small blind $1
AzureCaper: posts big blind $3
*** HOLE CARDS ***
CrystalMirac: folds
Uncalled bet ($2) returned to AzureCaper
AzureCaper collected $2 from pot
AzureCaper: doesn't show hand
*** SUMMARY ***
Total pot $2 | Rake $0
Seat 3: CrystalMirac (button) (small blind) folded before Flop
Seat 4: AzureCaper (big blind) collected ($2)


PokerStars Hand #149493368811:  Hold'em Limit ($3/$6 USD) - 2016/02/27 8:16:14 ET
Table 'Antiope' 6-max Seat #4 is the button
Seat 3: CrystalMirac ($47.53 in chips)
Seat 4: AzureCaper ($142.46 in chips)
AzureCaper: posts small blind $1
CrystalMirac: posts big blind $3
*** HOLE CARDS ***
AzureCaper: raises $3 to $6
CrystalMirac: calls $3
*** FLOP *** [Kd Qd 5c]
CrystalMirac: checks
AzureCaper: bets $3
CrystalMirac: folds
Uncalled bet ($3) returned to AzureCaper
AzureCaper collected $11.76 from pot
AzureCaper: doesn't show hand
*** SUMMARY ***
Total pot $12 | Rake $0.24
Board [Kd Qd 5c]
Seat 3: CrystalMirac (big blind) folded on the Flop
Seat 4: AzureCaper (button) (small blind) collected ($11.76)


PokerStars Hand #149493359435:  Hold'em Limit ($3/$6 USD) - 2016/02/27 8:16:01 ET
Table 'Antiope' 6-max Seat #3 is the button
Seat 3: CrystalMirac ($53.53 in chips)
Seat 4: AzureCaper ($136.70 in chips)
CrystalMirac: posts small blind $1
AzureCaper: posts big blind $3
*** HOLE CARDS ***
CrystalMirac: raises $3 to $6
AzureCaper: calls $3
*** FLOP *** [5d 4s 5s]
AzureCaper: checks
CrystalMirac: checks
*** TURN *** [5d 4s 5s] [Ah]
AzureCaper: checks
CrystalMirac: checks
*** RIVER *** [5d 4s 5s Ah] [3d]
AzureCaper: checks
CrystalMirac: checks
*** SHOW DOWN ***
AzureCaper: shows [As 7c] (two pair, Aces and Fives)
CrystalMirac: mucks hand
AzureCaper collected $11.76 from pot
*** SUMMARY ***
Total pot $12 | Rake $0.24
Board [5d 4s 5s Ah 3d]
Seat 3: CrystalMirac (button) (small blind) mucked
Seat 4: AzureCaper (big blind) showed [As 7c] and won ($11.76) with two pair, Aces and Fives


PokerStars Hand #149493354401:  Hold'em Limit ($3/$6 USD) - 2016/02/27 8:15:54 ET
Table 'Antiope' 6-max Seat #4 is the button
Seat 3: CrystalMirac ($56.53 in chips)
Seat 4: AzureCaper ($133.70 in chips)
AzureCaper: posts small blind $1
CrystalMirac: posts big blind $3
*** HOLE CARDS ***
AzureCaper: raises $3 to $6
CrystalMirac: folds
Uncalled bet ($3) returned to AzureCaper
AzureCaper collected $6 from pot
AzureCaper: doesn't show hand
*** SUMMARY ***
Total pot $6 | Rake $0
Seat 3: CrystalMirac (big blind) folded before Flop
Seat 4: AzureCaper (button) (small blind) collected ($6)


PokerStars Hand #149493341713:  Hold'em Limit ($3/$6 USD) - 2016/02/27 8:15:36 ET
Table 'Antiope' 6-max Seat #3 is the button
Seat 3: CrystalMirac ($80.53 in chips)
Seat 4: AzureCaper ($110.20 in chips)
CrystalMirac: posts small blind $1
AzureCaper: posts big blind $3
*** HOLE CARDS ***
CrystalMirac: raises $3 to $6
AzureCaper: calls $3
*** FLOP *** [5s 4h 9s]
AzureCaper: checks
CrystalMirac: bets $3
AzureCaper: raises $3 to $6
CrystalMirac: calls $3
*** TURN *** [5s 4h 9s] [7d]
AzureCaper: bets $6
CrystalMirac: calls $6
*** RIVER *** [5s 4h 9s 7d] [5c]
AzureCaper: bets $6
CrystalMirac: calls $6
*** SHOW DOWN ***
AzureCaper: shows [As 5h] (three of a kind, Fives)
CrystalMirac: mucks hand
AzureCaper collected $47.50 from pot
*** SUMMARY ***
Total pot $48 | Rake $0.50
Board [5s 4h 9s 7d 5c]
Seat 3: CrystalMirac (button) (small blind) mucked
Seat 4: AzureCaper (big blind) showed [As 5h] and won ($47.50) with three of a kind, Fives


PokerStars Hand #149493422254:  Hold'em Limit ($3/$6 USD) - 2016/02/27 8:17:27 ET
Table 'Antiope' 6-max Seat #3 is the button
Seat 3: CrystalMirac ($30.03 in chips)
Seat 4: AzureCaper ($158.12 in chips)
CrystalMirac: posts small blind $1
AzureCaper: posts big blind $3
*** HOLE CARDS ***
CrystalMirac: raises $3 to $6
AzureCaper: calls $3
*** FLOP *** [3h Js 6c]
AzureCaper: checks
CrystalMirac: bets $3
AzureCaper: raises $3 to $6
CrystalMirac: calls $3
*** TURN *** [3h Js 6c] [Qh]
AzureCaper: bets $6
CrystalMirac: calls $6
*** RIVER *** [3h Js 6c Qh] [9d]
AzureCaper: bets $6
CrystalMirac: folds
Uncalled bet ($6) returned to AzureCaper
AzureCaper collected $35.50 from pot
AzureCaper: doesn't show hand
*** SUMMARY ***
Total pot $36 | Rake $0.50
Board [3h Js 6c Qh 9d]
Seat 3: CrystalMirac (button) (small blind) folded on the River
Seat 4: AzureCaper (big blind) collected ($35.50)


PokerStars Hand #149493416681:  Hold'em Limit ($3/$6 USD) - 2016/02/27 8:17:19 ET
Table 'Antiope' 6-max Seat #4 is the button
Seat 3: CrystalMirac ($36.03 in chips)
Seat 4: AzureCaper ($152.36 in chips)
AzureCaper: posts small blind $1
CrystalMirac: posts big blind $3
*** HOLE CARDS ***
AzureCaper: raises $3 to $6
CrystalMirac: calls $3
*** FLOP *** [6d 8c 3d]
CrystalMirac: checks
AzureCaper: bets $3
CrystalMirac: folds
Uncalled bet ($3) returned to AzureCaper
AzureCaper collected $11.76 from pot
AzureCaper: doesn't show hand
*** SUMMARY ***
Total pot $12 | Rake $0.24
Board [6d 8c 3d]
Seat 3: CrystalMirac (big blind) folded on the Flop
Seat 4: AzureCaper (button) (small blind) collected ($11.76)


PokerStars Hand #149493413496:  Hold'em Limit ($3/$6 USD) - 2016/02/27 8:17:15 ET
Table 'Antiope' 6-max Seat #3 is the button
Seat 3: CrystalMirac ($37.03 in chips)
Seat 4: AzureCaper ($151.36 in chips)
CrystalMirac: posts small blind $1
AzureCaper: posts big blind $3
*** HOLE CARDS ***
CrystalMirac: folds
Uncalled bet ($2) returned to AzureCaper
AzureCaper collected $2 from pot
AzureCaper: doesn't show hand
*** SUMMARY ***
Total pot $2 | Rake $0
Seat 3: CrystalMirac (button) (small blind) folded before Flop
Seat 4: AzureCaper (big blind) collected ($2)


PokerStars Hand #149493403016:  Hold'em Limit ($3/$6 USD) - 2016/02/27 8:17:01 ET
Table 'Antiope' 6-max Seat #4 is the button
Seat 3: CrystalMirac ($46.03 in chips)
Seat 4: AzureCaper ($142.72 in chips)
AzureCaper: posts small blind $1
CrystalMirac: posts big blind $3
*** HOLE CARDS ***
AzureCaper: raises $3 to $6
CrystalMirac: calls $3
*** FLOP *** [Ac 3c Qd]
CrystalMirac: checks
AzureCaper: bets $3
CrystalMirac: calls $3
*** TURN *** [Ac 3c Qd] [Th]
CrystalMirac: checks
AzureCaper: checks
*** RIVER *** [Ac 3c Qd Th] [2s]
CrystalMirac: checks
AzureCaper: checks
*** SHOW DOWN ***
CrystalMirac: shows [Kc 3d] (a pair of Threes)
AzureCaper: shows [8d 8s] (a pair of Eights)
AzureCaper collected $17.64 from pot
*** SUMMARY ***
Total pot $18 | Rake $0.36
Board [Ac 3c Qd Th 2s]
Seat 3: CrystalMirac (big blind) showed [Kc 3d] and lost with a pair of Threes
Seat 4: AzureCaper (button) (small blind) showed [8d 8s] and won ($17.64) with a pair of Eights


PokerStars Hand #149493391201:  Hold'em Limit ($3/$6 USD) - 2016/02/27 8:16:44 ET
Table 'Antiope' 6-max Seat #3 is the button
Seat 3: CrystalMirac ($25.53 in chips)
Seat 4: AzureCaper ($163.72 in chips)
CrystalMirac: posts small blind $1
AzureCaper: posts big blind $3
*** HOLE CARDS ***
CrystalMirac: raises $3 to $6
AzureCaper: calls $3
*** FLOP *** [4d 8h 7s]
AzureCaper: checks
CrystalMirac: bets $3
AzureCaper: calls $3
*** TURN *** [4d 8h 7s] [Tc]
AzureCaper: checks
CrystalMirac: bets $6
AzureCaper: calls $6
*** RIVER *** [4d 8h 7s Tc] [Ts]
AzureCaper: checks
CrystalMirac: bets $6
AzureCaper: calls $6
*** SHOW DOWN ***
CrystalMirac: shows [8s Qc] (two pair, Tens and Eights)
AzureCaper: mucks hand
CrystalMirac collected $41.50 from pot
*** SUMMARY ***
Total pot $42 | Rake $0.50
Board [4d 8h 7s Tc Ts]
Seat 3: CrystalMirac (button) (small blind) showed [8s Qc] and won ($41.50) with two pair, Tens and Eights
Seat 4: AzureCaper (big blind) mucked


PokerStars Hand #149493377851:  Hold'em Limit ($3/$6 USD) - 2016/02/27 8:16:26 ET
Table 'Antiope' 6-max Seat #4 is the button
Seat 3: CrystalMirac ($40.53 in chips)
Seat 4: AzureCaper ($149.22 in chips)
AzureCaper: posts small blind $1
CrystalMirac: posts big blind $3
*** HOLE CARDS ***
AzureCaper: raises $3 to $6
CrystalMirac: calls $3
*** FLOP *** [Ts Td 9s]
CrystalMirac: checks
AzureCaper: bets $3
CrystalMirac: calls $3
*** TURN *** [Ts Td 9s] [Tc]
CrystalMirac: checks
AzureCaper: bets $6
CrystalMirac: calls $6
*** RIVER *** [Ts Td 9s Tc] [Qh]
CrystalMirac: checks
AzureCaper: bets $6
CrystalMirac: folds
Uncalled bet ($6) returned to AzureCaper
AzureCaper collected $29.50 from pot
AzureCaper: doesn't show hand
*** SUMMARY ***
Total pot $30 | Rake $0.50
Board [Ts Td 9s Tc Qh]
Seat 3: CrystalMirac (big blind) folded on the River
Seat 4: AzureCaper (button) (small blind) collected ($29.50)


PokerStars Hand #149493464136:  Hold'em Limit ($3/$6 USD) - 2016/02/27 8:18:25 ET
Table 'Antiope' 6-max Seat #3 is the button
Seat 3: CrystalMirac ($18.70 in chips)
Seat 4: AzureCaper ($168.59 in chips)
CrystalMirac: posts small blind $1
AzureCaper: posts big blind $3
*** HOLE CARDS ***
CrystalMirac: raises $3 to $6
AzureCaper: calls $3
*** FLOP *** [5d 8s Tc]
AzureCaper: checks
CrystalMirac: checks
*** TURN *** [5d 8s Tc] [8c]
AzureCaper: bets $6
CrystalMirac: folds
Uncalled bet ($6) returned to AzureCaper
AzureCaper collected $11.76 from pot
AzureCaper: doesn't show hand
*** SUMMARY ***
Total pot $12 | Rake $0.24
Board [5d 8s Tc 8c]
Seat 3: CrystalMirac (button) (small blind) folded on the Turn
Seat 4: AzureCaper (big blind) collected ($11.76)


PokerStars Hand #149493460903:  Hold'em Limit ($3/$6 USD) - 2016/02/27 8:18:21 ET
Table 'Antiope' 6-max Seat #4 is the button
Seat 3: CrystalMirac ($17.70 in chips)
Seat 4: AzureCaper ($169.59 in chips)
AzureCaper: posts small blind $1
CrystalMirac: posts big blind $3
*** HOLE CARDS ***
AzureCaper: folds
Uncalled bet ($2) returned to CrystalMirac
CrystalMirac collected $2 from pot
CrystalMirac: doesn't show hand
*** SUMMARY ***
Total pot $2 | Rake $0
Seat 3: CrystalMirac (big blind) collected ($2)
Seat 4: AzureCaper (button) (small blind) folded before Flop


PokerStars Hand #149493452031:  Hold'em Limit ($3/$6 USD) - 2016/02/27 8:18:09 ET
Table 'Antiope' 6-max Seat #3 is the button
Seat 3: CrystalMirac ($18.70 in chips)
Seat 4: AzureCaper ($168.59 in chips)
CrystalMirac: posts small blind $1
AzureCaper: posts big blind $3
*** HOLE CARDS ***
CrystalMirac: folds
Uncalled bet ($2) returned to AzureCaper
AzureCaper collected $2 from pot
AzureCaper: doesn't show hand
*** SUMMARY ***
Total pot $2 | Rake $0
Seat 3: CrystalMirac (button) (small blind) folded before Flop
Seat 4: AzureCaper (big blind) collected ($2)


PokerStars Hand #149493449082:  Hold'em Limit ($3/$6 USD) - 2016/02/27 8:18:05 ET
Table 'Antiope' 6-max Seat #4 is the button
Seat 3: CrystalMirac ($17.70 in chips)
Seat 4: AzureCaper ($169.59 in chips)
AzureCaper: posts small blind $1
CrystalMirac: posts big blind $3
*** HOLE CARDS ***
AzureCaper: folds
Uncalled bet ($2) returned to CrystalMirac
CrystalMirac collected $2 from pot
CrystalMirac: doesn't show hand
*** SUMMARY ***
Total pot $2 | Rake $0
Seat 3: CrystalMirac (big blind) collected ($2)
Seat 4: AzureCaper (button) (small blind) folded before Flop


PokerStars Hand #149493437580:  Hold'em Limit ($3/$6 USD) - 2016/02/27 8:17:48 ET
Table 'Antiope' 6-max Seat #3 is the button
Seat 3: CrystalMirac ($9.03 in chips)
Seat 4: AzureCaper ($178.62 in chips)
CrystalMirac: posts small blind $1
AzureCaper: posts big blind $3
*** HOLE CARDS ***
CrystalMirac: raises $3 to $6
AzureCaper: raises $3 to $9
CrystalMirac: raises $0.03 to $9.03 and is all-in
Betting is capped
AzureCaper: calls $0.03
*** FLOP *** [5h 2d Tc]
*** TURN *** [5h 2d Tc] [9d]
*** RIVER *** [5h 2d Tc 9d] [4s]
*** SHOW DOWN ***
AzureCaper: shows [Kc Ac] (high card Ace)
CrystalMirac: shows [3d Ad] (a straight, Ace to Five)
CrystalMirac collected $17.70 from pot
*** SUMMARY ***
Total pot $18.06 | Rake $0.36
Board [5h 2d Tc 9d 4s]
Seat 3: CrystalMirac (button) (small blind) showed [3d Ad] and won ($17.70) with a straight, Ace to Five
Seat 4: AzureCaper (big blind) showed [Kc Ac] and lost with high card Ace


PokerStars Hand #149493433045:  Hold'em Limit ($3/$6 USD) - 2016/02/27 8:17:42 ET
Table 'Antiope' 6-max Seat #4 is the button
Seat 3: CrystalMirac ($12.03 in chips)
Seat 4: AzureCaper ($175.62 in chips)
AzureCaper: posts small blind $1
CrystalMirac: posts big blind $3
*** HOLE CARDS ***
AzureCaper: raises $3 to $6
CrystalMirac: folds
Uncalled bet ($3) returned to AzureCaper
AzureCaper collected $6 from pot
AzureCaper: doesn't show hand
*** SUMMARY ***
Total pot $6 | Rake $0
Seat 3: CrystalMirac (big blind) folded before Flop
Seat 4: AzureCaper (button) (small blind) collected ($6)


PokerStars Hand #149493511698:  Hold'em Limit ($3/$6 USD) - 2016/02/27 8:19:31 ET
Table 'Antiope' 6-max Seat #3 is the button
Seat 3: CrystalMirac ($34.54 in chips)
Seat 4: AzureCaper ($151.65 in chips)
CrystalMirac: posts small blind $1
AzureCaper: posts big blind $3
*** HOLE CARDS ***
CrystalMirac: raises $3 to $6
AzureCaper: raises $3 to $9
CrystalMirac: calls $3
*** FLOP *** [Qc 9d 8h]
AzureCaper: bets $3
CrystalMirac: folds
Uncalled bet ($3) returned to AzureCaper
AzureCaper collected $17.64 from pot
AzureCaper: doesn't show hand
*** SUMMARY ***
Total pot $18 | Rake $0.36
Board [Qc 9d 8h]
Seat 3: CrystalMirac (button) (small blind) folded on the Flop
Seat 4: AzureCaper (big blind) collected ($17.64)


PokerStars Hand #149493508631:  Hold'em Limit ($3/$6 USD) - 2016/02/27 8:19:27 ET
Table 'Antiope' 6-max Seat #4 is the button
Seat 3: CrystalMirac ($33.54 in chips)
Seat 4: AzureCaper ($152.65 in chips)
AzureCaper: posts small blind $1
CrystalMirac: posts big blind $3
*** HOLE CARDS ***
AzureCaper: folds
Uncalled bet ($2) returned to CrystalMirac
CrystalMirac collected $2 from pot
CrystalMirac: doesn't show hand
*** SUMMARY ***
Total pot $2 | Rake $0
Seat 3: CrystalMirac (big blind) collected ($2)
Seat 4: AzureCaper (button) (small blind) folded before Flop


PokerStars Hand #149493496142:  Hold'em Limit ($3/$6 USD) - 2016/02/27 8:19:09 ET
Table 'Antiope' 6-max Seat #3 is the button
Seat 3: CrystalMirac ($24.90 in chips)
Seat 4: AzureCaper ($161.65 in chips)
CrystalMirac: posts small blind $1
AzureCaper: posts big blind $3
*** HOLE CARDS ***
CrystalMirac: raises $3 to $6
AzureCaper: calls $3
*** FLOP *** [8c 9s 2c]
AzureCaper: checks
CrystalMirac: bets $3
AzureCaper: calls $3
*** TURN *** [8c 9s 2c] [6c]
AzureCaper: checks
CrystalMirac: bets $6
AzureCaper: folds
Uncalled bet ($6) returned to CrystalMirac
CrystalMirac collected $17.64 from pot
CrystalMirac: doesn't show hand
*** SUMMARY ***
Total pot $18 | Rake $0.36
Board [8c 9s 2c 6c]
Seat 3: CrystalMirac (button) (small blind) collected ($17.64)
Seat 4: AzureCaper (big blind) folded on the Turn


PokerStars Hand #149493487492:  Hold'em Limit ($3/$6 USD) - 2016/02/27 8:18:57 ET
Table 'Antiope' 6-max Seat #4 is the button
Seat 3: CrystalMirac ($23.90 in chips)
Seat 4: AzureCaper ($162.65 in chips)
AzureCaper: posts small blind $1
CrystalMirac: posts big blind $3
*** HOLE CARDS ***
AzureCaper: folds
Uncalled bet ($2) returned to CrystalMirac
CrystalMirac collected $2 from pot
CrystalMirac: doesn't show hand
*** SUMMARY ***
Total pot $2 | Rake $0
Seat 3: CrystalMirac (big blind) collected ($2)
Seat 4: AzureCaper (button) (small blind) folded before Flop


PokerStars Hand #149493483862:  Hold'em Limit ($3/$6 USD) - 2016/02/27 8:18:52 ET
Table 'Antiope' 6-max Seat #3 is the button
Seat 3: CrystalMirac ($24.90 in chips)
Seat 4: AzureCaper ($161.65 in chips)
CrystalMirac: posts small blind $1
AzureCaper: posts big blind $3
*** HOLE CARDS ***
CrystalMirac: folds
Uncalled bet ($2) returned to AzureCaper
AzureCaper collected $2 from pot
AzureCaper: doesn't show hand
*** SUMMARY ***
Total pot $2 | Rake $0
Seat 3: CrystalMirac (button) (small blind) folded before Flop
Seat 4: AzureCaper (big blind) collected ($2)


PokerStars Hand #149493473115:  Hold'em Limit ($3/$6 USD) - 2016/02/27 8:18:38 ET
Table 'Antiope' 6-max Seat #4 is the button
Seat 3: CrystalMirac ($12.70 in chips)
Seat 4: AzureCaper ($174.35 in chips)
AzureCaper: posts small blind $1
CrystalMirac: posts big blind $3
*** HOLE CARDS ***
AzureCaper: raises $3 to $6
CrystalMirac: raises $3 to $9
AzureCaper: raises $3 to $12
Betting is capped
CrystalMirac: calls $3
*** FLOP *** [4s 5d 8d]
CrystalMirac: bets $0.70 and is all-in
AzureCaper: calls $0.70
*** TURN *** [4s 5d 8d] [Qs]
*** RIVER *** [4s 5d 8d Qs] [4d]
*** SHOW DOWN ***
CrystalMirac: shows [7c 7d] (two pair, Sevens and Fours)
AzureCaper: shows [7h As] (a pair of Fours)
CrystalMirac collected $24.90 from pot
*** SUMMARY ***
Total pot $25.40 | Rake $0.50
Board [4s 5d 8d Qs 4d]
Seat 3: CrystalMirac (big blind) showed [7c 7d] and won ($24.90) with two pair, Sevens and Fours
Seat 4: AzureCaper (button) (small blind) showed [7h As] and lost with a pair of Fours


PokerStars Hand #149493537430:  Hold'em Limit ($3/$6 USD) - 2016/02/27 8:20:06 ET
Table 'Antiope' 6-max Seat #3 is the button
Seat 3: CrystalMirac ($49.04 in chips)
Seat 4: AzureCaper ($136.29 in chips)
CrystalMirac: posts small blind $1
AzureCaper: posts big blind $3
*** HOLE CARDS ***
CrystalMirac: raises $3 to $6
AzureCaper: calls $3
*** FLOP *** [7s 4s Js]
AzureCaper: checks
CrystalMirac: bets $3
AzureCaper: raises $3 to $6
CrystalMirac: calls $3
*** TURN *** [7s 4s Js] [9h]
AzureCaper: bets $6
CrystalMirac: calls $6
*** RIVER *** [7s 4s Js 9h] [7h]
AzureCaper: bets $6
CrystalMirac: folds
Uncalled bet ($6) returned to AzureCaper
AzureCaper collected $35.50 from pot
AzureCaper: doesn't show hand
*** SUMMARY ***
Total pot $36 | Rake $0.50
Board [7s 4s Js 9h 7h]
Seat 3: CrystalMirac (button) (small blind) folded on the River
Seat 4: AzureCaper (big blind) collected ($35.50)


PokerStars Hand #149493525039:  Hold'em Limit ($3/$6 USD) - 2016/02/27 8:19:49 ET
Table 'Antiope' 6-max Seat #4 is the button
Seat 3: CrystalMirac ($25.54 in chips)
Seat 4: AzureCaper ($160.29 in chips)
AzureCaper: posts small blind $1
CrystalMirac: posts big blind $3
*** HOLE CARDS ***
AzureCaper: raises $3 to $6
CrystalMirac: raises $3 to $9
AzureCaper: calls $3
*** FLOP *** [Qd 8s 7d]
afk2016 joins the table at seat #1
CrystalMirac: bets $3
AzureCaper: calls $3
*** TURN *** [Qd 8s 7d] [Ah]
CrystalMirac: bets $6
AzureCaper: calls $6
*** RIVER *** [Qd 8s 7d Ah] [6s]
CrystalMirac: bets $6
AzureCaper: calls $6
*** SHOW DOWN ***
CrystalMirac: shows [Qs Qh] (three of a kind, Queens)
AzureCaper: mucks hand
CrystalMirac collected $47.50 from pot
*** SUMMARY ***
Total pot $48 | Rake $0.50
Board [Qd 8s 7d Ah 6s]
Seat 3: CrystalMirac (big blind) showed [Qs Qh] and won ($47.50) with three of a kind, Queens
Seat 4: AzureCaper (button) (small blind) mucked


PokerStars Hand #149493521814:  Hold'em Limit ($3/$6 USD) - 2016/02/27 8:19:45 ET
Table 'Antiope' 6-max Seat #3 is the button
Seat 3: CrystalMirac ($26.54 in chips)
Seat 4: AzureCaper ($159.29 in chips)
CrystalMirac: posts small blind $1
AzureCaper: posts big blind $3
*** HOLE CARDS ***
CrystalMirac: folds
Uncalled bet ($2) returned to AzureCaper
AzureCaper collected $2 from pot
AzureCaper: doesn't show hand
*** SUMMARY ***
Total pot $2 | Rake $0
Seat 3: CrystalMirac (button) (small blind) folded before Flop
Seat 4: AzureCaper (big blind) collected ($2)


PokerStars Hand #149493518617:  Hold'em Limit ($3/$6 USD) - 2016/02/27 8:19:40 ET
Table 'Antiope' 6-max Seat #4 is the button
Seat 3: CrystalMirac ($25.54 in chips)
Seat 4: AzureCaper ($160.29 in chips)
AzureCaper: posts small blind $1
CrystalMirac: posts big blind $3
*** HOLE CARDS ***
AzureCaper: folds
Uncalled bet ($2) returned to CrystalMirac
CrystalMirac collected $2 from pot
CrystalMirac: doesn't show hand
*** SUMMARY ***
Total pot $2 | Rake $0
Seat 3: CrystalMirac (big blind) collected ($2)
Seat 4: AzureCaper (button) (small blind) folded before Flop


PokerStars Hand #149493729929:  Hold'em Limit ($3/$6 USD) - 2016/02/27 8:24:30 ET
Table 'Antiope' 6-max Seat #1 is the button
Seat 1: afk2016 ($25.71 in chips)
Seat 4: AzureCaper ($190.26 in chips)
afk2016: posts small blind $1
AzureCaper: posts big blind $3
*** HOLE CARDS ***
afk2016: raises $3 to $6
CrystalMirac leaves the table
AzureCaper: folds
Uncalled bet ($3) returned to afk2016
afk2016 collected $6 from pot
afk2016: doesn't show hand
*** SUMMARY ***
Total pot $6 | Rake $0
Seat 1: afk2016 (button) (small blind) collected ($6)
Seat 4: AzureCaper (big blind) folded before Flop


PokerStars Hand #149493726955:  Hold'em Limit ($3/$6 USD) - 2016/02/27 8:24:26 ET
Table 'Antiope' 6-max Seat #4 is the button
Seat 1: afk2016 ($24.71 in chips)
Seat 4: AzureCaper ($191.26 in chips)
AzureCaper: posts small blind $1
afk2016: posts big blind $3
*** HOLE CARDS ***
AzureCaper: folds
Uncalled bet ($2) returned to afk2016
afk2016 collected $2 from pot
afk2016: doesn't show hand
*** SUMMARY ***
Total pot $2 | Rake $0
Seat 1: afk2016 (big blind) collected ($2)
Seat 4: AzureCaper (button) (small blind) folded before Flop


PokerStars Hand #149493772265:  Hold'em Limit ($3/$6 USD) - 2016/02/27 8:25:29 ET
Table 'Antiope' 6-max Seat #4 is the button
Seat 1: afk2016 ($15.11 in chips)
Seat 4: AzureCaper ($200.05 in chips)
AzureCaper: posts small blind $1
afk2016: posts big blind $3
*** HOLE CARDS ***
AzureCaper: folds
Uncalled bet ($2) returned to afk2016
afk2016 collected $2 from pot
afk2016: doesn't show hand
*** SUMMARY ***
Total pot $2 | Rake $0
Seat 1: afk2016 (big blind) collected ($2)
Seat 4: AzureCaper (button) (small blind) folded before Flop


PokerStars Hand #149493768433:  Hold'em Limit ($3/$6 USD) - 2016/02/27 8:25:23 ET
Table 'Antiope' 6-max Seat #1 is the button
Seat 1: afk2016 ($16.11 in chips)
Seat 4: AzureCaper ($199.05 in chips)
afk2016: posts small blind $1
AzureCaper: posts big blind $3
*** HOLE CARDS ***
afk2016: folds
Uncalled bet ($2) returned to AzureCaper
AzureCaper collected $2 from pot
AzureCaper: doesn't show hand
*** SUMMARY ***
Total pot $2 | Rake $0
Seat 1: afk2016 (button) (small blind) folded before Flop
Seat 4: AzureCaper (big blind) collected ($2)


PokerStars Hand #149493765158:  Hold'em Limit ($3/$6 USD) - 2016/02/27 8:25:19 ET
Table 'Antiope' 6-max Seat #4 is the button
Seat 1: afk2016 ($15.11 in chips)
Seat 4: AzureCaper ($200.05 in chips)
AzureCaper: posts small blind $1
afk2016: posts big blind $3
*** HOLE CARDS ***
AzureCaper: folds
Uncalled bet ($2) returned to afk2016
afk2016 collected $2 from pot
afk2016: doesn't show hand
*** SUMMARY ***
Total pot $2 | Rake $0
Seat 1: afk2016 (big blind) collected ($2)
Seat 4: AzureCaper (button) (small blind) folded before Flop


PokerStars Hand #149493749237:  Hold'em Limit ($3/$6 USD) - 2016/02/27 8:24:57 ET
Table 'Antiope' 6-max Seat #1 is the button
Seat 1: afk2016 ($7.71 in chips)
Seat 4: AzureCaper ($207.76 in chips)
afk2016: posts small blind $1
AzureCaper: posts big blind $3
*** HOLE CARDS ***
afk2016: raises $3 to $6
AzureCaper: calls $3
*** FLOP *** [6h Ks 3d]
AzureCaper: bets $3
afk2016: calls $1.71 and is all-in
Uncalled bet ($1.29) returned to AzureCaper
*** TURN *** [6h Ks 3d] [8d]
*** RIVER *** [6h Ks 3d 8d] [2d]
*** SHOW DOWN ***
AzureCaper: shows [5s 6s] (a pair of Sixes)
afk2016: shows [8s Js] (a pair of Eights)
afk2016 collected $15.11 from pot
*** SUMMARY ***
Total pot $15.42 | Rake $0.31
Board [6h Ks 3d 8d 2d]
Seat 1: afk2016 (button) (small blind) showed [8s Js] and won ($15.11) with a pair of Eights
Seat 4: AzureCaper (big blind) showed [5s 6s] and lost with a pair of Sixes


PokerStars Hand #149493736201:  Hold'em Limit ($3/$6 USD) - 2016/02/27 8:24:39 ET
Table 'Antiope' 6-max Seat #4 is the button
Seat 1: afk2016 ($28.71 in chips)
Seat 4: AzureCaper ($187.26 in chips)
AzureCaper: posts small blind $1
afk2016: posts big blind $3
*** HOLE CARDS ***
AzureCaper: raises $3 to $6
afk2016: calls $3
*** FLOP *** [8d 6d Jc]
afk2016: bets $3
AzureCaper: calls $3
*** TURN *** [8d 6d Jc] [Ts]
afk2016: bets $6
AzureCaper: calls $6
*** RIVER *** [8d 6d Jc Ts] [Kc]
afk2016: bets $6
AzureCaper: calls $6
*** SHOW DOWN ***
afk2016: shows [6s Qd] (a pair of Sixes)
AzureCaper: shows [Td Qh] (a pair of Tens)
AzureCaper collected $41.50 from pot
*** SUMMARY ***
Total pot $42 | Rake $0.50
Board [8d 6d Jc Ts Kc]
Seat 1: afk2016 (big blind) showed [6s Qd] and lost with a pair of Sixes
Seat 4: AzureCaper (button) (small blind) showed [Td Qh] and won ($41.50) with a pair of Tens


PokerStars Hand #149493785643:  Hold'em Limit ($3/$6 USD) - 2016/02/27 8:25:47 ET
Table 'Antiope' 6-max Seat #4 is the button
Seat 1: afk2016 ($24.75 in chips)
Seat 4: AzureCaper ($190.05 in chips)
AzureCaper: posts small blind $1
afk2016: posts big blind $3
*** HOLE CARDS ***
AzureCaper: raises $3 to $6
afk2016: calls $3
*** FLOP *** [5s 6h 9c]
afk2016: bets $3
AzureCaper: calls $3
*** TURN *** [5s 6h 9c] [8s]
afk2016: bets $6
AzureCaper: calls $6
*** RIVER *** [5s 6h 9c 8s] [2c]
afk2016: bets $6
AzureCaper: folds
Uncalled bet ($6) returned to afk2016
afk2016 collected $29.50 from pot
afk2016: doesn't show hand
*** SUMMARY ***
Total pot $30 | Rake $0.50
Board [5s 6h 9c 8s 2c]
Seat 1: afk2016 (big blind) collected ($29.50)
Seat 4: AzureCaper (button) (small blind) folded on the River


PokerStars Hand #149493775280:  Hold'em Limit ($3/$6 USD) - 2016/02/27 8:25:33 ET
Table 'Antiope' 6-max Seat #1 is the button
Seat 1: afk2016 ($16.11 in chips)
Seat 4: AzureCaper ($199.05 in chips)
afk2016: posts small blind $1
AzureCaper: posts big blind $3
*** HOLE CARDS ***
afk2016: calls $2
AzureCaper: raises $3 to $6
CrystalMirac joins the table at seat #3
afk2016: calls $3
*** FLOP *** [9h 6h Js]
AzureCaper: bets $3
afk2016: calls $3
*** TURN *** [9h 6h Js] [Kh]
AzureCaper: checks
afk2016: bets $6
AzureCaper: folds
Uncalled bet ($6) returned to afk2016
afk2016 collected $17.64 from pot
afk2016: doesn't show hand
*** SUMMARY ***
Total pot $18 | Rake $0.36
Board [9h 6h Js Kh]
Seat 1: afk2016 (button) (small blind) collected ($17.64)
Seat 4: AzureCaper (big blind) folded on the Turn


PokerStars Hand #149493898094:  Hold'em Limit ($3/$6 USD) - 2016/02/27 8:28:20 ET
Table 'Antiope' 6-max Seat #1 is the button
Seat 1: afk2016 ($34.50 in chips)
Seat 4: AzureCaper ($185.76 in chips)
afk2016: posts small blind $1
AzureCaper: posts big blind $3
*** HOLE CARDS ***
afk2016: calls $2
AzureCaper: raises $3 to $6
mishkamoya joins the table at seat #2
afk2016: calls $3
*** FLOP *** [4h Kc 4d]
AzureCaper: bets $3
afk2016: calls $3
*** TURN *** [4h Kc 4d] [3c]
AzureCaper: bets $6
afk2016: folds
Uncalled bet ($6) returned to AzureCaper
AzureCaper collected $17.64 from pot
AzureCaper: doesn't show hand
*** SUMMARY ***
Total pot $18 | Rake $0.36
Board [4h Kc 4d 3c]
Seat 1: afk2016 (button) (small blind) folded on the Turn
Seat 4: AzureCaper (big blind) collected ($17.64)


PokerStars Hand #149499623171:  Hold'em Limit ($3/$6 USD) - 2016/02/27 10:27:18 ET
Table 'Antiope' 6-max Seat #3 is the button
Seat 1: Chessnok ($74.28 in chips)
Seat 3: CrystalMirac ($296.08 in chips)
CrystalMirac: posts small blind $1
Chessnok: posts big blind $3
*** HOLE CARDS ***
CrystalMirac: folds
Uncalled bet ($2) returned to Chessnok
Chessnok collected $2 from pot
Chessnok: doesn't show hand
*** SUMMARY ***
Total pot $2 | Rake $0
Seat 1: Chessnok (big blind) collected ($2)
Seat 3: CrystalMirac (button) (small blind) folded before Flop


PokerStars Hand #149499617871:  Hold'em Limit ($3/$6 USD) - 2016/02/27 10:27:11 ET
Table 'Antiope' 6-max Seat #1 is the button
Seat 1: Chessnok ($71.28 in chips)
Seat 3: CrystalMirac ($299.08 in chips)
Chessnok: posts small blind $1
CrystalMirac: posts big blind $3
*** HOLE CARDS ***
Chessnok: raises $3 to $6
CrystalMirac: folds
Uncalled bet ($3) returned to Chessnok
Chessnok collected $6 from pot
Chessnok: doesn't show hand
*** SUMMARY ***
Total pot $6 | Rake $0
Seat 1: Chessnok (button) (small blind) collected ($6)
Seat 3: CrystalMirac (big blind) folded before Flop


PokerStars Hand #149499627369:  Hold'em Limit ($3/$6 USD) - 2016/02/27 10:27:22 ET
Table 'Antiope' 6-max Seat #1 is the button
Seat 1: Chessnok ($75.28 in chips)
Seat 3: CrystalMirac ($295.08 in chips)
Chessnok: posts small blind $1
CrystalMirac: posts big blind $3
*** HOLE CARDS ***
Chessnok: raises $3 to $6
CrystalMirac: raises $3 to $9
Chessnok: calls $3
*** FLOP *** [8s As 4c]
CrystalMirac: bets $3
Chessnok: calls $3
*** TURN *** [8s As 4c] [Js]
CrystalMirac: checks
Chessnok: bets $6
CrystalMirac: calls $6
*** RIVER *** [8s As 4c Js] [3s]
CrystalMirac: checks
Chessnok: bets $6
CrystalMirac: calls $6
*** SHOW DOWN ***
Chessnok: shows [7c Qc] (high card Ace)
CrystalMirac: shows [5d Ac] (a pair of Aces)
CrystalMirac collected $47.50 from pot
*** SUMMARY ***
Total pot $48 | Rake $0.50
Board [8s As 4c Js 3s]
Seat 1: Chessnok (button) (small blind) showed [7c Qc] and lost with high card Ace
Seat 3: CrystalMirac (big blind) showed [5d Ac] and won ($47.50) with a pair of Aces


PokerStars Hand #149499612870:  Hold'em Limit ($3/$6 USD) - 2016/02/27 10:27:05 ET
Table 'Antiope' 6-max Seat #3 is the button
Seat 1: Chessnok ($74.28 in chips)
Seat 3: CrystalMirac ($296.08 in chips)
CrystalMirac: posts small blind $1
killerfurbel: is sitting out
Chessnok: posts big blind $3
*** HOLE CARDS ***
killerfurbel leaves the table
CrystalMirac: raises $3 to $6
Chessnok: folds
Uncalled bet ($3) returned to CrystalMirac
CrystalMirac collected $6 from pot
CrystalMirac: doesn't show hand
*** SUMMARY ***
Total pot $6 | Rake $0
Seat 1: Chessnok (big blind) folded before Flop
Seat 3: CrystalMirac (button) (small blind) collected ($6)


PokerStars Hand #149499663930:  Hold'em Limit ($3/$6 USD) - 2016/02/27 10:28:06 ET
Table 'Antiope' 6-max Seat #1 is the button
Seat 1: Chessnok ($60 in chips)
Seat 3: CrystalMirac ($333.08 in chips)
Chessnok: posts small blind $1
CrystalMirac: posts big blind $3
*** HOLE CARDS ***
Chessnok: raises $3 to $6
CrystalMirac: calls $3
*** FLOP *** [2h Qc 5h]
CrystalMirac: checks
Chessnok: bets $3
CrystalMirac: folds
Uncalled bet ($3) returned to Chessnok
Chessnok collected $11.76 from pot
Chessnok: doesn't show hand
*** SUMMARY ***
Total pot $12 | Rake $0.24
Board [2h Qc 5h]
Seat 1: Chessnok (button) (small blind) collected ($11.76)
Seat 3: CrystalMirac (big blind) folded on the Flop


PokerStars Hand #149499643696:  Hold'em Limit ($3/$6 USD) - 2016/02/27 10:27:42 ET
Table 'Antiope' 6-max Seat #3 is the button
Seat 1: Chessnok ($60 in chips)
Seat 3: CrystalMirac ($318.58 in chips)
CrystalMirac: posts small blind $1
Chessnok: posts big blind $3
*** HOLE CARDS ***
CrystalMirac: raises $3 to $6
Chessnok: calls $3
*** FLOP *** [Ts Qs 3d]
Chessnok: checks
CrystalMirac: bets $3
Chessnok: calls $3
*** TURN *** [Ts Qs 3d] [5s]
Chessnok: checks
CrystalMirac: bets $6
Chessnok: calls $6
*** RIVER *** [Ts Qs 3d 5s] [6s]
Chessnok: checks
CrystalMirac: bets $6
Chessnok: folds
Uncalled bet ($6) returned to CrystalMirac
CrystalMirac collected $29.50 from pot
CrystalMirac: doesn't show hand
*** SUMMARY ***
Total pot $30 | Rake $0.50
Board [Ts Qs 3d 5s 6s]
Seat 1: Chessnok (big blind) folded on the River
Seat 3: CrystalMirac (button) (small blind) collected ($29.50)


PokerStars Hand #149499675985:  Hold'em Limit ($3/$6 USD) - 2016/02/27 10:28:20 ET
Table 'Antiope' 6-max Seat #3 is the button
Seat 1: Chessnok ($65.76 in chips)
Seat 3: CrystalMirac ($327.08 in chips)
CrystalMirac: posts small blind $1
Chessnok: posts big blind $3
*** HOLE CARDS ***
CrystalMirac: raises $3 to $6
Chessnok: calls $3
*** FLOP *** [8d 6d 7d]
Chessnok: bets $3
CrystalMirac: calls $3
*** TURN *** [8d 6d 7d] [6h]
Chessnok: bets $6
CrystalMirac: calls $6
*** RIVER *** [8d 6d 7d 6h] [Ts]
Chessnok: checks
CrystalMirac: bets $6
Chessnok: calls $6
*** SHOW DOWN ***
CrystalMirac: shows [9s Td] (a straight, Six to Ten)
Chessnok: mucks hand
CrystalMirac collected $41.50 from pot
*** SUMMARY ***
Total pot $42 | Rake $0.50
Board [8d 6d 7d 6h Ts]
Seat 1: Chessnok (big blind) mucked
Seat 3: CrystalMirac (button) (small blind) showed [9s Td] and won ($41.50) with a straight, Six to Ten


PokerStars Hand #149499704949:  Hold'em Limit ($3/$6 USD) - 2016/02/27 10:28:54 ET
Table 'Antiope' 6-max Seat #1 is the button
Seat 1: Chessnok ($60 in chips)
Seat 3: CrystalMirac ($347.58 in chips)
Chessnok: posts small blind $1
CrystalMirac: posts big blind $3
*** HOLE CARDS ***
Chessnok: raises $3 to $6
CrystalMirac: raises $3 to $9
Chessnok: calls $3
*** FLOP *** [7d 4c Kd]
CrystalMirac: bets $3
Chessnok: calls $3
*** TURN *** [7d 4c Kd] [3c]
CrystalMirac: bets $6
Chessnok: raises $6 to $12
CrystalMirac: folds
Uncalled bet ($6) returned to Chessnok
Chessnok collected $35.50 from pot
Chessnok: doesn't show hand
*** SUMMARY ***
Total pot $36 | Rake $0.50
Board [7d 4c Kd 3c]
Seat 1: Chessnok (button) (small blind) collected ($35.50)
Seat 3: CrystalMirac (big blind) folded on the Turn


