PokerStars Hand #160563963958:  Hold'em Limit ($3/$6 USD) - 2016/10/28 16:18:46 ET
Table 'Antigone II' 6-max Seat #4 is the button
Seat 1: msivokho ($51.02 in chips)
Seat 4: AzureCaper ($143.74 in chips)
AzureCaper: posts small blind $1
msivokho: posts big blind $3
*** HOLE CARDS ***
AzureCaper: folds
Uncalled bet ($2) returned to msivokho
msivokho collected $2 from pot
msivokho: doesn't show hand
*** SUMMARY ***
Total pot $2 | Rake $0
Seat 1: msivokho (big blind) collected ($2)
Seat 4: AzureCaper (button) (small blind) folded before Flop


PokerStars Hand #160563957077:  Hold'em Limit ($3/$6 USD) - 2016/10/28 16:18:39 ET
Table 'Antigone II' 6-max Seat #1 is the button
Seat 1: msivokho ($52.02 in chips)
Seat 4: AzureCaper ($142.74 in chips)
msivokho: posts small blind $1
AzureCaper: posts big blind $3
*** HOLE CARDS ***
msivokho: folds
Uncalled bet ($2) returned to AzureCaper
AzureCaper collected $2 from pot
AzureCaper: doesn't show hand
*** SUMMARY ***
Total pot $2 | Rake $0
Seat 1: msivokho (button) (small blind) folded before Flop
Seat 4: AzureCaper (big blind) collected ($2)


PokerStars Hand #160564012529:  Hold'em Limit ($3/$6 USD) - 2016/10/28 16:19:41 ET
Table 'Antigone II' 6-max Seat #1 is the button
Seat 1: msivokho ($36.66 in chips)
Seat 4: AzureCaper ($163.63 in chips)
msivokho: posts small blind $1
AzureCaper: posts big blind $3
*** HOLE CARDS ***
msivokho: folds
Uncalled bet ($2) returned to AzureCaper
AzureCaper collected $2 from pot
AzureCaper: doesn't show hand
*** SUMMARY ***
Total pot $2 | Rake $0
Seat 1: msivokho (button) (small blind) folded before Flop
Seat 4: AzureCaper (big blind) collected ($2)


PokerStars Hand #160564022921:  Hold'em Limit ($3/$6 USD) - 2016/10/28 16:19:53 ET
Table 'Antigone II' 6-max Seat #1 is the button
Seat 1: msivokho ($36.66 in chips)
Seat 4: AzureCaper ($163.63 in chips)
msivokho: posts small blind $1
AzureCaper: posts big blind $3
*** HOLE CARDS ***
msivokho: folds
Uncalled bet ($2) returned to AzureCaper
AzureCaper collected $2 from pot
AzureCaper: doesn't show hand
*** SUMMARY ***
Total pot $2 | Rake $0
Seat 1: msivokho (button) (small blind) folded before Flop
Seat 4: AzureCaper (big blind) collected ($2)


PokerStars Hand #160564017142:  Hold'em Limit ($3/$6 USD) - 2016/10/28 16:19:47 ET
Table 'Antigone II' 6-max Seat #4 is the button
Seat 1: msivokho ($35.66 in chips)
Seat 4: AzureCaper ($164.63 in chips)
AzureCaper: posts small blind $1
msivokho: posts big blind $3
*** HOLE CARDS ***
AzureCaper: folds
Uncalled bet ($2) returned to msivokho
msivokho collected $2 from pot
*** SUMMARY ***
Total pot $2 | Rake $0
Seat 1: msivokho (big blind) collected ($2)
Seat 4: AzureCaper (button) (small blind) folded before Flop


PokerStars Hand #160564029241:  Hold'em Limit ($3/$6 USD) - 2016/10/28 16:20:00 ET
Table 'Antigone II' 6-max Seat #4 is the button
Seat 1: msivokho ($35.66 in chips)
Seat 4: AzureCaper ($164.63 in chips)
AzureCaper: posts small blind $1
msivokho: posts big blind $3
*** HOLE CARDS ***
AzureCaper: raises $3 to $6
msivokho: calls $3
*** FLOP *** [5c 6s Ks]
msivokho: checks
AzureCaper: bets $3
msivokho: calls $3
*** TURN *** [5c 6s Ks] [Qd]
msivokho: checks
AzureCaper: bets $6
msivokho: folds
Uncalled bet ($6) returned to AzureCaper
AzureCaper collected $17.64 from pot
AzureCaper: doesn't show hand
*** SUMMARY ***
Total pot $18 | Rake $0.36
Board [5c 6s Ks Qd]
Seat 1: msivokho (big blind) folded on the Turn
Seat 4: AzureCaper (button) (small blind) collected ($17.64)


PokerStars Hand #160564004257:  Hold'em Limit ($3/$6 USD) - 2016/10/28 16:19:32 ET
Table 'Antigone II' 6-max Seat #4 is the button
Seat 1: msivokho ($39.66 in chips)
Seat 4: AzureCaper ($160.63 in chips)
AzureCaper: posts small blind $1
msivokho: posts big blind $3
*** HOLE CARDS ***
AzureCaper: raises $3 to $6
msivokho: folds
Uncalled bet ($3) returned to AzureCaper
AzureCaper collected $6 from pot
AzureCaper: doesn't show hand
*** SUMMARY ***
Total pot $6 | Rake $0
Seat 1: msivokho (big blind) folded before Flop
Seat 4: AzureCaper (button) (small blind) collected ($6)


PokerStars Hand #160564065153:  Hold'em Limit ($3/$6 USD) - 2016/10/28 16:20:41 ET
Table 'Antigone II' 6-max Seat #1 is the button
Seat 1: msivokho ($33.42 in chips)
Seat 4: AzureCaper ($166.27 in chips)
msivokho: posts small blind $1
AzureCaper: posts big blind $3
*** HOLE CARDS ***
msivokho: calls $2
AzureCaper: checks
*** FLOP *** [4h Kh 8c]
AzureCaper: checks
msivokho: checks
*** TURN *** [4h Kh 8c] [3h]
AzureCaper: checks
msivokho: checks
*** RIVER *** [4h Kh 8c 3h] [2s]
AzureCaper: checks
msivokho: checks
*** SHOW DOWN ***
AzureCaper: shows [7d Tc] (high card King)
msivokho: shows [3d 5c] (a pair of Threes)
msivokho collected $5.88 from pot
*** SUMMARY ***
Total pot $6 | Rake $0.12
Board [4h Kh 8c 3h 2s]
Seat 1: msivokho (button) (small blind) showed [3d 5c] and won ($5.88) with a pair of Threes
Seat 4: AzureCaper (big blind) showed [7d Tc] and lost with high card King


PokerStars Hand #160564075612:  Hold'em Limit ($3/$6 USD) - 2016/10/28 16:20:52 ET
Table 'Antigone II' 6-max Seat #4 is the button
Seat 1: msivokho ($36.30 in chips)
Seat 4: AzureCaper ($163.27 in chips)
AzureCaper: posts small blind $1
msivokho: posts big blind $3
*** HOLE CARDS ***
AzureCaper: raises $3 to $6
msivokho: calls $3
*** FLOP *** [9s 4c 8s]
msivokho: checks
AzureCaper: bets $3
msivokho: calls $3
*** TURN *** [9s 4c 8s] [Kc]
msivokho: checks
AzureCaper: bets $6
msivokho: calls $6
*** RIVER *** [9s 4c 8s Kc] [Kd]
msivokho: checks
AzureCaper: bets $6
msivokho: calls $6
*** SHOW DOWN ***
AzureCaper: shows [Js 8h] (two pair, Kings and Eights)
msivokho: mucks hand
AzureCaper collected $41.50 from pot
*** SUMMARY ***
Total pot $42 | Rake $0.50
Board [9s 4c 8s Kc Kd]
Seat 1: msivokho (big blind) mucked
Seat 4: AzureCaper (button) (small blind) showed [Js 8h] and won ($41.50) with two pair, Kings and Eights


PokerStars Hand #160564095792:  Hold'em Limit ($3/$6 USD) - 2016/10/28 16:21:15 ET
Table 'Antigone II' 6-max Seat #1 is the button
Seat 1: msivokho ($15.30 in chips)
Seat 4: AzureCaper ($183.77 in chips)
msivokho: posts small blind $1
AzureCaper: posts big blind $3
*** HOLE CARDS ***
msivokho: raises $3 to $6
AzureCaper: calls $3
*** FLOP *** [3h Jd 9c]
AzureCaper: checks
msivokho: checks
*** TURN *** [3h Jd 9c] [Ts]
olech1515 joins the table at seat #2
AzureCaper: checks
msivokho: checks
*** RIVER *** [3h Jd 9c Ts] [Kc]
AzureCaper: checks
msivokho: bets $6
AzureCaper: folds
Uncalled bet ($6) returned to msivokho
msivokho collected $11.76 from pot
msivokho: doesn't show hand
*** SUMMARY ***
Total pot $12 | Rake $0.24
Board [3h Jd 9c Ts Kc]
Seat 1: msivokho (button) (small blind) collected ($11.76)
Seat 4: AzureCaper (big blind) folded on the River


PokerStars Hand #160564061331:  Hold'em Limit ($3/$6 USD) - 2016/10/28 16:20:36 ET
Table 'Antigone II' 6-max Seat #4 is the button
Seat 1: msivokho ($32.42 in chips)
Seat 4: AzureCaper ($167.27 in chips)
AzureCaper: posts small blind $1
msivokho: posts big blind $3
*** HOLE CARDS ***
AzureCaper: folds
Uncalled bet ($2) returned to msivokho
msivokho collected $2 from pot
msivokho: doesn't show hand
*** SUMMARY ***
Total pot $2 | Rake $0
Seat 1: msivokho (big blind) collected ($2)
Seat 4: AzureCaper (button) (small blind) folded before Flop


PokerStars Hand #160564043857:  Hold'em Limit ($3/$6 USD) - 2016/10/28 16:20:17 ET
Table 'Antigone II' 6-max Seat #1 is the button
Seat 1: msivokho ($26.66 in chips)
Seat 4: AzureCaper ($173.27 in chips)
msivokho: posts small blind $1
AzureCaper: posts big blind $3
*** HOLE CARDS ***
msivokho: raises $3 to $6
AzureCaper: calls $3
*** FLOP *** [8d Jd Qs]
AzureCaper: checks
msivokho: checks
*** TURN *** [8d Jd Qs] [5h]
AzureCaper: checks
msivokho: checks
*** RIVER *** [8d Jd Qs 5h] [Jc]
AzureCaper: checks
msivokho: checks
*** SHOW DOWN ***
AzureCaper: shows [6c Tc] (a pair of Jacks)
msivokho: shows [Ah 3d] (a pair of Jacks - Ace kicker)
msivokho collected $11.76 from pot
*** SUMMARY ***
Total pot $12 | Rake $0.24
Board [8d Jd Qs 5h Jc]
Seat 1: msivokho (button) (small blind) showed [Ah 3d] and won ($11.76) with a pair of Jacks
Seat 4: AzureCaper (big blind) showed [6c Tc] and lost with a pair of Jacks


PokerStars Hand #160564111253:  Hold'em Limit ($3/$6 USD) - 2016/10/28 16:21:32 ET
Table 'Antigone II' 6-max Seat #4 is the button
Seat 1: msivokho ($21.06 in chips)
Seat 4: AzureCaper ($177.77 in chips)
AzureCaper: posts small blind $1
msivokho: posts big blind $3
*** HOLE CARDS ***
AzureCaper: raises $3 to $6
msivokho: raises $3 to $9
AzureCaper: calls $3
*** FLOP *** [Ks Ts 6h]
msivokho: bets $3
AzureCaper: calls $3
*** TURN *** [Ks Ts 6h] [Ac]
msivokho: bets $6
AzureCaper: calls $6
*** RIVER *** [Ks Ts 6h Ac] [9s]
msivokho: bets $3.06 and is all-in
AzureCaper: calls $3.06
*** SHOW DOWN ***
msivokho: shows [As Ah] (three of a kind, Aces)
AzureCaper: shows [Kc 8h] (a pair of Kings)
msivokho collected $41.62 from pot
*** SUMMARY ***
Total pot $42.12 | Rake $0.50
Board [Ks Ts 6h Ac 9s]
Seat 1: msivokho (big blind) showed [As Ah] and won ($41.62) with three of a kind, Aces
Seat 4: AzureCaper (button) (small blind) showed [Kc 8h] and lost with a pair of Kings


PokerStars Hand #160564340035:  Hold'em Limit ($3/$6 USD) - 2016/10/28 16:25:55 ET
Table 'Antigone II' 6-max Seat #2 is the button
Seat 2: olech1515 ($154.70 in chips)
Seat 4: AzureCaper ($89.51 in chips)
olech1515: posts small blind $1
AzureCaper: posts big blind $3
*** HOLE CARDS ***
olech1515: raises $3 to $6
AzureCaper: calls $3
*** FLOP *** [Jd 7c 4d]
AzureCaper: checks
olech1515: bets $3
AzureCaper: folds
Uncalled bet ($3) returned to olech1515
olech1515 collected $11.76 from pot
*** SUMMARY ***
Total pot $12 | Rake $0.24
Board [Jd 7c 4d]
Seat 2: olech1515 (button) (small blind) collected ($11.76)
Seat 4: AzureCaper (big blind) folded on the Flop


PokerStars Hand #160564842386:  Hold'em Limit ($3/$6 USD) - 2016/10/28 16:35:22 ET
Table 'Antigone II' 6-max Seat #2 is the button
Seat 2: parnishka11 ($11.40 in chips)
Seat 4: AzureCaper ($95.50 in chips)
parnishka11: posts small blind $1
AzureCaper: posts big blind $3
*** HOLE CARDS ***
parnishka11: raises $3 to $6
AzureCaper: raises $3 to $9
parnishka11: raises $2.40 to $11.40 and is all-in
Betting is capped
AzureCaper: calls $2.40
*** FLOP *** [9c Jd Ks]
*** TURN *** [9c Jd Ks] [3d]
*** RIVER *** [9c Jd Ks 3d] [Qc]
*** SHOW DOWN ***
AzureCaper: shows [Ad Js] (a pair of Jacks)
parnishka11: shows [2h Ts] (a straight, Nine to King)
parnishka11 collected $22.34 from pot
*** SUMMARY ***
Total pot $22.80 | Rake $0.46
Board [9c Jd Ks 3d Qc]
Seat 2: parnishka11 (button) (small blind) showed [2h Ts] and won ($22.34) with a straight, Nine to King
Seat 4: AzureCaper (big blind) showed [Ad Js] and lost with a pair of Jacks


PokerStars Hand #160564924653:  Hold'em Limit ($3/$6 USD) - 2016/10/28 16:36:56 ET
Table 'Antigone II' 6-max Seat #5 is the button
Seat 4: AzureCaper ($126.30 in chips)
Seat 5: gorcea_vs ($38.45 in chips)
gorcea_vs: posts small blind $1
AzureCaper: posts big blind $3
*** HOLE CARDS ***
gorcea_vs: folds
Uncalled bet ($2) returned to AzureCaper
AzureCaper collected $2 from pot
AzureCaper: doesn't show hand
*** SUMMARY ***
Total pot $2 | Rake $0
Seat 4: AzureCaper (big blind) collected ($2)
Seat 5: gorcea_vs (button) (small blind) folded before Flop


PokerStars Hand #160564905720:  Hold'em Limit ($3/$6 USD) - 2016/10/28 16:36:35 ET
Table 'Antigone II' 6-max Seat #4 is the button
Seat 4: AzureCaper ($144.30 in chips)
Seat 5: gorcea_vs ($20.95 in chips)
AzureCaper: posts small blind $1
gorcea_vs: posts big blind $3
*** HOLE CARDS ***
AzureCaper: raises $3 to $6
gorcea_vs: raises $3 to $9
AzureCaper: calls $3
*** FLOP *** [4d Kh Ks]
gorcea_vs: bets $3
AzureCaper: calls $3
*** TURN *** [4d Kh Ks] [2d]
gorcea_vs: bets $6
AzureCaper: calls $6
*** RIVER *** [4d Kh Ks 2d] [5c]
gorcea_vs: bets $2.95 and is all-in
AzureCaper: folds
Uncalled bet ($2.95) returned to gorcea_vs
gorcea_vs collected $35.50 from pot
gorcea_vs: doesn't show hand
*** SUMMARY ***
Total pot $36 | Rake $0.50
Board [4d Kh Ks 2d 5c]
Seat 4: AzureCaper (button) (small blind) folded on the River
Seat 5: gorcea_vs (big blind) collected ($35.50)


PokerStars Hand #160564889383:  Hold'em Limit ($3/$6 USD) - 2016/10/28 16:36:16 ET
Table 'Antigone II' 6-max Seat #5 is the button
Seat 4: AzureCaper ($114.80 in chips)
Seat 5: gorcea_vs ($50.95 in chips)
gorcea_vs: posts small blind $1
AzureCaper: posts big blind $3
*** HOLE CARDS ***
gorcea_vs: raises $3 to $6
AzureCaper: raises $3 to $9
parnishka11 leaves the table
gorcea_vs: calls $3
*** FLOP *** [3c 5c 6s]
AzureCaper: bets $3
gorcea_vs: calls $3
*** TURN *** [3c 5c 6s] [5h]
AzureCaper: bets $6
gorcea_vs: raises $6 to $12
AzureCaper: calls $6
*** RIVER *** [3c 5c 6s 5h] [5d]
AzureCaper: checks
gorcea_vs: bets $6
AzureCaper: calls $6
*** SHOW DOWN ***
gorcea_vs: shows [Jh Qs] (three of a kind, Fives)
AzureCaper: shows [Ad 9c] (three of a kind, Fives - Ace kicker)
AzureCaper collected $59.50 from pot
*** SUMMARY ***
Total pot $60 | Rake $0.50
Board [3c 5c 6s 5h 5d]
Seat 4: AzureCaper (big blind) showed [Ad 9c] and won ($59.50) with three of a kind, Fives
Seat 5: gorcea_vs (button) (small blind) showed [Jh Qs] and lost with three of a kind, Fives


PokerStars Hand #160564929599:  Hold'em Limit ($3/$6 USD) - 2016/10/28 16:37:02 ET
Table 'Antigone II' 6-max Seat #4 is the button
Seat 4: AzureCaper ($127.30 in chips)
Seat 5: gorcea_vs ($37.45 in chips)
AzureCaper: posts small blind $1
gorcea_vs: posts big blind $3
*** HOLE CARDS ***
AzureCaper: raises $3 to $6
gorcea_vs: calls $3
*** FLOP *** [4s 7h 5s]
gorcea_vs: checks
AzureCaper: bets $3
gorcea_vs: calls $3
*** TURN *** [4s 7h 5s] [3c]
gorcea_vs: checks
AzureCaper: bets $6
gorcea_vs: calls $6
*** RIVER *** [4s 7h 5s 3c] [Qc]
gorcea_vs: checks
AzureCaper: bets $6
gorcea_vs: calls $6
Hi Im Alexey joins the table at seat #6
*** SHOW DOWN ***
AzureCaper: shows [Td 6d] (a straight, Three to Seven)
gorcea_vs: mucks hand
AzureCaper collected $41.50 from pot
*** SUMMARY ***
Total pot $42 | Rake $0.50
Board [4s 7h 5s 3c Qc]
Seat 4: AzureCaper (button) (small blind) showed [Td 6d] and won ($41.50) with a straight, Three to Seven
Seat 5: gorcea_vs (big blind) mucked


