PokerStars Hand #173245752234:  Hold'em Limit ($3/$6 USD) - 2017/07/19 14:37:43 ET
Table 'Antilia' 6-max Seat #6 is the button
Seat 2: Kikimor1220 ($96.16 in chips)
Seat 6: helenaki ($118.03 in chips)
helenaki: posts small blind $1
Kikimor1220: posts big blind $3
*** HOLE CARDS ***
helenaki: folds
Uncalled bet ($2) returned to Kikimor1220
Kikimor1220 collected $2 from pot
Kikimor1220: doesn't show hand
*** SUMMARY ***
Total pot $2 | Rake $0
Seat 2: Kikimor1220 (big blind) collected ($2)
Seat 6: helenaki (button) (small blind) folded before Flop


PokerStars Hand #173246023131:  Hold'em Limit ($3/$6 USD) - 2017/07/19 14:43:37 ET
Table 'Antilia' 6-max Seat #5 is the button
Seat 2: EZB2002 ($137.50 in chips)
Seat 5: krytalex ($102 in chips)
krytalex: posts small blind $1
EZB2002: posts big blind $3
*** HOLE CARDS ***
krytalex: raises $3 to $6
EZB2002: calls $3
*** FLOP *** [8c Ad Kd]
EZB2002: checks
vlaprok joins the table at seat #3
krytalex: bets $3
EZB2002: calls $3
*** TURN *** [8c Ad Kd] [4c]
EZB2002: checks
krytalex: checks
*** RIVER *** [8c Ad Kd 4c] [9d]
EZB2002: bets $6
krytalex: folds
Uncalled bet ($6) returned to EZB2002
EZB2002 collected $17.64 from pot
EZB2002: doesn't show hand
*** SUMMARY ***
Total pot $18 | Rake $0.36
Board [8c Ad Kd 4c 9d]
Seat 2: EZB2002 (big blind) collected ($17.64)
Seat 5: krytalex (button) (small blind) folded on the River


PokerStars Hand #173248030711:  Hold'em Limit ($3/$6 USD) - 2017/07/19 15:27:01 ET
Table 'Antilia' 6-max Seat #6 is the button
Seat 5: krytalex ($83.37 in chips)
Seat 6: helenaki ($8.71 in chips)
helenaki: posts small blind $1
vestimokrec: is sitting out
krytalex: posts big blind $3
*** HOLE CARDS ***
helenaki: raises $3 to $6
krytalex: calls $3
*** FLOP *** [4s 7h 8d]
krytalex: checks
helenaki: bets $2.71 and is all-in
krytalex: calls $2.71
*** TURN *** [4s 7h 8d] [5s]
*** RIVER *** [4s 7h 8d 5s] [9d]
*** SHOW DOWN ***
krytalex: shows [7c Js] (a pair of Sevens)
helenaki: shows [9h 8c] (two pair, Nines and Eights)
helenaki collected $17.07 from pot
*** SUMMARY ***
Total pot $17.42 | Rake $0.35
Board [4s 7h 8d 5s 9d]
Seat 5: krytalex (big blind) showed [7c Js] and lost with a pair of Sevens
Seat 6: helenaki (button) (small blind) showed [9h 8c] and won ($17.07) with two pair, Nines and Eights


PokerStars Hand #173248112758:  Hold'em Limit ($3/$6 USD) - 2017/07/19 15:28:40 ET
Table 'Antilia' 6-max Seat #5 is the button
Seat 5: krytalex ($72 in chips)
Seat 6: helenaki ($23.83 in chips)
krytalex: posts small blind $1
helenaki: posts big blind $3
*** HOLE CARDS ***
krytalex: raises $3 to $6
helenaki: calls $3
*** FLOP *** [Kc Qc 8c]
helenaki: checks
krytalex: bets $3
helenaki: calls $3
*** TURN *** [Kc Qc 8c] [6h]
helenaki: checks
krytalex: checks
*** RIVER *** [Kc Qc 8c 6h] [Qd]
helenaki: bets $6
krytalex: calls $6
*** SHOW DOWN ***
helenaki: shows [Kh Jh] (two pair, Kings and Queens)
krytalex: mucks hand
vlaprok joins the table at seat #2
helenaki collected $29.50 from pot
*** SUMMARY ***
Total pot $30 | Rake $0.50
Board [Kc Qc 8c 6h Qd]
Seat 5: krytalex (button) (small blind) mucked
Seat 6: helenaki (big blind) showed [Kh Jh] and won ($29.50) with two pair, Kings and Queens


PokerStars Hand #173248093048:  Hold'em Limit ($3/$6 USD) - 2017/07/19 15:28:16 ET
Table 'Antilia' 6-max Seat #6 is the button
Seat 5: krytalex ($73.66 in chips)
Seat 6: helenaki ($18.07 in chips)
helenaki: posts small blind $1
krytalex: posts big blind $3
*** HOLE CARDS ***
helenaki: raises $3 to $6
krytalex: calls $3
*** FLOP *** [Js Kh 5c]
krytalex: checks
helenaki: bets $3
krytalex: folds
Uncalled bet ($3) returned to helenaki
helenaki collected $11.76 from pot
helenaki: doesn't show hand
*** SUMMARY ***
Total pot $12 | Rake $0.24
Board [Js Kh 5c]
Seat 5: krytalex (big blind) folded on the Flop
Seat 6: helenaki (button) (small blind) collected ($11.76)


PokerStars Hand #173248071819:  Hold'em Limit ($3/$6 USD) - 2017/07/19 15:27:50 ET
Table 'Antilia' 6-max Seat #5 is the button
Seat 5: krytalex ($74.66 in chips)
Seat 6: helenaki ($17.07 in chips)
krytalex: posts small blind $1
helenaki: posts big blind $3
*** HOLE CARDS ***
krytalex: folds
Uncalled bet ($2) returned to helenaki
helenaki collected $2 from pot
helenaki: doesn't show hand
*** SUMMARY ***
Total pot $2 | Rake $0
Seat 5: krytalex (button) (small blind) folded before Flop
Seat 6: helenaki (big blind) collected ($2)


PokerStars Hand #173254845596:  Hold'em Limit ($3/$6 USD) - 2017/07/19 17:51:31 ET
Table 'Antilia' 6-max Seat #5 is the button
Seat 1: Chessnok ($179.26 in chips)
Seat 5: dokaten ($203.57 in chips)
Kikimor1220 will be allowed to play after the button
dokaten: posts small blind $1
Chessnok: posts big blind $3
*** HOLE CARDS ***
helenaki joins the table at seat #4
dokaten: folds
Uncalled bet ($2) returned to Chessnok
Chessnok collected $2 from pot
Chessnok: doesn't show hand
*** SUMMARY ***
Total pot $2 | Rake $0
Seat 1: Chessnok (big blind) collected ($2)
Seat 5: dokaten (button) (small blind) folded before Flop


