PokerStars Hand #174633905135:  Hold'em Limit ($3/$6 USD) - 2017/08/21 19:37:29 ET
Table 'Antiphos II' 6-max Seat #5 is the button
Seat 2: favete lin ($216.10 in chips)
Seat 5: angelomain ($310.92 in chips)
angelomain: posts small blind $1
favete lin: posts big blind $3
*** HOLE CARDS ***
angelomain: folds
Uncalled bet ($2) returned to favete lin
favete lin collected $2 from pot
favete lin: doesn't show hand
*** SUMMARY ***
Total pot $2 | Rake $0
Seat 2: favete lin (big blind) collected ($2)
Seat 5: angelomain (button) (small blind) folded before Flop


PokerStars Hand #174633894828:  Hold'em Limit ($3/$6 USD) - 2017/08/21 19:37:09 ET
Table 'Antiphos II' 6-max Seat #2 is the button
Seat 2: favete lin ($210.34 in chips)
Seat 5: angelomain ($316.92 in chips)
favete lin: posts small blind $1
angelomain: posts big blind $3
*** HOLE CARDS ***
favete lin: raises $3 to $6
angelomain: calls $3
*** FLOP *** [Th Ah 3c]
angelomain: checks
favete lin: bets $3
jamie2000 leaves the table
angelomain: folds
Uncalled bet ($3) returned to favete lin
favete lin collected $11.76 from pot
favete lin: doesn't show hand
*** SUMMARY ***
Total pot $12 | Rake $0.24
Board [Th Ah 3c]
Seat 2: favete lin (button) (small blind) collected ($11.76)
Seat 5: angelomain (big blind) folded on the Flop


