PokerStars Hand #161637026363:  Hold'em Limit ($3/$6 USD) - 2016/11/19 9:43:16 ET
Table 'Antinous' 6-max Seat #4 is the button
Seat 3: BigBD316 ($131.52 in chips)
Seat 4: Mordnilap ($72 in chips)
Mordnilap: posts small blind $1
BigBD316: posts big blind $3
*** HOLE CARDS ***
Mordnilap: raises $3 to $6
BigBD316: calls $3
*** FLOP *** [Jd Qc Ad]
BigBD316: bets $3
Mordnilap: calls $3
*** TURN *** [Jd Qc Ad] [Ks]
BigBD316: bets $6
Mordnilap: calls $6
*** RIVER *** [Jd Qc Ad Ks] [7h]
BigBD316: bets $6
Mordnilap: raises $6 to $12
BigBD316: calls $6
*** SHOW DOWN ***
Mordnilap: shows [8h Ts] (a straight, Ten to Ace)
BigBD316: mucks hand
Mordnilap collected $53.50 from pot
*** SUMMARY ***
Total pot $54 | Rake $0.50
Board [Jd Qc Ad Ks 7h]
Seat 3: BigBD316 (big blind) mucked
Seat 4: Mordnilap (button) (small blind) showed [8h Ts] and won ($53.50) with a straight, Ten to Ace


PokerStars Hand #161637006311:  Hold'em Limit ($3/$6 USD) - 2016/11/19 9:42:46 ET
Table 'Antinous' 6-max Seat #3 is the button
Seat 3: BigBD316 ($120 in chips)
Seat 4: Mordnilap ($72 in chips)
BigBD316: posts small blind $1
Mordnilap: posts big blind $3
*** HOLE CARDS ***
BigBD316: raises $3 to $6
Mordnilap: raises $3 to $9
BigBD316: calls $3
*** FLOP *** [3c Th As]
Mordnilap: bets $3
BigBD316: calls $3
*** TURN *** [3c Th As] [Qc]
Mordnilap: checks
BigBD316: bets $6
Mordnilap: folds
Uncalled bet ($6) returned to BigBD316
BigBD316 collected $23.52 from pot
BigBD316: doesn't show hand
*** SUMMARY ***
Total pot $24 | Rake $0.48
Board [3c Th As Qc]
Seat 3: BigBD316 (button) (small blind) collected ($23.52)
Seat 4: Mordnilap (big blind) folded on the Turn


PokerStars Hand #161637071344:  Hold'em Limit ($3/$6 USD) - 2016/11/19 9:44:21 ET
Table 'Antinous' 6-max Seat #3 is the button
Seat 3: BigBD316 ($103.28 in chips)
Seat 4: Mordnilap ($99.50 in chips)
BigBD316: posts small blind $1
Mordnilap: posts big blind $3
*** HOLE CARDS ***
BigBD316: raises $3 to $6
Mordnilap: calls $3
*** FLOP *** [3h Ks 2s]
Mordnilap: checks
BigBD316: bets $3
Mordnilap: calls $3
*** TURN *** [3h Ks 2s] [3c]
Mordnilap: checks
BigBD316: bets $6
Mordnilap: calls $6
*** RIVER *** [3h Ks 2s 3c] [4d]
Mordnilap: checks
BigBD316: bets $6
Mordnilap: calls $6
*** SHOW DOWN ***
BigBD316: shows [4h Kc] (two pair, Kings and Fours)
Mordnilap: mucks hand
BigBD316 collected $41.50 from pot
*** SUMMARY ***
Total pot $42 | Rake $0.50
Board [3h Ks 2s 3c 4d]
Seat 3: BigBD316 (button) (small blind) showed [4h Kc] and won ($41.50) with two pair, Kings and Fours
Seat 4: Mordnilap (big blind) mucked


PokerStars Hand #161637048402:  Hold'em Limit ($3/$6 USD) - 2016/11/19 9:43:48 ET
Table 'Antinous' 6-max Seat #4 is the button
Seat 3: BigBD316 ($103.52 in chips)
Seat 4: Mordnilap ($99.50 in chips)
Mordnilap: posts small blind $1
BigBD316: posts big blind $3
*** HOLE CARDS ***
Mordnilap: raises $3 to $6
BigBD316: folds
Uncalled bet ($3) returned to Mordnilap
Mordnilap collected $6 from pot
Mordnilap: doesn't show hand
*** SUMMARY ***
Total pot $6 | Rake $0
Seat 3: BigBD316 (big blind) folded before Flop
Seat 4: Mordnilap (button) (small blind) collected ($6)


PokerStars Hand #161637044860:  Hold'em Limit ($3/$6 USD) - 2016/11/19 9:43:43 ET
Table 'Antinous' 6-max Seat #3 is the button
Seat 3: BigBD316 ($104.52 in chips)
Seat 4: Mordnilap ($98.50 in chips)
BigBD316: posts small blind $1
Mordnilap: posts big blind $3
*** HOLE CARDS ***
BigBD316: folds
Uncalled bet ($2) returned to Mordnilap
Mordnilap collected $2 from pot
Mordnilap: doesn't show hand
*** SUMMARY ***
Total pot $2 | Rake $0
Seat 3: BigBD316 (button) (small blind) folded before Flop
Seat 4: Mordnilap (big blind) collected ($2)


PokerStars Hand #161637052154:  Hold'em Limit ($3/$6 USD) - 2016/11/19 9:43:54 ET
Table 'Antinous' 6-max Seat #3 is the button
Seat 3: BigBD316 ($100.52 in chips)
Seat 4: Mordnilap ($102.50 in chips)
BigBD316: posts small blind $1
Mordnilap: posts big blind $3
*** HOLE CARDS ***
BigBD316: raises $3 to $6
Mordnilap: calls $3
*** FLOP *** [9c Td 4h]
Mordnilap: checks
BigBD316: bets $3
Mordnilap: folds
Uncalled bet ($3) returned to BigBD316
BigBD316 collected $11.76 from pot
BigBD316: doesn't show hand
*** SUMMARY ***
Total pot $12 | Rake $0.24
Board [9c Td 4h]
Seat 3: BigBD316 (button) (small blind) collected ($11.76)
Seat 4: Mordnilap (big blind) folded on the Flop


PokerStars Hand #161637064714:  Hold'em Limit ($3/$6 USD) - 2016/11/19 9:44:12 ET
Table 'Antinous' 6-max Seat #4 is the button
Seat 3: BigBD316 ($106.28 in chips)
Seat 4: Mordnilap ($96.50 in chips)
Mordnilap: posts small blind $1
BigBD316: posts big blind $3
*** HOLE CARDS ***
Mordnilap: raises $3 to $6
BigBD316: folds
Uncalled bet ($3) returned to Mordnilap
Mordnilap collected $6 from pot
Mordnilap: doesn't show hand
*** SUMMARY ***
Total pot $6 | Rake $0
Seat 3: BigBD316 (big blind) folded before Flop
Seat 4: Mordnilap (button) (small blind) collected ($6)


PokerStars Hand #161637085579:  Hold'em Limit ($3/$6 USD) - 2016/11/19 9:44:42 ET
Table 'Antinous' 6-max Seat #4 is the button
Seat 3: BigBD316 ($123.78 in chips)
Seat 4: Mordnilap ($78.50 in chips)
Mordnilap: posts small blind $1
BigBD316: posts big blind $3
*** HOLE CARDS ***
Mordnilap: folds
Uncalled bet ($2) returned to BigBD316
BigBD316 collected $2 from pot
BigBD316: doesn't show hand
*** SUMMARY ***
Total pot $2 | Rake $0
Seat 3: BigBD316 (big blind) collected ($2)
Seat 4: Mordnilap (button) (small blind) folded before Flop


PokerStars Hand #161637092906:  Hold'em Limit ($3/$6 USD) - 2016/11/19 9:44:53 ET
Table 'Antinous' 6-max Seat #3 is the button
Seat 3: BigBD316 ($124.78 in chips)
Seat 4: Mordnilap ($77.50 in chips)
BigBD316: posts small blind $1
Mordnilap: posts big blind $3
*** HOLE CARDS ***
BigBD316: calls $2
Mordnilap: raises $3 to $6
BigBD316: calls $3
*** FLOP *** [3s 7s 4c]
Mordnilap: bets $3
BigBD316: raises $3 to $6
Mordnilap: calls $3
*** TURN *** [3s 7s 4c] [As]
Mordnilap: bets $6
BigBD316: calls $6
*** RIVER *** [3s 7s 4c As] [5c]
Mordnilap: bets $6
BigBD316: calls $6
*** SHOW DOWN ***
Mordnilap: shows [Ad 4s] (two pair, Aces and Fours)
BigBD316: mucks hand
Mordnilap collected $47.50 from pot
*** SUMMARY ***
Total pot $48 | Rake $0.50
Board [3s 7s 4c As 5c]
Seat 3: BigBD316 (button) (small blind) mucked
Seat 4: Mordnilap (big blind) showed [Ad 4s] and won ($47.50) with two pair, Aces and Fours


PokerStars Hand #161637117441:  Hold'em Limit ($3/$6 USD) - 2016/11/19 9:45:29 ET
Table 'Antinous' 6-max Seat #4 is the button
Seat 3: BigBD316 ($100.78 in chips)
Seat 4: Mordnilap ($101 in chips)
Mordnilap: posts small blind $1
BigBD316: posts big blind $3
*** HOLE CARDS ***
Mordnilap: raises $3 to $6
BigBD316: calls $3
*** FLOP *** [4d Qc Qh]
BigBD316: checks
Mordnilap: bets $3
BigBD316: calls $3
*** TURN *** [4d Qc Qh] [Ad]
BigBD316: checks
Mordnilap: bets $6
BigBD316: folds
Uncalled bet ($6) returned to Mordnilap
Mordnilap collected $17.64 from pot
Mordnilap: doesn't show hand
*** SUMMARY ***
Total pot $18 | Rake $0.36
Board [4d Qc Qh Ad]
Seat 3: BigBD316 (big blind) folded on the Turn
Seat 4: Mordnilap (button) (small blind) collected ($17.64)


PokerStars Hand #161637138693:  Hold'em Limit ($3/$6 USD) - 2016/11/19 9:46:00 ET
Table 'Antinous' 6-max Seat #3 is the button
Seat 3: BigBD316 ($91.78 in chips)
Seat 4: Mordnilap ($109.64 in chips)
BigBD316: posts small blind $1
Mordnilap: posts big blind $3
*** HOLE CARDS ***
BigBD316: raises $3 to $6
Mordnilap: calls $3
*** FLOP *** [5h 5c Ks]
Mordnilap: checks
BigBD316: bets $3
Ultrafranke joins the table at seat #6
Mordnilap: folds
Uncalled bet ($3) returned to BigBD316
BigBD316 collected $11.76 from pot
BigBD316: doesn't show hand
*** SUMMARY ***
Total pot $12 | Rake $0.24
Board [5h 5c Ks]
Seat 3: BigBD316 (button) (small blind) collected ($11.76)
Seat 4: Mordnilap (big blind) folded on the Flop


PokerStars Hand #161638397295:  Hold'em Limit ($3/$6 USD) - 2016/11/19 10:16:11 ET
Table 'Antinous' 6-max Seat #4 is the button
Seat 4: Mordnilap ($217.47 in chips)
Seat 6: Ultrafranke ($101.24 in chips)
teaboy pgt will be allowed to play after the button
Mordnilap: posts small blind $1
Pelurile: is sitting out
Ultrafranke: posts big blind $3
*** HOLE CARDS ***
Mordnilap: raises $3 to $6
Ultrafranke: calls $3
*** FLOP *** [Jh Ah Td]
Ultrafranke: checks
Mordnilap: bets $3
Ultrafranke: calls $3
*** TURN *** [Jh Ah Td] [5c]
Ultrafranke: checks
Mordnilap: bets $6
Ultrafranke: calls $6
*** RIVER *** [Jh Ah Td 5c] [4c]
Ultrafranke: checks
Mordnilap: checks
*** SHOW DOWN ***
Ultrafranke: shows [9c 8h] (high card Ace)
Mordnilap: mucks hand
Ultrafranke collected $29.50 from pot
*** SUMMARY ***
Total pot $30 | Rake $0.50
Board [Jh Ah Td 5c 4c]
Seat 4: Mordnilap (button) (small blind) mucked
Seat 6: Ultrafranke (big blind) showed [9c 8h] and won ($29.50) with high card Ace


PokerStars Hand #161639286853:  Hold'em Limit ($3/$6 USD) - 2016/11/19 10:36:36 ET
Table 'Antinous' 6-max Seat #1 is the button
Seat 1: LifeisagameX ($92.76 in chips)
Seat 2: teaboy pgt ($20.18 in chips)
LifeisagameX: posts small blind $1
teaboy pgt: posts big blind $3
*** HOLE CARDS ***
LifeisagameX: raises $3 to $6
teaboy pgt: folds
Uncalled bet ($3) returned to LifeisagameX
LifeisagameX collected $6 from pot
LifeisagameX: doesn't show hand
*** SUMMARY ***
Total pot $6 | Rake $0
Seat 1: LifeisagameX (button) (small blind) collected ($6)
Seat 2: teaboy pgt (big blind) folded before Flop


PokerStars Hand #161639256615:  Hold'em Limit ($3/$6 USD) - 2016/11/19 10:35:54 ET
Table 'Antinous' 6-max Seat #2 is the button
Seat 1: LifeisagameX ($87 in chips)
Seat 2: teaboy pgt ($26.18 in chips)
teaboy pgt: posts small blind $1
LifeisagameX: posts big blind $3
*** HOLE CARDS ***
teaboy pgt: calls $2
LifeisagameX: checks
*** FLOP *** [8c Ah 7d]
LifeisagameX: bets $3
teaboy pgt: calls $3
*** TURN *** [8c Ah 7d] [3s]
LifeisagameX: bets $6
teaboy pgt: folds
Uncalled bet ($6) returned to LifeisagameX
LifeisagameX collected $11.76 from pot
LifeisagameX: doesn't show hand
*** SUMMARY ***
Total pot $12 | Rake $0.24
Board [8c Ah 7d 3s]
Seat 1: LifeisagameX (big blind) collected ($11.76)
Seat 2: teaboy pgt (button) (small blind) folded on the Turn


PokerStars Hand #161639238201:  Hold'em Limit ($3/$6 USD) - 2016/11/19 10:35:29 ET
Table 'Antinous' 6-max Seat #1 is the button
Seat 1: LifeisagameX ($84 in chips)
Seat 2: teaboy pgt ($29.18 in chips)
LifeisagameX: posts small blind $1
teaboy pgt: posts big blind $3
*** HOLE CARDS ***
LifeisagameX: raises $3 to $6
teaboy pgt: folds
Uncalled bet ($3) returned to LifeisagameX
LifeisagameX collected $6 from pot
LifeisagameX: doesn't show hand
*** SUMMARY ***
Total pot $6 | Rake $0
Seat 1: LifeisagameX (button) (small blind) collected ($6)
Seat 2: teaboy pgt (big blind) folded before Flop


PokerStars Hand #161639310509:  Hold'em Limit ($3/$6 USD) - 2016/11/19 10:37:08 ET
Table 'Antinous' 6-max Seat #1 is the button
Seat 1: LifeisagameX ($92.76 in chips)
Seat 2: teaboy pgt ($20.06 in chips)
LifeisagameX: posts small blind $1
teaboy pgt: posts big blind $3
*** HOLE CARDS ***
LifeisagameX: raises $3 to $6
teaboy pgt: calls $3
*** FLOP *** [5d 3c 4h]
teaboy pgt: checks
LifeisagameX: checks
*** TURN *** [5d 3c 4h] [Th]
teaboy pgt: checks
LifeisagameX: checks
*** RIVER *** [5d 3c 4h Th] [Kd]
teaboy pgt: bets $6
LifeisagameX: calls $6
*** SHOW DOWN ***
teaboy pgt: shows [6c 3s] (a pair of Threes)
LifeisagameX: mucks hand
teaboy pgt collected $23.52 from pot
*** SUMMARY ***
Total pot $24 | Rake $0.48
Board [5d 3c 4h Th Kd]
Seat 1: LifeisagameX (button) (small blind) mucked
Seat 2: teaboy pgt (big blind) showed [6c 3s] and won ($23.52) with a pair of Threes


PokerStars Hand #161639294715:  Hold'em Limit ($3/$6 USD) - 2016/11/19 10:36:46 ET
Table 'Antinous' 6-max Seat #2 is the button
Seat 1: LifeisagameX ($95.76 in chips)
Seat 2: teaboy pgt ($17.18 in chips)
teaboy pgt: posts small blind $1
LifeisagameX: posts big blind $3
*** HOLE CARDS ***
teaboy pgt: calls $2
LifeisagameX: checks
*** FLOP *** [Js Ts 7c]
LifeisagameX: checks
teaboy pgt: bets $3
LifeisagameX: folds
Uncalled bet ($3) returned to teaboy pgt
teaboy pgt collected $5.88 from pot
teaboy pgt: doesn't show hand
*** SUMMARY ***
Total pot $6 | Rake $0.12
Board [Js Ts 7c]
Seat 1: LifeisagameX (big blind) folded on the Flop
Seat 2: teaboy pgt (button) (small blind) collected ($5.88)


PokerStars Hand #161639346310:  Hold'em Limit ($3/$6 USD) - 2016/11/19 10:37:57 ET
Table 'Antinous' 6-max Seat #1 is the button
Seat 1: LifeisagameX ($85 in chips)
Seat 2: teaboy pgt ($30.58 in chips)
LifeisagameX: posts small blind $1
teaboy pgt: posts big blind $3
*** HOLE CARDS ***
LifeisagameX: raises $3 to $6
ZinZar joins the table at seat #3
teaboy pgt: calls $3
*** FLOP *** [8c 7h 2s]
teaboy pgt: checks
LifeisagameX: bets $3
teaboy pgt: calls $3
*** TURN *** [8c 7h 2s] [Js]
teaboy pgt: checks
LifeisagameX: bets $6
teaboy pgt: calls $6
*** RIVER *** [8c 7h 2s Js] [Jh]
teaboy pgt: checks
LifeisagameX: bets $6
teaboy pgt: calls $6
*** SHOW DOWN ***
LifeisagameX: shows [5h 8s] (two pair, Jacks and Eights)
teaboy pgt: mucks hand
LifeisagameX collected $41.50 from pot
*** SUMMARY ***
Total pot $42 | Rake $0.50
Board [8c 7h 2s Js Jh]
Seat 1: LifeisagameX (button) (small blind) showed [5h 8s] and won ($41.50) with two pair, Jacks and Eights
Seat 2: teaboy pgt (big blind) mucked


PokerStars Hand #161639340197:  Hold'em Limit ($3/$6 USD) - 2016/11/19 10:37:49 ET
Table 'Antinous' 6-max Seat #2 is the button
Seat 1: LifeisagameX ($84 in chips)
Seat 2: teaboy pgt ($31.58 in chips)
teaboy pgt: posts small blind $1
LifeisagameX: posts big blind $3
*** HOLE CARDS ***
teaboy pgt: folds
Uncalled bet ($2) returned to LifeisagameX
LifeisagameX collected $2 from pot
LifeisagameX: doesn't show hand
*** SUMMARY ***
Total pot $2 | Rake $0
Seat 1: LifeisagameX (big blind) collected ($2)
Seat 2: teaboy pgt (button) (small blind) folded before Flop


PokerStars Hand #161639439048:  Hold'em Limit ($3/$6 USD) - 2016/11/19 10:40:04 ET
Table 'Antinous' 6-max Seat #2 is the button
Seat 2: teaboy pgt ($8.92 in chips)
Seat 3: ZinZar ($76.64 in chips)
teaboy pgt: posts small blind $1
ZinZar: posts big blind $3
*** HOLE CARDS ***
teaboy pgt: calls $2
ZinZar: raises $3 to $6
teaboy pgt: calls $3
*** FLOP *** [4h Ah 5h]
ZinZar: bets $3
teaboy pgt: calls $2.92 and is all-in
Uncalled bet ($0.08) returned to ZinZar
*** TURN *** [4h Ah 5h] [9s]
*** RIVER *** [4h Ah 5h 9s] [4d]
*** SHOW DOWN ***
ZinZar: shows [Qs Js] (a pair of Fours)
teaboy pgt: shows [3d 2s] (a straight, Ace to Five)
teaboy pgt collected $17.48 from pot
*** SUMMARY ***
Total pot $17.84 | Rake $0.36
Board [4h Ah 5h 9s 4d]
Seat 2: teaboy pgt (button) (small blind) showed [3d 2s] and won ($17.48) with a straight, Ace to Five
Seat 3: ZinZar (big blind) showed [Qs Js] and lost with a pair of Fours


PokerStars Hand #161639466245:  Hold'em Limit ($3/$6 USD) - 2016/11/19 10:40:42 ET
Table 'Antinous' 6-max Seat #3 is the button
Seat 2: teaboy pgt ($17.48 in chips)
Seat 3: ZinZar ($72 in chips)
ZinZar: posts small blind $1
teaboy pgt: posts big blind $3
*** HOLE CARDS ***
ZinZar: raises $3 to $6
teaboy pgt: calls $3
*** FLOP *** [Qh Td 2d]
teaboy pgt: checks
ZinZar: bets $3
teaboy pgt: raises $3 to $6
ZinZar: folds
Uncalled bet ($3) returned to teaboy pgt
teaboy pgt collected $17.64 from pot
teaboy pgt: doesn't show hand
*** SUMMARY ***
Total pot $18 | Rake $0.36
Board [Qh Td 2d]
Seat 2: teaboy pgt (big blind) collected ($17.64)
Seat 3: ZinZar (button) (small blind) folded on the Flop


PokerStars Hand #161639485934:  Hold'em Limit ($3/$6 USD) - 2016/11/19 10:41:08 ET
Table 'Antinous' 6-max Seat #2 is the button
Seat 2: teaboy pgt ($26.12 in chips)
Seat 3: ZinZar ($72 in chips)
teaboy pgt: posts small blind $1
ZinZar: posts big blind $3
*** HOLE CARDS ***
teaboy pgt: folds
Uncalled bet ($2) returned to ZinZar
ZinZar collected $2 from pot
ZinZar: doesn't show hand
*** SUMMARY ***
Total pot $2 | Rake $0
Seat 2: teaboy pgt (button) (small blind) folded before Flop
Seat 3: ZinZar (big blind) collected ($2)


PokerStars Hand #161639491333:  Hold'em Limit ($3/$6 USD) - 2016/11/19 10:41:16 ET
Table 'Antinous' 6-max Seat #3 is the button
Seat 2: teaboy pgt ($25.12 in chips)
Seat 3: ZinZar ($73 in chips)
ZinZar: posts small blind $1
teaboy pgt: posts big blind $3
*** HOLE CARDS ***
ZinZar: raises $3 to $6
teaboy pgt: calls $3
*** FLOP *** [4h 9s Ks]
teaboy pgt: checks
ZinZar: bets $3
teaboy pgt: folds
Uncalled bet ($3) returned to ZinZar
ZinZar collected $11.76 from pot
ZinZar: doesn't show hand
*** SUMMARY ***
Total pot $12 | Rake $0.24
Board [4h 9s Ks]
Seat 2: teaboy pgt (big blind) folded on the Flop
Seat 3: ZinZar (button) (small blind) collected ($11.76)


PokerStars Hand #161639501645:  Hold'em Limit ($3/$6 USD) - 2016/11/19 10:41:30 ET
Table 'Antinous' 6-max Seat #2 is the button
Seat 2: teaboy pgt ($19.12 in chips)
Seat 3: ZinZar ($78.76 in chips)
teaboy pgt: posts small blind $1
ZinZar: posts big blind $3
*** HOLE CARDS ***
teaboy pgt: calls $2
ZinZar: raises $3 to $6
teaboy pgt: calls $3
*** FLOP *** [9d 5d 5h]
ZinZar: bets $3
teaboy pgt: raises $3 to $6
ZinZar: calls $3
*** TURN *** [9d 5d 5h] [6d]
ZinZar: checks
teaboy pgt: bets $6
ZinZar: raises $6 to $12
teaboy pgt: calls $1.12 and is all-in
Uncalled bet ($4.88) returned to ZinZar
*** RIVER *** [9d 5d 5h 6d] [Ts]
*** SHOW DOWN ***
ZinZar: shows [3c 3h] (two pair, Fives and Threes)
teaboy pgt: shows [2d 2s] (two pair, Fives and Deuces)
ZinZar collected $37.74 from pot
*** SUMMARY ***
Total pot $38.24 | Rake $0.50
Board [9d 5d 5h 6d Ts]
Seat 2: teaboy pgt (button) (small blind) showed [2d 2s] and lost with two pair, Fives and Deuces
Seat 3: ZinZar (big blind) showed [3c 3h] and won ($37.74) with two pair, Fives and Threes


