PokerStars Hand #160624595443:  Hold'em Limit ($3/$6 USD) - 2016/10/29 21:39:44 ET
Table 'Antilochus' 6-max Seat #5 is the button
Seat 3: too2ez ($71.32 in chips)
Seat 5: ABATAPP ($159.10 in chips)
ABATAPP: posts small blind $1
Masqb: is sitting out
too2ez: posts big blind $3
*** HOLE CARDS ***
Masqb leaves the table
ABATAPP: raises $3 to $6
too2ez: calls $3
*** FLOP *** [6h Ts 5h]
too2ez: checks
ABATAPP: checks
*** TURN *** [6h Ts 5h] [3s]
too2ez: bets $6
ABATAPP: calls $6
*** RIVER *** [6h Ts 5h 3s] [Kd]
too2ez: bets $6
ABATAPP: folds
Uncalled bet ($6) returned to too2ez
too2ez collected $23.52 from pot
too2ez: doesn't show hand
*** SUMMARY ***
Total pot $24 | Rake $0.48
Board [6h Ts 5h 3s Kd]
Seat 3: too2ez (big blind) collected ($23.52)
Seat 5: ABATAPP (button) (small blind) folded on the River


PokerStars Hand #160624604249:  Hold'em Limit ($3/$6 USD) - 2016/10/29 21:40:06 ET
Table 'Antilochus' 6-max Seat #3 is the button
Seat 3: too2ez ($82.84 in chips)
Seat 5: ABATAPP ($147.10 in chips)
too2ez: posts small blind $1
ABATAPP: posts big blind $3
*** HOLE CARDS ***
too2ez: folds
Uncalled bet ($2) returned to ABATAPP
ABATAPP collected $2 from pot
ABATAPP: doesn't show hand
too2ez leaves the table
*** SUMMARY ***
Total pot $2 | Rake $0
Seat 3: too2ez (button) (small blind) folded before Flop
Seat 5: ABATAPP (big blind) collected ($2)


PokerStars Hand #160625379527:  Hold'em Limit ($3/$6 USD) - 2016/10/29 22:13:36 ET
Table 'Antilochus' 6-max Seat #6 is the button
Seat 4: yayaya ($135.48 in chips)
Seat 6: BadBoyKillla ($98.39 in chips)
BadBoyKillla: posts small blind $1
yayaya: posts big blind $3
*** HOLE CARDS ***
BadBoyKillla: raises $3 to $6
Chrispaul902 joins the table at seat #3
yayaya: calls $3
*** FLOP *** [9d 3d 4d]
yayaya: checks
BadBoyKillla: bets $3
yayaya: raises $3 to $6
BadBoyKillla: calls $3
*** TURN *** [9d 3d 4d] [Qd]
yayaya: bets $6
BadBoyKillla: calls $6
*** RIVER *** [9d 3d 4d Qd] [7s]
yayaya: checks
BadBoyKillla: checks
*** SHOW DOWN ***
yayaya: shows [9h 8s] (a pair of Nines)
BadBoyKillla: shows [9c 8d] (a flush, Queen high)
BadBoyKillla collected $35.50 from pot
*** SUMMARY ***
Total pot $36 | Rake $0.50
Board [9d 3d 4d Qd 7s]
Seat 4: yayaya (big blind) showed [9h 8s] and lost with a pair of Nines
Seat 6: BadBoyKillla (button) (small blind) showed [9c 8d] and won ($35.50) with a flush, Queen high


PokerStars Hand #160625385518:  Hold'em Limit ($3/$6 USD) - 2016/10/29 22:13:52 ET
Table 'Antilochus' 6-max Seat #4 is the button
Seat 4: yayaya ($117.48 in chips)
Seat 6: BadBoyKillla ($115.89 in chips)
yayaya: posts small blind $1
BadBoyKillla: posts big blind $3
*** HOLE CARDS ***
yayaya: raises $3 to $6
BadBoyKillla: calls $3
*** FLOP *** [Jc Jh 5s]
BadBoyKillla: checks
yayaya: bets $3
BadBoyKillla: calls $3
*** TURN *** [Jc Jh 5s] [Qh]
BadBoyKillla: checks
yayaya: checks
*** RIVER *** [Jc Jh 5s Qh] [7s]
BadBoyKillla: checks
yayaya: checks
*** SHOW DOWN ***
BadBoyKillla: shows [Th 9d] (a pair of Jacks)
yayaya: shows [6h As] (a pair of Jacks - Ace kicker)
yayaya collected $17.64 from pot
*** SUMMARY ***
Total pot $18 | Rake $0.36
Board [Jc Jh 5s Qh 7s]
Seat 4: yayaya (button) (small blind) showed [6h As] and won ($17.64) with a pair of Jacks
Seat 6: BadBoyKillla (big blind) showed [Th 9d] and lost with a pair of Jacks


PokerStars Hand #160628218437:  Hold'em Limit ($3/$6 USD) - 2016/10/30 0:43:47 ET
Table 'Antilochus' 6-max Seat #6 is the button
Seat 4: Masqb ($152.36 in chips)
Seat 6: BadBoyKillla ($425.50 in chips)
BadBoyKillla: posts small blind $1
Masqb: posts big blind $3
*** HOLE CARDS ***
BadBoyKillla: raises $3 to $6
Masqb: raises $3 to $9
BadBoyKillla: calls $3
*** FLOP *** [Ks Th Td]
Masqb: bets $3
BadBoyKillla: calls $3
*** TURN *** [Ks Th Td] [Qs]
Masqb: checks
BadBoyKillla: bets $6
Masqb: calls $6
*** RIVER *** [Ks Th Td Qs] [4c]
Masqb: checks
BadBoyKillla: bets $6
Masqb: calls $6
*** SHOW DOWN ***
BadBoyKillla: shows [2s Kc] (two pair, Kings and Tens)
Masqb: mucks hand
BadBoyKillla collected $47.50 from pot
*** SUMMARY ***
Total pot $48 | Rake $0.50
Board [Ks Th Td Qs 4c]
Seat 4: Masqb (big blind) mucked
Seat 6: BadBoyKillla (button) (small blind) showed [2s Kc] and won ($47.50) with two pair, Kings and Tens


PokerStars Hand #160628212532:  Hold'em Limit ($3/$6 USD) - 2016/10/30 0:43:24 ET
Table 'Antilochus' 6-max Seat #6 is the button
Seat 4: Masqb ($151.60 in chips)
Seat 6: BadBoyKillla ($426.74 in chips)
BadBoyKillla: posts small blind $1
Masqb: posts big blind $3
*** HOLE CARDS ***
BadBoyKillla: folds
Uncalled bet ($2) returned to Masqb
Masqb collected $2 from pot
Masqb: doesn't show hand
*** SUMMARY ***
Total pot $2 | Rake $0
Seat 4: Masqb (big blind) collected ($2)
Seat 6: BadBoyKillla (button) (small blind) folded before Flop


PokerStars Hand #160628213983:  Hold'em Limit ($3/$6 USD) - 2016/10/30 0:43:29 ET
Table 'Antilochus' 6-max Seat #4 is the button
Seat 4: Masqb ($152.60 in chips)
Seat 6: BadBoyKillla ($425.74 in chips)
Masqb: posts small blind $1
BadBoyKillla: posts big blind $3
*** HOLE CARDS ***
Masqb: raises $3 to $6
BadBoyKillla: calls $3
*** FLOP *** [5h 6h Ad]
BadBoyKillla: checks
Masqb: checks
*** TURN *** [5h 6h Ad] [Kc]
BadBoyKillla: checks
Masqb: checks
*** RIVER *** [5h 6h Ad Kc] [Kd]
BadBoyKillla: bets $6
Masqb: calls $6
*** SHOW DOWN ***
BadBoyKillla: shows [5d Tc] (two pair, Kings and Fives)
Masqb: shows [7c 5s] (two pair, Kings and Fives)
BadBoyKillla collected $11.76 from pot
Masqb collected $11.76 from pot
*** SUMMARY ***
Total pot $24 | Rake $0.48
Board [5h 6h Ad Kc Kd]
Seat 4: Masqb (button) (small blind) showed [7c 5s] and won ($11.76) with two pair, Kings and Fives
Seat 6: BadBoyKillla (big blind) showed [5d Tc] and won ($11.76) with two pair, Kings and Fives


PokerStars Hand #160628227168:  Hold'em Limit ($3/$6 USD) - 2016/10/30 0:44:20 ET
Table 'Antilochus' 6-max Seat #6 is the button
Seat 4: Masqb ($122.36 in chips)
Seat 6: BadBoyKillla ($454.76 in chips)
BadBoyKillla: posts small blind $1
Masqb: posts big blind $3
*** HOLE CARDS ***
BadBoyKillla: raises $3 to $6
Masqb: folds
Uncalled bet ($3) returned to BadBoyKillla
BadBoyKillla collected $6 from pot
*** SUMMARY ***
Total pot $6 | Rake $0
Seat 4: Masqb (big blind) folded before Flop
Seat 6: BadBoyKillla (button) (small blind) collected ($6)


PokerStars Hand #160628229229:  Hold'em Limit ($3/$6 USD) - 2016/10/30 0:44:29 ET
Table 'Antilochus' 6-max Seat #4 is the button
Seat 4: Masqb ($119.36 in chips)
Seat 6: BadBoyKillla ($457.76 in chips)
Masqb: posts small blind $1
BadBoyKillla: posts big blind $3
*** HOLE CARDS ***
Masqb: raises $3 to $6
BadBoyKillla: calls $3
*** FLOP *** [2s 7d 6h]
BadBoyKillla: checks
Masqb: bets $3
BadBoyKillla: calls $3
*** TURN *** [2s 7d 6h] [4c]
BadBoyKillla: checks
Masqb: bets $6
BadBoyKillla: calls $6
*** RIVER *** [2s 7d 6h 4c] [6d]
BadBoyKillla: checks
Masqb: checks
*** SHOW DOWN ***
BadBoyKillla: shows [4s 3h] (two pair, Sixes and Fours)
Masqb: mucks hand
BadBoyKillla collected $29.50 from pot
*** SUMMARY ***
Total pot $30 | Rake $0.50
Board [2s 7d 6h 4c 6d]
Seat 4: Masqb (button) (small blind) mucked
Seat 6: BadBoyKillla (big blind) showed [4s 3h] and won ($29.50) with two pair, Sixes and Fours


PokerStars Hand #160628223980:  Hold'em Limit ($3/$6 USD) - 2016/10/30 0:44:08 ET
Table 'Antilochus' 6-max Seat #4 is the button
Seat 4: Masqb ($128.36 in chips)
Seat 6: BadBoyKillla ($449 in chips)
Masqb: posts small blind $1
BadBoyKillla: posts big blind $3
*** HOLE CARDS ***
Masqb: raises $3 to $6
BadBoyKillla: calls $3
*** FLOP *** [Ts Kh 6c]
BadBoyKillla: checks
Masqb: checks
*** TURN *** [Ts Kh 6c] [4h]
BadBoyKillla: bets $6
Masqb: folds
Uncalled bet ($6) returned to BadBoyKillla
BadBoyKillla collected $11.76 from pot
*** SUMMARY ***
Total pot $12 | Rake $0.24
Board [Ts Kh 6c 4h]
Seat 4: Masqb (button) (small blind) folded on the Turn
Seat 6: BadBoyKillla (big blind) collected ($11.76)


PokerStars Hand #160628235080:  Hold'em Limit ($3/$6 USD) - 2016/10/30 0:44:51 ET
Table 'Antilochus' 6-max Seat #6 is the button
Seat 4: Masqb ($104.36 in chips)
Seat 6: BadBoyKillla ($472.26 in chips)
BadBoyKillla: posts small blind $1
Masqb: posts big blind $3
*** HOLE CARDS ***
BadBoyKillla: folds
Uncalled bet ($2) returned to Masqb
Masqb collected $2 from pot
Masqb: doesn't show hand
*** SUMMARY ***
Total pot $2 | Rake $0
Seat 4: Masqb (big blind) collected ($2)
Seat 6: BadBoyKillla (button) (small blind) folded before Flop


PokerStars Hand #160628236505:  Hold'em Limit ($3/$6 USD) - 2016/10/30 0:44:57 ET
Table 'Antilochus' 6-max Seat #4 is the button
Seat 4: Masqb ($105.36 in chips)
Seat 6: BadBoyKillla ($471.26 in chips)
Masqb: posts small blind $1
BadBoyKillla: posts big blind $3
*** HOLE CARDS ***
Masqb: raises $3 to $6
BadBoyKillla: calls $3
*** FLOP *** [Kc 4h Ad]
BadBoyKillla: checks
Masqb: bets $3
BadBoyKillla: calls $3
*** TURN *** [Kc 4h Ad] [6s]
BadBoyKillla: checks
Masqb: checks
*** RIVER *** [Kc 4h Ad 6s] [8d]
BadBoyKillla: bets $6
Masqb: folds
Uncalled bet ($6) returned to BadBoyKillla
BadBoyKillla collected $17.64 from pot
*** SUMMARY ***
Total pot $18 | Rake $0.36
Board [Kc 4h Ad 6s 8d]
Seat 4: Masqb (button) (small blind) folded on the River
Seat 6: BadBoyKillla (big blind) collected ($17.64)


PokerStars Hand #160628243647:  Hold'em Limit ($3/$6 USD) - 2016/10/30 0:45:25 ET
Table 'Antilochus' 6-max Seat #6 is the button
Seat 4: Masqb ($96.36 in chips)
Seat 6: BadBoyKillla ($479.90 in chips)
BadBoyKillla: posts small blind $1
Masqb: posts big blind $3
*** HOLE CARDS ***
BadBoyKillla: raises $3 to $6
Masqb: calls $3
*** FLOP *** [9h 3d 4c]
Masqb: checks
BadBoyKillla: bets $3
Masqb: calls $3
*** TURN *** [9h 3d 4c] [5s]
Masqb: checks
BadBoyKillla: bets $6
Masqb: raises $6 to $12
BadBoyKillla: calls $6
*** RIVER *** [9h 3d 4c 5s] [5d]
Masqb: checks
BadBoyKillla: checks
*** SHOW DOWN ***
Masqb: shows [Qd 6d] (a pair of Fives)
BadBoyKillla: shows [Ks 6c] (a pair of Fives - King kicker)
BadBoyKillla collected $41.50 from pot
*** SUMMARY ***
Total pot $42 | Rake $0.50
Board [9h 3d 4c 5s 5d]
Seat 4: Masqb (big blind) showed [Qd 6d] and lost with a pair of Fives
Seat 6: BadBoyKillla (button) (small blind) showed [Ks 6c] and won ($41.50) with a pair of Fives


PokerStars Hand #160630834768:  Hold'em Limit ($3/$6 USD) - 2016/10/30 3:29:42 ET
Table 'Antilochus' 6-max Seat #5 is the button
Seat 5: AzureCaper ($101.07 in chips)
Seat 6: BadBoyKillla ($611.01 in chips)
AzureCaper: posts small blind $1
BadBoyKillla: posts big blind $3
*** HOLE CARDS ***
AzureCaper: raises $3 to $6
BadBoyKillla: calls $3
*** FLOP *** [4h 6c 6s]
BadBoyKillla: checks
AzureCaper: bets $3
BadBoyKillla: calls $3
*** TURN *** [4h 6c 6s] [Tc]
BadBoyKillla: checks
AzureCaper: checks
*** RIVER *** [4h 6c 6s Tc] [Kh]
BadBoyKillla: bets $6
AzureCaper: calls $6
*** SHOW DOWN ***
BadBoyKillla: shows [3s 6h] (three of a kind, Sixes)
AzureCaper: mucks hand
BadBoyKillla collected $29.50 from pot
*** SUMMARY ***
Total pot $30 | Rake $0.50
Board [4h 6c 6s Tc Kh]
Seat 5: AzureCaper (button) (small blind) mucked
Seat 6: BadBoyKillla (big blind) showed [3s 6h] and won ($29.50) with three of a kind, Sixes


PokerStars Hand #160630827652:  Hold'em Limit ($3/$6 USD) - 2016/10/30 3:29:18 ET
Table 'Antilochus' 6-max Seat #6 is the button
Seat 5: AzureCaper ($116.07 in chips)
Seat 6: BadBoyKillla ($596.51 in chips)
BadBoyKillla: posts small blind $1
AzureCaper: posts big blind $3
*** HOLE CARDS ***
BadBoyKillla: raises $3 to $6
AzureCaper: calls $3
*** FLOP *** [Ks 5c 8s]
AzureCaper: checks
BadBoyKillla: bets $3
AzureCaper: calls $3
*** TURN *** [Ks 5c 8s] [2s]
AzureCaper: checks
BadBoyKillla: bets $6
AzureCaper: calls $6
*** RIVER *** [Ks 5c 8s 2s] [Jc]
AzureCaper: checks
BadBoyKillla: bets $6
AzureCaper: folds
Uncalled bet ($6) returned to BadBoyKillla
BadBoyKillla collected $29.50 from pot
*** SUMMARY ***
Total pot $30 | Rake $0.50
Board [Ks 5c 8s 2s Jc]
Seat 5: AzureCaper (big blind) folded on the River
Seat 6: BadBoyKillla (button) (small blind) collected ($29.50)


PokerStars Hand #160630930159:  Hold'em Limit ($3/$6 USD) - 2016/10/30 3:35:02 ET
Table 'Antilochus' 6-max Seat #6 is the button
Seat 5: AzureCaper ($107.19 in chips)
Seat 6: BadBoyKillla ($640.63 in chips)
BadBoyKillla: posts small blind $1
Sollylol: is sitting out
AzureCaper: posts big blind $3
*** HOLE CARDS ***
BadBoyKillla: raises $3 to $6
AzureCaper: folds
Uncalled bet ($3) returned to BadBoyKillla
BadBoyKillla collected $6 from pot
*** SUMMARY ***
Total pot $6 | Rake $0
Seat 5: AzureCaper (big blind) folded before Flop
Seat 6: BadBoyKillla (button) (small blind) collected ($6)


PokerStars Hand #160630932833:  Hold'em Limit ($3/$6 USD) - 2016/10/30 3:35:11 ET
Table 'Antilochus' 6-max Seat #5 is the button
Seat 5: AzureCaper ($104.19 in chips)
Seat 6: BadBoyKillla ($643.63 in chips)
AzureCaper: posts small blind $1
BadBoyKillla: posts big blind $3
*** HOLE CARDS ***
AzureCaper: raises $3 to $6
BadBoyKillla: raises $3 to $9
Sollylol leaves the table
AzureCaper: calls $3
*** FLOP *** [3c Td Qd]
BadBoyKillla: bets $3
AzureCaper: calls $3
*** TURN *** [3c Td Qd] [4d]
BadBoyKillla: bets $6
AzureCaper: raises $6 to $12
BadBoyKillla: calls $6
*** RIVER *** [3c Td Qd 4d] [Jh]
BadBoyKillla: bets $6
AzureCaper: folds
Uncalled bet ($6) returned to BadBoyKillla
BadBoyKillla collected $47.50 from pot
*** SUMMARY ***
Total pot $48 | Rake $0.50
Board [3c Td Qd 4d Jh]
Seat 5: AzureCaper (button) (small blind) folded on the River
Seat 6: BadBoyKillla (big blind) collected ($47.50)


PokerStars Hand #160630942387:  Hold'em Limit ($3/$6 USD) - 2016/10/30 3:35:43 ET
Table 'Antilochus' 6-max Seat #6 is the button
Seat 5: AzureCaper ($80.19 in chips)
Seat 6: BadBoyKillla ($667.13 in chips)
BadBoyKillla: posts small blind $1
AzureCaper: posts big blind $3
*** HOLE CARDS ***
BadBoyKillla: raises $3 to $6
AzureCaper: folds
Uncalled bet ($3) returned to BadBoyKillla
BadBoyKillla collected $6 from pot
*** SUMMARY ***
Total pot $6 | Rake $0
Seat 5: AzureCaper (big blind) folded before Flop
Seat 6: BadBoyKillla (button) (small blind) collected ($6)


PokerStars Hand #160630945318:  Hold'em Limit ($3/$6 USD) - 2016/10/30 3:35:53 ET
Table 'Antilochus' 6-max Seat #5 is the button
Seat 5: AzureCaper ($77.19 in chips)
Seat 6: BadBoyKillla ($670.13 in chips)
AzureCaper: posts small blind $1
BadBoyKillla: posts big blind $3
*** HOLE CARDS ***
AzureCaper: folds
Uncalled bet ($2) returned to BadBoyKillla
BadBoyKillla collected $2 from pot
*** SUMMARY ***
Total pot $2 | Rake $0
Seat 5: AzureCaper (button) (small blind) folded before Flop
Seat 6: BadBoyKillla (big blind) collected ($2)


PokerStars Hand #160630955584:  Hold'em Limit ($3/$6 USD) - 2016/10/30 3:36:27 ET
Table 'Antilochus' 6-max Seat #5 is the button
Seat 5: AzureCaper ($75.94 in chips)
Seat 6: BadBoyKillla ($670.88 in chips)
AzureCaper: posts small blind $1
BadBoyKillla: posts big blind $3
*** HOLE CARDS ***
AzureCaper: folds
Uncalled bet ($2) returned to BadBoyKillla
BadBoyKillla collected $2 from pot
*** SUMMARY ***
Total pot $2 | Rake $0
Seat 5: AzureCaper (button) (small blind) folded before Flop
Seat 6: BadBoyKillla (big blind) collected ($2)


PokerStars Hand #160630957546:  Hold'em Limit ($3/$6 USD) - 2016/10/30 3:36:33 ET
Table 'Antilochus' 6-max Seat #6 is the button
Seat 5: AzureCaper ($74.94 in chips)
Seat 6: BadBoyKillla ($671.88 in chips)
BadBoyKillla: posts small blind $1
AzureCaper: posts big blind $3
*** HOLE CARDS ***
BadBoyKillla: raises $3 to $6
AzureCaper: calls $3
*** FLOP *** [4h Js Qh]
AzureCaper: checks
BadBoyKillla: bets $3
AzureCaper: raises $3 to $6
BadBoyKillla: calls $3
*** TURN *** [4h Js Qh] [8s]
AzureCaper: bets $6
BadBoyKillla: calls $6
*** RIVER *** [4h Js Qh 8s] [Th]
AzureCaper: bets $6
BadBoyKillla: folds
Uncalled bet ($6) returned to AzureCaper
AzureCaper collected $35.50 from pot
AzureCaper: doesn't show hand
*** SUMMARY ***
Total pot $36 | Rake $0.50
Board [4h Js Qh 8s Th]
Seat 5: AzureCaper (big blind) collected ($35.50)
Seat 6: BadBoyKillla (button) (small blind) folded on the River


PokerStars Hand #160630969406:  Hold'em Limit ($3/$6 USD) - 2016/10/30 3:37:12 ET
Table 'Antilochus' 6-max Seat #6 is the button
Seat 5: AzureCaper ($91.44 in chips)
Seat 6: BadBoyKillla ($654.88 in chips)
BadBoyKillla: posts small blind $1
AzureCaper: posts big blind $3
*** HOLE CARDS ***
BadBoyKillla: folds
Uncalled bet ($2) returned to AzureCaper
AzureCaper collected $2 from pot
AzureCaper: doesn't show hand
*** SUMMARY ***
Total pot $2 | Rake $0
Seat 5: AzureCaper (big blind) collected ($2)
Seat 6: BadBoyKillla (button) (small blind) folded before Flop


PokerStars Hand #160630967537:  Hold'em Limit ($3/$6 USD) - 2016/10/30 3:37:06 ET
Table 'Antilochus' 6-max Seat #5 is the button
Seat 5: AzureCaper ($92.44 in chips)
Seat 6: BadBoyKillla ($653.88 in chips)
AzureCaper: posts small blind $1
BadBoyKillla: posts big blind $3
*** HOLE CARDS ***
AzureCaper: folds
Uncalled bet ($2) returned to BadBoyKillla
BadBoyKillla collected $2 from pot
*** SUMMARY ***
Total pot $2 | Rake $0
Seat 5: AzureCaper (button) (small blind) folded before Flop
Seat 6: BadBoyKillla (big blind) collected ($2)


PokerStars Hand #160630971058:  Hold'em Limit ($3/$6 USD) - 2016/10/30 3:37:18 ET
Table 'Antilochus' 6-max Seat #5 is the button
Seat 5: AzureCaper ($92.44 in chips)
Seat 6: BadBoyKillla ($653.88 in chips)
AzureCaper: posts small blind $1
BadBoyKillla: posts big blind $3
*** HOLE CARDS ***
AzureCaper: raises $3 to $6
BadBoyKillla: calls $3
*** FLOP *** [Ah 2s 7d]
BadBoyKillla: checks
AzureCaper: bets $3
BadBoyKillla: calls $3
*** TURN *** [Ah 2s 7d] [Jd]
BadBoyKillla: checks
AzureCaper: bets $6
BadBoyKillla: calls $6
*** RIVER *** [Ah 2s 7d Jd] [8d]
BadBoyKillla: checks
AzureCaper: bets $6
BadBoyKillla: raises $6 to $12
AzureCaper: calls $6
*** SHOW DOWN ***
BadBoyKillla: shows [Qd 2d] (a flush, Queen high)
AzureCaper: mucks hand
BadBoyKillla collected $53.50 from pot
*** SUMMARY ***
Total pot $54 | Rake $0.50
Board [Ah 2s 7d Jd 8d]
Seat 5: AzureCaper (button) (small blind) mucked
Seat 6: BadBoyKillla (big blind) showed [Qd 2d] and won ($53.50) with a flush, Queen high


PokerStars Hand #160630980287:  Hold'em Limit ($3/$6 USD) - 2016/10/30 3:37:48 ET
Table 'Antilochus' 6-max Seat #6 is the button
Seat 5: AzureCaper ($72 in chips)
Seat 6: BadBoyKillla ($680.38 in chips)
BadBoyKillla: posts small blind $1
AzureCaper: posts big blind $3
*** HOLE CARDS ***
BadBoyKillla: raises $3 to $6
AzureCaper: folds
Uncalled bet ($3) returned to BadBoyKillla
BadBoyKillla collected $6 from pot
*** SUMMARY ***
Total pot $6 | Rake $0
Seat 5: AzureCaper (big blind) folded before Flop
Seat 6: BadBoyKillla (button) (small blind) collected ($6)


PokerStars Hand #160630983965:  Hold'em Limit ($3/$6 USD) - 2016/10/30 3:38:00 ET
Table 'Antilochus' 6-max Seat #5 is the button
Seat 5: AzureCaper ($72 in chips)
Seat 6: BadBoyKillla ($683.38 in chips)
AzureCaper: posts small blind $1
BadBoyKillla: posts big blind $3
*** HOLE CARDS ***
AzureCaper: raises $3 to $6
BadBoyKillla: calls $3
*** FLOP *** [Qc 7h Qs]
BadBoyKillla: checks
AzureCaper: bets $3
BadBoyKillla: folds
Uncalled bet ($3) returned to AzureCaper
AzureCaper collected $11.76 from pot
AzureCaper: doesn't show hand
*** SUMMARY ***
Total pot $12 | Rake $0.24
Board [Qc 7h Qs]
Seat 5: AzureCaper (button) (small blind) collected ($11.76)
Seat 6: BadBoyKillla (big blind) folded on the Flop


PokerStars Hand #160630998352:  Hold'em Limit ($3/$6 USD) - 2016/10/30 3:38:48 ET
Table 'Antilochus' 6-max Seat #6 is the button
Seat 5: AzureCaper ($72 in chips)
Seat 6: BadBoyKillla ($701.88 in chips)
BadBoyKillla: posts small blind $1
AzureCaper: posts big blind $3
*** HOLE CARDS ***
BadBoyKillla: raises $3 to $6
AzureCaper: folds
Uncalled bet ($3) returned to BadBoyKillla
BadBoyKillla collected $6 from pot
*** SUMMARY ***
Total pot $6 | Rake $0
Seat 5: AzureCaper (big blind) folded before Flop
Seat 6: BadBoyKillla (button) (small blind) collected ($6)


PokerStars Hand #160630996502:  Hold'em Limit ($3/$6 USD) - 2016/10/30 3:38:41 ET
Table 'Antilochus' 6-max Seat #5 is the button
Seat 5: AzureCaper ($72 in chips)
Seat 6: BadBoyKillla ($700.88 in chips)
AzureCaper: posts small blind $1
BadBoyKillla: posts big blind $3
*** HOLE CARDS ***
AzureCaper: folds
Uncalled bet ($2) returned to BadBoyKillla
BadBoyKillla collected $2 from pot
*** SUMMARY ***
Total pot $2 | Rake $0
Seat 5: AzureCaper (button) (small blind) folded before Flop
Seat 6: BadBoyKillla (big blind) collected ($2)


PokerStars Hand #160630988803:  Hold'em Limit ($3/$6 USD) - 2016/10/30 3:38:16 ET
Table 'Antilochus' 6-max Seat #6 is the button
Seat 5: AzureCaper ($77.76 in chips)
Seat 6: BadBoyKillla ($677.38 in chips)
BadBoyKillla: posts small blind $1
AzureCaper: posts big blind $3
*** HOLE CARDS ***
BadBoyKillla: raises $3 to $6
AzureCaper: calls $3
*** FLOP *** [4d 7s Kc]
AzureCaper: checks
BadBoyKillla: bets $3
AzureCaper: raises $3 to $6
BadBoyKillla: calls $3
*** TURN *** [4d 7s Kc] [Tc]
AzureCaper: bets $6
BadBoyKillla: calls $6
*** RIVER *** [4d 7s Kc Tc] [8s]
AzureCaper: bets $6
BadBoyKillla: calls $6
*** SHOW DOWN ***
AzureCaper: shows [7h Qh] (a pair of Sevens)
BadBoyKillla: shows [Kd 5c] (a pair of Kings)
BadBoyKillla collected $47.50 from pot
*** SUMMARY ***
Total pot $48 | Rake $0.50
Board [4d 7s Kc Tc 8s]
Seat 5: AzureCaper (big blind) showed [7h Qh] and lost with a pair of Sevens
Seat 6: BadBoyKillla (button) (small blind) showed [Kd 5c] and won ($47.50) with a pair of Kings


PokerStars Hand #160631001095:  Hold'em Limit ($3/$6 USD) - 2016/10/30 3:38:57 ET
Table 'Antilochus' 6-max Seat #5 is the button
Seat 5: AzureCaper ($72 in chips)
Seat 6: BadBoyKillla ($704.88 in chips)
AzureCaper: posts small blind $1
BadBoyKillla: posts big blind $3
*** HOLE CARDS ***
AzureCaper: raises $3 to $6
BadBoyKillla: calls $3
*** FLOP *** [4s 7s 5h]
BadBoyKillla: checks
AzureCaper: bets $3
BadBoyKillla: calls $3
*** TURN *** [4s 7s 5h] [8h]
BadBoyKillla: checks
AzureCaper: bets $6
BadBoyKillla: raises $6 to $12
AzureCaper: calls $6
*** RIVER *** [4s 7s 5h 8h] [6h]
BadBoyKillla: bets $6
AzureCaper: calls $6
*** SHOW DOWN ***
BadBoyKillla: shows [9d 6d] (a straight, Five to Nine)
AzureCaper: mucks hand
BadBoyKillla collected $53.50 from pot
*** SUMMARY ***
Total pot $54 | Rake $0.50
Board [4s 7s 5h 8h 6h]
Seat 5: AzureCaper (button) (small blind) mucked
Seat 6: BadBoyKillla (big blind) showed [9d 6d] and won ($53.50) with a straight, Five to Nine


PokerStars Hand #160631008085:  Hold'em Limit ($3/$6 USD) - 2016/10/30 3:39:20 ET
Table 'Antilochus' 6-max Seat #6 is the button
Seat 5: AzureCaper ($72 in chips)
Seat 6: BadBoyKillla ($731.38 in chips)
BadBoyKillla: posts small blind $1
AzureCaper: posts big blind $3
*** HOLE CARDS ***
BadBoyKillla: raises $3 to $6
AzureCaper: calls $3
*** FLOP *** [Js 5d 8h]
AzureCaper: checks
BadBoyKillla: checks
*** TURN *** [Js 5d 8h] [Qh]
AzureCaper: bets $6
BadBoyKillla: raises $6 to $12
AzureCaper: calls $6
*** RIVER *** [Js 5d 8h Qh] [4c]
AzureCaper: checks
BadBoyKillla: bets $6
AzureCaper: folds
Uncalled bet ($6) returned to BadBoyKillla
BadBoyKillla collected $35.50 from pot
*** SUMMARY ***
Total pot $36 | Rake $0.50
Board [Js 5d 8h Qh 4c]
Seat 5: AzureCaper (big blind) folded on the River
Seat 6: BadBoyKillla (button) (small blind) collected ($35.50)


PokerStars Hand #160631014459:  Hold'em Limit ($3/$6 USD) - 2016/10/30 3:39:40 ET
Table 'Antilochus' 6-max Seat #5 is the button
Seat 5: AzureCaper ($72 in chips)
Seat 6: BadBoyKillla ($748.88 in chips)
AzureCaper: posts small blind $1
BadBoyKillla: posts big blind $3
*** HOLE CARDS ***
AzureCaper: raises $3 to $6
BadBoyKillla: calls $3
*** FLOP *** [9c 4d 8s]
BadBoyKillla: checks
AzureCaper: bets $3
BadBoyKillla: calls $3
*** TURN *** [9c 4d 8s] [Kc]
BadBoyKillla: checks
AzureCaper: checks
*** RIVER *** [9c 4d 8s Kc] [3c]
BadBoyKillla: bets $6
AzureCaper: folds
Uncalled bet ($6) returned to BadBoyKillla
BadBoyKillla collected $17.64 from pot
*** SUMMARY ***
Total pot $18 | Rake $0.36
Board [9c 4d 8s Kc 3c]
Seat 5: AzureCaper (button) (small blind) folded on the River
Seat 6: BadBoyKillla (big blind) collected ($17.64)


PokerStars Hand #160631034699:  Hold'em Limit ($3/$6 USD) - 2016/10/30 3:40:47 ET
Table 'Antilochus' 6-max Seat #5 is the button
Seat 5: AzureCaper ($91.50 in chips)
Seat 6: BadBoyKillla ($737.52 in chips)
AzureCaper: posts small blind $1
BadBoyKillla: posts big blind $3
*** HOLE CARDS ***
AzureCaper: folds
Uncalled bet ($2) returned to BadBoyKillla
BadBoyKillla collected $2 from pot
*** SUMMARY ***
Total pot $2 | Rake $0
Seat 5: AzureCaper (button) (small blind) folded before Flop
Seat 6: BadBoyKillla (big blind) collected ($2)


PokerStars Hand #160631030655:  Hold'em Limit ($3/$6 USD) - 2016/10/30 3:40:33 ET
Table 'Antilochus' 6-max Seat #6 is the button
Seat 5: AzureCaper ($94.50 in chips)
Seat 6: BadBoyKillla ($734.52 in chips)
BadBoyKillla: posts small blind $1
AzureCaper: posts big blind $3
*** HOLE CARDS ***
BadBoyKillla: raises $3 to $6
AzureCaper: folds
Uncalled bet ($3) returned to BadBoyKillla
BadBoyKillla collected $6 from pot
*** SUMMARY ***
Total pot $6 | Rake $0
Seat 5: AzureCaper (big blind) folded before Flop
Seat 6: BadBoyKillla (button) (small blind) collected ($6)


PokerStars Hand #160631028932:  Hold'em Limit ($3/$6 USD) - 2016/10/30 3:40:28 ET
Table 'Antilochus' 6-max Seat #5 is the button
Seat 5: AzureCaper ($95.50 in chips)
Seat 6: BadBoyKillla ($733.52 in chips)
AzureCaper: posts small blind $1
BadBoyKillla: posts big blind $3
*** HOLE CARDS ***
AzureCaper: folds
Uncalled bet ($2) returned to BadBoyKillla
BadBoyKillla collected $2 from pot
*** SUMMARY ***
Total pot $2 | Rake $0
Seat 5: AzureCaper (button) (small blind) folded before Flop
Seat 6: BadBoyKillla (big blind) collected ($2)


PokerStars Hand #160631020359:  Hold'em Limit ($3/$6 USD) - 2016/10/30 3:40:00 ET
Table 'Antilochus' 6-max Seat #6 is the button
Seat 5: AzureCaper ($72 in chips)
Seat 6: BadBoyKillla ($757.52 in chips)
BadBoyKillla: posts small blind $1
AzureCaper: posts big blind $3
*** HOLE CARDS ***
BadBoyKillla: raises $3 to $6
AzureCaper: calls $3
*** FLOP *** [9s 6h 7d]
AzureCaper: checks
BadBoyKillla: bets $3
AzureCaper: raises $3 to $6
BadBoyKillla: calls $3
*** TURN *** [9s 6h 7d] [6d]
AzureCaper: bets $6
BadBoyKillla: calls $6
*** RIVER *** [9s 6h 7d 6d] [4c]
AzureCaper: bets $6
BadBoyKillla: calls $6
*** SHOW DOWN ***
AzureCaper: shows [As 6s] (three of a kind, Sixes)
BadBoyKillla: mucks hand
AzureCaper collected $47.50 from pot
*** SUMMARY ***
Total pot $48 | Rake $0.50
Board [9s 6h 7d 6d 4c]
Seat 5: AzureCaper (big blind) showed [As 6s] and won ($47.50) with three of a kind, Sixes
Seat 6: BadBoyKillla (button) (small blind) mucked


PokerStars Hand #160631048829:  Hold'em Limit ($3/$6 USD) - 2016/10/30 3:41:33 ET
Table 'Antilochus' 6-max Seat #6 is the button
Seat 5: AzureCaper ($90.26 in chips)
Seat 6: BadBoyKillla ($738.28 in chips)
BadBoyKillla: posts small blind $1
AzureCaper: posts big blind $3
*** HOLE CARDS ***
BadBoyKillla: raises $3 to $6
AzureCaper: calls $3
*** FLOP *** [4h 3d Th]
AzureCaper: checks
BadBoyKillla: checks
*** TURN *** [4h 3d Th] [4s]
AzureCaper: checks
BadBoyKillla: checks
*** RIVER *** [4h 3d Th 4s] [Tc]
AzureCaper: checks
BadBoyKillla: checks
*** SHOW DOWN ***
AzureCaper: shows [8d 7d] (two pair, Tens and Fours)
BadBoyKillla: shows [2s Qh] (two pair, Tens and Fours - Queen kicker)
BadBoyKillla collected $11.76 from pot
*** SUMMARY ***
Total pot $12 | Rake $0.24
Board [4h 3d Th 4s Tc]
Seat 5: AzureCaper (big blind) showed [8d 7d] and lost with two pair, Tens and Fours
Seat 6: BadBoyKillla (button) (small blind) showed [2s Qh] and won ($11.76) with two pair, Tens and Fours


PokerStars Hand #160631036653:  Hold'em Limit ($3/$6 USD) - 2016/10/30 3:40:53 ET
Table 'Antilochus' 6-max Seat #6 is the button
Seat 5: AzureCaper ($90.50 in chips)
Seat 6: BadBoyKillla ($738.52 in chips)
BadBoyKillla: posts small blind $1
AzureCaper: posts big blind $3
*** HOLE CARDS ***
BadBoyKillla: raises $3 to $6
AzureCaper: calls $3
*** FLOP *** [7h 5c 2c]
AzureCaper: checks
BadBoyKillla: bets $3
AzureCaper: folds
Uncalled bet ($3) returned to BadBoyKillla
BadBoyKillla collected $11.76 from pot
*** SUMMARY ***
Total pot $12 | Rake $0.24
Board [7h 5c 2c]
Seat 5: AzureCaper (big blind) folded on the Flop
Seat 6: BadBoyKillla (button) (small blind) collected ($11.76)


PokerStars Hand #160631044313:  Hold'em Limit ($3/$6 USD) - 2016/10/30 3:41:19 ET
Table 'Antilochus' 6-max Seat #5 is the button
Seat 5: AzureCaper ($84.50 in chips)
Seat 6: BadBoyKillla ($744.28 in chips)
AzureCaper: posts small blind $1
BadBoyKillla: posts big blind $3
*** HOLE CARDS ***
AzureCaper: raises $3 to $6
BadBoyKillla: calls $3
*** FLOP *** [9d 8d 3s]
BadBoyKillla: checks
AzureCaper: bets $3
BadBoyKillla: folds
Uncalled bet ($3) returned to AzureCaper
AzureCaper collected $11.76 from pot
AzureCaper: doesn't show hand
*** SUMMARY ***
Total pot $12 | Rake $0.24
Board [9d 8d 3s]
Seat 5: AzureCaper (button) (small blind) collected ($11.76)
Seat 6: BadBoyKillla (big blind) folded on the Flop


PokerStars Hand #160631069167:  Hold'em Limit ($3/$6 USD) - 2016/10/30 3:42:40 ET
Table 'Antilochus' 6-max Seat #6 is the button
Seat 5: AzureCaper ($76.76 in chips)
Seat 6: BadBoyKillla ($750.54 in chips)
BadBoyKillla: posts small blind $1
AzureCaper: posts big blind $3
*** HOLE CARDS ***
BadBoyKillla: folds
Uncalled bet ($2) returned to AzureCaper
AzureCaper collected $2 from pot
AzureCaper: doesn't show hand
*** SUMMARY ***
Total pot $2 | Rake $0
Seat 5: AzureCaper (big blind) collected ($2)
Seat 6: BadBoyKillla (button) (small blind) folded before Flop


PokerStars Hand #160631067652:  Hold'em Limit ($3/$6 USD) - 2016/10/30 3:42:35 ET
Table 'Antilochus' 6-max Seat #5 is the button
Seat 5: AzureCaper ($77.76 in chips)
Seat 6: BadBoyKillla ($749.54 in chips)
AzureCaper: posts small blind $1
BadBoyKillla: posts big blind $3
*** HOLE CARDS ***
AzureCaper: folds
Uncalled bet ($2) returned to BadBoyKillla
BadBoyKillla collected $2 from pot
*** SUMMARY ***
Total pot $2 | Rake $0
Seat 5: AzureCaper (button) (small blind) folded before Flop
Seat 6: BadBoyKillla (big blind) collected ($2)


PokerStars Hand #160631054036:  Hold'em Limit ($3/$6 USD) - 2016/10/30 3:41:51 ET
Table 'Antilochus' 6-max Seat #5 is the button
Seat 5: AzureCaper ($84.26 in chips)
Seat 6: BadBoyKillla ($744.04 in chips)
AzureCaper: posts small blind $1
BadBoyKillla: posts big blind $3
*** HOLE CARDS ***
AzureCaper: raises $3 to $6
BadBoyKillla: calls $3
*** FLOP *** [4c 7c 2c]
BadBoyKillla: checks
AzureCaper: bets $3
BadBoyKillla: calls $3
*** TURN *** [4c 7c 2c] [2h]
BadBoyKillla: checks
AzureCaper: bets $6
BadBoyKillla: calls $6
*** RIVER *** [4c 7c 2c 2h] [3h]
BadBoyKillla: checks
AzureCaper: bets $6
BadBoyKillla: folds
Uncalled bet ($6) returned to AzureCaper
AzureCaper collected $29.50 from pot
AzureCaper: doesn't show hand
*** SUMMARY ***
Total pot $30 | Rake $0.50
Board [4c 7c 2c 2h 3h]
Seat 5: AzureCaper (button) (small blind) collected ($29.50)
Seat 6: BadBoyKillla (big blind) folded on the River


PokerStars Hand #160631061627:  Hold'em Limit ($3/$6 USD) - 2016/10/30 3:42:16 ET
Table 'Antilochus' 6-max Seat #6 is the button
Seat 5: AzureCaper ($98.76 in chips)
Seat 6: BadBoyKillla ($729.04 in chips)
BadBoyKillla: posts small blind $1
AzureCaper: posts big blind $3
*** HOLE CARDS ***
BadBoyKillla: raises $3 to $6
AzureCaper: calls $3
*** FLOP *** [Jh 2d 3h]
AzureCaper: checks
BadBoyKillla: bets $3
AzureCaper: calls $3
*** TURN *** [Jh 2d 3h] [7s]
AzureCaper: checks
BadBoyKillla: bets $6
AzureCaper: calls $6
*** RIVER *** [Jh 2d 3h 7s] [7d]
AzureCaper: checks
BadBoyKillla: bets $6
AzureCaper: calls $6
*** SHOW DOWN ***
BadBoyKillla: shows [7h 6c] (three of a kind, Sevens)
AzureCaper: mucks hand
BadBoyKillla collected $41.50 from pot
*** SUMMARY ***
Total pot $42 | Rake $0.50
Board [Jh 2d 3h 7s 7d]
Seat 5: AzureCaper (big blind) mucked
Seat 6: BadBoyKillla (button) (small blind) showed [7h 6c] and won ($41.50) with three of a kind, Sevens


PokerStars Hand #160631087071:  Hold'em Limit ($3/$6 USD) - 2016/10/30 3:43:39 ET
Table 'Antilochus' 6-max Seat #5 is the button
Seat 5: AzureCaper ($82.26 in chips)
Seat 6: BadBoyKillla ($744.06 in chips)
AzureCaper: posts small blind $1
BadBoyKillla: posts big blind $3
*** HOLE CARDS ***
AzureCaper: folds
Uncalled bet ($2) returned to BadBoyKillla
BadBoyKillla collected $2 from pot
*** SUMMARY ***
Total pot $2 | Rake $0
Seat 5: AzureCaper (button) (small blind) folded before Flop
Seat 6: BadBoyKillla (big blind) collected ($2)


PokerStars Hand #160631085479:  Hold'em Limit ($3/$6 USD) - 2016/10/30 3:43:34 ET
Table 'Antilochus' 6-max Seat #6 is the button
Seat 5: AzureCaper ($81.26 in chips)
Seat 6: BadBoyKillla ($745.06 in chips)
BadBoyKillla: posts small blind $1
AzureCaper: posts big blind $3
*** HOLE CARDS ***
BadBoyKillla: folds
Uncalled bet ($2) returned to AzureCaper
AzureCaper collected $2 from pot
AzureCaper: doesn't show hand
*** SUMMARY ***
Total pot $2 | Rake $0
Seat 5: AzureCaper (big blind) collected ($2)
Seat 6: BadBoyKillla (button) (small blind) folded before Flop


PokerStars Hand #160631079714:  Hold'em Limit ($3/$6 USD) - 2016/10/30 3:43:15 ET
Table 'Antilochus' 6-max Seat #5 is the button
Seat 5: AzureCaper ($93.26 in chips)
Seat 6: BadBoyKillla ($733.54 in chips)
AzureCaper: posts small blind $1
BadBoyKillla: posts big blind $3
*** HOLE CARDS ***
AzureCaper: raises $3 to $6
BadBoyKillla: raises $3 to $9
AzureCaper: calls $3
*** FLOP *** [Td 4h 3c]
BadBoyKillla: bets $3
AzureCaper: calls $3
*** TURN *** [Td 4h 3c] [6s]
BadBoyKillla: bets $6
AzureCaper: folds
Uncalled bet ($6) returned to BadBoyKillla
BadBoyKillla collected $23.52 from pot
*** SUMMARY ***
Total pot $24 | Rake $0.48
Board [Td 4h 3c 6s]
Seat 5: AzureCaper (button) (small blind) folded on the Turn
Seat 6: BadBoyKillla (big blind) collected ($23.52)


PokerStars Hand #160631088684:  Hold'em Limit ($3/$6 USD) - 2016/10/30 3:43:44 ET
Table 'Antilochus' 6-max Seat #6 is the button
Seat 5: AzureCaper ($81.26 in chips)
Seat 6: BadBoyKillla ($745.06 in chips)
BadBoyKillla: posts small blind $1
AzureCaper: posts big blind $3
*** HOLE CARDS ***
BadBoyKillla: raises $3 to $6
AzureCaper: calls $3
*** FLOP *** [8s Jh 3d]
AzureCaper: checks
BadBoyKillla: bets $3
AzureCaper: raises $3 to $6
BadBoyKillla: calls $3
*** TURN *** [8s Jh 3d] [7h]
AzureCaper: bets $6
BadBoyKillla: calls $6
*** RIVER *** [8s Jh 3d 7h] [4d]
AzureCaper: bets $6
BadBoyKillla: folds
Uncalled bet ($6) returned to AzureCaper
AzureCaper collected $35.50 from pot
AzureCaper: doesn't show hand
*** SUMMARY ***
Total pot $36 | Rake $0.50
Board [8s Jh 3d 7h 4d]
Seat 5: AzureCaper (big blind) collected ($35.50)
Seat 6: BadBoyKillla (button) (small blind) folded on the River


PokerStars Hand #160631078096:  Hold'em Limit ($3/$6 USD) - 2016/10/30 3:43:09 ET
Table 'Antilochus' 6-max Seat #6 is the button
Seat 5: AzureCaper ($92.26 in chips)
Seat 6: BadBoyKillla ($734.54 in chips)
BadBoyKillla: posts small blind $1
AzureCaper: posts big blind $3
*** HOLE CARDS ***
BadBoyKillla: folds
Uncalled bet ($2) returned to AzureCaper
AzureCaper collected $2 from pot
AzureCaper: doesn't show hand
*** SUMMARY ***
Total pot $2 | Rake $0
Seat 5: AzureCaper (big blind) collected ($2)
Seat 6: BadBoyKillla (button) (small blind) folded before Flop


PokerStars Hand #160631070839:  Hold'em Limit ($3/$6 USD) - 2016/10/30 3:42:46 ET
Table 'Antilochus' 6-max Seat #5 is the button
Seat 5: AzureCaper ($77.76 in chips)
Seat 6: BadBoyKillla ($749.54 in chips)
AzureCaper: posts small blind $1
BadBoyKillla: posts big blind $3
*** HOLE CARDS ***
AzureCaper: raises $3 to $6
BadBoyKillla: calls $3
*** FLOP *** [7c 5c 6d]
BadBoyKillla: checks
AzureCaper: bets $3
BadBoyKillla: calls $3
*** TURN *** [7c 5c 6d] [3s]
BadBoyKillla: checks
AzureCaper: bets $6
BadBoyKillla: calls $6
*** RIVER *** [7c 5c 6d 3s] [Td]
BadBoyKillla: checks
AzureCaper: bets $6
BadBoyKillla: folds
Uncalled bet ($6) returned to AzureCaper
AzureCaper collected $29.50 from pot
AzureCaper: doesn't show hand
*** SUMMARY ***
Total pot $30 | Rake $0.50
Board [7c 5c 6d 3s Td]
Seat 5: AzureCaper (button) (small blind) collected ($29.50)
Seat 6: BadBoyKillla (big blind) folded on the River


PokerStars Hand #160631108560:  Hold'em Limit ($3/$6 USD) - 2016/10/30 3:44:48 ET
Table 'Antilochus' 6-max Seat #5 is the button
Seat 5: AzureCaper ($74.76 in chips)
Seat 6: BadBoyKillla ($750.32 in chips)
AzureCaper: posts small blind $1
BadBoyKillla: posts big blind $3
*** HOLE CARDS ***
AzureCaper: raises $3 to $6
BadBoyKillla: calls $3
*** FLOP *** [Ad Js 4s]
BadBoyKillla: bets $3
AzureCaper: calls $3
*** TURN *** [Ad Js 4s] [5h]
BadBoyKillla: bets $6
AzureCaper: calls $6
*** RIVER *** [Ad Js 4s 5h] [7s]
BadBoyKillla: bets $6
AzureCaper: calls $6
*** SHOW DOWN ***
BadBoyKillla: shows [8c Jh] (a pair of Jacks)
AzureCaper: shows [Jc Qh] (a pair of Jacks - Ace+Queen kicker)
AzureCaper collected $41.50 from pot
*** SUMMARY ***
Total pot $42 | Rake $0.50
Board [Ad Js 4s 5h 7s]
Seat 5: AzureCaper (button) (small blind) showed [Jc Qh] and won ($41.50) with a pair of Jacks
Seat 6: BadBoyKillla (big blind) showed [8c Jh] and lost with a pair of Jacks


PokerStars Hand #160631095670:  Hold'em Limit ($3/$6 USD) - 2016/10/30 3:44:07 ET
Table 'Antilochus' 6-max Seat #5 is the button
Seat 5: AzureCaper ($98.76 in chips)
Seat 6: BadBoyKillla ($727.06 in chips)
AzureCaper: posts small blind $1
BadBoyKillla: posts big blind $3
*** HOLE CARDS ***
AzureCaper: raises $3 to $6
BadBoyKillla: calls $3
*** FLOP *** [7c 2s 6s]
BadBoyKillla: bets $3
AzureCaper: raises $3 to $6
BadBoyKillla: calls $3
*** TURN *** [7c 2s 6s] [5c]
BadBoyKillla: checks
AzureCaper: bets $6
BadBoyKillla: calls $6
*** RIVER *** [7c 2s 6s 5c] [Th]
BadBoyKillla: checks
AzureCaper: checks
*** SHOW DOWN ***
BadBoyKillla: shows [7h Kc] (a pair of Sevens)
AzureCaper: mucks hand
BadBoyKillla collected $35.50 from pot
*** SUMMARY ***
Total pot $36 | Rake $0.50
Board [7c 2s 6s 5c Th]
Seat 5: AzureCaper (button) (small blind) mucked
Seat 6: BadBoyKillla (big blind) showed [7h Kc] and won ($35.50) with a pair of Sevens


PokerStars Hand #160631102662:  Hold'em Limit ($3/$6 USD) - 2016/10/30 3:44:29 ET
Table 'Antilochus' 6-max Seat #6 is the button
Seat 5: AzureCaper ($80.76 in chips)
Seat 6: BadBoyKillla ($744.56 in chips)
BadBoyKillla: posts small blind $1
AzureCaper: posts big blind $3
*** HOLE CARDS ***
BadBoyKillla: raises $3 to $6
AzureCaper: calls $3
*** FLOP *** [Kc Jd 9c]
AzureCaper: checks
BadBoyKillla: bets $3
AzureCaper: folds
Uncalled bet ($3) returned to BadBoyKillla
BadBoyKillla collected $11.76 from pot
*** SUMMARY ***
Total pot $12 | Rake $0.24
Board [Kc Jd 9c]
Seat 5: AzureCaper (big blind) folded on the Flop
Seat 6: BadBoyKillla (button) (small blind) collected ($11.76)


PokerStars Hand #160631129960:  Hold'em Limit ($3/$6 USD) - 2016/10/30 3:45:57 ET
Table 'Antilochus' 6-max Seat #5 is the button
Seat 5: AzureCaper ($97.76 in chips)
Seat 6: BadBoyKillla ($725.82 in chips)
AzureCaper: posts small blind $1
BadBoyKillla: posts big blind $3
*** HOLE CARDS ***
AzureCaper: folds
Uncalled bet ($2) returned to BadBoyKillla
BadBoyKillla collected $2 from pot
*** SUMMARY ***
Total pot $2 | Rake $0
Seat 5: AzureCaper (button) (small blind) folded before Flop
Seat 6: BadBoyKillla (big blind) collected ($2)


PokerStars Hand #160631123365:  Hold'em Limit ($3/$6 USD) - 2016/10/30 3:45:36 ET
Table 'Antilochus' 6-max Seat #6 is the button
Seat 5: AzureCaper ($115.76 in chips)
Seat 6: BadBoyKillla ($708.32 in chips)
BadBoyKillla: posts small blind $1
AzureCaper: posts big blind $3
*** HOLE CARDS ***
BadBoyKillla: raises $3 to $6
AzureCaper: calls $3
*** FLOP *** [Js 8d 8h]
AzureCaper: checks
BadBoyKillla: bets $3
AzureCaper: raises $3 to $6
BadBoyKillla: calls $3
*** TURN *** [Js 8d 8h] [2c]
AzureCaper: bets $6
BadBoyKillla: raises $6 to $12
AzureCaper: folds
Uncalled bet ($6) returned to BadBoyKillla
BadBoyKillla collected $35.50 from pot
*** SUMMARY ***
Total pot $36 | Rake $0.50
Board [Js 8d 8h 2c]
Seat 5: AzureCaper (big blind) folded on the Turn
Seat 6: BadBoyKillla (button) (small blind) collected ($35.50)


PokerStars Hand #160631114174:  Hold'em Limit ($3/$6 USD) - 2016/10/30 3:45:06 ET
Table 'Antilochus' 6-max Seat #6 is the button
Seat 5: AzureCaper ($95.26 in chips)
Seat 6: BadBoyKillla ($729.32 in chips)
BadBoyKillla: posts small blind $1
AzureCaper: posts big blind $3
*** HOLE CARDS ***
BadBoyKillla: raises $3 to $6
AzureCaper: calls $3
*** FLOP *** [8s Tc As]
AzureCaper: checks
BadBoyKillla: bets $3
AzureCaper: raises $3 to $6
BadBoyKillla: calls $3
*** TURN *** [8s Tc As] [Js]
AzureCaper: bets $6
BadBoyKillla: calls $6
*** RIVER *** [8s Tc As Js] [Jc]
AzureCaper: bets $6
BadBoyKillla: folds
Uncalled bet ($6) returned to AzureCaper
AzureCaper collected $35.50 from pot
AzureCaper: doesn't show hand
*** SUMMARY ***
Total pot $36 | Rake $0.50
Board [8s Tc As Js Jc]
Seat 5: AzureCaper (big blind) collected ($35.50)
Seat 6: BadBoyKillla (button) (small blind) folded on the River


PokerStars Hand #160631119764:  Hold'em Limit ($3/$6 USD) - 2016/10/30 3:45:24 ET
Table 'Antilochus' 6-max Seat #5 is the button
Seat 5: AzureCaper ($112.76 in chips)
Seat 6: BadBoyKillla ($711.32 in chips)
AzureCaper: posts small blind $1
BadBoyKillla: posts big blind $3
*** HOLE CARDS ***
AzureCaper: raises $3 to $6
BadBoyKillla: folds
Uncalled bet ($3) returned to AzureCaper
AzureCaper collected $6 from pot
AzureCaper: doesn't show hand
*** SUMMARY ***
Total pot $6 | Rake $0
Seat 5: AzureCaper (button) (small blind) collected ($6)
Seat 6: BadBoyKillla (big blind) folded before Flop


PokerStars Hand #160631141306:  Hold'em Limit ($3/$6 USD) - 2016/10/30 3:46:33 ET
Table 'Antilochus' 6-max Seat #5 is the button
Seat 5: AzureCaper ($110.26 in chips)
Seat 6: BadBoyKillla ($712.82 in chips)
AzureCaper: posts small blind $1
BadBoyKillla: posts big blind $3
*** HOLE CARDS ***
AzureCaper: raises $3 to $6
BadBoyKillla: folds
Uncalled bet ($3) returned to AzureCaper
AzureCaper collected $6 from pot
AzureCaper: doesn't show hand
*** SUMMARY ***
Total pot $6 | Rake $0
Seat 5: AzureCaper (button) (small blind) collected ($6)
Seat 6: BadBoyKillla (big blind) folded before Flop


PokerStars Hand #160631146810:  Hold'em Limit ($3/$6 USD) - 2016/10/30 3:46:51 ET
Table 'Antilochus' 6-max Seat #5 is the button
Seat 5: AzureCaper ($110.26 in chips)
Seat 6: BadBoyKillla ($712.82 in chips)
AzureCaper: posts small blind $1
BadBoyKillla: posts big blind $3
*** HOLE CARDS ***
AzureCaper: folds
Uncalled bet ($2) returned to BadBoyKillla
BadBoyKillla collected $2 from pot
*** SUMMARY ***
Total pot $2 | Rake $0
Seat 5: AzureCaper (button) (small blind) folded before Flop
Seat 6: BadBoyKillla (big blind) collected ($2)


PokerStars Hand #160631144618:  Hold'em Limit ($3/$6 USD) - 2016/10/30 3:46:44 ET
Table 'Antilochus' 6-max Seat #6 is the button
Seat 5: AzureCaper ($113.26 in chips)
Seat 6: BadBoyKillla ($709.82 in chips)
BadBoyKillla: posts small blind $1
AzureCaper: posts big blind $3
*** HOLE CARDS ***
BadBoyKillla: raises $3 to $6
AzureCaper: folds
Uncalled bet ($3) returned to BadBoyKillla
BadBoyKillla collected $6 from pot
*** SUMMARY ***
Total pot $6 | Rake $0
Seat 5: AzureCaper (big blind) folded before Flop
Seat 6: BadBoyKillla (button) (small blind) collected ($6)


PokerStars Hand #160631134107:  Hold'em Limit ($3/$6 USD) - 2016/10/30 3:46:10 ET
Table 'Antilochus' 6-max Seat #5 is the button
Seat 5: AzureCaper ($93.76 in chips)
Seat 6: BadBoyKillla ($729.82 in chips)
AzureCaper: posts small blind $1
BadBoyKillla: posts big blind $3
*** HOLE CARDS ***
AzureCaper: folds
Uncalled bet ($2) returned to BadBoyKillla
BadBoyKillla collected $2 from pot
*** SUMMARY ***
Total pot $2 | Rake $0
Seat 5: AzureCaper (button) (small blind) folded before Flop
Seat 6: BadBoyKillla (big blind) collected ($2)


PokerStars Hand #160631132010:  Hold'em Limit ($3/$6 USD) - 2016/10/30 3:46:03 ET
Table 'Antilochus' 6-max Seat #6 is the button
Seat 5: AzureCaper ($96.76 in chips)
Seat 6: BadBoyKillla ($726.82 in chips)
BadBoyKillla: posts small blind $1
AzureCaper: posts big blind $3
*** HOLE CARDS ***
BadBoyKillla: raises $3 to $6
AzureCaper: folds
Uncalled bet ($3) returned to BadBoyKillla
BadBoyKillla collected $6 from pot
*** SUMMARY ***
Total pot $6 | Rake $0
Seat 5: AzureCaper (big blind) folded before Flop
Seat 6: BadBoyKillla (button) (small blind) collected ($6)


PokerStars Hand #160631135706:  Hold'em Limit ($3/$6 USD) - 2016/10/30 3:46:15 ET
Table 'Antilochus' 6-max Seat #6 is the button
Seat 5: AzureCaper ($92.76 in chips)
Seat 6: BadBoyKillla ($730.82 in chips)
BadBoyKillla: posts small blind $1
AzureCaper: posts big blind $3
*** HOLE CARDS ***
BadBoyKillla: raises $3 to $6
AzureCaper: raises $3 to $9
BadBoyKillla: calls $3
*** FLOP *** [6c 9c Qs]
AzureCaper: bets $3
BadBoyKillla: calls $3
*** TURN *** [6c 9c Qs] [As]
AzureCaper: bets $6
BadBoyKillla: calls $6
*** RIVER *** [6c 9c Qs As] [7d]
AzureCaper: bets $6
BadBoyKillla: folds
Uncalled bet ($6) returned to AzureCaper
AzureCaper collected $35.50 from pot
AzureCaper: doesn't show hand
*** SUMMARY ***
Total pot $36 | Rake $0.50
Board [6c 9c Qs As 7d]
Seat 5: AzureCaper (big blind) collected ($35.50)
Seat 6: BadBoyKillla (button) (small blind) folded on the River


PokerStars Hand #160631155037:  Hold'em Limit ($3/$6 USD) - 2016/10/30 3:47:18 ET
Table 'Antilochus' 6-max Seat #5 is the button
Seat 5: AzureCaper ($109.01 in chips)
Seat 6: BadBoyKillla ($713.57 in chips)
AzureCaper: posts small blind $1
BadBoyKillla: posts big blind $3
*** HOLE CARDS ***
AzureCaper: raises $3 to $6
BadBoyKillla: calls $3
*** FLOP *** [Ah Kh Ac]
BadBoyKillla: checks
AzureCaper: bets $3
BadBoyKillla: folds
Uncalled bet ($3) returned to AzureCaper
AzureCaper collected $11.76 from pot
AzureCaper: doesn't show hand
*** SUMMARY ***
Total pot $12 | Rake $0.24
Board [Ah Kh Ac]
Seat 5: AzureCaper (button) (small blind) collected ($11.76)
Seat 6: BadBoyKillla (big blind) folded on the Flop


PokerStars Hand #160631149261:  Hold'em Limit ($3/$6 USD) - 2016/10/30 3:46:59 ET
Table 'Antilochus' 6-max Seat #6 is the button
Seat 5: AzureCaper ($109.26 in chips)
Seat 6: BadBoyKillla ($713.82 in chips)
BadBoyKillla: posts small blind $1
AzureCaper: posts big blind $3
*** HOLE CARDS ***
BadBoyKillla: raises $3 to $6
AzureCaper: calls $3
*** FLOP *** [5s Ad 4d]
AzureCaper: checks
BadBoyKillla: bets $3
AzureCaper: raises $3 to $6
BadBoyKillla: calls $3
*** TURN *** [5s Ad 4d] [Qh]
AzureCaper: bets $6
BadBoyKillla: calls $6
*** RIVER *** [5s Ad 4d Qh] [Ks]
AzureCaper: checks
BadBoyKillla: checks
*** SHOW DOWN ***
AzureCaper: shows [6c 5c] (a pair of Fives)
BadBoyKillla: shows [5d Jc] (a pair of Fives)
AzureCaper collected $17.75 from pot
BadBoyKillla collected $17.75 from pot
*** SUMMARY ***
Total pot $36 | Rake $0.50
Board [5s Ad 4d Qh Ks]
Seat 5: AzureCaper (big blind) showed [6c 5c] and won ($17.75) with a pair of Fives
Seat 6: BadBoyKillla (button) (small blind) showed [5d Jc] and won ($17.75) with a pair of Fives


PokerStars Hand #160631159370:  Hold'em Limit ($3/$6 USD) - 2016/10/30 3:47:31 ET
Table 'Antilochus' 6-max Seat #6 is the button
Seat 5: AzureCaper ($114.77 in chips)
Seat 6: BadBoyKillla ($707.57 in chips)
BadBoyKillla: posts small blind $1
AzureCaper: posts big blind $3
*** HOLE CARDS ***
BadBoyKillla: raises $3 to $6
AzureCaper: calls $3
*** FLOP *** [Th Ac Jd]
AzureCaper: checks
BadBoyKillla: bets $3
AzureCaper: raises $3 to $6
BadBoyKillla: calls $3
*** TURN *** [Th Ac Jd] [Kd]
AzureCaper: bets $6
BadBoyKillla: raises $6 to $12
AzureCaper: folds
Uncalled bet ($6) returned to BadBoyKillla
BadBoyKillla collected $35.50 from pot
*** SUMMARY ***
Total pot $36 | Rake $0.50
Board [Th Ac Jd Kd]
Seat 5: AzureCaper (big blind) folded on the Turn
Seat 6: BadBoyKillla (button) (small blind) collected ($35.50)


PokerStars Hand #160631175036:  Hold'em Limit ($3/$6 USD) - 2016/10/30 3:48:22 ET
Table 'Antilochus' 6-max Seat #5 is the button
Seat 5: AzureCaper ($101.53 in chips)
Seat 6: BadBoyKillla ($720.07 in chips)
AzureCaper: posts small blind $1
BadBoyKillla: posts big blind $3
*** HOLE CARDS ***
AzureCaper: folds
Uncalled bet ($2) returned to BadBoyKillla
BadBoyKillla collected $2 from pot
*** SUMMARY ***
Total pot $2 | Rake $0
Seat 5: AzureCaper (button) (small blind) folded before Flop
Seat 6: BadBoyKillla (big blind) collected ($2)


PokerStars Hand #160631169093:  Hold'em Limit ($3/$6 USD) - 2016/10/30 3:48:03 ET
Table 'Antilochus' 6-max Seat #6 is the button
Seat 5: AzureCaper ($95.77 in chips)
Seat 6: BadBoyKillla ($726.07 in chips)
BadBoyKillla: posts small blind $1
AzureCaper: posts big blind $3
*** HOLE CARDS ***
BadBoyKillla: raises $3 to $6
forforfor16 joins the table at seat #1
AzureCaper: calls $3
*** FLOP *** [As Qh Th]
AzureCaper: checks
BadBoyKillla: checks
*** TURN *** [As Qh Th] [3s]
AzureCaper: checks
BadBoyKillla: checks
*** RIVER *** [As Qh Th 3s] [7h]
AzureCaper: checks
BadBoyKillla: checks
*** SHOW DOWN ***
AzureCaper: shows [8s 6h] (high card Ace)
BadBoyKillla: mucks hand
AzureCaper collected $11.76 from pot
*** SUMMARY ***
Total pot $12 | Rake $0.24
Board [As Qh Th 3s 7h]
Seat 5: AzureCaper (big blind) showed [8s 6h] and won ($11.76) with high card Ace
Seat 6: BadBoyKillla (button) (small blind) mucked


PokerStars Hand #160631167438:  Hold'em Limit ($3/$6 USD) - 2016/10/30 3:47:57 ET
Table 'Antilochus' 6-max Seat #5 is the button
Seat 5: AzureCaper ($96.77 in chips)
Seat 6: BadBoyKillla ($725.07 in chips)
AzureCaper: posts small blind $1
BadBoyKillla: posts big blind $3
*** HOLE CARDS ***
AzureCaper: folds
Uncalled bet ($2) returned to BadBoyKillla
BadBoyKillla collected $2 from pot
*** SUMMARY ***
Total pot $2 | Rake $0
Seat 5: AzureCaper (button) (small blind) folded before Flop
Seat 6: BadBoyKillla (big blind) collected ($2)


PokerStars Hand #160631274728:  Hold'em Limit ($3/$6 USD) - 2016/10/30 3:53:20 ET
Table 'Antilochus' 6-max Seat #5 is the button
Seat 5: AzureCaper ($94.78 in chips)
Seat 6: BadBoyKillla ($826.32 in chips)
AzureCaper: posts small blind $1
BadBoyKillla: posts big blind $3
*** HOLE CARDS ***
AzureCaper: raises $3 to $6
BadBoyKillla: calls $3
*** FLOP *** [3h 3c Ah]
BadBoyKillla: checks
AzureCaper: bets $3
BadBoyKillla: calls $3
*** TURN *** [3h 3c Ah] [5d]
BadBoyKillla: checks
AzureCaper: checks
*** RIVER *** [3h 3c Ah 5d] [4h]
BadBoyKillla: bets $6
AzureCaper: folds
Uncalled bet ($6) returned to BadBoyKillla
BadBoyKillla collected $17.64 from pot
*** SUMMARY ***
Total pot $18 | Rake $0.36
Board [3h 3c Ah 5d 4h]
Seat 5: AzureCaper (button) (small blind) folded on the River
Seat 6: BadBoyKillla (big blind) collected ($17.64)


PokerStars Hand #160631264555:  Hold'em Limit ($3/$6 USD) - 2016/10/30 3:52:48 ET
Table 'Antilochus' 6-max Seat #6 is the button
Seat 5: AzureCaper ($94.02 in chips)
Seat 6: BadBoyKillla ($827.56 in chips)
BadBoyKillla: posts small blind $1
AzureCaper: posts big blind $3
*** HOLE CARDS ***
BadBoyKillla: raises $3 to $6
AzureCaper: calls $3
*** FLOP *** [9h 2d Qh]
AzureCaper: checks
BadBoyKillla: bets $3
AzureCaper: folds
Uncalled bet ($3) returned to BadBoyKillla
BadBoyKillla collected $11.76 from pot
*** SUMMARY ***
Total pot $12 | Rake $0.24
Board [9h 2d Qh]
Seat 5: AzureCaper (big blind) folded on the Flop
Seat 6: BadBoyKillla (button) (small blind) collected ($11.76)


PokerStars Hand #160631280585:  Hold'em Limit ($3/$6 USD) - 2016/10/30 3:53:39 ET
Table 'Antilochus' 6-max Seat #6 is the button
Seat 5: AzureCaper ($85.78 in chips)
Seat 6: BadBoyKillla ($834.96 in chips)
BadBoyKillla: posts small blind $1
AzureCaper: posts big blind $3
*** HOLE CARDS ***
BadBoyKillla: folds
Uncalled bet ($2) returned to AzureCaper
AzureCaper collected $2 from pot
AzureCaper: doesn't show hand
*** SUMMARY ***
Total pot $2 | Rake $0
Seat 5: AzureCaper (big blind) collected ($2)
Seat 6: BadBoyKillla (button) (small blind) folded before Flop


PokerStars Hand #160631272625:  Hold'em Limit ($3/$6 USD) - 2016/10/30 3:53:14 ET
Table 'Antilochus' 6-max Seat #6 is the button
Seat 5: AzureCaper ($93.78 in chips)
Seat 6: BadBoyKillla ($827.32 in chips)
BadBoyKillla: posts small blind $1
AzureCaper: posts big blind $3
*** HOLE CARDS ***
BadBoyKillla: folds
Uncalled bet ($2) returned to AzureCaper
AzureCaper collected $2 from pot
AzureCaper: doesn't show hand
*** SUMMARY ***
Total pot $2 | Rake $0
Seat 5: AzureCaper (big blind) collected ($2)
Seat 6: BadBoyKillla (button) (small blind) folded before Flop


PokerStars Hand #160631269155:  Hold'em Limit ($3/$6 USD) - 2016/10/30 3:53:03 ET
Table 'Antilochus' 6-max Seat #5 is the button
Seat 5: AzureCaper ($88.02 in chips)
Seat 6: BadBoyKillla ($833.32 in chips)
AzureCaper: posts small blind $1
BadBoyKillla: posts big blind $3
*** HOLE CARDS ***
AzureCaper: raises $3 to $6
BadBoyKillla: calls $3
*** FLOP *** [Ah Th 3d]
BadBoyKillla: checks
AzureCaper: bets $3
BadBoyKillla: folds
Uncalled bet ($3) returned to AzureCaper
AzureCaper collected $11.76 from pot
AzureCaper: doesn't show hand
*** SUMMARY ***
Total pot $12 | Rake $0.24
Board [Ah Th 3d]
Seat 5: AzureCaper (button) (small blind) collected ($11.76)
Seat 6: BadBoyKillla (big blind) folded on the Flop


PokerStars Hand #160631282408:  Hold'em Limit ($3/$6 USD) - 2016/10/30 3:53:44 ET
Table 'Antilochus' 6-max Seat #5 is the button
Seat 5: AzureCaper ($86.78 in chips)
Seat 6: BadBoyKillla ($833.96 in chips)
AzureCaper: posts small blind $1
BadBoyKillla: posts big blind $3
*** HOLE CARDS ***
AzureCaper: raises $3 to $6
BadBoyKillla: raises $3 to $9
AzureCaper: calls $3
*** FLOP *** [3s Th 9c]
BadBoyKillla: bets $3
AzureCaper: calls $3
*** TURN *** [3s Th 9c] [9h]
BadBoyKillla: bets $6
AzureCaper: raises $6 to $12
BadBoyKillla: raises $6 to $18
AzureCaper: folds
Uncalled bet ($6) returned to BadBoyKillla
19woody58 joins the table at seat #2
BadBoyKillla collected $47.50 from pot
*** SUMMARY ***
Total pot $48 | Rake $0.50
Board [3s Th 9c 9h]
Seat 5: AzureCaper (button) (small blind) folded on the Turn
Seat 6: BadBoyKillla (big blind) collected ($47.50)


PokerStars Hand #160633480839:  Hold'em Limit ($3/$6 USD) - 2016/10/30 5:33:56 ET
Table 'Antilochus' 6-max Seat #4 is the button
Seat 1: Menotti ($79.54 in chips)
Seat 4: B_loJkl ($133.70 in chips)
B_loJkl: posts small blind $1
zimin10 was removed from the table for failing to post
Menotti: posts big blind $3
*** HOLE CARDS ***
B_loJkl: raises $3 to $6
Menotti: calls $3
*** FLOP *** [8s 2h Jc]
Menotti: checks
MissEKAmouse leaves the table
B_loJkl: bets $3
Menotti: calls $3
*** TURN *** [8s 2h Jc] [2d]
Menotti: checks
B_loJkl: bets $6
Menotti: folds
Uncalled bet ($6) returned to B_loJkl
B_loJkl collected $17.64 from pot
B_loJkl: doesn't show hand
*** SUMMARY ***
Total pot $18 | Rake $0.36
Board [8s 2h Jc 2d]
Seat 1: Menotti (big blind) folded on the Turn
Seat 4: B_loJkl (button) (small blind) collected ($17.64)


PokerStars Hand #160633499339:  Hold'em Limit ($3/$6 USD) - 2016/10/30 5:34:40 ET
Table 'Antilochus' 6-max Seat #1 is the button
Seat 1: Menotti ($70.54 in chips)
Seat 4: B_loJkl ($142.34 in chips)
Menotti: posts small blind $1
B_loJkl: posts big blind $3
*** HOLE CARDS ***
Menotti: raises $3 to $6
Steffi1001 joins the table at seat #2
UNABELIEVE is disconnected
B_loJkl: raises $3 to $9
Menotti: calls $3
*** FLOP *** [3h Ad 9d]
B_loJkl: checks
Menotti: checks
*** TURN *** [3h Ad 9d] [2c]
B_loJkl: bets $6
Menotti: calls $6
*** RIVER *** [3h Ad 9d 2c] [Jd]
B_loJkl: bets $6
Menotti: calls $6
*** SHOW DOWN ***
B_loJkl: shows [Kd Ah] (a pair of Aces)
Menotti: mucks hand
B_loJkl collected $41.50 from pot
*** SUMMARY ***
Total pot $42 | Rake $0.50
Board [3h Ad 9d 2c Jd]
Seat 1: Menotti (button) (small blind) mucked
Seat 4: B_loJkl (big blind) showed [Kd Ah] and won ($41.50) with a pair of Aces


PokerStars Hand #160633964330:  Hold'em Limit ($3/$6 USD) - 2016/10/30 5:52:40 ET
Table 'Antilochus' 6-max Seat #2 is the button
Seat 1: Menotti ($187.28 in chips)
Seat 2: Steffi1001 ($79.45 in chips)
Steffi1001: posts small blind $1
B_loJkl: is sitting out
Menotti: posts big blind $3
*** HOLE CARDS ***
B_loJkl leaves the table
Steffi1001: folds
Uncalled bet ($2) returned to Menotti
Menotti collected $2 from pot
B_loJkl joins the table at seat #3
*** SUMMARY ***
Total pot $2 | Rake $0
Seat 1: Menotti (big blind) collected ($2)
Seat 2: Steffi1001 (button) (small blind) folded before Flop


PokerStars Hand #160633966496:  Hold'em Limit ($3/$6 USD) - 2016/10/30 5:52:45 ET
Table 'Antilochus' 6-max Seat #1 is the button
Seat 1: Menotti ($188.28 in chips)
Seat 2: Steffi1001 ($78.45 in chips)
Menotti: posts small blind $1
Steffi1001: posts big blind $3
*** HOLE CARDS ***
Menotti: raises $3 to $6
Steffi1001: raises $3 to $9
Menotti: calls $3
*** FLOP *** [6s Ac Qc]
Steffi1001: checks
Menotti: checks
*** TURN *** [6s Ac Qc] [9d]
Steffi1001: checks
Menotti: bets $6
Steffi1001: calls $6
*** RIVER *** [6s Ac Qc 9d] [Ad]
Steffi1001: checks
Menotti: checks
*** SHOW DOWN ***
Steffi1001: shows [Kh Ks] (two pair, Aces and Kings)
Menotti: mucks hand
Steffi1001 collected $29.50 from pot
*** SUMMARY ***
Total pot $30 | Rake $0.50
Board [6s Ac Qc 9d Ad]
Seat 1: Menotti (button) (small blind) mucked
Seat 2: Steffi1001 (big blind) showed [Kh Ks] and won ($29.50) with two pair, Aces and Kings


PokerStars Hand #160633983016:  Hold'em Limit ($3/$6 USD) - 2016/10/30 5:53:22 ET
Table 'Antilochus' 6-max Seat #3 is the button
Seat 1: Menotti ($173.28 in chips)
Seat 3: B_loJkl ($150 in chips)
B_loJkl: posts small blind $1
Menotti: posts big blind $3
*** HOLE CARDS ***
B_loJkl: raises $3 to $6
Menotti: raises $3 to $9
B_loJkl: calls $3
*** FLOP *** [6h 7h 5s]
Menotti: bets $3
B_loJkl: calls $3
*** TURN *** [6h 7h 5s] [Ah]
Menotti: bets $6
B_loJkl: raises $6 to $12
Menotti: calls $6
*** RIVER *** [6h 7h 5s Ah] [9c]
Menotti: checks
B_loJkl: bets $6
Menotti: calls $6
*** SHOW DOWN ***
B_loJkl: shows [9h Jh] (a flush, Ace high)
Menotti: mucks hand
B_loJkl collected $59.50 from pot
*** SUMMARY ***
Total pot $60 | Rake $0.50
Board [6h 7h 5s Ah 9c]
Seat 1: Menotti (big blind) mucked
Seat 3: B_loJkl (button) (small blind) showed [9h Jh] and won ($59.50) with a flush, Ace high


PokerStars Hand #160636316370:  Hold'em Limit ($3/$6 USD) - 2016/10/30 7:15:03 ET
Table 'Antilochus' 6-max Seat #2 is the button
Seat 2: ABATAPP ($83.63 in chips)
Seat 4: Kursor ($237.78 in chips)
ABATAPP: posts small blind $1
Kursor: posts big blind $3
*** HOLE CARDS ***
ABATAPP: raises $3 to $6
Kursor: raises $3 to $9
ABATAPP: calls $3
*** FLOP *** [Jc 2d Qs]
Kursor: bets $3
ABATAPP: folds
Uncalled bet ($3) returned to Kursor
Kursor collected $17.64 from pot
*** SUMMARY ***
Total pot $18 | Rake $0.36
Board [Jc 2d Qs]
Seat 2: ABATAPP (button) (small blind) folded on the Flop
Seat 4: Kursor (big blind) collected ($17.64)


PokerStars Hand #160636330252:  Hold'em Limit ($3/$6 USD) - 2016/10/30 7:15:30 ET
Table 'Antilochus' 6-max Seat #4 is the button
Seat 2: ABATAPP ($70.63 in chips)
Seat 4: Kursor ($250.42 in chips)
Kursor: posts small blind $1
ABATAPP: posts big blind $3
*** HOLE CARDS ***
Kursor: raises $3 to $6
ABATAPP: folds
Uncalled bet ($3) returned to Kursor
Kursor collected $6 from pot
*** SUMMARY ***
Total pot $6 | Rake $0
Seat 2: ABATAPP (big blind) folded before Flop
Seat 4: Kursor (button) (small blind) collected ($6)


PokerStars Hand #160636327407:  Hold'em Limit ($3/$6 USD) - 2016/10/30 7:15:25 ET
Table 'Antilochus' 6-max Seat #2 is the button
Seat 2: ABATAPP ($71.63 in chips)
Seat 4: Kursor ($249.42 in chips)
ABATAPP: posts small blind $1
Kursor: posts big blind $3
*** HOLE CARDS ***
ABATAPP: folds
Uncalled bet ($2) returned to Kursor
Kursor collected $2 from pot
*** SUMMARY ***
Total pot $2 | Rake $0
Seat 2: ABATAPP (button) (small blind) folded before Flop
Seat 4: Kursor (big blind) collected ($2)


PokerStars Hand #160636321361:  Hold'em Limit ($3/$6 USD) - 2016/10/30 7:15:13 ET
Table 'Antilochus' 6-max Seat #4 is the button
Seat 2: ABATAPP ($74.63 in chips)
Seat 4: Kursor ($246.42 in chips)
Kursor: posts small blind $1
ABATAPP: posts big blind $3
*** HOLE CARDS ***
Kursor: raises $3 to $6
ABATAPP: folds
Uncalled bet ($3) returned to Kursor
Kursor collected $6 from pot
*** SUMMARY ***
Total pot $6 | Rake $0
Seat 2: ABATAPP (big blind) folded before Flop
Seat 4: Kursor (button) (small blind) collected ($6)


PokerStars Hand #160636302985:  Hold'em Limit ($3/$6 USD) - 2016/10/30 7:14:36 ET
Table 'Antilochus' 6-max Seat #4 is the button
Seat 2: ABATAPP ($92.63 in chips)
Seat 4: Kursor ($229.14 in chips)
Kursor: posts small blind $1
ABATAPP: posts big blind $3
*** HOLE CARDS ***
tamnt10549 is disconnected
Kursor: raises $3 to $6
ABATAPP: calls $3
*** FLOP *** [Jh 3s Th]
ABATAPP: checks
Kursor: bets $3
ABATAPP: calls $3
*** TURN *** [Jh 3s Th] [Qh]
ABATAPP: checks
Kursor: bets $6
ABATAPP: folds
Uncalled bet ($6) returned to Kursor
Kursor collected $17.64 from pot
*** SUMMARY ***
Total pot $18 | Rake $0.36
Board [Jh 3s Th Qh]
Seat 2: ABATAPP (big blind) folded on the Turn
Seat 4: Kursor (button) (small blind) collected ($17.64)


PokerStars Hand #160636346671:  Hold'em Limit ($3/$6 USD) - 2016/10/30 7:16:02 ET
Table 'Antilochus' 6-max Seat #4 is the button
Seat 2: ABATAPP ($52.63 in chips)
Seat 4: Kursor ($267.92 in chips)
Kursor: posts small blind $1
ABATAPP: posts big blind $3
*** HOLE CARDS ***
Kursor: raises $3 to $6
ABATAPP: calls $3
*** FLOP *** [Jd 3d Ts]
ABATAPP: checks
Kursor: bets $3
ABATAPP: calls $3
*** TURN *** [Jd 3d Ts] [6h]
ABATAPP: checks
Kursor: bets $6
ABATAPP: raises $6 to $12
Kursor: calls $6
*** RIVER *** [Jd 3d Ts 6h] [Kd]
ABATAPP: bets $6
Kursor: raises $6 to $12
ABATAPP: folds
Uncalled bet ($6) returned to Kursor
Kursor collected $53.50 from pot
*** SUMMARY ***
Total pot $54 | Rake $0.50
Board [Jd 3d Ts 6h Kd]
Seat 2: ABATAPP (big blind) folded on the River
Seat 4: Kursor (button) (small blind) collected ($53.50)


PokerStars Hand #160636361619:  Hold'em Limit ($3/$6 USD) - 2016/10/30 7:16:32 ET
Table 'Antilochus' 6-max Seat #2 is the button
Seat 2: ABATAPP ($85.63 in chips)
Seat 4: Kursor ($294.42 in chips)
ABATAPP: posts small blind $1
Kursor: posts big blind $3
*** HOLE CARDS ***
ABATAPP: folds
Uncalled bet ($2) returned to Kursor
Kursor collected $2 from pot
*** SUMMARY ***
Total pot $2 | Rake $0
Seat 2: ABATAPP (button) (small blind) folded before Flop
Seat 4: Kursor (big blind) collected ($2)


PokerStars Hand #160636334950:  Hold'em Limit ($3/$6 USD) - 2016/10/30 7:15:39 ET
Table 'Antilochus' 6-max Seat #2 is the button
Seat 2: ABATAPP ($67.63 in chips)
Seat 4: Kursor ($253.42 in chips)
ABATAPP: posts small blind $1
Kursor: posts big blind $3
*** HOLE CARDS ***
ABATAPP: raises $3 to $6
Kursor: calls $3
*** FLOP *** [Jc 8s Th]
Kursor: checks
ABATAPP: bets $3
Kursor: calls $3
*** TURN *** [Jc 8s Th] [2s]
Kursor: checks
ABATAPP: bets $6
Kursor: calls $6
*** RIVER *** [Jc 8s Th 2s] [7h]
Kursor: bets $6
ABATAPP: folds
Uncalled bet ($6) returned to Kursor
Kursor collected $29.50 from pot
*** SUMMARY ***
Total pot $30 | Rake $0.50
Board [Jc 8s Th 2s 7h]
Seat 2: ABATAPP (button) (small blind) folded on the River
Seat 4: Kursor (big blind) collected ($29.50)


PokerStars Hand #160636386551:  Hold'em Limit ($3/$6 USD) - 2016/10/30 7:17:20 ET
Table 'Antilochus' 6-max Seat #4 is the button
Seat 2: ABATAPP ($99.63 in chips)
Seat 4: Kursor ($339.42 in chips)
Kursor: posts small blind $1
ABATAPP: posts big blind $3
*** HOLE CARDS ***
Kursor: raises $3 to $6
ABATAPP: calls $3
*** FLOP *** [Ad Td 3s]
ABATAPP: checks
Kursor: bets $3
ABATAPP: folds
Uncalled bet ($3) returned to Kursor
Kursor collected $11.76 from pot
*** SUMMARY ***
Total pot $12 | Rake $0.24
Board [Ad Td 3s]
Seat 2: ABATAPP (big blind) folded on the Flop
Seat 4: Kursor (button) (small blind) collected ($11.76)


PokerStars Hand #160636364932:  Hold'em Limit ($3/$6 USD) - 2016/10/30 7:16:38 ET
Table 'Antilochus' 6-max Seat #4 is the button
Seat 2: ABATAPP ($84.63 in chips)
Seat 4: Kursor ($295.42 in chips)
Kursor: posts small blind $1
ABATAPP: posts big blind $3
*** HOLE CARDS ***
Kursor: raises $3 to $6
ABATAPP: raises $3 to $9
Kursor: calls $3
*** FLOP *** [5d 9d 5h]
ABATAPP: bets $3
Kursor: calls $3
*** TURN *** [5d 9d 5h] [2d]
ABATAPP: checks
Kursor: bets $6
ABATAPP: raises $6 to $12
Kursor: calls $6
*** RIVER *** [5d 9d 5h 2d] [9c]
ABATAPP: bets $6
Kursor: raises $6 to $12
ABATAPP: folds
Uncalled bet ($6) returned to Kursor
Kursor collected $59.50 from pot
*** SUMMARY ***
Total pot $60 | Rake $0.50
Board [5d 9d 5h 2d 9c]
Seat 2: ABATAPP (big blind) folded on the River
Seat 4: Kursor (button) (small blind) collected ($59.50)


PokerStars Hand #160636376226:  Hold'em Limit ($3/$6 USD) - 2016/10/30 7:17:00 ET
Table 'Antilochus' 6-max Seat #2 is the button
Seat 2: ABATAPP ($54.63 in chips)
Seat 4: Kursor ($324.92 in chips)
ABATAPP: posts small blind $1
Kursor: posts big blind $3
*** HOLE CARDS ***
ABATAPP: raises $3 to $6
Kursor: raises $3 to $9
ABATAPP: raises $3 to $12
Betting is capped
Kursor: calls $3
*** FLOP *** [Ts 9s Qh]
Kursor: bets $3
ABATAPP: calls $3
*** TURN *** [Ts 9s Qh] [Jc]
Kursor: checks
ABATAPP: checks
*** RIVER *** [Ts 9s Qh Jc] [Jh]
Kursor: bets $6
ABATAPP: folds
Uncalled bet ($6) returned to Kursor
Kursor collected $29.50 from pot
*** SUMMARY ***
Total pot $30 | Rake $0.50
Board [Ts 9s Qh Jc Jh]
Seat 2: ABATAPP (button) (small blind) folded on the River
Seat 4: Kursor (big blind) collected ($29.50)


PokerStars Hand #160636415488:  Hold'em Limit ($3/$6 USD) - 2016/10/30 7:18:17 ET
Table 'Antilochus' 6-max Seat #2 is the button
Seat 2: ABATAPP ($91.13 in chips)
Seat 4: Kursor ($346.56 in chips)
ABATAPP: posts small blind $1
Kursor: posts big blind $3
*** HOLE CARDS ***
ABATAPP: raises $3 to $6
Kursor: calls $3
*** FLOP *** [7d 9d 8c]
Kursor: checks
ABATAPP: checks
*** TURN *** [7d 9d 8c] [8s]
Kursor: bets $6
ABATAPP: raises $6 to $12
Kursor: calls $6
*** RIVER *** [7d 9d 8c 8s] [Ks]
Kursor: bets $6
ABATAPP: calls $6
*** SHOW DOWN ***
Kursor: shows [Jc 4s] (a pair of Eights)
ABATAPP: shows [Kd 7h] (two pair, Kings and Eights)
ABATAPP collected $47.50 from pot
*** SUMMARY ***
Total pot $48 | Rake $0.50
Board [7d 9d 8c 8s Ks]
Seat 2: ABATAPP (button) (small blind) showed [Kd 7h] and won ($47.50) with two pair, Kings and Eights
Seat 4: Kursor (big blind) showed [Jc 4s] and lost with a pair of Eights


PokerStars Hand #160636399355:  Hold'em Limit ($3/$6 USD) - 2016/10/30 7:17:45 ET
Table 'Antilochus' 6-max Seat #4 is the button
Seat 2: ABATAPP ($117.13 in chips)
Seat 4: Kursor ($321.18 in chips)
Kursor: posts small blind $1
ABATAPP: posts big blind $3
*** HOLE CARDS ***
Kursor: folds
Uncalled bet ($2) returned to ABATAPP
ABATAPP collected $2 from pot
ABATAPP: doesn't show hand
*** SUMMARY ***
Total pot $2 | Rake $0
Seat 2: ABATAPP (big blind) collected ($2)
Seat 4: Kursor (button) (small blind) folded before Flop


PokerStars Hand #160636391691:  Hold'em Limit ($3/$6 USD) - 2016/10/30 7:17:30 ET
Table 'Antilochus' 6-max Seat #2 is the button
Seat 2: ABATAPP ($93.63 in chips)
Seat 4: Kursor ($345.18 in chips)
ABATAPP: posts small blind $1
Kursor: posts big blind $3
*** HOLE CARDS ***
ABATAPP: raises $3 to $6
Kursor: raises $3 to $9
ABATAPP: calls $3
*** FLOP *** [8s 9c 3d]
Kursor: bets $3
ABATAPP: calls $3
*** TURN *** [8s 9c 3d] [Kh]
Kursor: bets $6
ABATAPP: calls $6
*** RIVER *** [8s 9c 3d Kh] [Qh]
Kursor: bets $6
ABATAPP: raises $6 to $12
Kursor: folds
Uncalled bet ($6) returned to ABATAPP
ABATAPP collected $47.50 from pot
ABATAPP: doesn't show hand
*** SUMMARY ***
Total pot $48 | Rake $0.50
Board [8s 9c 3d Kh Qh]
Seat 2: ABATAPP (button) (small blind) collected ($47.50)
Seat 4: Kursor (big blind) folded on the River


PokerStars Hand #160636401812:  Hold'em Limit ($3/$6 USD) - 2016/10/30 7:17:50 ET
Table 'Antilochus' 6-max Seat #2 is the button
Seat 2: ABATAPP ($118.13 in chips)
Seat 4: Kursor ($320.18 in chips)
ABATAPP: posts small blind $1
Kursor: posts big blind $3
*** HOLE CARDS ***
ABATAPP: raises $3 to $6
Kursor: raises $3 to $9
ABATAPP: calls $3
*** FLOP *** [2h 7h 5h]
Kursor: bets $3
ABATAPP: calls $3
*** TURN *** [2h 7h 5h] [Jd]
Kursor: bets $6
ABATAPP: raises $6 to $12
Kursor: calls $6
*** RIVER *** [2h 7h 5h Jd] [Ks]
Kursor: bets $6
ABATAPP: folds
Uncalled bet ($6) returned to Kursor
Kursor collected $47.50 from pot
*** SUMMARY ***
Total pot $48 | Rake $0.50
Board [2h 7h 5h Jd Ks]
Seat 2: ABATAPP (button) (small blind) folded on the River
Seat 4: Kursor (big blind) collected ($47.50)


PokerStars Hand #160636409517:  Hold'em Limit ($3/$6 USD) - 2016/10/30 7:18:05 ET
Table 'Antilochus' 6-max Seat #4 is the button
Seat 2: ABATAPP ($94.13 in chips)
Seat 4: Kursor ($343.68 in chips)
Kursor: posts small blind $1
ABATAPP: posts big blind $3
*** HOLE CARDS ***
Kursor: calls $2
sinsadir joins the table at seat #6
ABATAPP: checks
*** FLOP *** [9h Ks 5s]
ABATAPP: checks
Kursor: bets $3
ABATAPP: folds
Uncalled bet ($3) returned to Kursor
Kursor collected $5.88 from pot
*** SUMMARY ***
Total pot $6 | Rake $0.12
Board [9h Ks 5s]
Seat 2: ABATAPP (big blind) folded on the Flop
Seat 4: Kursor (button) (small blind) collected ($5.88)


PokerStars Hand #160636881677:  Hold'em Limit ($3/$6 USD) - 2016/10/30 7:33:24 ET
Table 'Antilochus' 6-max Seat #2 is the button
Seat 2: ABATAPP ($157.34 in chips)
Seat 6: sinsadir ($72 in chips)
ABATAPP: posts small blind $1
Kursor: is sitting out
sinsadir: posts big blind $3
*** HOLE CARDS ***
ABATAPP: folds
Uncalled bet ($2) returned to sinsadir
ABATAPP leaves the table
sinsadir collected $2 from pot
sinsadir: doesn't show hand
*** SUMMARY ***
Total pot $2 | Rake $0
Seat 2: ABATAPP (button) (small blind) folded before Flop
Seat 6: sinsadir (big blind) collected ($2)


