PokerStars Hand #159247819124:  Hold'em Limit ($3/$6 USD) - 2016/09/29 12:24:30 ET
Table 'Antigone' 10-max Seat #1 is the button
Seat 1: LifeisagameX ($84 in chips)
Seat 2: Newheadpoker ($120 in chips)
LifeisagameX: posts small blind $1
Newheadpoker: posts big blind $3
*** HOLE CARDS ***
LifeisagameX: raises $3 to $6
Newheadpoker: raises $3 to $9
LifeisagameX: calls $3
*** FLOP *** [Jh 3d Qc]
Newheadpoker: bets $3
LifeisagameX: raises $3 to $6
Newheadpoker: calls $3
*** TURN *** [Jh 3d Qc] [Tc]
Newheadpoker: checks
LifeisagameX: bets $6
Newheadpoker: folds
Uncalled bet ($6) returned to LifeisagameX
LifeisagameX collected $29.50 from pot
LifeisagameX: doesn't show hand
*** SUMMARY ***
Total pot $30 | Rake $0.50
Board [Jh 3d Qc Tc]
Seat 1: LifeisagameX (button) (small blind) collected ($29.50)
Seat 2: Newheadpoker (big blind) folded on the Turn


PokerStars Hand #159247846997:  Hold'em Limit ($3/$6 USD) - 2016/09/29 12:25:12 ET
Table 'Antigone' 10-max Seat #2 is the button
Seat 1: LifeisagameX ($98.50 in chips)
Seat 2: Newheadpoker ($105 in chips)
Newheadpoker: posts small blind $1
LifeisagameX: posts big blind $3
*** HOLE CARDS ***
Newheadpoker: raises $3 to $6
LifeisagameX: calls $3
*** FLOP *** [Kd 6d Ad]
LifeisagameX: checks
Newheadpoker: bets $3
LifeisagameX: folds
Uncalled bet ($3) returned to Newheadpoker
Newheadpoker collected $11.76 from pot
Newheadpoker: doesn't show hand
*** SUMMARY ***
Total pot $12 | Rake $0.24
Board [Kd 6d Ad]
Seat 1: LifeisagameX (big blind) folded on the Flop
Seat 2: Newheadpoker (button) (small blind) collected ($11.76)


PokerStars Hand #159247919085:  Hold'em Limit ($3/$6 USD) - 2016/09/29 12:27:00 ET
Table 'Antigone' 10-max Seat #2 is the button
Seat 1: LifeisagameX ($125 in chips)
Seat 2: Newheadpoker ($77.76 in chips)
Newheadpoker: posts small blind $1
LifeisagameX: posts big blind $3
*** HOLE CARDS ***
Newheadpoker: folds
Uncalled bet ($2) returned to LifeisagameX
LifeisagameX collected $2 from pot
LifeisagameX: doesn't show hand
*** SUMMARY ***
Total pot $2 | Rake $0
Seat 1: LifeisagameX (big blind) collected ($2)
Seat 2: Newheadpoker (button) (small blind) folded before Flop


PokerStars Hand #159247865517:  Hold'em Limit ($3/$6 USD) - 2016/09/29 12:25:39 ET
Table 'Antigone' 10-max Seat #1 is the button
Seat 1: LifeisagameX ($92.50 in chips)
Seat 2: Newheadpoker ($110.76 in chips)
LifeisagameX: posts small blind $1
Newheadpoker: posts big blind $3
*** HOLE CARDS ***
LifeisagameX: raises $3 to $6
Newheadpoker: raises $3 to $9
LifeisagameX: calls $3
*** FLOP *** [2c 5h 6s]
Newheadpoker: bets $3
LifeisagameX: raises $3 to $6
Newheadpoker: calls $3
*** TURN *** [2c 5h 6s] [Qd]
Newheadpoker: checks
LifeisagameX: bets $6
Newheadpoker: raises $6 to $12
LifeisagameX: calls $6
*** RIVER *** [2c 5h 6s Qd] [7d]
Newheadpoker: bets $6
LifeisagameX: calls $6
*** SHOW DOWN ***
Newheadpoker: shows [Kc 4s] (high card King)
LifeisagameX: shows [4c Qc] (a pair of Queens)
LifeisagameX collected $65.50 from pot
*** SUMMARY ***
Total pot $66 | Rake $0.50
Board [2c 5h 6s Qd 7d]
Seat 1: LifeisagameX (button) (small blind) showed [4c Qc] and won ($65.50) with a pair of Queens
Seat 2: Newheadpoker (big blind) showed [Kc 4s] and lost with high card King


PokerStars Hand #159247934402:  Hold'em Limit ($3/$6 USD) - 2016/09/29 12:27:23 ET
Table 'Antigone' 10-max Seat #1 is the button
Seat 1: LifeisagameX ($130 in chips)
Seat 2: Newheadpoker ($72.76 in chips)
LifeisagameX: posts small blind $1
Newheadpoker: posts big blind $3
*** HOLE CARDS ***
LifeisagameX: raises $3 to $6
Newheadpoker: raises $3 to $9
LifeisagameX: calls $3
*** FLOP *** [Th 2h Tc]
Newheadpoker: bets $3
LifeisagameX: folds
Uncalled bet ($3) returned to Newheadpoker
Newheadpoker collected $17.64 from pot
Newheadpoker: doesn't show hand
*** SUMMARY ***
Total pot $18 | Rake $0.36
Board [Th 2h Tc]
Seat 1: LifeisagameX (button) (small blind) folded on the Flop
Seat 2: Newheadpoker (big blind) collected ($17.64)


PokerStars Hand #159247929995:  Hold'em Limit ($3/$6 USD) - 2016/09/29 12:27:16 ET
Table 'Antigone' 10-max Seat #2 is the button
Seat 1: LifeisagameX ($129 in chips)
Seat 2: Newheadpoker ($73.76 in chips)
Newheadpoker: posts small blind $1
LifeisagameX: posts big blind $3
*** HOLE CARDS ***
Newheadpoker: folds
Uncalled bet ($2) returned to LifeisagameX
LifeisagameX collected $2 from pot
LifeisagameX: doesn't show hand
*** SUMMARY ***
Total pot $2 | Rake $0
Seat 1: LifeisagameX (big blind) collected ($2)
Seat 2: Newheadpoker (button) (small blind) folded before Flop


PokerStars Hand #159247923733:  Hold'em Limit ($3/$6 USD) - 2016/09/29 12:27:06 ET
Table 'Antigone' 10-max Seat #1 is the button
Seat 1: LifeisagameX ($126 in chips)
Seat 2: Newheadpoker ($76.76 in chips)
LifeisagameX: posts small blind $1
Newheadpoker: posts big blind $3
*** HOLE CARDS ***
LifeisagameX: raises $3 to $6
Newheadpoker: folds
Uncalled bet ($3) returned to LifeisagameX
LifeisagameX collected $6 from pot
LifeisagameX: doesn't show hand
*** SUMMARY ***
Total pot $6 | Rake $0
Seat 1: LifeisagameX (button) (small blind) collected ($6)
Seat 2: Newheadpoker (big blind) folded before Flop


PokerStars Hand #159247949349:  Hold'em Limit ($3/$6 USD) - 2016/09/29 12:27:45 ET
Table 'Antigone' 10-max Seat #2 is the button
Seat 1: LifeisagameX ($121 in chips)
Seat 2: Newheadpoker ($81.40 in chips)
Newheadpoker: posts small blind $1
LifeisagameX: posts big blind $3
*** HOLE CARDS ***
Newheadpoker: raises $3 to $6
LifeisagameX: raises $3 to $9
Newheadpoker: calls $3
*** FLOP *** [2s 5h Th]
LifeisagameX: bets $3
Newheadpoker: raises $3 to $6
LifeisagameX: calls $3
*** TURN *** [2s 5h Th] [7h]
LifeisagameX: checks
Newheadpoker: bets $6
LifeisagameX: calls $6
*** RIVER *** [2s 5h Th 7h] [9s]
LifeisagameX: checks
Newheadpoker: bets $6
LifeisagameX: calls $6
*** SHOW DOWN ***
Newheadpoker: shows [Jh 9h] (a flush, Jack high)
LifeisagameX: mucks hand
Newheadpoker collected $53.50 from pot
*** SUMMARY ***
Total pot $54 | Rake $0.50
Board [2s 5h Th 7h 9s]
Seat 1: LifeisagameX (big blind) mucked
Seat 2: Newheadpoker (button) (small blind) showed [Jh 9h] and won ($53.50) with a flush, Jack high


PokerStars Hand #159248009899:  Hold'em Limit ($3/$6 USD) - 2016/09/29 12:29:16 ET
Table 'Antigone' 10-max Seat #2 is the button
Seat 1: LifeisagameX ($99.76 in chips)
Seat 2: Newheadpoker ($101.90 in chips)
Newheadpoker: posts small blind $1
LifeisagameX: posts big blind $3
*** HOLE CARDS ***
Newheadpoker: raises $3 to $6
LifeisagameX: calls $3
*** FLOP *** [7c 2s 9s]
LifeisagameX: checks
Newheadpoker: bets $3
LifeisagameX: calls $3
*** TURN *** [7c 2s 9s] [8d]
LifeisagameX: checks
Newheadpoker: bets $6
LifeisagameX: folds
Uncalled bet ($6) returned to Newheadpoker
Newheadpoker collected $17.64 from pot
Newheadpoker: doesn't show hand
*** SUMMARY ***
Total pot $18 | Rake $0.36
Board [7c 2s 9s 8d]
Seat 1: LifeisagameX (big blind) folded on the Turn
Seat 2: Newheadpoker (button) (small blind) collected ($17.64)


PokerStars Hand #159247978199:  Hold'em Limit ($3/$6 USD) - 2016/09/29 12:28:28 ET
Table 'Antigone' 10-max Seat #1 is the button
Seat 1: LifeisagameX ($94 in chips)
Seat 2: Newheadpoker ($107.90 in chips)
LifeisagameX: posts small blind $1
Newheadpoker: posts big blind $3
*** HOLE CARDS ***
LifeisagameX: raises $3 to $6
Newheadpoker: calls $3
*** FLOP *** [Qs Ks 8c]
Newheadpoker: checks
LifeisagameX: checks
*** TURN *** [Qs Ks 8c] [Qh]
Newheadpoker: checks
LifeisagameX: checks
*** RIVER *** [Qs Ks 8c Qh] [5h]
Newheadpoker: checks
LifeisagameX: bets $6
Newheadpoker: folds
Uncalled bet ($6) returned to LifeisagameX
LifeisagameX collected $11.76 from pot
LifeisagameX: doesn't show hand
*** SUMMARY ***
Total pot $12 | Rake $0.24
Board [Qs Ks 8c Qh 5h]
Seat 1: LifeisagameX (button) (small blind) collected ($11.76)
Seat 2: Newheadpoker (big blind) folded on the River


PokerStars Hand #159248026415:  Hold'em Limit ($3/$6 USD) - 2016/09/29 12:29:41 ET
Table 'Antigone' 10-max Seat #1 is the button
Seat 1: LifeisagameX ($90.76 in chips)
Seat 2: Newheadpoker ($110.54 in chips)
LifeisagameX: posts small blind $1
Newheadpoker: posts big blind $3
*** HOLE CARDS ***
LifeisagameX: raises $3 to $6
Newheadpoker: calls $3
*** FLOP *** [2s 2h Ts]
Newheadpoker: checks
LifeisagameX: bets $3
Newheadpoker: raises $3 to $6
LifeisagameX: calls $3
*** TURN *** [2s 2h Ts] [6c]
Newheadpoker: bets $6
LifeisagameX: calls $6
*** RIVER *** [2s 2h Ts 6c] [9d]
Newheadpoker: bets $6
LifeisagameX: folds
Uncalled bet ($6) returned to Newheadpoker
Newheadpoker collected $35.50 from pot
Newheadpoker: doesn't show hand
*** SUMMARY ***
Total pot $36 | Rake $0.50
Board [2s 2h Ts 6c 9d]
Seat 1: LifeisagameX (button) (small blind) folded on the River
Seat 2: Newheadpoker (big blind) collected ($35.50)


PokerStars Hand #159248114770:  Hold'em Limit ($3/$6 USD) - 2016/09/29 12:31:43 ET
Table 'Antigone' 10-max Seat #2 is the button
Seat 1: LifeisagameX ($87 in chips)
Seat 2: Newheadpoker ($151.54 in chips)
Newheadpoker: posts small blind $1
LifeisagameX: posts big blind $3
*** HOLE CARDS ***
Newheadpoker: raises $3 to $6
LifeisagameX: raises $3 to $9
Newheadpoker: calls $3
*** FLOP *** [2s 9d Ks]
LifeisagameX: bets $3
Newheadpoker: folds
Uncalled bet ($3) returned to LifeisagameX
LifeisagameX collected $17.64 from pot
LifeisagameX: doesn't show hand
*** SUMMARY ***
Total pot $18 | Rake $0.36
Board [2s 9d Ks]
Seat 1: LifeisagameX (big blind) collected ($17.64)
Seat 2: Newheadpoker (button) (small blind) folded on the Flop


PokerStars Hand #159248100790:  Hold'em Limit ($3/$6 USD) - 2016/09/29 12:31:23 ET
Table 'Antigone' 10-max Seat #1 is the button
Seat 1: LifeisagameX ($84 in chips)
Seat 2: Newheadpoker ($154.54 in chips)
LifeisagameX: posts small blind $1
Newheadpoker: posts big blind $3
*** HOLE CARDS ***
LifeisagameX: raises $3 to $6
Newheadpoker: folds
Uncalled bet ($3) returned to LifeisagameX
LifeisagameX collected $6 from pot
LifeisagameX: doesn't show hand
*** SUMMARY ***
Total pot $6 | Rake $0
Seat 1: LifeisagameX (button) (small blind) collected ($6)
Seat 2: Newheadpoker (big blind) folded before Flop


PokerStars Hand #159248067125:  Hold'em Limit ($3/$6 USD) - 2016/09/29 12:30:32 ET
Table 'Antigone' 10-max Seat #2 is the button
Seat 1: LifeisagameX ($84 in chips)
Seat 2: Newheadpoker ($128.04 in chips)
Newheadpoker: posts small blind $1
LifeisagameX: posts big blind $3
*** HOLE CARDS ***
Newheadpoker: raises $3 to $6
LifeisagameX: raises $3 to $9
Newheadpoker: calls $3
*** FLOP *** [6c 2d 9h]
LifeisagameX: bets $3
Newheadpoker: raises $3 to $6
LifeisagameX: calls $3
*** TURN *** [6c 2d 9h] [Td]
LifeisagameX: checks
Newheadpoker: bets $6
LifeisagameX: calls $6
*** RIVER *** [6c 2d 9h Td] [Ts]
LifeisagameX: checks
Newheadpoker: bets $6
LifeisagameX: calls $6
*** SHOW DOWN ***
Newheadpoker: shows [8d 7d] (a straight, Six to Ten)
LifeisagameX: mucks hand
Newheadpoker collected $53.50 from pot
*** SUMMARY ***
Total pot $54 | Rake $0.50
Board [6c 2d 9h Td Ts]
Seat 1: LifeisagameX (big blind) mucked
Seat 2: Newheadpoker (button) (small blind) showed [8d 7d] and won ($53.50) with a straight, Six to Ten


PokerStars Hand #159248158887:  Hold'em Limit ($3/$6 USD) - 2016/09/29 12:32:48 ET
Table 'Antigone' 10-max Seat #1 is the button
Seat 1: LifeisagameX ($117.14 in chips)
Seat 2: Newheadpoker ($120.54 in chips)
LifeisagameX: posts small blind $1
Newheadpoker: posts big blind $3
*** HOLE CARDS ***
LifeisagameX: raises $3 to $6
Newheadpoker: folds
Uncalled bet ($3) returned to LifeisagameX
LifeisagameX collected $6 from pot
LifeisagameX: doesn't show hand
*** SUMMARY ***
Total pot $6 | Rake $0
Seat 1: LifeisagameX (button) (small blind) collected ($6)
Seat 2: Newheadpoker (big blind) folded before Flop


PokerStars Hand #159248155000:  Hold'em Limit ($3/$6 USD) - 2016/09/29 12:32:42 ET
Table 'Antigone' 10-max Seat #2 is the button
Seat 1: LifeisagameX ($116.14 in chips)
Seat 2: Newheadpoker ($121.54 in chips)
Newheadpoker: posts small blind $1
LifeisagameX: posts big blind $3
*** HOLE CARDS ***
Newheadpoker: folds
Uncalled bet ($2) returned to LifeisagameX
LifeisagameX collected $2 from pot
*** SUMMARY ***
Total pot $2 | Rake $0
Seat 1: LifeisagameX (big blind) collected ($2)
Seat 2: Newheadpoker (button) (small blind) folded before Flop


PokerStars Hand #159248126722:  Hold'em Limit ($3/$6 USD) - 2016/09/29 12:32:01 ET
Table 'Antigone' 10-max Seat #1 is the button
Seat 1: LifeisagameX ($95.64 in chips)
Seat 2: Newheadpoker ($142.54 in chips)
LifeisagameX: posts small blind $1
Newheadpoker: posts big blind $3
*** HOLE CARDS ***
LifeisagameX: raises $3 to $6
Newheadpoker: raises $3 to $9
LifeisagameX: calls $3
*** FLOP *** [2h 3h 5c]
Newheadpoker: bets $3
LifeisagameX: raises $3 to $6
Newheadpoker: calls $3
*** TURN *** [2h 3h 5c] [Js]
Newheadpoker: checks
LifeisagameX: checks
*** RIVER *** [2h 3h 5c Js] [6s]
Newheadpoker: checks
LifeisagameX: bets $6
Newheadpoker: calls $6
*** SHOW DOWN ***
LifeisagameX: shows [4d 2c] (a straight, Deuce to Six)
Newheadpoker: mucks hand
LifeisagameX collected $41.50 from pot
*** SUMMARY ***
Total pot $42 | Rake $0.50
Board [2h 3h 5c Js 6s]
Seat 1: LifeisagameX (button) (small blind) showed [4d 2c] and won ($41.50) with a straight, Deuce to Six
Seat 2: Newheadpoker (big blind) mucked


PokerStars Hand #159248164679:  Hold'em Limit ($3/$6 USD) - 2016/09/29 12:32:57 ET
Table 'Antigone' 10-max Seat #2 is the button
Seat 1: LifeisagameX ($120.14 in chips)
Seat 2: Newheadpoker ($117.54 in chips)
Newheadpoker: posts small blind $1
LifeisagameX: posts big blind $3
*** HOLE CARDS ***
Newheadpoker: raises $3 to $6
LifeisagameX: raises $3 to $9
Newheadpoker: calls $3
*** FLOP *** [2d 6d 8s]
LifeisagameX: bets $3
Newheadpoker: raises $3 to $6
LifeisagameX: calls $3
*** TURN *** [2d 6d 8s] [Js]
LifeisagameX: checks
Newheadpoker: bets $6
LifeisagameX: calls $6
*** RIVER *** [2d 6d 8s Js] [4c]
LifeisagameX: checks
Newheadpoker: bets $6
LifeisagameX: calls $6
*** SHOW DOWN ***
Newheadpoker: shows [5s 7h] (a straight, Four to Eight)
LifeisagameX: mucks hand
Newheadpoker collected $53.50 from pot
*** SUMMARY ***
Total pot $54 | Rake $0.50
Board [2d 6d 8s Js 4c]
Seat 1: LifeisagameX (big blind) mucked
Seat 2: Newheadpoker (button) (small blind) showed [5s 7h] and won ($53.50) with a straight, Four to Eight


PokerStars Hand #159248229159:  Hold'em Limit ($3/$6 USD) - 2016/09/29 12:34:32 ET
Table 'Antigone' 10-max Seat #2 is the button
Seat 1: LifeisagameX ($122.64 in chips)
Seat 2: Newheadpoker ($114.04 in chips)
Newheadpoker: posts small blind $1
LifeisagameX: posts big blind $3
*** HOLE CARDS ***
Newheadpoker: raises $3 to $6
LifeisagameX: raises $3 to $9
Newheadpoker: calls $3
*** FLOP *** [Qh Js 2s]
LifeisagameX: bets $3
Newheadpoker: folds
Uncalled bet ($3) returned to LifeisagameX
LifeisagameX collected $17.64 from pot
LifeisagameX: doesn't show hand
*** SUMMARY ***
Total pot $18 | Rake $0.36
Board [Qh Js 2s]
Seat 1: LifeisagameX (big blind) collected ($17.64)
Seat 2: Newheadpoker (button) (small blind) folded on the Flop


PokerStars Hand #159248202863:  Hold'em Limit ($3/$6 USD) - 2016/09/29 12:33:53 ET
Table 'Antigone' 10-max Seat #1 is the button
Seat 1: LifeisagameX ($93.14 in chips)
Seat 2: Newheadpoker ($144.04 in chips)
LifeisagameX: posts small blind $1
Newheadpoker: posts big blind $3
*** HOLE CARDS ***
LifeisagameX: raises $3 to $6
Newheadpoker: calls $3
*** FLOP *** [4c 6c Ac]
Newheadpoker: checks
LifeisagameX: bets $3
Newheadpoker: raises $3 to $6
LifeisagameX: calls $3
*** TURN *** [4c 6c Ac] [6h]
Newheadpoker: bets $6
LifeisagameX: raises $6 to $12
Newheadpoker: calls $6
*** RIVER *** [4c 6c Ac 6h] [7h]
Newheadpoker: checks
LifeisagameX: bets $6
Newheadpoker: calls $6
*** SHOW DOWN ***
LifeisagameX: shows [4s 4h] (a full house, Fours full of Sixes)
Newheadpoker: mucks hand
LifeisagameX collected $59.50 from pot
*** SUMMARY ***
Total pot $60 | Rake $0.50
Board [4c 6c Ac 6h 7h]
Seat 1: LifeisagameX (button) (small blind) showed [4s 4h] and won ($59.50) with a full house, Fours full of Sixes
Seat 2: Newheadpoker (big blind) mucked


PokerStars Hand #159248265897:  Hold'em Limit ($3/$6 USD) - 2016/09/29 12:35:27 ET
Table 'Antigone' 10-max Seat #2 is the button
Seat 1: LifeisagameX ($107.28 in chips)
Seat 2: Newheadpoker ($128.54 in chips)
Newheadpoker: posts small blind $1
LifeisagameX: posts big blind $3
*** HOLE CARDS ***
Newheadpoker: raises $3 to $6
LifeisagameX: calls $3
*** FLOP *** [9h Jd 2s]
LifeisagameX: checks
Newheadpoker: bets $3
LifeisagameX: folds
Uncalled bet ($3) returned to Newheadpoker
Newheadpoker collected $11.76 from pot
Newheadpoker: doesn't show hand
*** SUMMARY ***
Total pot $12 | Rake $0.24
Board [9h Jd 2s]
Seat 1: LifeisagameX (big blind) folded on the Flop
Seat 2: Newheadpoker (button) (small blind) collected ($11.76)


PokerStars Hand #159248238731:  Hold'em Limit ($3/$6 USD) - 2016/09/29 12:34:47 ET
Table 'Antigone' 10-max Seat #1 is the button
Seat 1: LifeisagameX ($131.28 in chips)
Seat 2: Newheadpoker ($105.04 in chips)
LifeisagameX: posts small blind $1
Newheadpoker: posts big blind $3
*** HOLE CARDS ***
LifeisagameX: raises $3 to $6
Newheadpoker: raises $3 to $9
LifeisagameX: calls $3
*** FLOP *** [Kh 9h Js]
Newheadpoker: bets $3
LifeisagameX: raises $3 to $6
Newheadpoker: raises $3 to $9
LifeisagameX: calls $3
*** TURN *** [Kh 9h Js] [Ah]
Newheadpoker: bets $6
LifeisagameX: calls $6
*** RIVER *** [Kh 9h Js Ah] [Kc]
Newheadpoker: bets $6
LifeisagameX: folds
Uncalled bet ($6) returned to Newheadpoker
Newheadpoker collected $47.50 from pot
Newheadpoker: doesn't show hand
*** SUMMARY ***
Total pot $48 | Rake $0.50
Board [Kh 9h Js Ah Kc]
Seat 1: LifeisagameX (button) (small blind) folded on the River
Seat 2: Newheadpoker (big blind) collected ($47.50)


PokerStars Hand #159248309642:  Hold'em Limit ($3/$6 USD) - 2016/09/29 12:36:33 ET
Table 'Antigone' 10-max Seat #2 is the button
Seat 1: LifeisagameX ($84 in chips)
Seat 2: Newheadpoker ($160.80 in chips)
Newheadpoker: posts small blind $1
LifeisagameX: posts big blind $3
*** HOLE CARDS ***
Newheadpoker: raises $3 to $6
LifeisagameX: calls $3
*** FLOP *** [4h 5d 2d]
LifeisagameX: checks
Newheadpoker: checks
*** TURN *** [4h 5d 2d] [7d]
LifeisagameX: checks
Newheadpoker: checks
*** RIVER *** [4h 5d 2d 7d] [5c]
LifeisagameX: checks
Newheadpoker: bets $6
LifeisagameX: calls $6
*** SHOW DOWN ***
Newheadpoker: shows [9s 6c] (a pair of Fives)
LifeisagameX: shows [8c Qh] (a pair of Fives - Queen kicker)
LifeisagameX collected $23.52 from pot
*** SUMMARY ***
Total pot $24 | Rake $0.48
Board [4h 5d 2d 7d 5c]
Seat 1: LifeisagameX (big blind) showed [8c Qh] and won ($23.52) with a pair of Fives
Seat 2: Newheadpoker (button) (small blind) showed [9s 6c] and lost with a pair of Fives


PokerStars Hand #159248282115:  Hold'em Limit ($3/$6 USD) - 2016/09/29 12:35:51 ET
Table 'Antigone' 10-max Seat #1 is the button
Seat 1: LifeisagameX ($101.28 in chips)
Seat 2: Newheadpoker ($134.30 in chips)
LifeisagameX: posts small blind $1
Newheadpoker: posts big blind $3
*** HOLE CARDS ***
LifeisagameX: raises $3 to $6
Newheadpoker: calls $3
*** FLOP *** [3d 6h 4d]
Newheadpoker: checks
LifeisagameX: bets $3
Newheadpoker: calls $3
*** TURN *** [3d 6h 4d] [Ts]
Newheadpoker: checks
LifeisagameX: bets $6
Newheadpoker: raises $6 to $12
LifeisagameX: calls $6
*** RIVER *** [3d 6h 4d Ts] [7c]
Newheadpoker: bets $6
LifeisagameX: calls $6
*** SHOW DOWN ***
Newheadpoker: shows [Tc 9d] (a pair of Tens)
LifeisagameX: mucks hand
Newheadpoker collected $53.50 from pot
*** SUMMARY ***
Total pot $54 | Rake $0.50
Board [3d 6h 4d Ts 7c]
Seat 1: LifeisagameX (button) (small blind) mucked
Seat 2: Newheadpoker (big blind) showed [Tc 9d] and won ($53.50) with a pair of Tens


PokerStars Hand #159248328526:  Hold'em Limit ($3/$6 USD) - 2016/09/29 12:37:01 ET
Table 'Antigone' 10-max Seat #1 is the button
Seat 1: LifeisagameX ($95.52 in chips)
Seat 2: Newheadpoker ($148.80 in chips)
LifeisagameX: posts small blind $1
Newheadpoker: posts big blind $3
*** HOLE CARDS ***
LifeisagameX: raises $3 to $6
Newheadpoker: raises $3 to $9
LifeisagameX: calls $3
*** FLOP *** [4h 7s Jc]
Newheadpoker: bets $3
LifeisagameX: calls $3
*** TURN *** [4h 7s Jc] [5c]
Newheadpoker: bets $6
LifeisagameX: calls $6
*** RIVER *** [4h 7s Jc 5c] [4s]
Newheadpoker: bets $6
LifeisagameX: folds
Uncalled bet ($6) returned to Newheadpoker
Newheadpoker collected $35.50 from pot
Newheadpoker: doesn't show hand
*** SUMMARY ***
Total pot $36 | Rake $0.50
Board [4h 7s Jc 5c 4s]
Seat 1: LifeisagameX (button) (small blind) folded on the River
Seat 2: Newheadpoker (big blind) collected ($35.50)


PokerStars Hand #159248407830:  Hold'em Limit ($3/$6 USD) - 2016/09/29 12:38:59 ET
Table 'Antigone' 10-max Seat #1 is the button
Seat 1: LifeisagameX ($84 in chips)
Seat 2: Newheadpoker ($183.56 in chips)
LifeisagameX: posts small blind $1
Newheadpoker: posts big blind $3
*** HOLE CARDS ***
LifeisagameX: raises $3 to $6
Newheadpoker: folds
Uncalled bet ($3) returned to LifeisagameX
LifeisagameX collected $6 from pot
LifeisagameX: doesn't show hand
*** SUMMARY ***
Total pot $6 | Rake $0
Seat 1: LifeisagameX (button) (small blind) collected ($6)
Seat 2: Newheadpoker (big blind) folded before Flop


PokerStars Hand #159248386671:  Hold'em Limit ($3/$6 USD) - 2016/09/29 12:38:27 ET
Table 'Antigone' 10-max Seat #2 is the button
Seat 1: LifeisagameX ($87 in chips)
Seat 2: Newheadpoker ($169.06 in chips)
Newheadpoker: posts small blind $1
LifeisagameX: posts big blind $3
*** HOLE CARDS ***
Newheadpoker: raises $3 to $6
LifeisagameX: calls $3
*** FLOP *** [Jd 8c Kc]
LifeisagameX: checks
Newheadpoker: bets $3
LifeisagameX: calls $3
*** TURN *** [Jd 8c Kc] [9d]
LifeisagameX: checks
Newheadpoker: bets $6
LifeisagameX: calls $6
*** RIVER *** [Jd 8c Kc 9d] [Js]
LifeisagameX: checks
Newheadpoker: checks
*** SHOW DOWN ***
LifeisagameX: shows [Td 6c] (a pair of Jacks)
Newheadpoker: shows [8d Qd] (two pair, Jacks and Eights)
Newheadpoker collected $29.50 from pot
*** SUMMARY ***
Total pot $30 | Rake $0.50
Board [Jd 8c Kc 9d Js]
Seat 1: LifeisagameX (big blind) showed [Td 6c] and lost with a pair of Jacks
Seat 2: Newheadpoker (button) (small blind) showed [8d Qd] and won ($29.50) with two pair, Jacks and Eights


PokerStars Hand #159248379689:  Hold'em Limit ($3/$6 USD) - 2016/09/29 12:38:17 ET
Table 'Antigone' 10-max Seat #1 is the button
Seat 1: LifeisagameX ($84 in chips)
Seat 2: Newheadpoker ($172.06 in chips)
LifeisagameX: posts small blind $1
Newheadpoker: posts big blind $3
*** HOLE CARDS ***
LifeisagameX: raises $3 to $6
Newheadpoker: folds
Uncalled bet ($3) returned to LifeisagameX
LifeisagameX collected $6 from pot
LifeisagameX: doesn't show hand
*** SUMMARY ***
Total pot $6 | Rake $0
Seat 1: LifeisagameX (button) (small blind) collected ($6)
Seat 2: Newheadpoker (big blind) folded before Flop


PokerStars Hand #159248352746:  Hold'em Limit ($3/$6 USD) - 2016/09/29 12:37:37 ET
Table 'Antigone' 10-max Seat #2 is the button
Seat 1: LifeisagameX ($84 in chips)
Seat 2: Newheadpoker ($166.30 in chips)
Newheadpoker: posts small blind $1
LifeisagameX: posts big blind $3
*** HOLE CARDS ***
Newheadpoker: raises $3 to $6
LifeisagameX: calls $3
*** FLOP *** [Qs 5d 3s]
LifeisagameX: checks
Newheadpoker: checks
*** TURN *** [Qs 5d 3s] [6d]
LifeisagameX: checks
Newheadpoker: checks
*** RIVER *** [Qs 5d 3s 6d] [Th]
LifeisagameX: checks
Newheadpoker: checks
*** SHOW DOWN ***
LifeisagameX: shows [Js 7h] (high card Queen)
Newheadpoker: shows [8h Ks] (high card King)
Newheadpoker collected $11.76 from pot
*** SUMMARY ***
Total pot $12 | Rake $0.24
Board [Qs 5d 3s 6d Th]
Seat 1: LifeisagameX (big blind) showed [Js 7h] and lost with high card Queen
Seat 2: Newheadpoker (button) (small blind) showed [8h Ks] and won ($11.76) with high card King


PokerStars Hand #159248413144:  Hold'em Limit ($3/$6 USD) - 2016/09/29 12:39:07 ET
Table 'Antigone' 10-max Seat #2 is the button
Seat 1: LifeisagameX ($87 in chips)
Seat 2: Newheadpoker ($180.56 in chips)
Newheadpoker: posts small blind $1
LifeisagameX: posts big blind $3
*** HOLE CARDS ***
Newheadpoker: raises $3 to $6
LifeisagameX: raises $3 to $9
Newheadpoker: raises $3 to $12
Betting is capped
LifeisagameX: calls $3
*** FLOP *** [Tc 7c Qd]
LifeisagameX: checks
Newheadpoker: checks
*** TURN *** [Tc 7c Qd] [Qh]
LifeisagameX: bets $6
Newheadpoker: calls $6
*** RIVER *** [Tc 7c Qd Qh] [2c]
LifeisagameX: bets $6
Newheadpoker: calls $6
*** SHOW DOWN ***
LifeisagameX: shows [Qc Jh] (three of a kind, Queens)
Newheadpoker: mucks hand
LifeisagameX collected $47.50 from pot
*** SUMMARY ***
Total pot $48 | Rake $0.50
Board [Tc 7c Qd Qh 2c]
Seat 1: LifeisagameX (big blind) showed [Qc Jh] and won ($47.50) with three of a kind, Queens
Seat 2: Newheadpoker (button) (small blind) mucked


PokerStars Hand #159248436943:  Hold'em Limit ($3/$6 USD) - 2016/09/29 12:39:42 ET
Table 'Antigone' 10-max Seat #1 is the button
Seat 1: LifeisagameX ($110.50 in chips)
Seat 2: Newheadpoker ($156.56 in chips)
LifeisagameX: posts small blind $1
Newheadpoker: posts big blind $3
*** HOLE CARDS ***
LifeisagameX: raises $3 to $6
Newheadpoker: raises $3 to $9
LifeisagameX: calls $3
*** FLOP *** [2h 8c 3h]
Newheadpoker: bets $3
LifeisagameX: calls $3
*** TURN *** [2h 8c 3h] [4c]
Newheadpoker: bets $6
LifeisagameX: folds
Uncalled bet ($6) returned to Newheadpoker
Newheadpoker collected $23.52 from pot
Newheadpoker: doesn't show hand
*** SUMMARY ***
Total pot $24 | Rake $0.48
Board [2h 8c 3h 4c]
Seat 1: LifeisagameX (button) (small blind) folded on the Turn
Seat 2: Newheadpoker (big blind) collected ($23.52)


PokerStars Hand #159248459591:  Hold'em Limit ($3/$6 USD) - 2016/09/29 12:40:15 ET
Table 'Antigone' 10-max Seat #1 is the button
Seat 1: LifeisagameX ($99.50 in chips)
Seat 2: Newheadpoker ($167.08 in chips)
LifeisagameX: posts small blind $1
Newheadpoker: posts big blind $3
*** HOLE CARDS ***
LifeisagameX: raises $3 to $6
Newheadpoker: raises $3 to $9
LifeisagameX: calls $3
*** FLOP *** [4h 2d 5d]
Newheadpoker: bets $3
LifeisagameX: raises $3 to $6
Newheadpoker: raises $3 to $9
LifeisagameX: calls $3
*** TURN *** [4h 2d 5d] [2s]
Newheadpoker: bets $6
LifeisagameX: raises $6 to $12
Newheadpoker: calls $6
*** RIVER *** [4h 2d 5d 2s] [4c]
Newheadpoker: checks
LifeisagameX: bets $6
Newheadpoker: calls $6
*** SHOW DOWN ***
LifeisagameX: shows [5h 5s] (a full house, Fives full of Fours)
Newheadpoker: mucks hand
LifeisagameX collected $71.50 from pot
*** SUMMARY ***
Total pot $72 | Rake $0.50
Board [4h 2d 5d 2s 4c]
Seat 1: LifeisagameX (button) (small blind) showed [5h 5s] and won ($71.50) with a full house, Fives full of Fours
Seat 2: Newheadpoker (big blind) mucked


PokerStars Hand #159248491311:  Hold'em Limit ($3/$6 USD) - 2016/09/29 12:41:02 ET
Table 'Antigone' 10-max Seat #2 is the button
Seat 1: LifeisagameX ($135 in chips)
Seat 2: Newheadpoker ($131.08 in chips)
Newheadpoker: posts small blind $1
LifeisagameX: posts big blind $3
*** HOLE CARDS ***
Newheadpoker: folds
Uncalled bet ($2) returned to LifeisagameX
LifeisagameX collected $2 from pot
LifeisagameX: doesn't show hand
*** SUMMARY ***
Total pot $2 | Rake $0
Seat 1: LifeisagameX (big blind) collected ($2)
Seat 2: Newheadpoker (button) (small blind) folded before Flop


PokerStars Hand #159248454866:  Hold'em Limit ($3/$6 USD) - 2016/09/29 12:40:08 ET
Table 'Antigone' 10-max Seat #2 is the button
Seat 1: LifeisagameX ($98.50 in chips)
Seat 2: Newheadpoker ($168.08 in chips)
Newheadpoker: posts small blind $1
LifeisagameX: posts big blind $3
*** HOLE CARDS ***
Newheadpoker: folds
Uncalled bet ($2) returned to LifeisagameX
LifeisagameX collected $2 from pot
LifeisagameX: doesn't show hand
*** SUMMARY ***
Total pot $2 | Rake $0
Seat 1: LifeisagameX (big blind) collected ($2)
Seat 2: Newheadpoker (button) (small blind) folded before Flop


PokerStars Hand #159248495153:  Hold'em Limit ($3/$6 USD) - 2016/09/29 12:41:08 ET
Table 'Antigone' 10-max Seat #1 is the button
Seat 1: LifeisagameX ($136 in chips)
Seat 2: Newheadpoker ($130.08 in chips)
LifeisagameX: posts small blind $1
Newheadpoker: posts big blind $3
*** HOLE CARDS ***
LifeisagameX: raises $3 to $6
Newheadpoker: calls $3
*** FLOP *** [Tc 2d Qh]
Newheadpoker: checks
LifeisagameX: bets $3
Newheadpoker: folds
Uncalled bet ($3) returned to LifeisagameX
LifeisagameX collected $11.76 from pot
LifeisagameX: doesn't show hand
*** SUMMARY ***
Total pot $12 | Rake $0.24
Board [Tc 2d Qh]
Seat 1: LifeisagameX (button) (small blind) collected ($11.76)
Seat 2: Newheadpoker (big blind) folded on the Flop


PokerStars Hand #159248520251:  Hold'em Limit ($3/$6 USD) - 2016/09/29 12:41:45 ET
Table 'Antigone' 10-max Seat #2 is the button
Seat 1: LifeisagameX ($141.76 in chips)
Seat 2: Newheadpoker ($124.08 in chips)
Newheadpoker: posts small blind $1
LifeisagameX: posts big blind $3
*** HOLE CARDS ***
Newheadpoker: raises $3 to $6
LifeisagameX: calls $3
*** FLOP *** [5s 6d 7s]
LifeisagameX: checks
Newheadpoker: bets $3
LifeisagameX: raises $3 to $6
Newheadpoker: calls $3
*** TURN *** [5s 6d 7s] [Qs]
LifeisagameX: bets $6
Newheadpoker: calls $6
*** RIVER *** [5s 6d 7s Qs] [9d]
LifeisagameX: bets $6
Newheadpoker: folds
Uncalled bet ($6) returned to LifeisagameX
LifeisagameX collected $35.50 from pot
LifeisagameX: doesn't show hand
*** SUMMARY ***
Total pot $36 | Rake $0.50
Board [5s 6d 7s Qs 9d]
Seat 1: LifeisagameX (big blind) collected ($35.50)
Seat 2: Newheadpoker (button) (small blind) folded on the River


PokerStars Hand #159248552595:  Hold'em Limit ($3/$6 USD) - 2016/09/29 12:42:33 ET
Table 'Antigone' 10-max Seat #1 is the button
Seat 1: LifeisagameX ($159.26 in chips)
Seat 2: Newheadpoker ($106.08 in chips)
LifeisagameX: posts small blind $1
Newheadpoker: posts big blind $3
*** HOLE CARDS ***
LifeisagameX: raises $3 to $6
Newheadpoker: folds
Uncalled bet ($3) returned to LifeisagameX
LifeisagameX collected $6 from pot
LifeisagameX: doesn't show hand
*** SUMMARY ***
Total pot $6 | Rake $0
Seat 1: LifeisagameX (button) (small blind) collected ($6)
Seat 2: Newheadpoker (big blind) folded before Flop


PokerStars Hand #159248563959:  Hold'em Limit ($3/$6 USD) - 2016/09/29 12:42:50 ET
Table 'Antigone' 10-max Seat #2 is the button
Seat 1: LifeisagameX ($162.26 in chips)
Seat 2: Newheadpoker ($103.08 in chips)
Newheadpoker: posts small blind $1
LifeisagameX: posts big blind $3
*** HOLE CARDS ***
Newheadpoker: folds
Uncalled bet ($2) returned to LifeisagameX
LifeisagameX collected $2 from pot
LifeisagameX: doesn't show hand
*** SUMMARY ***
Total pot $2 | Rake $0
Seat 1: LifeisagameX (big blind) collected ($2)
Seat 2: Newheadpoker (button) (small blind) folded before Flop


PokerStars Hand #159248603050:  Hold'em Limit ($3/$6 USD) - 2016/09/29 12:43:48 ET
Table 'Antigone' 10-max Seat #2 is the button
Seat 1: LifeisagameX ($186.76 in chips)
Seat 2: Newheadpoker ($78.08 in chips)
Newheadpoker: posts small blind $1
LifeisagameX: posts big blind $3
*** HOLE CARDS ***
Newheadpoker: folds
Uncalled bet ($2) returned to LifeisagameX
LifeisagameX collected $2 from pot
LifeisagameX: doesn't show hand
*** SUMMARY ***
Total pot $2 | Rake $0
Seat 1: LifeisagameX (big blind) collected ($2)
Seat 2: Newheadpoker (button) (small blind) folded before Flop


PokerStars Hand #159248569475:  Hold'em Limit ($3/$6 USD) - 2016/09/29 12:42:58 ET
Table 'Antigone' 10-max Seat #1 is the button
Seat 1: LifeisagameX ($163.26 in chips)
Seat 2: Newheadpoker ($102.08 in chips)
LifeisagameX: posts small blind $1
Newheadpoker: posts big blind $3
*** HOLE CARDS ***
LifeisagameX: raises $3 to $6
Newheadpoker: calls $3
*** FLOP *** [Kd 8h 5c]
Newheadpoker: checks
LifeisagameX: bets $3
Newheadpoker: raises $3 to $6
LifeisagameX: calls $3
*** TURN *** [Kd 8h 5c] [7d]
Newheadpoker: bets $6
LifeisagameX: calls $6
*** RIVER *** [Kd 8h 5c 7d] [Th]
Newheadpoker: bets $6
LifeisagameX: calls $6
*** SHOW DOWN ***
Newheadpoker: shows [6h 8c] (a pair of Eights)
LifeisagameX: shows [Ac Td] (a pair of Tens)
LifeisagameX collected $47.50 from pot
*** SUMMARY ***
Total pot $48 | Rake $0.50
Board [Kd 8h 5c 7d Th]
Seat 1: LifeisagameX (button) (small blind) showed [Ac Td] and won ($47.50) with a pair of Tens
Seat 2: Newheadpoker (big blind) showed [6h 8c] and lost with a pair of Eights


PokerStars Hand #159248607456:  Hold'em Limit ($3/$6 USD) - 2016/09/29 12:43:54 ET
Table 'Antigone' 10-max Seat #1 is the button
Seat 1: LifeisagameX ($187.76 in chips)
Seat 2: Newheadpoker ($77.08 in chips)
LifeisagameX: posts small blind $1
Newheadpoker: posts big blind $3
*** HOLE CARDS ***
LifeisagameX: raises $3 to $6
Newheadpoker: raises $3 to $9
LifeisagameX: calls $3
*** FLOP *** [Jh 2h 4d]
Newheadpoker: bets $3
LifeisagameX: calls $3
*** TURN *** [Jh 2h 4d] [2s]
Newheadpoker: bets $6
LifeisagameX: calls $6
*** RIVER *** [Jh 2h 4d 2s] [Qh]
Newheadpoker: bets $6
LifeisagameX: calls $6
*** SHOW DOWN ***
Newheadpoker: shows [Jc Js] (a full house, Jacks full of Deuces)
LifeisagameX: mucks hand
Newheadpoker collected $47.50 from pot
*** SUMMARY ***
Total pot $48 | Rake $0.50
Board [Jh 2h 4d 2s Qh]
Seat 1: LifeisagameX (button) (small blind) mucked
Seat 2: Newheadpoker (big blind) showed [Jc Js] and won ($47.50) with a full house, Jacks full of Deuces


PokerStars Hand #159248667090:  Hold'em Limit ($3/$6 USD) - 2016/09/29 12:45:22 ET
Table 'Antigone' 10-max Seat #1 is the button
Seat 1: LifeisagameX ($181.26 in chips)
Seat 2: Newheadpoker ($82.58 in chips)
LifeisagameX: posts small blind $1
Newheadpoker: posts big blind $3
*** HOLE CARDS ***
LifeisagameX: raises $3 to $6
Newheadpoker: calls $3
*** FLOP *** [9h 5h Jd]
Newheadpoker: checks
LifeisagameX: bets $3
Newheadpoker: folds
Uncalled bet ($3) returned to LifeisagameX
LifeisagameX collected $11.76 from pot
LifeisagameX: doesn't show hand
*** SUMMARY ***
Total pot $12 | Rake $0.24
Board [9h 5h Jd]
Seat 1: LifeisagameX (button) (small blind) collected ($11.76)
Seat 2: Newheadpoker (big blind) folded on the Flop


PokerStars Hand #159248639150:  Hold'em Limit ($3/$6 USD) - 2016/09/29 12:44:41 ET
Table 'Antigone' 10-max Seat #2 is the button
Seat 1: LifeisagameX ($163.76 in chips)
Seat 2: Newheadpoker ($100.58 in chips)
Newheadpoker: posts small blind $1
LifeisagameX: posts big blind $3
*** HOLE CARDS ***
Newheadpoker: raises $3 to $6
LifeisagameX: raises $3 to $9
Newheadpoker: calls $3
*** FLOP *** [Td 6s 3h]
LifeisagameX: bets $3
Newheadpoker: calls $3
*** TURN *** [Td 6s 3h] [7c]
LifeisagameX: checks
Newheadpoker: bets $6
LifeisagameX: calls $6
*** RIVER *** [Td 6s 3h 7c] [5c]
LifeisagameX: checks
Newheadpoker: checks
*** SHOW DOWN ***
LifeisagameX: shows [Kc Ad] (high card Ace)
Newheadpoker: mucks hand
LifeisagameX collected $35.50 from pot
*** SUMMARY ***
Total pot $36 | Rake $0.50
Board [Td 6s 3h 7c 5c]
Seat 1: LifeisagameX (big blind) showed [Kc Ad] and won ($35.50) with high card Ace
Seat 2: Newheadpoker (button) (small blind) mucked


PokerStars Hand #159248730829:  Hold'em Limit ($3/$6 USD) - 2016/09/29 12:46:57 ET
Table 'Antigone' 10-max Seat #2 is the button
Seat 1: LifeisagameX ($219.16 in chips)
Seat 2: Newheadpoker ($43.58 in chips)
Newheadpoker: posts small blind $1
LifeisagameX: posts big blind $3
*** HOLE CARDS ***
Newheadpoker: folds
Uncalled bet ($2) returned to LifeisagameX
LifeisagameX collected $2 from pot
*** SUMMARY ***
Total pot $2 | Rake $0
Seat 1: LifeisagameX (big blind) collected ($2)
Seat 2: Newheadpoker (button) (small blind) folded before Flop


PokerStars Hand #159248709798:  Hold'em Limit ($3/$6 USD) - 2016/09/29 12:46:25 ET
Table 'Antigone' 10-max Seat #1 is the button
Seat 1: LifeisagameX ($195.66 in chips)
Seat 2: Newheadpoker ($67.58 in chips)
LifeisagameX: posts small blind $1
Newheadpoker: posts big blind $3
*** HOLE CARDS ***
LifeisagameX: raises $3 to $6
Newheadpoker: calls $3
*** FLOP *** [Ts 4s 6c]
Newheadpoker: checks
LifeisagameX: checks
*** TURN *** [Ts 4s 6c] [4d]
Newheadpoker: bets $6
LifeisagameX: raises $6 to $12
Newheadpoker: calls $6
*** RIVER *** [Ts 4s 6c 4d] [Jd]
Newheadpoker: checks
LifeisagameX: bets $6
Newheadpoker: calls $6
*** SHOW DOWN ***
LifeisagameX: shows [4h 5h] (three of a kind, Fours)
Newheadpoker: mucks hand
LifeisagameX collected $47.50 from pot
*** SUMMARY ***
Total pot $48 | Rake $0.50
Board [Ts 4s 6c 4d Jd]
Seat 1: LifeisagameX (button) (small blind) showed [4h 5h] and won ($47.50) with three of a kind, Fours
Seat 2: Newheadpoker (big blind) mucked


PokerStars Hand #159248685283:  Hold'em Limit ($3/$6 USD) - 2016/09/29 12:45:49 ET
Table 'Antigone' 10-max Seat #2 is the button
Seat 1: LifeisagameX ($187.02 in chips)
Seat 2: Newheadpoker ($76.58 in chips)
Newheadpoker: posts small blind $1
LifeisagameX: posts big blind $3
*** HOLE CARDS ***
Newheadpoker: raises $3 to $6
LifeisagameX: raises $3 to $9
Newheadpoker: calls $3
*** FLOP *** [7s 5d 7h]
LifeisagameX: bets $3
Newheadpoker: folds
Uncalled bet ($3) returned to LifeisagameX
LifeisagameX collected $17.64 from pot
LifeisagameX: doesn't show hand
*** SUMMARY ***
Total pot $18 | Rake $0.36
Board [7s 5d 7h]
Seat 1: LifeisagameX (big blind) collected ($17.64)
Seat 2: Newheadpoker (button) (small blind) folded on the Flop


PokerStars Hand #159248735164:  Hold'em Limit ($3/$6 USD) - 2016/09/29 12:47:03 ET
Table 'Antigone' 10-max Seat #1 is the button
Seat 1: LifeisagameX ($220.16 in chips)
Seat 2: Newheadpoker ($42.58 in chips)
LifeisagameX: posts small blind $1
Newheadpoker: posts big blind $3
*** HOLE CARDS ***
LifeisagameX: raises $3 to $6
Newheadpoker: raises $3 to $9
LifeisagameX: calls $3
*** FLOP *** [6h 4h 3h]
Newheadpoker: bets $3
LifeisagameX: calls $3
*** TURN *** [6h 4h 3h] [8s]
Newheadpoker: bets $6
LifeisagameX: calls $6
*** RIVER *** [6h 4h 3h 8s] [9s]
Newheadpoker: bets $6
LifeisagameX: calls $6
*** SHOW DOWN ***
Newheadpoker: shows [Ac 9c] (a pair of Nines)
LifeisagameX: mucks hand
Newheadpoker collected $47.50 from pot
*** SUMMARY ***
Total pot $48 | Rake $0.50
Board [6h 4h 3h 8s 9s]
Seat 1: LifeisagameX (button) (small blind) mucked
Seat 2: Newheadpoker (big blind) showed [Ac 9c] and won ($47.50) with a pair of Nines


PokerStars Hand #159248784672:  Hold'em Limit ($3/$6 USD) - 2016/09/29 12:48:12 ET
Table 'Antigone' 10-max Seat #2 is the button
Seat 1: LifeisagameX ($196.16 in chips)
Seat 2: Newheadpoker ($66.08 in chips)
Newheadpoker: posts small blind $1
LifeisagameX: posts big blind $3
*** HOLE CARDS ***
Newheadpoker: raises $3 to $6
LifeisagameX: calls $3
*** FLOP *** [Tc 5c 3d]
LifeisagameX: checks
Newheadpoker: checks
*** TURN *** [Tc 5c 3d] [5d]
LifeisagameX: checks
Newheadpoker: checks
*** RIVER *** [Tc 5c 3d 5d] [4h]
LifeisagameX: bets $6
Newheadpoker: folds
Uncalled bet ($6) returned to LifeisagameX
LifeisagameX collected $11.76 from pot
LifeisagameX: doesn't show hand
*** SUMMARY ***
Total pot $12 | Rake $0.24
Board [Tc 5c 3d 5d 4h]
Seat 1: LifeisagameX (big blind) collected ($11.76)
Seat 2: Newheadpoker (button) (small blind) folded on the River


PokerStars Hand #159248822621:  Hold'em Limit ($3/$6 USD) - 2016/09/29 12:49:05 ET
Table 'Antigone' 10-max Seat #1 is the button
Seat 1: LifeisagameX ($201.92 in chips)
Seat 2: Newheadpoker ($60.08 in chips)
LifeisagameX: posts small blind $1
Newheadpoker: posts big blind $3
*** HOLE CARDS ***
LifeisagameX: raises $3 to $6
Newheadpoker: folds
Uncalled bet ($3) returned to LifeisagameX
LifeisagameX collected $6 from pot
LifeisagameX: doesn't show hand
*** SUMMARY ***
Total pot $6 | Rake $0
Seat 1: LifeisagameX (button) (small blind) collected ($6)
Seat 2: Newheadpoker (big blind) folded before Flop


PokerStars Hand #159248831342:  Hold'em Limit ($3/$6 USD) - 2016/09/29 12:49:17 ET
Table 'Antigone' 10-max Seat #2 is the button
Seat 1: LifeisagameX ($204.92 in chips)
Seat 2: Newheadpoker ($57.08 in chips)
Newheadpoker: posts small blind $1
LifeisagameX: posts big blind $3
*** HOLE CARDS ***
Newheadpoker: raises $3 to $6
LifeisagameX: calls $3
*** FLOP *** [2d As Ah]
LifeisagameX: checks
Newheadpoker: bets $3
LifeisagameX: calls $3
*** TURN *** [2d As Ah] [7d]
LifeisagameX: checks
Newheadpoker: bets $6
LifeisagameX: calls $6
*** RIVER *** [2d As Ah 7d] [Qc]
LifeisagameX: checks
Newheadpoker: bets $6
Great_Kang joins the table at seat #3
LifeisagameX: calls $6
*** SHOW DOWN ***
Newheadpoker: shows [8h 7c] (two pair, Aces and Sevens)
LifeisagameX: mucks hand
Newheadpoker collected $41.50 from pot
*** SUMMARY ***
Total pot $42 | Rake $0.50
Board [2d As Ah 7d Qc]
Seat 1: LifeisagameX (big blind) mucked
Seat 2: Newheadpoker (button) (small blind) showed [8h 7c] and won ($41.50) with two pair, Aces and Sevens


PokerStars Hand #159248883963:  Hold'em Limit ($3/$6 USD) - 2016/09/29 12:50:30 ET
Table 'Antigone' 10-max Seat #1 is the button
Seat 1: LifeisagameX ($183.92 in chips)
Seat 2: Newheadpoker ($77.58 in chips)
LifeisagameX: posts small blind $1
Newheadpoker: posts big blind $3
*** HOLE CARDS ***
LifeisagameX: raises $3 to $6
Newheadpoker: calls $3
*** FLOP *** [8c Ts 2d]
Newheadpoker: checks
LifeisagameX: checks
*** TURN *** [8c Ts 2d] [5s]
Newheadpoker: bets $6
LifeisagameX: calls $6
*** RIVER *** [8c Ts 2d 5s] [7c]
Newheadpoker: bets $6
LifeisagameX: folds
Uncalled bet ($6) returned to Newheadpoker
Newheadpoker collected $23.52 from pot
Newheadpoker: doesn't show hand
*** SUMMARY ***
Total pot $24 | Rake $0.48
Board [8c Ts 2d 5s 7c]
Seat 1: LifeisagameX (button) (small blind) folded on the River
Seat 2: Newheadpoker (big blind) collected ($23.52)


PokerStars Hand #159248967508:  Hold'em Limit ($3/$6 USD) - 2016/09/29 12:52:27 ET
Table 'Antigone' 10-max Seat #2 is the button
Seat 2: Newheadpoker ($80.71 in chips)
Seat 3: Great_Kang ($130.28 in chips)
Newheadpoker: posts small blind $1
Great_Kang: posts big blind $3
*** HOLE CARDS ***
Newheadpoker: folds
Uncalled bet ($2) returned to Great_Kang
Great_Kang collected $2 from pot
Great_Kang: doesn't show hand
*** SUMMARY ***
Total pot $2 | Rake $0
Seat 2: Newheadpoker (button) (small blind) folded before Flop
Seat 3: Great_Kang (big blind) collected ($2)


PokerStars Hand #159248971705:  Hold'em Limit ($3/$6 USD) - 2016/09/29 12:52:33 ET
Table 'Antigone' 10-max Seat #3 is the button
Seat 2: Newheadpoker ($79.71 in chips)
Seat 3: Great_Kang ($131.28 in chips)
LifeisagameX leaves the table
Great_Kang: posts small blind $1
Newheadpoker: posts big blind $3
*** HOLE CARDS ***
Great_Kang: raises $3 to $6
Newheadpoker: calls $3
*** FLOP *** [4c 5h 6h]
Newheadpoker: checks
Great_Kang: bets $3
Newheadpoker: raises $3 to $6
Great_Kang: calls $3
*** TURN *** [4c 5h 6h] [4d]
Newheadpoker: bets $6
Great_Kang: calls $6
*** RIVER *** [4c 5h 6h 4d] [9c]
Newheadpoker: bets $6
Great_Kang: calls $6
*** SHOW DOWN ***
Newheadpoker: shows [7s Qs] (a pair of Fours)
Great_Kang: shows [Ts 5d] (two pair, Fives and Fours)
Great_Kang collected $47.50 from pot
*** SUMMARY ***
Total pot $48 | Rake $0.50
Board [4c 5h 6h 4d 9c]
Seat 2: Newheadpoker (big blind) showed [7s Qs] and lost with a pair of Fours
Seat 3: Great_Kang (button) (small blind) showed [Ts 5d] and won ($47.50) with two pair, Fives and Fours


PokerStars Hand #159248989415:  Hold'em Limit ($3/$6 USD) - 2016/09/29 12:52:58 ET
Table 'Antigone' 10-max Seat #2 is the button
Seat 2: Newheadpoker ($55.71 in chips)
Seat 3: Great_Kang ($154.78 in chips)
Newheadpoker: posts small blind $1
Great_Kang: posts big blind $3
*** HOLE CARDS ***
Newheadpoker: folds
Uncalled bet ($2) returned to Great_Kang
Great_Kang collected $2 from pot
Great_Kang: doesn't show hand
*** SUMMARY ***
Total pot $2 | Rake $0
Seat 2: Newheadpoker (button) (small blind) folded before Flop
Seat 3: Great_Kang (big blind) collected ($2)


PokerStars Hand #159248995418:  Hold'em Limit ($3/$6 USD) - 2016/09/29 12:53:06 ET
Table 'Antigone' 10-max Seat #3 is the button
Seat 2: Newheadpoker ($54.71 in chips)
Seat 3: Great_Kang ($155.78 in chips)
Great_Kang: posts small blind $1
Newheadpoker: posts big blind $3
*** HOLE CARDS ***
Great_Kang: raises $3 to $6
Newheadpoker: folds
Uncalled bet ($3) returned to Great_Kang
Great_Kang collected $6 from pot
Great_Kang: doesn't show hand
*** SUMMARY ***
Total pot $6 | Rake $0
Seat 2: Newheadpoker (big blind) folded before Flop
Seat 3: Great_Kang (button) (small blind) collected ($6)


PokerStars Hand #159249021685:  Hold'em Limit ($3/$6 USD) - 2016/09/29 12:53:43 ET
Table 'Antigone' 10-max Seat #3 is the button
Seat 2: Newheadpoker ($27.71 in chips)
Seat 3: Great_Kang ($182.28 in chips)
Great_Kang: posts small blind $1
Newheadpoker: posts big blind $3
*** HOLE CARDS ***
Great_Kang: folds
Uncalled bet ($2) returned to Newheadpoker
Newheadpoker collected $2 from pot
Newheadpoker: doesn't show hand
*** SUMMARY ***
Total pot $2 | Rake $0
Seat 2: Newheadpoker (big blind) collected ($2)
Seat 3: Great_Kang (button) (small blind) folded before Flop


PokerStars Hand #159249000115:  Hold'em Limit ($3/$6 USD) - 2016/09/29 12:53:13 ET
Table 'Antigone' 10-max Seat #2 is the button
Seat 2: Newheadpoker ($51.71 in chips)
Seat 3: Great_Kang ($158.78 in chips)
Newheadpoker: posts small blind $1
Great_Kang: posts big blind $3
*** HOLE CARDS ***
Newheadpoker: raises $3 to $6
Great_Kang: calls $3
*** FLOP *** [9h 3d 4c]
Great_Kang: checks
Newheadpoker: bets $3
Great_Kang: raises $3 to $6
Newheadpoker: calls $3
*** TURN *** [9h 3d 4c] [6h]
Great_Kang: bets $6
Newheadpoker: calls $6
*** RIVER *** [9h 3d 4c 6h] [9s]
Great_Kang: bets $6
Newheadpoker: calls $6
*** SHOW DOWN ***
Great_Kang: shows [2d 4d] (two pair, Nines and Fours)
Newheadpoker: mucks hand
Great_Kang collected $47.50 from pot
*** SUMMARY ***
Total pot $48 | Rake $0.50
Board [9h 3d 4c 6h 9s]
Seat 2: Newheadpoker (button) (small blind) mucked
Seat 3: Great_Kang (big blind) showed [2d 4d] and won ($47.50) with two pair, Nines and Fours


PokerStars Hand #159249040825:  Hold'em Limit ($3/$6 USD) - 2016/09/29 12:54:10 ET
Table 'Antigone' 10-max Seat #3 is the button
Seat 2: Newheadpoker ($49.21 in chips)
Seat 3: Great_Kang ($160.28 in chips)
Great_Kang: posts small blind $1
Newheadpoker: posts big blind $3
*** HOLE CARDS ***
Great_Kang: raises $3 to $6
Newheadpoker: folds
Uncalled bet ($3) returned to Great_Kang
Great_Kang collected $6 from pot
Great_Kang: doesn't show hand
*** SUMMARY ***
Total pot $6 | Rake $0
Seat 2: Newheadpoker (big blind) folded before Flop
Seat 3: Great_Kang (button) (small blind) collected ($6)


PokerStars Hand #159249025347:  Hold'em Limit ($3/$6 USD) - 2016/09/29 12:53:48 ET
Table 'Antigone' 10-max Seat #2 is the button
Seat 2: Newheadpoker ($28.71 in chips)
Seat 3: Great_Kang ($181.28 in chips)
Newheadpoker: posts small blind $1
Great_Kang: posts big blind $3
*** HOLE CARDS ***
Newheadpoker: raises $3 to $6
Great_Kang: calls $3
*** FLOP *** [Kd 7h 6s]
Great_Kang: checks
Newheadpoker: bets $3
Great_Kang: calls $3
*** TURN *** [Kd 7h 6s] [7d]
Great_Kang: checks
Newheadpoker: bets $6
Great_Kang: calls $6
*** RIVER *** [Kd 7h 6s 7d] [5c]
Great_Kang: checks
Newheadpoker: bets $6
Great_Kang: calls $6
*** SHOW DOWN ***
Newheadpoker: shows [Ks Ac] (two pair, Kings and Sevens)
Great_Kang: mucks hand
Newheadpoker collected $41.50 from pot
*** SUMMARY ***
Total pot $42 | Rake $0.50
Board [Kd 7h 6s 7d 5c]
Seat 2: Newheadpoker (button) (small blind) showed [Ks Ac] and won ($41.50) with two pair, Kings and Sevens
Seat 3: Great_Kang (big blind) mucked


PokerStars Hand #159249073596:  Hold'em Limit ($3/$6 USD) - 2016/09/29 12:54:57 ET
Table 'Antigone' 10-max Seat #2 is the button
Seat 2: Newheadpoker ($36.21 in chips)
Seat 3: Great_Kang ($172.92 in chips)
Newheadpoker: posts small blind $1
Great_Kang: posts big blind $3
*** HOLE CARDS ***
Newheadpoker: raises $3 to $6
Great_Kang: calls $3
*** FLOP *** [8s 2c 7c]
Great_Kang: checks
Newheadpoker: bets $3
Great_Kang: raises $3 to $6
Newheadpoker: calls $3
*** TURN *** [8s 2c 7c] [4c]
Great_Kang: bets $6
Newheadpoker: folds
Uncalled bet ($6) returned to Great_Kang
Great_Kang collected $23.52 from pot
Great_Kang: doesn't show hand
*** SUMMARY ***
Total pot $24 | Rake $0.48
Board [8s 2c 7c 4c]
Seat 2: Newheadpoker (button) (small blind) folded on the Turn
Seat 3: Great_Kang (big blind) collected ($23.52)


PokerStars Hand #159249059805:  Hold'em Limit ($3/$6 USD) - 2016/09/29 12:54:37 ET
Table 'Antigone' 10-max Seat #3 is the button
Seat 2: Newheadpoker ($45.21 in chips)
Seat 3: Great_Kang ($164.28 in chips)
Great_Kang: posts small blind $1
Newheadpoker: posts big blind $3
*** HOLE CARDS ***
Great_Kang: raises $3 to $6
Newheadpoker: calls $3
*** FLOP *** [Ts 3d 6c]
Newheadpoker: checks
Great_Kang: bets $3
Newheadpoker: calls $3
*** TURN *** [Ts 3d 6c] [Ac]
Newheadpoker: checks
Great_Kang: bets $6
Newheadpoker: folds
Uncalled bet ($6) returned to Great_Kang
Great_Kang collected $17.64 from pot
Great_Kang: doesn't show hand
*** SUMMARY ***
Total pot $18 | Rake $0.36
Board [Ts 3d 6c Ac]
Seat 2: Newheadpoker (big blind) folded on the Turn
Seat 3: Great_Kang (button) (small blind) collected ($17.64)


PokerStars Hand #159249054615:  Hold'em Limit ($3/$6 USD) - 2016/09/29 12:54:30 ET
Table 'Antigone' 10-max Seat #2 is the button
Seat 2: Newheadpoker ($46.21 in chips)
Seat 3: Great_Kang ($163.28 in chips)
Newheadpoker: posts small blind $1
Great_Kang: posts big blind $3
*** HOLE CARDS ***
Newheadpoker: folds
Uncalled bet ($2) returned to Great_Kang
Great_Kang collected $2 from pot
Great_Kang: doesn't show hand
*** SUMMARY ***
Total pot $2 | Rake $0
Seat 2: Newheadpoker (button) (small blind) folded before Flop
Seat 3: Great_Kang (big blind) collected ($2)


PokerStars Hand #159249050335:  Hold'em Limit ($3/$6 USD) - 2016/09/29 12:54:24 ET
Table 'Antigone' 10-max Seat #3 is the button
Seat 2: Newheadpoker ($49.21 in chips)
Seat 3: Great_Kang ($160.28 in chips)
Great_Kang: posts small blind $1
Newheadpoker: posts big blind $3
*** HOLE CARDS ***
Great_Kang: raises $3 to $6
Newheadpoker: folds
Uncalled bet ($3) returned to Great_Kang
Great_Kang collected $6 from pot
Great_Kang: doesn't show hand
*** SUMMARY ***
Total pot $6 | Rake $0
Seat 2: Newheadpoker (big blind) folded before Flop
Seat 3: Great_Kang (button) (small blind) collected ($6)


PokerStars Hand #159249046254:  Hold'em Limit ($3/$6 USD) - 2016/09/29 12:54:18 ET
Table 'Antigone' 10-max Seat #2 is the button
Seat 2: Newheadpoker ($46.21 in chips)
Seat 3: Great_Kang ($163.28 in chips)
Newheadpoker: posts small blind $1
Great_Kang: posts big blind $3
*** HOLE CARDS ***
Newheadpoker: raises $3 to $6
Great_Kang: folds
Uncalled bet ($3) returned to Newheadpoker
Newheadpoker collected $6 from pot
Newheadpoker: doesn't show hand
*** SUMMARY ***
Total pot $6 | Rake $0
Seat 2: Newheadpoker (button) (small blind) collected ($6)
Seat 3: Great_Kang (big blind) folded before Flop


PokerStars Hand #159249103711:  Hold'em Limit ($3/$6 USD) - 2016/09/29 12:55:48 ET
Table 'Antigone' 10-max Seat #3 is the button
Seat 2: Newheadpoker ($38.61 in chips)
Seat 3: Great_Kang ($169.44 in chips)
Great_Kang: posts small blind $1
Newheadpoker: posts big blind $3
*** HOLE CARDS ***
Great_Kang: raises $3 to $6
Newheadpoker: folds
Uncalled bet ($3) returned to Great_Kang
Great_Kang collected $6 from pot
Great_Kang: doesn't show hand
*** SUMMARY ***
Total pot $6 | Rake $0
Seat 2: Newheadpoker (big blind) folded before Flop
Seat 3: Great_Kang (button) (small blind) collected ($6)


PokerStars Hand #159249095183:  Hold'em Limit ($3/$6 USD) - 2016/09/29 12:55:32 ET
Table 'Antigone' 10-max Seat #2 is the button
Seat 2: Newheadpoker ($32.85 in chips)
Seat 3: Great_Kang ($175.44 in chips)
Newheadpoker: posts small blind $1
Great_Kang: posts big blind $3
*** HOLE CARDS ***
Newheadpoker: raises $3 to $6
Great_Kang: calls $3
*** FLOP *** [2s As 9d]
Great_Kang: checks
Newheadpoker: bets $3
Great_Kang: folds
Uncalled bet ($3) returned to Newheadpoker
Newheadpoker collected $11.76 from pot
Newheadpoker: doesn't show hand
*** SUMMARY ***
Total pot $12 | Rake $0.24
Board [2s As 9d]
Seat 2: Newheadpoker (button) (small blind) collected ($11.76)
Seat 3: Great_Kang (big blind) folded on the Flop


PokerStars Hand #159249085730:  Hold'em Limit ($3/$6 USD) - 2016/09/29 12:55:15 ET
Table 'Antigone' 10-max Seat #3 is the button
Seat 2: Newheadpoker ($24.21 in chips)
Seat 3: Great_Kang ($184.44 in chips)
Great_Kang: posts small blind $1
Newheadpoker: posts big blind $3
*** HOLE CARDS ***
Great_Kang: raises $3 to $6
Newheadpoker: raises $3 to $9
Great_Kang: calls $3
*** FLOP *** [Qh 3c Kh]
Newheadpoker: bets $3
Great_Kang: folds
Uncalled bet ($3) returned to Newheadpoker
Newheadpoker collected $17.64 from pot
Newheadpoker: doesn't show hand
*** SUMMARY ***
Total pot $18 | Rake $0.36
Board [Qh 3c Kh]
Seat 2: Newheadpoker (big blind) collected ($17.64)
Seat 3: Great_Kang (button) (small blind) folded on the Flop


PokerStars Hand #159249147323:  Hold'em Limit ($3/$6 USD) - 2016/09/29 12:57:06 ET
Table 'Antigone' 10-max Seat #3 is the button
Seat 2: Newheadpoker ($10.61 in chips)
Seat 3: Great_Kang ($196.70 in chips)
Great_Kang: posts small blind $1
Newheadpoker: posts big blind $3
*** HOLE CARDS ***
Great_Kang: raises $3 to $6
Newheadpoker: folds
Uncalled bet ($3) returned to Great_Kang
Great_Kang collected $6 from pot
Great_Kang: doesn't show hand
*** SUMMARY ***
Total pot $6 | Rake $0
Seat 2: Newheadpoker (big blind) folded before Flop
Seat 3: Great_Kang (button) (small blind) collected ($6)


PokerStars Hand #159249143400:  Hold'em Limit ($3/$6 USD) - 2016/09/29 12:56:59 ET
Table 'Antigone' 10-max Seat #2 is the button
Seat 2: Newheadpoker ($11.61 in chips)
Seat 3: Great_Kang ($195.70 in chips)
Newheadpoker: posts small blind $1
Great_Kang: posts big blind $3
*** HOLE CARDS ***
Newheadpoker: folds
Uncalled bet ($2) returned to Great_Kang
Great_Kang collected $2 from pot
Great_Kang: doesn't show hand
*** SUMMARY ***
Total pot $2 | Rake $0
Seat 2: Newheadpoker (button) (small blind) folded before Flop
Seat 3: Great_Kang (big blind) collected ($2)


PokerStars Hand #159249131431:  Hold'em Limit ($3/$6 USD) - 2016/09/29 12:56:37 ET
Table 'Antigone' 10-max Seat #3 is the button
Seat 2: Newheadpoker ($29.61 in chips)
Seat 3: Great_Kang ($178.20 in chips)
Great_Kang: posts small blind $1
Newheadpoker: posts big blind $3
*** HOLE CARDS ***
Great_Kang: raises $3 to $6
Newheadpoker: calls $3
*** FLOP *** [Tc Qs Ac]
Newheadpoker: checks
Great_Kang: checks
*** TURN *** [Tc Qs Ac] [Ts]
Newheadpoker: bets $6
Great_Kang: calls $6
*** RIVER *** [Tc Qs Ac Ts] [Ad]
Newheadpoker: bets $6
Great_Kang: calls $6
*** SHOW DOWN ***
Newheadpoker: shows [4c Jc] (two pair, Aces and Tens)
Great_Kang: shows [4d Qc] (two pair, Aces and Queens)
Great_Kang collected $35.50 from pot
*** SUMMARY ***
Total pot $36 | Rake $0.50
Board [Tc Qs Ac Ts Ad]
Seat 2: Newheadpoker (big blind) showed [4c Jc] and lost with two pair, Aces and Tens
Seat 3: Great_Kang (button) (small blind) showed [4d Qc] and won ($35.50) with two pair, Aces and Queens


PokerStars Hand #159249109803:  Hold'em Limit ($3/$6 USD) - 2016/09/29 12:55:59 ET
Table 'Antigone' 10-max Seat #2 is the button
Seat 2: Newheadpoker ($35.61 in chips)
Seat 3: Great_Kang ($172.44 in chips)
Newheadpoker: posts small blind $1
Great_Kang: posts big blind $3
*** HOLE CARDS ***
Newheadpoker: raises $3 to $6
Great_Kang: calls $3
*** FLOP *** [3s Ac 7d]
Great_Kang: checks
Newheadpoker: checks
*** TURN *** [3s Ac 7d] [2h]
Great_Kang: checks
Newheadpoker: checks
*** RIVER *** [3s Ac 7d 2h] [8d]
Great_Kang: bets $6
Newheadpoker: folds
Uncalled bet ($6) returned to Great_Kang
Great_Kang collected $11.76 from pot
Great_Kang: doesn't show hand
*** SUMMARY ***
Total pot $12 | Rake $0.24
Board [3s Ac 7d 2h 8d]
Seat 2: Newheadpoker (button) (small blind) folded on the River
Seat 3: Great_Kang (big blind) collected ($11.76)


PokerStars Hand #159249167016:  Hold'em Limit ($3/$6 USD) - 2016/09/29 12:57:42 ET
Table 'Antigone' 10-max Seat #2 is the button
Seat 2: Newheadpoker ($83.93 in chips)
Seat 3: Great_Kang ($196.70 in chips)
Newheadpoker: posts small blind $1
Great_Kang: posts big blind $3
*** HOLE CARDS ***
Newheadpoker: raises $3 to $6
Great_Kang: calls $3
*** FLOP *** [8d 6d As]
Great_Kang: checks
Newheadpoker: bets $3
Great_Kang: calls $3
*** TURN *** [8d 6d As] [4h]
Great_Kang: checks
Newheadpoker: bets $6
Great_Kang: calls $6
*** RIVER *** [8d 6d As 4h] [Qc]
Great_Kang: checks
Newheadpoker: bets $6
Great_Kang: calls $6
*** SHOW DOWN ***
Newheadpoker: shows [Ac Ad] (three of a kind, Aces)
Great_Kang: mucks hand
Newheadpoker collected $41.50 from pot
*** SUMMARY ***
Total pot $42 | Rake $0.50
Board [8d 6d As 4h Qc]
Seat 2: Newheadpoker (button) (small blind) showed [Ac Ad] and won ($41.50) with three of a kind, Aces
Seat 3: Great_Kang (big blind) mucked


PokerStars Hand #159249162148:  Hold'em Limit ($3/$6 USD) - 2016/09/29 12:57:33 ET
Table 'Antigone' 10-max Seat #3 is the button
Seat 2: Newheadpoker ($86.93 in chips)
Seat 3: Great_Kang ($193.70 in chips)
Great_Kang: posts small blind $1
Newheadpoker: posts big blind $3
*** HOLE CARDS ***
Great_Kang: raises $3 to $6
Newheadpoker: folds
Uncalled bet ($3) returned to Great_Kang
Great_Kang collected $6 from pot
Great_Kang: doesn't show hand
*** SUMMARY ***
Total pot $6 | Rake $0
Seat 2: Newheadpoker (big blind) folded before Flop
Seat 3: Great_Kang (button) (small blind) collected ($6)


PokerStars Hand #159249153621:  Hold'em Limit ($3/$6 USD) - 2016/09/29 12:57:18 ET
Table 'Antigone' 10-max Seat #2 is the button
Seat 2: Newheadpoker ($81.17 in chips)
Seat 3: Great_Kang ($199.70 in chips)
Newheadpoker: posts small blind $1
Great_Kang: posts big blind $3
*** HOLE CARDS ***
Newheadpoker: raises $3 to $6
Great_Kang: calls $3
*** FLOP *** [2d Kd 2h]
Great_Kang: checks
Newheadpoker: bets $3
Great_Kang: folds
Uncalled bet ($3) returned to Newheadpoker
Newheadpoker collected $11.76 from pot
Newheadpoker: doesn't show hand
*** SUMMARY ***
Total pot $12 | Rake $0.24
Board [2d Kd 2h]
Seat 2: Newheadpoker (button) (small blind) collected ($11.76)
Seat 3: Great_Kang (big blind) folded on the Flop


PokerStars Hand #159249206619:  Hold'em Limit ($3/$6 USD) - 2016/09/29 12:58:53 ET
Table 'Antigone' 10-max Seat #3 is the button
Seat 2: Newheadpoker ($124.69 in chips)
Seat 3: Great_Kang ($154.70 in chips)
Great_Kang: posts small blind $1
Newheadpoker: posts big blind $3
*** HOLE CARDS ***
Great_Kang: raises $3 to $6
Newheadpoker: raises $3 to $9
Great_Kang: calls $3
*** FLOP *** [8h Qc 7c]
Newheadpoker: bets $3
Great_Kang: calls $3
*** TURN *** [8h Qc 7c] [4d]
Newheadpoker: bets $6
Great_Kang: calls $6
*** RIVER *** [8h Qc 7c 4d] [6s]
Newheadpoker: bets $6
Great_Kang: raises $6 to $12
Newheadpoker: calls $6
*** SHOW DOWN ***
Great_Kang: shows [6h 8d] (two pair, Eights and Sixes)
Newheadpoker: mucks hand
Great_Kang collected $59.50 from pot
*** SUMMARY ***
Total pot $60 | Rake $0.50
Board [8h Qc 7c 4d 6s]
Seat 2: Newheadpoker (big blind) mucked
Seat 3: Great_Kang (button) (small blind) showed [6h 8d] and won ($59.50) with two pair, Eights and Sixes


PokerStars Hand #159249190088:  Hold'em Limit ($3/$6 USD) - 2016/09/29 12:58:23 ET
Table 'Antigone' 10-max Seat #2 is the button
Seat 2: Newheadpoker ($110.19 in chips)
Seat 3: Great_Kang ($169.70 in chips)
Newheadpoker: posts small blind $1
Great_Kang: posts big blind $3
*** HOLE CARDS ***
Newheadpoker: raises $3 to $6
Great_Kang: raises $3 to $9
Newheadpoker: calls $3
*** FLOP *** [4h 3s 7s]
Great_Kang: bets $3
Newheadpoker: raises $3 to $6
Great_Kang: calls $3
*** TURN *** [4h 3s 7s] [7h]
Great_Kang: checks
Newheadpoker: bets $6
Great_Kang: folds
Uncalled bet ($6) returned to Newheadpoker
Newheadpoker collected $29.50 from pot
Newheadpoker: doesn't show hand
*** SUMMARY ***
Total pot $30 | Rake $0.50
Board [4h 3s 7s 7h]
Seat 2: Newheadpoker (button) (small blind) collected ($29.50)
Seat 3: Great_Kang (big blind) folded on the Turn


PokerStars Hand #159249180774:  Hold'em Limit ($3/$6 USD) - 2016/09/29 12:58:07 ET
Table 'Antigone' 10-max Seat #3 is the button
Seat 2: Newheadpoker ($104.43 in chips)
Seat 3: Great_Kang ($175.70 in chips)
Great_Kang: posts small blind $1
Newheadpoker: posts big blind $3
*** HOLE CARDS ***
Great_Kang: raises $3 to $6
Newheadpoker: calls $3
*** FLOP *** [6s Ad 5h]
Newheadpoker: checks
Great_Kang: checks
*** TURN *** [6s Ad 5h] [4d]
Newheadpoker: checks
Great_Kang: checks
*** RIVER *** [6s Ad 5h 4d] [7h]
Newheadpoker: checks
Great_Kang: checks
*** SHOW DOWN ***
Newheadpoker: shows [7s 9d] (a pair of Sevens)
Great_Kang: mucks hand
Newheadpoker collected $11.76 from pot
*** SUMMARY ***
Total pot $12 | Rake $0.24
Board [6s Ad 5h 4d 7h]
Seat 2: Newheadpoker (big blind) showed [7s 9d] and won ($11.76) with a pair of Sevens
Seat 3: Great_Kang (button) (small blind) mucked


PokerStars Hand #159249251554:  Hold'em Limit ($3/$6 USD) - 2016/09/29 13:00:13 ET
Table 'Antigone' 10-max Seat #3 is the button
Seat 2: Newheadpoker ($73.33 in chips)
Seat 3: Great_Kang ($204.34 in chips)
Great_Kang: posts small blind $1
Newheadpoker: posts big blind $3
*** HOLE CARDS ***
Great_Kang: raises $3 to $6
Newheadpoker: folds
Uncalled bet ($3) returned to Great_Kang
Great_Kang collected $6 from pot
Great_Kang: doesn't show hand
*** SUMMARY ***
Total pot $6 | Rake $0
Seat 2: Newheadpoker (big blind) folded before Flop
Seat 3: Great_Kang (button) (small blind) collected ($6)


PokerStars Hand #159249239619:  Hold'em Limit ($3/$6 USD) - 2016/09/29 12:59:52 ET
Table 'Antigone' 10-max Seat #2 is the button
Seat 2: Newheadpoker ($82.33 in chips)
Seat 3: Great_Kang ($195.70 in chips)
Newheadpoker: posts small blind $1
Great_Kang: posts big blind $3
*** HOLE CARDS ***
Newheadpoker: raises $3 to $6
Great_Kang: calls $3
*** FLOP *** [8d 2s 3c]
Great_Kang: checks
Newheadpoker: bets $3
Great_Kang: calls $3
*** TURN *** [8d 2s 3c] [Jh]
Great_Kang: checks
Newheadpoker: checks
*** RIVER *** [8d 2s 3c Jh] [5c]
Great_Kang: bets $6
Newheadpoker: folds
Uncalled bet ($6) returned to Great_Kang
Great_Kang collected $17.64 from pot
Great_Kang: doesn't show hand
*** SUMMARY ***
Total pot $18 | Rake $0.36
Board [8d 2s 3c Jh 5c]
Seat 2: Newheadpoker (button) (small blind) folded on the River
Seat 3: Great_Kang (big blind) collected ($17.64)


PokerStars Hand #159249232749:  Hold'em Limit ($3/$6 USD) - 2016/09/29 12:59:40 ET
Table 'Antigone' 10-max Seat #3 is the button
Seat 2: Newheadpoker ($73.69 in chips)
Seat 3: Great_Kang ($204.70 in chips)
Great_Kang: posts small blind $1
Newheadpoker: posts big blind $3
*** HOLE CARDS ***
Great_Kang: raises $3 to $6
Newheadpoker: raises $3 to $9
Great_Kang: calls $3
*** FLOP *** [As Js Tc]
Newheadpoker: bets $3
Great_Kang: folds
Uncalled bet ($3) returned to Newheadpoker
Newheadpoker collected $17.64 from pot
Newheadpoker: doesn't show hand
*** SUMMARY ***
Total pot $18 | Rake $0.36
Board [As Js Tc]
Seat 2: Newheadpoker (big blind) collected ($17.64)
Seat 3: Great_Kang (button) (small blind) folded on the Flop


PokerStars Hand #159249218810:  Hold'em Limit ($3/$6 USD) - 2016/09/29 12:59:15 ET
Table 'Antigone' 10-max Seat #2 is the button
Seat 2: Newheadpoker ($94.69 in chips)
Seat 3: Great_Kang ($184.20 in chips)
Newheadpoker: posts small blind $1
Great_Kang: posts big blind $3
*** HOLE CARDS ***
Newheadpoker: raises $3 to $6
Great_Kang: calls $3
*** FLOP *** [8c Qd 6h]
Great_Kang: checks
Newheadpoker: bets $3
Great_Kang: calls $3
*** TURN *** [8c Qd 6h] [Jd]
Great_Kang: checks
Newheadpoker: bets $6
Great_Kang: calls $6
*** RIVER *** [8c Qd 6h Jd] [Kc]
Great_Kang: checks
Newheadpoker: bets $6
Great_Kang: raises $6 to $12
Newheadpoker: folds
Uncalled bet ($6) returned to Great_Kang
Great_Kang collected $41.50 from pot
Great_Kang: doesn't show hand
*** SUMMARY ***
Total pot $42 | Rake $0.50
Board [8c Qd 6h Jd Kc]
Seat 2: Newheadpoker (button) (small blind) folded on the River
Seat 3: Great_Kang (big blind) collected ($41.50)


PokerStars Hand #159249275600:  Hold'em Limit ($3/$6 USD) - 2016/09/29 13:00:55 ET
Table 'Antigone' 10-max Seat #2 is the button
Seat 2: Newheadpoker ($66.97 in chips)
Seat 3: Great_Kang ($209.86 in chips)
Newheadpoker: posts small blind $1
Great_Kang: posts big blind $3
*** HOLE CARDS ***
Newheadpoker: folds
Uncalled bet ($2) returned to Great_Kang
Great_Kang collected $2 from pot
Great_Kang: doesn't show hand
*** SUMMARY ***
Total pot $2 | Rake $0
Seat 2: Newheadpoker (button) (small blind) folded before Flop
Seat 3: Great_Kang (big blind) collected ($2)


PokerStars Hand #159249264836:  Hold'em Limit ($3/$6 USD) - 2016/09/29 13:00:37 ET
Table 'Antigone' 10-max Seat #3 is the button
Seat 2: Newheadpoker ($58.33 in chips)
Seat 3: Great_Kang ($218.86 in chips)
Great_Kang: posts small blind $1
Newheadpoker: posts big blind $3
*** HOLE CARDS ***
Great_Kang: raises $3 to $6
Newheadpoker: raises $3 to $9
Great_Kang: calls $3
*** FLOP *** [4c Ad As]
Newheadpoker: bets $3
Great_Kang: folds
Uncalled bet ($3) returned to Newheadpoker
Newheadpoker collected $17.64 from pot
Newheadpoker: doesn't show hand
*** SUMMARY ***
Total pot $18 | Rake $0.36
Board [4c Ad As]
Seat 2: Newheadpoker (big blind) collected ($17.64)
Seat 3: Great_Kang (button) (small blind) folded on the Flop


PokerStars Hand #159249255350:  Hold'em Limit ($3/$6 USD) - 2016/09/29 13:00:20 ET
Table 'Antigone' 10-max Seat #2 is the button
Seat 2: Newheadpoker ($70.33 in chips)
Seat 3: Great_Kang ($207.34 in chips)
Newheadpoker: posts small blind $1
Great_Kang: posts big blind $3
*** HOLE CARDS ***
Newheadpoker: raises $3 to $6
Great_Kang: raises $3 to $9
Newheadpoker: calls $3
*** FLOP *** [3h Kd Td]
Great_Kang: bets $3
Newheadpoker: calls $3
*** TURN *** [3h Kd Td] [Qs]
Great_Kang: bets $6
Newheadpoker: folds
Uncalled bet ($6) returned to Great_Kang
Great_Kang collected $23.52 from pot
Great_Kang: doesn't show hand
*** SUMMARY ***
Total pot $24 | Rake $0.48
Board [3h Kd Td Qs]
Seat 2: Newheadpoker (button) (small blind) folded on the Turn
Seat 3: Great_Kang (big blind) collected ($23.52)


PokerStars Hand #159249323415:  Hold'em Limit ($3/$6 USD) - 2016/09/29 13:02:03 ET
Table 'Antigone' 10-max Seat #2 is the button
Seat 2: Newheadpoker ($85.99 in chips)
Seat 3: Great_Kang ($189.50 in chips)
Newheadpoker: posts small blind $1
Great_Kang: posts big blind $3
*** HOLE CARDS ***
Newheadpoker: raises $3 to $6
Great_Kang: calls $3
*** FLOP *** [6d 7c 3d]
Great_Kang: checks
Newheadpoker: checks
*** TURN *** [6d 7c 3d] [6s]
Great_Kang: bets $6
Newheadpoker: folds
Uncalled bet ($6) returned to Great_Kang
Great_Kang collected $11.76 from pot
Great_Kang: doesn't show hand
*** SUMMARY ***
Total pot $12 | Rake $0.24
Board [6d 7c 3d 6s]
Seat 2: Newheadpoker (button) (small blind) folded on the Turn
Seat 3: Great_Kang (big blind) collected ($11.76)


PokerStars Hand #159249306706:  Hold'em Limit ($3/$6 USD) - 2016/09/29 13:01:44 ET
Table 'Antigone' 10-max Seat #3 is the button
Seat 2: Newheadpoker ($74.47 in chips)
Seat 3: Great_Kang ($201.50 in chips)
Great_Kang: posts small blind $1
Newheadpoker: posts big blind $3
*** HOLE CARDS ***
Great_Kang: raises $3 to $6
Newheadpoker: raises $3 to $9
Great_Kang: calls $3
*** FLOP *** [As Qh 8s]
Newheadpoker: bets $3
Great_Kang: calls $3
*** TURN *** [As Qh 8s] [6c]
Newheadpoker: checks
Great_Kang: checks
*** RIVER *** [As Qh 8s 6c] [3d]
Newheadpoker: checks
Great_Kang: checks
*** SHOW DOWN ***
Newheadpoker: shows [2d 2s] (a pair of Deuces)
Great_Kang: mucks hand
Newheadpoker collected $23.52 from pot
*** SUMMARY ***
Total pot $24 | Rake $0.48
Board [As Qh 8s 6c 3d]
Seat 2: Newheadpoker (big blind) showed [2d 2s] and won ($23.52) with a pair of Deuces
Seat 3: Great_Kang (button) (small blind) mucked


PokerStars Hand #159249298017:  Hold'em Limit ($3/$6 USD) - 2016/09/29 13:01:30 ET
Table 'Antigone' 10-max Seat #2 is the button
Seat 2: Newheadpoker ($83.47 in chips)
Seat 3: Great_Kang ($192.86 in chips)
Newheadpoker: posts small blind $1
Great_Kang: posts big blind $3
*** HOLE CARDS ***
Newheadpoker: raises $3 to $6
Great_Kang: raises $3 to $9
Newheadpoker: calls $3
*** FLOP *** [Js 6d 5d]
Great_Kang: bets $3
Newheadpoker: folds
Uncalled bet ($3) returned to Great_Kang
Great_Kang collected $17.64 from pot
Great_Kang: doesn't show hand
*** SUMMARY ***
Total pot $18 | Rake $0.36
Board [Js 6d 5d]
Seat 2: Newheadpoker (button) (small blind) folded on the Flop
Seat 3: Great_Kang (big blind) collected ($17.64)


PokerStars Hand #159249279221:  Hold'em Limit ($3/$6 USD) - 2016/09/29 13:01:00 ET
Table 'Antigone' 10-max Seat #3 is the button
Seat 2: Newheadpoker ($65.97 in chips)
Seat 3: Great_Kang ($210.86 in chips)
Great_Kang: posts small blind $1
Newheadpoker: posts big blind $3
*** HOLE CARDS ***
Great_Kang: raises $3 to $6
Newheadpoker: raises $3 to $9
Great_Kang: calls $3
*** FLOP *** [Tc 6c 3s]
Newheadpoker: bets $3
Great_Kang: calls $3
*** TURN *** [Tc 6c 3s] [2h]
Newheadpoker: checks
Great_Kang: bets $6
Newheadpoker: calls $6
*** RIVER *** [Tc 6c 3s 2h] [Qc]
Newheadpoker: bets $6
Great_Kang: folds
Uncalled bet ($6) returned to Newheadpoker
Newheadpoker collected $35.50 from pot
Newheadpoker: doesn't show hand
*** SUMMARY ***
Total pot $36 | Rake $0.50
Board [Tc 6c 3s 2h Qc]
Seat 2: Newheadpoker (big blind) collected ($35.50)
Seat 3: Great_Kang (button) (small blind) folded on the River


PokerStars Hand #159249369144:  Hold'em Limit ($3/$6 USD) - 2016/09/29 13:03:09 ET
Table 'Antigone' 10-max Seat #3 is the button
Seat 2: Newheadpoker ($87.39 in chips)
Seat 3: Great_Kang ($187.02 in chips)
Great_Kang: posts small blind $1
Newheadpoker: posts big blind $3
*** HOLE CARDS ***
Great_Kang: raises $3 to $6
Newheadpoker: raises $3 to $9
Great_Kang: calls $3
*** FLOP *** [6c Ah Kc]
Newheadpoker: bets $3
Great_Kang: folds
Uncalled bet ($3) returned to Newheadpoker
Newheadpoker collected $17.64 from pot
Newheadpoker: doesn't show hand
*** SUMMARY ***
Total pot $18 | Rake $0.36
Board [6c Ah Kc]
Seat 2: Newheadpoker (big blind) collected ($17.64)
Seat 3: Great_Kang (button) (small blind) folded on the Flop


PokerStars Hand #159249361083:  Hold'em Limit ($3/$6 USD) - 2016/09/29 13:02:58 ET
Table 'Antigone' 10-max Seat #2 is the button
Seat 2: Newheadpoker ($81.63 in chips)
Seat 3: Great_Kang ($193.02 in chips)
Newheadpoker: posts small blind $1
Great_Kang: posts big blind $3
*** HOLE CARDS ***
Newheadpoker: raises $3 to $6
Great_Kang: calls $3
*** FLOP *** [Qs Ad Qc]
Great_Kang: checks
Newheadpoker: bets $3
Great_Kang: folds
Uncalled bet ($3) returned to Newheadpoker
Newheadpoker collected $11.76 from pot
Newheadpoker: doesn't show hand
*** SUMMARY ***
Total pot $12 | Rake $0.24
Board [Qs Ad Qc]
Seat 2: Newheadpoker (button) (small blind) collected ($11.76)
Seat 3: Great_Kang (big blind) folded on the Flop


PokerStars Hand #159249348882:  Hold'em Limit ($3/$6 USD) - 2016/09/29 13:02:40 ET
Table 'Antigone' 10-max Seat #3 is the button
Seat 2: Newheadpoker ($87.63 in chips)
Seat 3: Great_Kang ($187.26 in chips)
Great_Kang: posts small blind $1
Newheadpoker: posts big blind $3
*** HOLE CARDS ***
Great_Kang: raises $3 to $6
Newheadpoker: calls $3
*** FLOP *** [6s 5s 3d]
Newheadpoker: checks
Great_Kang: checks
*** TURN *** [6s 5s 3d] [Ah]
Newheadpoker: checks
Great_Kang: bets $6
Newheadpoker: folds
Uncalled bet ($6) returned to Great_Kang
Great_Kang collected $11.76 from pot
Great_Kang: doesn't show hand
*** SUMMARY ***
Total pot $12 | Rake $0.24
Board [6s 5s 3d Ah]
Seat 2: Newheadpoker (big blind) folded on the Turn
Seat 3: Great_Kang (button) (small blind) collected ($11.76)


PokerStars Hand #159249344322:  Hold'em Limit ($3/$6 USD) - 2016/09/29 13:02:34 ET
Table 'Antigone' 10-max Seat #2 is the button
Seat 2: Newheadpoker ($88.63 in chips)
Seat 3: Great_Kang ($186.26 in chips)
Newheadpoker: posts small blind $1
Great_Kang: posts big blind $3
*** HOLE CARDS ***
Newheadpoker: folds
Uncalled bet ($2) returned to Great_Kang
Great_Kang collected $2 from pot
Great_Kang: doesn't show hand
*** SUMMARY ***
Total pot $2 | Rake $0
Seat 2: Newheadpoker (button) (small blind) folded before Flop
Seat 3: Great_Kang (big blind) collected ($2)


PokerStars Hand #159249332691:  Hold'em Limit ($3/$6 USD) - 2016/09/29 13:02:18 ET
Table 'Antigone' 10-max Seat #3 is the button
Seat 2: Newheadpoker ($79.99 in chips)
Seat 3: Great_Kang ($195.26 in chips)
Great_Kang: posts small blind $1
Newheadpoker: posts big blind $3
*** HOLE CARDS ***
Great_Kang: raises $3 to $6
Newheadpoker: raises $3 to $9
Great_Kang: calls $3
*** FLOP *** [2d Kd 7c]
Newheadpoker: bets $3
Great_Kang: folds
Uncalled bet ($3) returned to Newheadpoker
Newheadpoker collected $17.64 from pot
Newheadpoker: doesn't show hand
*** SUMMARY ***
Total pot $18 | Rake $0.36
Board [2d Kd 7c]
Seat 2: Newheadpoker (big blind) collected ($17.64)
Seat 3: Great_Kang (button) (small blind) folded on the Flop


PokerStars Hand #159249410656:  Hold'em Limit ($3/$6 USD) - 2016/09/29 13:04:08 ET
Table 'Antigone' 10-max Seat #3 is the button
Seat 2: Newheadpoker ($81.03 in chips)
Seat 3: Great_Kang ($192.52 in chips)
Great_Kang: posts small blind $1
Newheadpoker: posts big blind $3
*** HOLE CARDS ***
Great_Kang: raises $3 to $6
Newheadpoker: folds
Uncalled bet ($3) returned to Great_Kang
Great_Kang collected $6 from pot
Great_Kang: doesn't show hand
*** SUMMARY ***
Total pot $6 | Rake $0
Seat 2: Newheadpoker (big blind) folded before Flop
Seat 3: Great_Kang (button) (small blind) collected ($6)


PokerStars Hand #159249404501:  Hold'em Limit ($3/$6 USD) - 2016/09/29 13:04:00 ET
Table 'Antigone' 10-max Seat #2 is the button
Seat 2: Newheadpoker ($78.03 in chips)
Seat 3: Great_Kang ($195.52 in chips)
Newheadpoker: posts small blind $1
Great_Kang: posts big blind $3
*** HOLE CARDS ***
Newheadpoker: raises $3 to $6
Great_Kang: folds
Uncalled bet ($3) returned to Newheadpoker
Newheadpoker collected $6 from pot
Newheadpoker: doesn't show hand
*** SUMMARY ***
Total pot $6 | Rake $0
Seat 2: Newheadpoker (button) (small blind) collected ($6)
Seat 3: Great_Kang (big blind) folded before Flop


PokerStars Hand #159249400286:  Hold'em Limit ($3/$6 USD) - 2016/09/29 13:03:54 ET
Table 'Antigone' 10-max Seat #3 is the button
Seat 2: Newheadpoker ($77.03 in chips)
Seat 3: Great_Kang ($196.52 in chips)
Great_Kang: posts small blind $1
Newheadpoker: posts big blind $3
*** HOLE CARDS ***
Great_Kang: folds
Uncalled bet ($2) returned to Newheadpoker
Newheadpoker collected $2 from pot
Newheadpoker: doesn't show hand
*** SUMMARY ***
Total pot $2 | Rake $0
Seat 2: Newheadpoker (big blind) collected ($2)
Seat 3: Great_Kang (button) (small blind) folded before Flop


PokerStars Hand #159249396385:  Hold'em Limit ($3/$6 USD) - 2016/09/29 13:03:48 ET
Table 'Antigone' 10-max Seat #2 is the button
Seat 2: Newheadpoker ($78.03 in chips)
Seat 3: Great_Kang ($195.52 in chips)
Newheadpoker: posts small blind $1
Great_Kang: posts big blind $3
*** HOLE CARDS ***
Newheadpoker: folds
Uncalled bet ($2) returned to Great_Kang
Great_Kang collected $2 from pot
Great_Kang: doesn't show hand
*** SUMMARY ***
Total pot $2 | Rake $0
Seat 2: Newheadpoker (button) (small blind) folded before Flop
Seat 3: Great_Kang (big blind) collected ($2)


PokerStars Hand #159249392286:  Hold'em Limit ($3/$6 USD) - 2016/09/29 13:03:42 ET
Table 'Antigone' 10-max Seat #3 is the button
Seat 2: Newheadpoker ($81.03 in chips)
Seat 3: Great_Kang ($192.52 in chips)
Great_Kang: posts small blind $1
Newheadpoker: posts big blind $3
*** HOLE CARDS ***
Great_Kang: raises $3 to $6
Newheadpoker: folds
Uncalled bet ($3) returned to Great_Kang
Great_Kang collected $6 from pot
Great_Kang: doesn't show hand
*** SUMMARY ***
Total pot $6 | Rake $0
Seat 2: Newheadpoker (big blind) folded before Flop
Seat 3: Great_Kang (button) (small blind) collected ($6)


PokerStars Hand #159249377100:  Hold'em Limit ($3/$6 USD) - 2016/09/29 13:03:21 ET
Table 'Antigone' 10-max Seat #2 is the button
Seat 2: Newheadpoker ($96.03 in chips)
Seat 3: Great_Kang ($178.02 in chips)
Newheadpoker: posts small blind $1
Great_Kang: posts big blind $3
*** HOLE CARDS ***
Newheadpoker: raises $3 to $6
Great_Kang: calls $3
*** FLOP *** [Th 2d 8d]
Great_Kang: checks
Newheadpoker: bets $3
Great_Kang: calls $3
*** TURN *** [Th 2d 8d] [9s]
Great_Kang: checks
Newheadpoker: checks
*** RIVER *** [Th 2d 8d 9s] [Kh]
Great_Kang: bets $6
Newheadpoker: calls $6
*** SHOW DOWN ***
Great_Kang: shows [Kd 6c] (a pair of Kings)
Newheadpoker: mucks hand
Great_Kang collected $29.50 from pot
*** SUMMARY ***
Total pot $30 | Rake $0.50
Board [Th 2d 8d 9s Kh]
Seat 2: Newheadpoker (button) (small blind) mucked
Seat 3: Great_Kang (big blind) showed [Kd 6c] and won ($29.50) with a pair of Kings


PokerStars Hand #159249435030:  Hold'em Limit ($3/$6 USD) - 2016/09/29 13:04:43 ET
Table 'Antigone' 10-max Seat #3 is the button
Seat 2: Newheadpoker ($95.53 in chips)
Seat 3: Great_Kang ($177.52 in chips)
Great_Kang: posts small blind $1
Newheadpoker: posts big blind $3
*** HOLE CARDS ***
Great_Kang: raises $3 to $6
Newheadpoker: raises $3 to $9
Great_Kang: calls $3
*** FLOP *** [8h 5c Tc]
Newheadpoker: bets $3
Great_Kang: folds
Uncalled bet ($3) returned to Newheadpoker
Newheadpoker collected $17.64 from pot
Newheadpoker: doesn't show hand
*** SUMMARY ***
Total pot $18 | Rake $0.36
Board [8h 5c Tc]
Seat 2: Newheadpoker (big blind) collected ($17.64)
Seat 3: Great_Kang (button) (small blind) folded on the Flop


PokerStars Hand #159249420036:  Hold'em Limit ($3/$6 USD) - 2016/09/29 13:04:22 ET
Table 'Antigone' 10-max Seat #2 is the button
Seat 2: Newheadpoker ($78.03 in chips)
Seat 3: Great_Kang ($195.52 in chips)
Newheadpoker: posts small blind $1
Great_Kang: posts big blind $3
*** HOLE CARDS ***
Newheadpoker: raises $3 to $6
Great_Kang: calls $3
*** FLOP *** [Ad Ac 5d]
Great_Kang: checks
Newheadpoker: bets $3
Great_Kang: raises $3 to $6
Newheadpoker: calls $3
*** TURN *** [Ad Ac 5d] [6c]
Great_Kang: bets $6
Newheadpoker: raises $6 to $12
Great_Kang: folds
Uncalled bet ($6) returned to Newheadpoker
Newheadpoker collected $35.50 from pot
Newheadpoker: doesn't show hand
*** SUMMARY ***
Total pot $36 | Rake $0.50
Board [Ad Ac 5d 6c]
Seat 2: Newheadpoker (button) (small blind) collected ($35.50)
Seat 3: Great_Kang (big blind) folded on the Turn


PokerStars Hand #159249482090:  Hold'em Limit ($3/$6 USD) - 2016/09/29 13:05:47 ET
Table 'Antigone' 10-max Seat #2 is the button
Seat 2: Newheadpoker ($100.81 in chips)
Seat 3: Great_Kang ($171.04 in chips)
Newheadpoker: posts small blind $1
Great_Kang: posts big blind $3
*** HOLE CARDS ***
Newheadpoker: raises $3 to $6
Great_Kang: raises $3 to $9
Newheadpoker: calls $3
*** FLOP *** [Qh 5c Th]
Great_Kang: bets $3
Newheadpoker: folds
Uncalled bet ($3) returned to Great_Kang
Great_Kang collected $17.64 from pot
Great_Kang: doesn't show hand
*** SUMMARY ***
Total pot $18 | Rake $0.36
Board [Qh 5c Th]
Seat 2: Newheadpoker (button) (small blind) folded on the Flop
Seat 3: Great_Kang (big blind) collected ($17.64)


PokerStars Hand #159249467071:  Hold'em Limit ($3/$6 USD) - 2016/09/29 13:05:26 ET
Table 'Antigone' 10-max Seat #3 is the button
Seat 2: Newheadpoker ($92.17 in chips)
Seat 3: Great_Kang ($180.04 in chips)
Great_Kang: posts small blind $1
Newheadpoker: posts big blind $3
*** HOLE CARDS ***
Great_Kang: raises $3 to $6
Newheadpoker: raises $3 to $9
Great_Kang: calls $3
*** FLOP *** [5c 6c 9c]
Newheadpoker: bets $3
Great_Kang: folds
Uncalled bet ($3) returned to Newheadpoker
Newheadpoker collected $17.64 from pot
Newheadpoker: doesn't show hand
*** SUMMARY ***
Total pot $18 | Rake $0.36
Board [5c 6c 9c]
Seat 2: Newheadpoker (big blind) collected ($17.64)
Seat 3: Great_Kang (button) (small blind) folded on the Flop


PokerStars Hand #159249446446:  Hold'em Limit ($3/$6 USD) - 2016/09/29 13:04:59 ET
Table 'Antigone' 10-max Seat #2 is the button
Seat 2: Newheadpoker ($104.17 in chips)
Seat 3: Great_Kang ($168.52 in chips)
Newheadpoker: posts small blind $1
Great_Kang: posts big blind $3
*** HOLE CARDS ***
Newheadpoker: raises $3 to $6
Great_Kang: raises $3 to $9
Newheadpoker: raises $3 to $12
Betting is capped
Great_Kang: calls $3
*** FLOP *** [4d 6d 2c]
Great_Kang: checks
Newheadpoker: checks
*** TURN *** [4d 6d 2c] [5d]
Great_Kang: bets $6
Newheadpoker: folds
Uncalled bet ($6) returned to Great_Kang
Great_Kang collected $23.52 from pot
Great_Kang: doesn't show hand
*** SUMMARY ***
Total pot $24 | Rake $0.48
Board [4d 6d 2c 5d]
Seat 2: Newheadpoker (button) (small blind) folded on the Turn
Seat 3: Great_Kang (big blind) collected ($23.52)


PokerStars Hand #159249492035:  Hold'em Limit ($3/$6 USD) - 2016/09/29 13:06:01 ET
Table 'Antigone' 10-max Seat #3 is the button
Seat 2: Newheadpoker ($91.81 in chips)
Seat 3: Great_Kang ($179.68 in chips)
Great_Kang: posts small blind $1
Newheadpoker: posts big blind $3
*** HOLE CARDS ***
Great_Kang: raises $3 to $6
Newheadpoker: calls $3
*** FLOP *** [Ac 2s 6s]
Newheadpoker: checks
Great_Kang: bets $3
Newheadpoker: calls $3
*** TURN *** [Ac 2s 6s] [Qh]
Newheadpoker: checks
Great_Kang: checks
*** RIVER *** [Ac 2s 6s Qh] [5d]
Newheadpoker: bets $6
Great_Kang: folds
Uncalled bet ($6) returned to Newheadpoker
Newheadpoker collected $17.64 from pot
Newheadpoker: doesn't show hand
*** SUMMARY ***
Total pot $18 | Rake $0.36
Board [Ac 2s 6s Qh 5d]
Seat 2: Newheadpoker (big blind) collected ($17.64)
Seat 3: Great_Kang (button) (small blind) folded on the River


PokerStars Hand #159249538610:  Hold'em Limit ($3/$6 USD) - 2016/09/29 13:07:04 ET
Table 'Antigone' 10-max Seat #2 is the button
Seat 2: Newheadpoker ($103.21 in chips)
Seat 3: Great_Kang ($167.68 in chips)
Newheadpoker: posts small blind $1
Great_Kang: posts big blind $3
*** HOLE CARDS ***
Newheadpoker: folds
Uncalled bet ($2) returned to Great_Kang
Great_Kang collected $2 from pot
Great_Kang: doesn't show hand
*** SUMMARY ***
Total pot $2 | Rake $0
Seat 2: Newheadpoker (button) (small blind) folded before Flop
Seat 3: Great_Kang (big blind) collected ($2)


PokerStars Hand #159249534262:  Hold'em Limit ($3/$6 USD) - 2016/09/29 13:06:58 ET
Table 'Antigone' 10-max Seat #3 is the button
Seat 2: Newheadpoker ($106.21 in chips)
Seat 3: Great_Kang ($164.68 in chips)
Great_Kang: posts small blind $1
Newheadpoker: posts big blind $3
*** HOLE CARDS ***
Great_Kang: raises $3 to $6
Newheadpoker: folds
Uncalled bet ($3) returned to Great_Kang
Great_Kang collected $6 from pot
Great_Kang: doesn't show hand
*** SUMMARY ***
Total pot $6 | Rake $0
Seat 2: Newheadpoker (big blind) folded before Flop
Seat 3: Great_Kang (button) (small blind) collected ($6)


PokerStars Hand #159249527286:  Hold'em Limit ($3/$6 USD) - 2016/09/29 13:06:49 ET
Table 'Antigone' 10-max Seat #2 is the button
Seat 2: Newheadpoker ($103.21 in chips)
Seat 3: Great_Kang ($167.68 in chips)
Newheadpoker: posts small blind $1
Great_Kang: posts big blind $3
*** HOLE CARDS ***
Newheadpoker: raises $3 to $6
Great_Kang: folds
Uncalled bet ($3) returned to Newheadpoker
Newheadpoker collected $6 from pot
Newheadpoker: doesn't show hand
*** SUMMARY ***
Total pot $6 | Rake $0
Seat 2: Newheadpoker (button) (small blind) collected ($6)
Seat 3: Great_Kang (big blind) folded before Flop


PokerStars Hand #159249522129:  Hold'em Limit ($3/$6 USD) - 2016/09/29 13:06:42 ET
Table 'Antigone' 10-max Seat #3 is the button
Seat 2: Newheadpoker ($106.21 in chips)
Seat 3: Great_Kang ($164.68 in chips)
Great_Kang: posts small blind $1
Newheadpoker: posts big blind $3
*** HOLE CARDS ***
Great_Kang: raises $3 to $6
Newheadpoker: folds
Uncalled bet ($3) returned to Great_Kang
Great_Kang collected $6 from pot
Great_Kang: doesn't show hand
*** SUMMARY ***
Total pot $6 | Rake $0
Seat 2: Newheadpoker (big blind) folded before Flop
Seat 3: Great_Kang (button) (small blind) collected ($6)


PokerStars Hand #159249506808:  Hold'em Limit ($3/$6 USD) - 2016/09/29 13:06:21 ET
Table 'Antigone' 10-max Seat #2 is the button
Seat 2: Newheadpoker ($100.45 in chips)
Seat 3: Great_Kang ($170.68 in chips)
Newheadpoker: posts small blind $1
Great_Kang: posts big blind $3
*** HOLE CARDS ***
Newheadpoker: raises $3 to $6
Great_Kang: calls $3
*** FLOP *** [Qs 9h 9s]
Great_Kang: checks
Newheadpoker: bets $3
Great_Kang: folds
Uncalled bet ($3) returned to Newheadpoker
Newheadpoker collected $11.76 from pot
Newheadpoker: doesn't show hand
*** SUMMARY ***
Total pot $12 | Rake $0.24
Board [Qs 9h 9s]
Seat 2: Newheadpoker (button) (small blind) collected ($11.76)
Seat 3: Great_Kang (big blind) folded on the Flop


PokerStars Hand #159249554363:  Hold'em Limit ($3/$6 USD) - 2016/09/29 13:07:26 ET
Table 'Antigone' 10-max Seat #2 is the button
Seat 2: Newheadpoker ($107.97 in chips)
Seat 3: Great_Kang ($162.68 in chips)
Newheadpoker: posts small blind $1
Great_Kang: posts big blind $3
*** HOLE CARDS ***
Newheadpoker: raises $3 to $6
Great_Kang: raises $3 to $9
Newheadpoker: calls $3
*** FLOP *** [2c 3d 8c]
Great_Kang: bets $3
Newheadpoker: raises $3 to $6
Great_Kang: calls $3
*** TURN *** [2c 3d 8c] [Qh]
Great_Kang: checks
Newheadpoker: bets $6
Great_Kang: calls $6
*** RIVER *** [2c 3d 8c Qh] [2d]
Great_Kang: checks
Newheadpoker: bets $6
Great_Kang: calls $6
*** SHOW DOWN ***
Newheadpoker: shows [5d 5s] (two pair, Fives and Deuces)
Great_Kang: mucks hand
Newheadpoker collected $53.50 from pot
*** SUMMARY ***
Total pot $54 | Rake $0.50
Board [2c 3d 8c Qh 2d]
Seat 2: Newheadpoker (button) (small blind) showed [5d 5s] and won ($53.50) with two pair, Fives and Deuces
Seat 3: Great_Kang (big blind) mucked


PokerStars Hand #159249582643:  Hold'em Limit ($3/$6 USD) - 2016/09/29 13:08:05 ET
Table 'Antigone' 10-max Seat #3 is the button
Seat 2: Newheadpoker ($134.47 in chips)
Seat 3: Great_Kang ($135.68 in chips)
Great_Kang: posts small blind $1
Newheadpoker: posts big blind $3
*** HOLE CARDS ***
Great_Kang: raises $3 to $6
Newheadpoker: raises $3 to $9
Great_Kang: calls $3
*** FLOP *** [Ts 5d 8h]
Newheadpoker: bets $3
Great_Kang: folds
Uncalled bet ($3) returned to Newheadpoker
Newheadpoker collected $17.64 from pot
Newheadpoker: doesn't show hand
*** SUMMARY ***
Total pot $18 | Rake $0.36
Board [Ts 5d 8h]
Seat 2: Newheadpoker (big blind) collected ($17.64)
Seat 3: Great_Kang (button) (small blind) folded on the Flop


PokerStars Hand #159249543050:  Hold'em Limit ($3/$6 USD) - 2016/09/29 13:07:10 ET
Table 'Antigone' 10-max Seat #3 is the button
Seat 2: Newheadpoker ($102.21 in chips)
Seat 3: Great_Kang ($168.68 in chips)
Great_Kang: posts small blind $1
Newheadpoker: posts big blind $3
*** HOLE CARDS ***
Great_Kang: raises $3 to $6
Newheadpoker: calls $3
*** FLOP *** [Kd 4h 8h]
Newheadpoker: checks
Great_Kang: checks
*** TURN *** [Kd 4h 8h] [3s]
Newheadpoker: bets $6
Great_Kang: folds
Uncalled bet ($6) returned to Newheadpoker
Newheadpoker collected $11.76 from pot
Newheadpoker: doesn't show hand
*** SUMMARY ***
Total pot $12 | Rake $0.24
Board [Kd 4h 8h 3s]
Seat 2: Newheadpoker (big blind) collected ($11.76)
Seat 3: Great_Kang (button) (small blind) folded on the Turn


PokerStars Hand #159249606849:  Hold'em Limit ($3/$6 USD) - 2016/09/29 13:08:38 ET
Table 'Antigone' 10-max Seat #2 is the button
Seat 2: Newheadpoker ($143.11 in chips)
Seat 3: Great_Kang ($126.68 in chips)
Newheadpoker: posts small blind $1
Great_Kang: posts big blind $3
*** HOLE CARDS ***
Newheadpoker: raises $3 to $6
Great_Kang: calls $3
*** FLOP *** [6c Ah 7s]
Great_Kang: checks
Newheadpoker: bets $3
Great_Kang: raises $3 to $6
Newheadpoker: raises $3 to $9
Great_Kang: calls $3
*** TURN *** [6c Ah 7s] [9h]
Great_Kang: checks
Newheadpoker: bets $6
Great_Kang: calls $6
*** RIVER *** [6c Ah 7s 9h] [5h]
Great_Kang: checks
Newheadpoker: bets $6
Great_Kang: folds
Uncalled bet ($6) returned to Newheadpoker
Newheadpoker collected $41.50 from pot
Newheadpoker: doesn't show hand
*** SUMMARY ***
Total pot $42 | Rake $0.50
Board [6c Ah 7s 9h 5h]
Seat 2: Newheadpoker (button) (small blind) collected ($41.50)
Seat 3: Great_Kang (big blind) folded on the River


PokerStars Hand #159249599618:  Hold'em Limit ($3/$6 USD) - 2016/09/29 13:08:28 ET
Table 'Antigone' 10-max Seat #3 is the button
Seat 2: Newheadpoker ($142.11 in chips)
Seat 3: Great_Kang ($127.68 in chips)
Great_Kang: posts small blind $1
Newheadpoker: posts big blind $3
*** HOLE CARDS ***
Great_Kang: folds
Uncalled bet ($2) returned to Newheadpoker
Newheadpoker collected $2 from pot
Newheadpoker: doesn't show hand
*** SUMMARY ***
Total pot $2 | Rake $0
Seat 2: Newheadpoker (big blind) collected ($2)
Seat 3: Great_Kang (button) (small blind) folded before Flop


PokerStars Hand #159249595165:  Hold'em Limit ($3/$6 USD) - 2016/09/29 13:08:22 ET
Table 'Antigone' 10-max Seat #2 is the button
Seat 2: Newheadpoker ($143.11 in chips)
Seat 3: Great_Kang ($126.68 in chips)
Newheadpoker: posts small blind $1
Great_Kang: posts big blind $3
*** HOLE CARDS ***
Newheadpoker: folds
Uncalled bet ($2) returned to Great_Kang
Great_Kang collected $2 from pot
Great_Kang: doesn't show hand
*** SUMMARY ***
Total pot $2 | Rake $0
Seat 2: Newheadpoker (button) (small blind) folded before Flop
Seat 3: Great_Kang (big blind) collected ($2)


PokerStars Hand #159249629743:  Hold'em Limit ($3/$6 USD) - 2016/09/29 13:09:10 ET
Table 'Antigone' 10-max Seat #3 is the button
Seat 2: Newheadpoker ($163.61 in chips)
Seat 3: Great_Kang ($120 in chips)
Great_Kang: posts small blind $1
Newheadpoker: posts big blind $3
*** HOLE CARDS ***
Great_Kang: raises $3 to $6
Newheadpoker: calls $3
*** FLOP *** [Td Qs 4d]
Newheadpoker: checks
Great_Kang: bets $3
Newheadpoker: calls $3
*** TURN *** [Td Qs 4d] [Kh]
Newheadpoker: checks
Great_Kang: checks
*** RIVER *** [Td Qs 4d Kh] [2s]
Newheadpoker: bets $6
Great_Kang: folds
Uncalled bet ($6) returned to Newheadpoker
Newheadpoker collected $17.64 from pot
Newheadpoker: doesn't show hand
*** SUMMARY ***
Total pot $18 | Rake $0.36
Board [Td Qs 4d Kh 2s]
Seat 2: Newheadpoker (big blind) collected ($17.64)
Seat 3: Great_Kang (button) (small blind) folded on the River


PokerStars Hand #159249644869:  Hold'em Limit ($3/$6 USD) - 2016/09/29 13:09:31 ET
Table 'Antigone' 10-max Seat #2 is the button
Seat 2: Newheadpoker ($172.25 in chips)
Seat 3: Great_Kang ($120 in chips)
Newheadpoker: posts small blind $1
Great_Kang: posts big blind $3
*** HOLE CARDS ***
Newheadpoker: folds
Uncalled bet ($2) returned to Great_Kang
Great_Kang collected $2 from pot
Great_Kang: doesn't show hand
*** SUMMARY ***
Total pot $2 | Rake $0
Seat 2: Newheadpoker (button) (small blind) folded before Flop
Seat 3: Great_Kang (big blind) collected ($2)


PokerStars Hand #159249649458:  Hold'em Limit ($3/$6 USD) - 2016/09/29 13:09:37 ET
Table 'Antigone' 10-max Seat #3 is the button
Seat 2: Newheadpoker ($171.25 in chips)
Seat 3: Great_Kang ($121 in chips)
Great_Kang: posts small blind $1
Newheadpoker: posts big blind $3
*** HOLE CARDS ***
Great_Kang: raises $3 to $6
Newheadpoker: raises $3 to $9
Great_Kang: calls $3
*** FLOP *** [9d 7d 5s]
Newheadpoker: bets $3
Great_Kang: calls $3
*** TURN *** [9d 7d 5s] [Ad]
Newheadpoker: bets $6
Great_Kang: raises $6 to $12
Newheadpoker: folds
Uncalled bet ($6) returned to Great_Kang
Great_Kang collected $35.50 from pot
Great_Kang: doesn't show hand
*** SUMMARY ***
Total pot $36 | Rake $0.50
Board [9d 7d 5s Ad]
Seat 2: Newheadpoker (big blind) folded on the Turn
Seat 3: Great_Kang (button) (small blind) collected ($35.50)


PokerStars Hand #159249680256:  Hold'em Limit ($3/$6 USD) - 2016/09/29 13:10:19 ET
Table 'Antigone' 10-max Seat #2 is the button
Seat 2: Newheadpoker ($153.25 in chips)
Seat 3: Great_Kang ($138.50 in chips)
Newheadpoker: posts small blind $1
Great_Kang: posts big blind $3
*** HOLE CARDS ***
Newheadpoker: folds
Uncalled bet ($2) returned to Great_Kang
Great_Kang collected $2 from pot
Great_Kang: doesn't show hand
*** SUMMARY ***
Total pot $2 | Rake $0
Seat 2: Newheadpoker (button) (small blind) folded before Flop
Seat 3: Great_Kang (big blind) collected ($2)


PokerStars Hand #159249686295:  Hold'em Limit ($3/$6 USD) - 2016/09/29 13:10:27 ET
Table 'Antigone' 10-max Seat #3 is the button
Seat 2: Newheadpoker ($152.25 in chips)
Seat 3: Great_Kang ($139.50 in chips)
Great_Kang: posts small blind $1
Newheadpoker: posts big blind $3
*** HOLE CARDS ***
Great_Kang: raises $3 to $6
Newheadpoker: calls $3
*** FLOP *** [Ks 4s Qc]
Newheadpoker: checks
Great_Kang: checks
*** TURN *** [Ks 4s Qc] [3h]
Newheadpoker: checks
Great_Kang: checks
*** RIVER *** [Ks 4s Qc 3h] [8h]
Newheadpoker: bets $6
Great_Kang: calls $6
*** SHOW DOWN ***
Newheadpoker: shows [3d Kh] (two pair, Kings and Threes)
Great_Kang: mucks hand
Newheadpoker collected $23.52 from pot
*** SUMMARY ***
Total pot $24 | Rake $0.48
Board [Ks 4s Qc 3h 8h]
Seat 2: Newheadpoker (big blind) showed [3d Kh] and won ($23.52) with two pair, Kings and Threes
Seat 3: Great_Kang (button) (small blind) mucked


PokerStars Hand #159249714139:  Hold'em Limit ($3/$6 USD) - 2016/09/29 13:11:06 ET
Table 'Antigone' 10-max Seat #3 is the button
Seat 2: Newheadpoker ($154.77 in chips)
Seat 3: Great_Kang ($136.14 in chips)
Great_Kang: posts small blind $1
Newheadpoker: posts big blind $3
*** HOLE CARDS ***
Great_Kang: raises $3 to $6
Newheadpoker: folds
Uncalled bet ($3) returned to Great_Kang
Great_Kang collected $6 from pot
Great_Kang: doesn't show hand
*** SUMMARY ***
Total pot $6 | Rake $0
Seat 2: Newheadpoker (big blind) folded before Flop
Seat 3: Great_Kang (button) (small blind) collected ($6)


PokerStars Hand #159249704860:  Hold'em Limit ($3/$6 USD) - 2016/09/29 13:10:53 ET
Table 'Antigone' 10-max Seat #2 is the button
Seat 2: Newheadpoker ($163.77 in chips)
Seat 3: Great_Kang ($127.50 in chips)
Newheadpoker: posts small blind $1
Great_Kang: posts big blind $3
*** HOLE CARDS ***
Newheadpoker: raises $3 to $6
Great_Kang: calls $3
*** FLOP *** [7h Jd Jc]
Great_Kang: checks
Newheadpoker: bets $3
Great_Kang: raises $3 to $6
Newheadpoker: folds
Uncalled bet ($3) returned to Great_Kang
Great_Kang collected $17.64 from pot
Great_Kang: doesn't show hand
*** SUMMARY ***
Total pot $18 | Rake $0.36
Board [7h Jd Jc]
Seat 2: Newheadpoker (button) (small blind) folded on the Flop
Seat 3: Great_Kang (big blind) collected ($17.64)


PokerStars Hand #159249718833:  Hold'em Limit ($3/$6 USD) - 2016/09/29 13:11:12 ET
Table 'Antigone' 10-max Seat #2 is the button
Seat 2: Newheadpoker ($151.77 in chips)
Seat 3: Great_Kang ($139.14 in chips)
Newheadpoker: posts small blind $1
Great_Kang: posts big blind $3
*** HOLE CARDS ***
Newheadpoker: raises $3 to $6
Great_Kang: raises $3 to $9
Newheadpoker: calls $3
*** FLOP *** [8d 3d 7d]
Great_Kang: bets $3
Newheadpoker: calls $3
*** TURN *** [8d 3d 7d] [6s]
Great_Kang: checks
Newheadpoker: bets $6
Great_Kang: raises $6 to $12
Newheadpoker: raises $6 to $18
Great_Kang: calls $6
*** RIVER *** [8d 3d 7d 6s] [6d]
Great_Kang: checks
Newheadpoker: bets $6
Great_Kang: calls $6
*** SHOW DOWN ***
Newheadpoker: shows [5s 4s] (a straight, Four to Eight)
Great_Kang: shows [Tc Td] (a flush, Ten high)
Great_Kang collected $71.50 from pot
*** SUMMARY ***
Total pot $72 | Rake $0.50
Board [8d 3d 7d 6s 6d]
Seat 2: Newheadpoker (button) (small blind) showed [5s 4s] and lost with a straight, Four to Eight
Seat 3: Great_Kang (big blind) showed [Tc Td] and won ($71.50) with a flush, Ten high


PokerStars Hand #159249744299:  Hold'em Limit ($3/$6 USD) - 2016/09/29 13:11:48 ET
Table 'Antigone' 10-max Seat #3 is the button
Seat 2: Newheadpoker ($115.77 in chips)
Seat 3: Great_Kang ($174.64 in chips)
Great_Kang: posts small blind $1
Newheadpoker: posts big blind $3
*** HOLE CARDS ***
Great_Kang: raises $3 to $6
Newheadpoker: raises $3 to $9
Great_Kang: calls $3
*** FLOP *** [3s 6s 8s]
Newheadpoker: bets $3
Great_Kang: calls $3
*** TURN *** [3s 6s 8s] [2s]
Newheadpoker: bets $6
Great_Kang: calls $6
*** RIVER *** [3s 6s 8s 2s] [4d]
Newheadpoker: bets $6
Great_Kang: calls $6
*** SHOW DOWN ***
Newheadpoker: shows [8h Th] (a pair of Eights)
Great_Kang: shows [Js 7h] (a flush, Jack high)
Great_Kang collected $47.50 from pot
*** SUMMARY ***
Total pot $48 | Rake $0.50
Board [3s 6s 8s 2s 4d]
Seat 2: Newheadpoker (big blind) showed [8h Th] and lost with a pair of Eights
Seat 3: Great_Kang (button) (small blind) showed [Js 7h] and won ($47.50) with a flush, Jack high


PokerStars Hand #159249763563:  Hold'em Limit ($3/$6 USD) - 2016/09/29 13:12:14 ET
Table 'Antigone' 10-max Seat #2 is the button
Seat 2: Newheadpoker ($91.77 in chips)
Seat 3: Great_Kang ($198.14 in chips)
Newheadpoker: posts small blind $1
Great_Kang: posts big blind $3
*** HOLE CARDS ***
Newheadpoker: folds
Uncalled bet ($2) returned to Great_Kang
Great_Kang collected $2 from pot
Great_Kang: doesn't show hand
*** SUMMARY ***
Total pot $2 | Rake $0
Seat 2: Newheadpoker (button) (small blind) folded before Flop
Seat 3: Great_Kang (big blind) collected ($2)


PokerStars Hand #159249793369:  Hold'em Limit ($3/$6 USD) - 2016/09/29 13:12:56 ET
Table 'Antigone' 10-max Seat #2 is the button
Seat 2: Newheadpoker ($99.41 in chips)
Seat 3: Great_Kang ($190.14 in chips)
Newheadpoker: posts small blind $1
Great_Kang: posts big blind $3
*** HOLE CARDS ***
Newheadpoker: folds
Uncalled bet ($2) returned to Great_Kang
Great_Kang collected $2 from pot
Great_Kang: doesn't show hand
*** SUMMARY ***
Total pot $2 | Rake $0
Seat 2: Newheadpoker (button) (small blind) folded before Flop
Seat 3: Great_Kang (big blind) collected ($2)


PokerStars Hand #159249768281:  Hold'em Limit ($3/$6 USD) - 2016/09/29 13:12:21 ET
Table 'Antigone' 10-max Seat #3 is the button
Seat 2: Newheadpoker ($90.77 in chips)
Seat 3: Great_Kang ($199.14 in chips)
Great_Kang: posts small blind $1
Newheadpoker: posts big blind $3
*** HOLE CARDS ***
Great_Kang: raises $3 to $6
Newheadpoker: calls $3
*** FLOP *** [6c 4d 4s]
Newheadpoker: checks
Great_Kang: bets $3
Newheadpoker: raises $3 to $6
Great_Kang: folds
Uncalled bet ($3) returned to Newheadpoker
Newheadpoker collected $17.64 from pot
Newheadpoker: doesn't show hand
*** SUMMARY ***
Total pot $18 | Rake $0.36
Board [6c 4d 4s]
Seat 2: Newheadpoker (big blind) collected ($17.64)
Seat 3: Great_Kang (button) (small blind) folded on the Flop


PokerStars Hand #159249800979:  Hold'em Limit ($3/$6 USD) - 2016/09/29 13:13:07 ET
Table 'Antigone' 10-max Seat #2 is the button
Seat 2: Newheadpoker ($99.41 in chips)
Seat 3: Great_Kang ($190.14 in chips)
Newheadpoker: posts small blind $1
Great_Kang: posts big blind $3
*** HOLE CARDS ***
Newheadpoker: folds
Uncalled bet ($2) returned to Great_Kang
Great_Kang collected $2 from pot
Great_Kang: doesn't show hand
*** SUMMARY ***
Total pot $2 | Rake $0
Seat 2: Newheadpoker (button) (small blind) folded before Flop
Seat 3: Great_Kang (big blind) collected ($2)


PokerStars Hand #159249797256:  Hold'em Limit ($3/$6 USD) - 2016/09/29 13:13:01 ET
Table 'Antigone' 10-max Seat #3 is the button
Seat 2: Newheadpoker ($98.41 in chips)
Seat 3: Great_Kang ($191.14 in chips)
Great_Kang: posts small blind $1
Newheadpoker: posts big blind $3
*** HOLE CARDS ***
Great_Kang: folds
Uncalled bet ($2) returned to Newheadpoker
Newheadpoker collected $2 from pot
Newheadpoker: doesn't show hand
*** SUMMARY ***
Total pot $2 | Rake $0
Seat 2: Newheadpoker (big blind) collected ($2)
Seat 3: Great_Kang (button) (small blind) folded before Flop


PokerStars Hand #159249804874:  Hold'em Limit ($3/$6 USD) - 2016/09/29 13:13:12 ET
Table 'Antigone' 10-max Seat #3 is the button
Seat 2: Newheadpoker ($98.41 in chips)
Seat 3: Great_Kang ($191.14 in chips)
Great_Kang: posts small blind $1
Newheadpoker: posts big blind $3
*** HOLE CARDS ***
Great_Kang: raises $3 to $6
Newheadpoker: raises $3 to $9
Great_Kang: calls $3
*** FLOP *** [Tc Ks 7h]
Newheadpoker: bets $3
Great_Kang: folds
Uncalled bet ($3) returned to Newheadpoker
Newheadpoker collected $17.64 from pot
Newheadpoker: doesn't show hand
*** SUMMARY ***
Total pot $18 | Rake $0.36
Board [Tc Ks 7h]
Seat 2: Newheadpoker (big blind) collected ($17.64)
Seat 3: Great_Kang (button) (small blind) folded on the Flop


PokerStars Hand #159249816633:  Hold'em Limit ($3/$6 USD) - 2016/09/29 13:13:29 ET
Table 'Antigone' 10-max Seat #2 is the button
Seat 2: Newheadpoker ($107.05 in chips)
Seat 3: Great_Kang ($182.14 in chips)
Newheadpoker: posts small blind $1
Great_Kang: posts big blind $3
*** HOLE CARDS ***
Newheadpoker: raises $3 to $6
Great_Kang: calls $3
*** FLOP *** [6d 7c 5s]
Great_Kang: checks
Newheadpoker: bets $3
Great_Kang: calls $3
*** TURN *** [6d 7c 5s] [Ah]
Great_Kang: checks
Newheadpoker: bets $6
Great_Kang: folds
Uncalled bet ($6) returned to Newheadpoker
Newheadpoker collected $17.64 from pot
Newheadpoker: doesn't show hand
*** SUMMARY ***
Total pot $18 | Rake $0.36
Board [6d 7c 5s Ah]
Seat 2: Newheadpoker (button) (small blind) collected ($17.64)
Seat 3: Great_Kang (big blind) folded on the Turn


PokerStars Hand #159249848984:  Hold'em Limit ($3/$6 USD) - 2016/09/29 13:14:13 ET
Table 'Antigone' 10-max Seat #3 is the button
Seat 2: Newheadpoker ($115.69 in chips)
Seat 3: Great_Kang ($173.14 in chips)
Great_Kang: posts small blind $1
Newheadpoker: posts big blind $3
*** HOLE CARDS ***
Great_Kang: raises $3 to $6
Newheadpoker: folds
Uncalled bet ($3) returned to Great_Kang
Great_Kang collected $6 from pot
Great_Kang: doesn't show hand
*** SUMMARY ***
Total pot $6 | Rake $0
Seat 2: Newheadpoker (big blind) folded before Flop
Seat 3: Great_Kang (button) (small blind) collected ($6)


PokerStars Hand #159249857114:  Hold'em Limit ($3/$6 USD) - 2016/09/29 13:14:25 ET
Table 'Antigone' 10-max Seat #2 is the button
Seat 2: Newheadpoker ($112.69 in chips)
Seat 3: Great_Kang ($176.14 in chips)
Newheadpoker: posts small blind $1
Great_Kang: posts big blind $3
*** HOLE CARDS ***
Newheadpoker: raises $3 to $6
Great_Kang: folds
Uncalled bet ($3) returned to Newheadpoker
Newheadpoker collected $6 from pot
Newheadpoker: doesn't show hand
*** SUMMARY ***
Total pot $6 | Rake $0
Seat 2: Newheadpoker (button) (small blind) collected ($6)
Seat 3: Great_Kang (big blind) folded before Flop


PokerStars Hand #159249863960:  Hold'em Limit ($3/$6 USD) - 2016/09/29 13:14:35 ET
Table 'Antigone' 10-max Seat #3 is the button
Seat 2: Newheadpoker ($115.69 in chips)
Seat 3: Great_Kang ($173.14 in chips)
Great_Kang: posts small blind $1
Newheadpoker: posts big blind $3
*** HOLE CARDS ***
Great_Kang: raises $3 to $6
Newheadpoker: folds
Uncalled bet ($3) returned to Great_Kang
Great_Kang collected $6 from pot
Great_Kang: doesn't show hand
*** SUMMARY ***
Total pot $6 | Rake $0
Seat 2: Newheadpoker (big blind) folded before Flop
Seat 3: Great_Kang (button) (small blind) collected ($6)


PokerStars Hand #159249872682:  Hold'em Limit ($3/$6 USD) - 2016/09/29 13:14:47 ET
Table 'Antigone' 10-max Seat #3 is the button
Seat 2: Newheadpoker ($111.69 in chips)
Seat 3: Great_Kang ($177.14 in chips)
Great_Kang: posts small blind $1
Newheadpoker: posts big blind $3
*** HOLE CARDS ***
Great_Kang: folds
Uncalled bet ($2) returned to Newheadpoker
Newheadpoker collected $2 from pot
Newheadpoker: doesn't show hand
*** SUMMARY ***
Total pot $2 | Rake $0
Seat 2: Newheadpoker (big blind) collected ($2)
Seat 3: Great_Kang (button) (small blind) folded before Flop


PokerStars Hand #159249868453:  Hold'em Limit ($3/$6 USD) - 2016/09/29 13:14:41 ET
Table 'Antigone' 10-max Seat #2 is the button
Seat 2: Newheadpoker ($112.69 in chips)
Seat 3: Great_Kang ($176.14 in chips)
Newheadpoker: posts small blind $1
Great_Kang: posts big blind $3
*** HOLE CARDS ***
Newheadpoker: folds
Uncalled bet ($2) returned to Great_Kang
Great_Kang collected $2 from pot
Great_Kang: doesn't show hand
*** SUMMARY ***
Total pot $2 | Rake $0
Seat 2: Newheadpoker (button) (small blind) folded before Flop
Seat 3: Great_Kang (big blind) collected ($2)


PokerStars Hand #159249876817:  Hold'em Limit ($3/$6 USD) - 2016/09/29 13:14:52 ET
Table 'Antigone' 10-max Seat #2 is the button
Seat 2: Newheadpoker ($112.69 in chips)
Seat 3: Great_Kang ($176.14 in chips)
Newheadpoker: posts small blind $1
Great_Kang: posts big blind $3
*** HOLE CARDS ***
Newheadpoker: raises $3 to $6
Great_Kang: raises $3 to $9
Newheadpoker: calls $3
*** FLOP *** [As Ac Kh]
Great_Kang: bets $3
Newheadpoker: folds
Uncalled bet ($3) returned to Great_Kang
Great_Kang collected $17.64 from pot
Great_Kang: doesn't show hand
*** SUMMARY ***
Total pot $18 | Rake $0.36
Board [As Ac Kh]
Seat 2: Newheadpoker (button) (small blind) folded on the Flop
Seat 3: Great_Kang (big blind) collected ($17.64)


PokerStars Hand #159249887755:  Hold'em Limit ($3/$6 USD) - 2016/09/29 13:15:07 ET
Table 'Antigone' 10-max Seat #3 is the button
Seat 2: Newheadpoker ($103.69 in chips)
Seat 3: Great_Kang ($184.78 in chips)
Great_Kang: posts small blind $1
Newheadpoker: posts big blind $3
*** HOLE CARDS ***
Great_Kang: raises $3 to $6
Newheadpoker: raises $3 to $9
Great_Kang: calls $3
*** FLOP *** [8h 7s 4c]
Newheadpoker: bets $3
Great_Kang: folds
Uncalled bet ($3) returned to Newheadpoker
Newheadpoker collected $17.64 from pot
Newheadpoker: doesn't show hand
*** SUMMARY ***
Total pot $18 | Rake $0.36
Board [8h 7s 4c]
Seat 2: Newheadpoker (big blind) collected ($17.64)
Seat 3: Great_Kang (button) (small blind) folded on the Flop


PokerStars Hand #159249915814:  Hold'em Limit ($3/$6 USD) - 2016/09/29 13:15:47 ET
Table 'Antigone' 10-max Seat #3 is the button
Seat 2: Newheadpoker ($97.33 in chips)
Seat 3: Great_Kang ($190.28 in chips)
Great_Kang: posts small blind $1
Newheadpoker: posts big blind $3
*** HOLE CARDS ***
Great_Kang: raises $3 to $6
Newheadpoker: folds
Uncalled bet ($3) returned to Great_Kang
Great_Kang collected $6 from pot
Great_Kang: doesn't show hand
*** SUMMARY ***
Total pot $6 | Rake $0
Seat 2: Newheadpoker (big blind) folded before Flop
Seat 3: Great_Kang (button) (small blind) collected ($6)


PokerStars Hand #159249901765:  Hold'em Limit ($3/$6 USD) - 2016/09/29 13:15:27 ET
Table 'Antigone' 10-max Seat #2 is the button
Seat 2: Newheadpoker ($112.33 in chips)
Seat 3: Great_Kang ($175.78 in chips)
Newheadpoker: posts small blind $1
Great_Kang: posts big blind $3
*** HOLE CARDS ***
Newheadpoker: raises $3 to $6
Great_Kang: calls $3
*** FLOP *** [3s 9c 5c]
Great_Kang: checks
Newheadpoker: bets $3
Great_Kang: calls $3
*** TURN *** [3s 9c 5c] [5h]
Great_Kang: checks
Newheadpoker: checks
*** RIVER *** [3s 9c 5c 5h] [5d]
Great_Kang: checks
Newheadpoker: bets $6
Great_Kang: calls $6
*** SHOW DOWN ***
Newheadpoker: shows [Js Qh] (three of a kind, Fives)
Great_Kang: shows [Kd 8h] (three of a kind, Fives - King kicker)
Great_Kang collected $29.50 from pot
*** SUMMARY ***
Total pot $30 | Rake $0.50
Board [3s 9c 5c 5h 5d]
Seat 2: Newheadpoker (button) (small blind) showed [Js Qh] and lost with three of a kind, Fives
Seat 3: Great_Kang (big blind) showed [Kd 8h] and won ($29.50) with three of a kind, Fives


PokerStars Hand #159249920394:  Hold'em Limit ($3/$6 USD) - 2016/09/29 13:15:53 ET
Table 'Antigone' 10-max Seat #2 is the button
Seat 2: Newheadpoker ($94.33 in chips)
Seat 3: Great_Kang ($193.28 in chips)
Newheadpoker: posts small blind $1
Great_Kang: posts big blind $3
*** HOLE CARDS ***
Newheadpoker: raises $3 to $6
Great_Kang: folds
Uncalled bet ($3) returned to Newheadpoker
Newheadpoker collected $6 from pot
Newheadpoker: doesn't show hand
*** SUMMARY ***
Total pot $6 | Rake $0
Seat 2: Newheadpoker (button) (small blind) collected ($6)
Seat 3: Great_Kang (big blind) folded before Flop


PokerStars Hand #159249926601:  Hold'em Limit ($3/$6 USD) - 2016/09/29 13:16:02 ET
Table 'Antigone' 10-max Seat #3 is the button
Seat 2: Newheadpoker ($97.33 in chips)
Seat 3: Great_Kang ($190.28 in chips)
Great_Kang: posts small blind $1
Newheadpoker: posts big blind $3
*** HOLE CARDS ***
Great_Kang: raises $3 to $6
Newheadpoker: raises $3 to $9
Great_Kang: calls $3
*** FLOP *** [Ah Ks 3c]
Newheadpoker: bets $3
Great_Kang: folds
Uncalled bet ($3) returned to Newheadpoker
Newheadpoker collected $17.64 from pot
Newheadpoker: doesn't show hand
*** SUMMARY ***
Total pot $18 | Rake $0.36
Board [Ah Ks 3c]
Seat 2: Newheadpoker (big blind) collected ($17.64)
Seat 3: Great_Kang (button) (small blind) folded on the Flop


PokerStars Hand #159249936073:  Hold'em Limit ($3/$6 USD) - 2016/09/29 13:16:15 ET
Table 'Antigone' 10-max Seat #2 is the button
Seat 2: Newheadpoker ($105.97 in chips)
Seat 3: Great_Kang ($181.28 in chips)
Newheadpoker: posts small blind $1
Great_Kang: posts big blind $3
*** HOLE CARDS ***
Newheadpoker: folds
Uncalled bet ($2) returned to Great_Kang
Great_Kang collected $2 from pot
Great_Kang: doesn't show hand
*** SUMMARY ***
Total pot $2 | Rake $0
Seat 2: Newheadpoker (button) (small blind) folded before Flop
Seat 3: Great_Kang (big blind) collected ($2)


PokerStars Hand #159249940691:  Hold'em Limit ($3/$6 USD) - 2016/09/29 13:16:22 ET
Table 'Antigone' 10-max Seat #3 is the button
Seat 2: Newheadpoker ($104.97 in chips)
Seat 3: Great_Kang ($182.28 in chips)
Great_Kang: posts small blind $1
Newheadpoker: posts big blind $3
*** HOLE CARDS ***
Great_Kang: raises $3 to $6
Newheadpoker: folds
Uncalled bet ($3) returned to Great_Kang
Great_Kang collected $6 from pot
Great_Kang: doesn't show hand
*** SUMMARY ***
Total pot $6 | Rake $0
Seat 2: Newheadpoker (big blind) folded before Flop
Seat 3: Great_Kang (button) (small blind) collected ($6)


PokerStars Hand #159249946045:  Hold'em Limit ($3/$6 USD) - 2016/09/29 13:16:29 ET
Table 'Antigone' 10-max Seat #2 is the button
Seat 2: Newheadpoker ($101.97 in chips)
Seat 3: Great_Kang ($185.28 in chips)
Newheadpoker: posts small blind $1
Great_Kang: posts big blind $3
*** HOLE CARDS ***
Newheadpoker: raises $3 to $6
Great_Kang: raises $3 to $9
Newheadpoker: raises $3 to $12
Betting is capped
Great_Kang: calls $3
*** FLOP *** [Ts 6h 5s]
Great_Kang: checks
Newheadpoker: bets $3
Great_Kang: raises $3 to $6
Newheadpoker: calls $3
*** TURN *** [Ts 6h 5s] [Ac]
Great_Kang: bets $6
Newheadpoker: folds
Uncalled bet ($6) returned to Great_Kang
Great_Kang collected $35.50 from pot
Great_Kang: doesn't show hand
*** SUMMARY ***
Total pot $36 | Rake $0.50
Board [Ts 6h 5s Ac]
Seat 2: Newheadpoker (button) (small blind) folded on the Turn
Seat 3: Great_Kang (big blind) collected ($35.50)


PokerStars Hand #159249974476:  Hold'em Limit ($3/$6 USD) - 2016/09/29 13:17:09 ET
Table 'Antigone' 10-max Seat #3 is the button
Seat 2: Newheadpoker ($83.97 in chips)
Seat 3: Great_Kang ($202.78 in chips)
Great_Kang: posts small blind $1
Newheadpoker: posts big blind $3
*** HOLE CARDS ***
Great_Kang: raises $3 to $6
Newheadpoker: raises $3 to $9
Great_Kang: calls $3
*** FLOP *** [Qh 2c 7h]
Newheadpoker: bets $3
Great_Kang: calls $3
*** TURN *** [Qh 2c 7h] [Ad]
Newheadpoker: bets $6
Great_Kang: calls $6
*** RIVER *** [Qh 2c 7h Ad] [Js]
Newheadpoker: bets $6
Great_Kang: calls $6
*** SHOW DOWN ***
Newheadpoker: shows [Ks Ah] (a pair of Aces)
Great_Kang: mucks hand
Newheadpoker collected $47.50 from pot
*** SUMMARY ***
Total pot $48 | Rake $0.50
Board [Qh 2c 7h Ad Js]
Seat 2: Newheadpoker (big blind) showed [Ks Ah] and won ($47.50) with a pair of Aces
Seat 3: Great_Kang (button) (small blind) mucked


PokerStars Hand #159249992606:  Hold'em Limit ($3/$6 USD) - 2016/09/29 13:17:34 ET
Table 'Antigone' 10-max Seat #2 is the button
Seat 2: Newheadpoker ($107.47 in chips)
Seat 3: Great_Kang ($178.78 in chips)
Newheadpoker: posts small blind $1
Great_Kang: posts big blind $3
*** HOLE CARDS ***
Newheadpoker: folds
Uncalled bet ($2) returned to Great_Kang
Great_Kang collected $2 from pot
Great_Kang: doesn't show hand
*** SUMMARY ***
Total pot $2 | Rake $0
Seat 2: Newheadpoker (button) (small blind) folded before Flop
Seat 3: Great_Kang (big blind) collected ($2)


PokerStars Hand #159249997041:  Hold'em Limit ($3/$6 USD) - 2016/09/29 13:17:40 ET
Table 'Antigone' 10-max Seat #3 is the button
Seat 2: Newheadpoker ($106.47 in chips)
Seat 3: Great_Kang ($179.78 in chips)
Great_Kang: posts small blind $1
Newheadpoker: posts big blind $3
*** HOLE CARDS ***
Great_Kang: raises $3 to $6
Newheadpoker: raises $3 to $9
Great_Kang: calls $3
*** FLOP *** [3h 3c Qs]
Newheadpoker: bets $3
Great_Kang: calls $3
*** TURN *** [3h 3c Qs] [8s]
Newheadpoker: checks
Great_Kang: bets $6
Newheadpoker: folds
Uncalled bet ($6) returned to Great_Kang
Great_Kang collected $23.52 from pot
Great_Kang: doesn't show hand
*** SUMMARY ***
Total pot $24 | Rake $0.48
Board [3h 3c Qs 8s]
Seat 2: Newheadpoker (big blind) folded on the Turn
Seat 3: Great_Kang (button) (small blind) collected ($23.52)


PokerStars Hand #159250010342:  Hold'em Limit ($3/$6 USD) - 2016/09/29 13:17:59 ET
Table 'Antigone' 10-max Seat #2 is the button
Seat 2: Newheadpoker ($94.47 in chips)
Seat 3: Great_Kang ($191.30 in chips)
Newheadpoker: posts small blind $1
Great_Kang: posts big blind $3
*** HOLE CARDS ***
Newheadpoker: raises $3 to $6
Great_Kang: calls $3
*** FLOP *** [8h 9h Jh]
Great_Kang: checks
Newheadpoker: bets $3
Great_Kang: folds
Uncalled bet ($3) returned to Newheadpoker
Newheadpoker collected $11.76 from pot
Newheadpoker: doesn't show hand
*** SUMMARY ***
Total pot $12 | Rake $0.24
Board [8h 9h Jh]
Seat 2: Newheadpoker (button) (small blind) collected ($11.76)
Seat 3: Great_Kang (big blind) folded on the Flop


PokerStars Hand #159250022047:  Hold'em Limit ($3/$6 USD) - 2016/09/29 13:18:15 ET
Table 'Antigone' 10-max Seat #3 is the button
Seat 2: Newheadpoker ($100.23 in chips)
Seat 3: Great_Kang ($185.30 in chips)
Great_Kang: posts small blind $1
Newheadpoker: posts big blind $3
*** HOLE CARDS ***
Great_Kang: raises $3 to $6
Newheadpoker: folds
Uncalled bet ($3) returned to Great_Kang
Great_Kang collected $6 from pot
Great_Kang: doesn't show hand
*** SUMMARY ***
Total pot $6 | Rake $0
Seat 2: Newheadpoker (big blind) folded before Flop
Seat 3: Great_Kang (button) (small blind) collected ($6)


PokerStars Hand #159250028124:  Hold'em Limit ($3/$6 USD) - 2016/09/29 13:18:24 ET
Table 'Antigone' 10-max Seat #2 is the button
Seat 2: Newheadpoker ($97.23 in chips)
Seat 3: Great_Kang ($188.30 in chips)
Newheadpoker: posts small blind $1
Great_Kang: posts big blind $3
*** HOLE CARDS ***
Newheadpoker: raises $3 to $6
Great_Kang: calls $3
*** FLOP *** [Tc Ks Jd]
Great_Kang: checks
Newheadpoker: bets $3
Great_Kang: calls $3
*** TURN *** [Tc Ks Jd] [4s]
Great_Kang: checks
Newheadpoker: bets $6
Great_Kang: calls $6
*** RIVER *** [Tc Ks Jd 4s] [Ah]
Great_Kang: checks
Newheadpoker: bets $6
Great_Kang: folds
Uncalled bet ($6) returned to Newheadpoker
Newheadpoker collected $29.50 from pot
Newheadpoker: doesn't show hand
*** SUMMARY ***
Total pot $30 | Rake $0.50
Board [Tc Ks Jd 4s Ah]
Seat 2: Newheadpoker (button) (small blind) collected ($29.50)
Seat 3: Great_Kang (big blind) folded on the River


PokerStars Hand #159250063079:  Hold'em Limit ($3/$6 USD) - 2016/09/29 13:19:12 ET
Table 'Antigone' 10-max Seat #3 is the button
Seat 2: Newheadpoker ($111.73 in chips)
Seat 3: Great_Kang ($173.30 in chips)
Great_Kang: posts small blind $1
Newheadpoker: posts big blind $3
*** HOLE CARDS ***
Great_Kang: raises $3 to $6
Newheadpoker: folds
Uncalled bet ($3) returned to Great_Kang
Great_Kang collected $6 from pot
Great_Kang: doesn't show hand
*** SUMMARY ***
Total pot $6 | Rake $0
Seat 2: Newheadpoker (big blind) folded before Flop
Seat 3: Great_Kang (button) (small blind) collected ($6)


PokerStars Hand #159250071485:  Hold'em Limit ($3/$6 USD) - 2016/09/29 13:19:24 ET
Table 'Antigone' 10-max Seat #2 is the button
Seat 2: Newheadpoker ($108.73 in chips)
Seat 3: Great_Kang ($176.30 in chips)
Newheadpoker: posts small blind $1
Great_Kang: posts big blind $3
*** HOLE CARDS ***
Newheadpoker: raises $3 to $6
Great_Kang: calls $3
*** FLOP *** [4h 3s 8h]
Great_Kang: checks
Newheadpoker: bets $3
Great_Kang: calls $3
*** TURN *** [4h 3s 8h] [6d]
Great_Kang: bets $6
Newheadpoker: folds
Uncalled bet ($6) returned to Great_Kang
Great_Kang collected $17.64 from pot
Great_Kang: doesn't show hand
*** SUMMARY ***
Total pot $18 | Rake $0.36
Board [4h 3s 8h 6d]
Seat 2: Newheadpoker (button) (small blind) folded on the Turn
Seat 3: Great_Kang (big blind) collected ($17.64)


PokerStars Hand #159250097405:  Hold'em Limit ($3/$6 USD) - 2016/09/29 13:20:01 ET
Table 'Antigone' 10-max Seat #2 is the button
Seat 2: Newheadpoker ($96.73 in chips)
Seat 3: Great_Kang ($187.94 in chips)
Newheadpoker: posts small blind $1
Great_Kang: posts big blind $3
*** HOLE CARDS ***
Newheadpoker: folds
Uncalled bet ($2) returned to Great_Kang
Great_Kang collected $2 from pot
Great_Kang: doesn't show hand
*** SUMMARY ***
Total pot $2 | Rake $0
Seat 2: Newheadpoker (button) (small blind) folded before Flop
Seat 3: Great_Kang (big blind) collected ($2)


PokerStars Hand #159250089673:  Hold'em Limit ($3/$6 USD) - 2016/09/29 13:19:50 ET
Table 'Antigone' 10-max Seat #3 is the button
Seat 2: Newheadpoker ($99.73 in chips)
Seat 3: Great_Kang ($184.94 in chips)
Great_Kang: posts small blind $1
Newheadpoker: posts big blind $3
*** HOLE CARDS ***
Great_Kang: raises $3 to $6
Newheadpoker: folds
Uncalled bet ($3) returned to Great_Kang
Great_Kang collected $6 from pot
Great_Kang: doesn't show hand
*** SUMMARY ***
Total pot $6 | Rake $0
Seat 2: Newheadpoker (big blind) folded before Flop
Seat 3: Great_Kang (button) (small blind) collected ($6)


PokerStars Hand #159250101293:  Hold'em Limit ($3/$6 USD) - 2016/09/29 13:20:06 ET
Table 'Antigone' 10-max Seat #3 is the button
Seat 2: Newheadpoker ($95.73 in chips)
Seat 3: Great_Kang ($188.94 in chips)
Great_Kang: posts small blind $1
Newheadpoker: posts big blind $3
*** HOLE CARDS ***
Great_Kang: raises $3 to $6
Newheadpoker: folds
Uncalled bet ($3) returned to Great_Kang
Great_Kang collected $6 from pot
Great_Kang: doesn't show hand
*** SUMMARY ***
Total pot $6 | Rake $0
Seat 2: Newheadpoker (big blind) folded before Flop
Seat 3: Great_Kang (button) (small blind) collected ($6)


PokerStars Hand #159250122878:  Hold'em Limit ($3/$6 USD) - 2016/09/29 13:20:36 ET
Table 'Antigone' 10-max Seat #3 is the button
Seat 2: Newheadpoker ($92.48 in chips)
Seat 3: Great_Kang ($191.69 in chips)
Great_Kang: posts small blind $1
Newheadpoker: posts big blind $3
*** HOLE CARDS ***
Great_Kang: raises $3 to $6
Newheadpoker: folds
Uncalled bet ($3) returned to Great_Kang
Great_Kang collected $6 from pot
Great_Kang: doesn't show hand
*** SUMMARY ***
Total pot $6 | Rake $0
Seat 2: Newheadpoker (big blind) folded before Flop
Seat 3: Great_Kang (button) (small blind) collected ($6)


PokerStars Hand #159250127889:  Hold'em Limit ($3/$6 USD) - 2016/09/29 13:20:43 ET
Table 'Antigone' 10-max Seat #2 is the button
Seat 2: Newheadpoker ($89.48 in chips)
Seat 3: Great_Kang ($194.69 in chips)
Newheadpoker: posts small blind $1
Great_Kang: posts big blind $3
*** HOLE CARDS ***
Newheadpoker: folds
Uncalled bet ($2) returned to Great_Kang
Great_Kang collected $2 from pot
Great_Kang: doesn't show hand
*** SUMMARY ***
Total pot $2 | Rake $0
Seat 2: Newheadpoker (button) (small blind) folded before Flop
Seat 3: Great_Kang (big blind) collected ($2)


PokerStars Hand #159250133962:  Hold'em Limit ($3/$6 USD) - 2016/09/29 13:20:52 ET
Table 'Antigone' 10-max Seat #3 is the button
Seat 2: Newheadpoker ($88.48 in chips)
Seat 3: Great_Kang ($195.69 in chips)
Great_Kang: posts small blind $1
Newheadpoker: posts big blind $3
*** HOLE CARDS ***
Great_Kang: raises $3 to $6
Newheadpoker: raises $3 to $9
Great_Kang: calls $3
*** FLOP *** [8s Ah Ac]
Newheadpoker: bets $3
Great_Kang: calls $3
*** TURN *** [8s Ah Ac] [7h]
Newheadpoker: bets $6
Great_Kang: calls $6
*** RIVER *** [8s Ah Ac 7h] [3h]
Newheadpoker: bets $6
Great_Kang: calls $6
*** SHOW DOWN ***
Newheadpoker: shows [Ad 6d] (three of a kind, Aces)
Great_Kang: mucks hand
Newheadpoker collected $47.50 from pot
*** SUMMARY ***
Total pot $48 | Rake $0.50
Board [8s Ah Ac 7h 3h]
Seat 2: Newheadpoker (big blind) showed [Ad 6d] and won ($47.50) with three of a kind, Aces
Seat 3: Great_Kang (button) (small blind) mucked


PokerStars Hand #159250149533:  Hold'em Limit ($3/$6 USD) - 2016/09/29 13:21:14 ET
Table 'Antigone' 10-max Seat #2 is the button
Seat 2: Newheadpoker ($111.98 in chips)
Seat 3: Great_Kang ($171.69 in chips)
Newheadpoker: posts small blind $1
Great_Kang: posts big blind $3
*** HOLE CARDS ***
Newheadpoker: raises $3 to $6
Great_Kang: raises $3 to $9
Newheadpoker: calls $3
*** FLOP *** [3h Th Qc]
Great_Kang: bets $3
Newheadpoker: folds
Uncalled bet ($3) returned to Great_Kang
Great_Kang collected $17.64 from pot
Great_Kang: doesn't show hand
*** SUMMARY ***
Total pot $18 | Rake $0.36
Board [3h Th Qc]
Seat 2: Newheadpoker (button) (small blind) folded on the Flop
Seat 3: Great_Kang (big blind) collected ($17.64)


PokerStars Hand #159250106747:  Hold'em Limit ($3/$6 USD) - 2016/09/29 13:20:14 ET
Table 'Antigone' 10-max Seat #2 is the button
Seat 2: Newheadpoker ($92.73 in chips)
Seat 3: Great_Kang ($191.94 in chips)
Newheadpoker: posts small blind $1
Great_Kang: posts big blind $3
*** HOLE CARDS ***
Newheadpoker: raises $3 to $6
Great_Kang: calls $3
*** FLOP *** [Jd Qc 3s]
Great_Kang: checks
Newheadpoker: bets $3
Great_Kang: calls $3
*** TURN *** [Jd Qc 3s] [Qh]
Great_Kang: checks
Newheadpoker: checks
*** RIVER *** [Jd Qc 3s Qh] [Ad]
Great_Kang: checks
Newheadpoker: bets $6
Great_Kang: calls $6
*** SHOW DOWN ***
Newheadpoker: shows [Ac Tc] (two pair, Aces and Queens)
Great_Kang: shows [3d Ah] (two pair, Aces and Queens)
Great_Kang collected $14.75 from pot
Newheadpoker collected $14.75 from pot
*** SUMMARY ***
Total pot $30 | Rake $0.50
Board [Jd Qc 3s Qh Ad]
Seat 2: Newheadpoker (button) (small blind) showed [Ac Tc] and won ($14.75) with two pair, Aces and Queens
Seat 3: Great_Kang (big blind) showed [3d Ah] and won ($14.75) with two pair, Aces and Queens


PokerStars Hand #159250157638:  Hold'em Limit ($3/$6 USD) - 2016/09/29 13:21:25 ET
Table 'Antigone' 10-max Seat #3 is the button
Seat 2: Newheadpoker ($102.98 in chips)
Seat 3: Great_Kang ($180.33 in chips)
Great_Kang: posts small blind $1
Newheadpoker: posts big blind $3
*** HOLE CARDS ***
Great_Kang: raises $3 to $6
Newheadpoker: raises $3 to $9
Great_Kang: calls $3
*** FLOP *** [Ts Jd Jh]
Newheadpoker: bets $3
Great_Kang: calls $3
*** TURN *** [Ts Jd Jh] [Ac]
Newheadpoker: bets $6
Great_Kang: raises $6 to $12
Newheadpoker: calls $6
*** RIVER *** [Ts Jd Jh Ac] [3d]
Newheadpoker: checks
Great_Kang: bets $6
Newheadpoker: calls $6
*** SHOW DOWN ***
Great_Kang: shows [8d Qh] (a pair of Jacks)
Newheadpoker: shows [As Qd] (two pair, Aces and Jacks)
Newheadpoker collected $59.50 from pot
*** SUMMARY ***
Total pot $60 | Rake $0.50
Board [Ts Jd Jh Ac 3d]
Seat 2: Newheadpoker (big blind) showed [As Qd] and won ($59.50) with two pair, Aces and Jacks
Seat 3: Great_Kang (button) (small blind) showed [8d Qh] and lost with a pair of Jacks


PokerStars Hand #159250180765:  Hold'em Limit ($3/$6 USD) - 2016/09/29 13:21:58 ET
Table 'Antigone' 10-max Seat #2 is the button
Seat 2: Newheadpoker ($132.48 in chips)
Seat 3: Great_Kang ($150.33 in chips)
Newheadpoker: posts small blind $1
Great_Kang: posts big blind $3
*** HOLE CARDS ***
Newheadpoker: raises $3 to $6
Great_Kang: calls $3
*** FLOP *** [4h Ts 8d]
Great_Kang: checks
Newheadpoker: checks
*** TURN *** [4h Ts 8d] [4s]
Great_Kang: bets $6
Newheadpoker: folds
Uncalled bet ($6) returned to Great_Kang
Great_Kang collected $11.76 from pot
Great_Kang: doesn't show hand
*** SUMMARY ***
Total pot $12 | Rake $0.24
Board [4h Ts 8d 4s]
Seat 2: Newheadpoker (button) (small blind) folded on the Turn
Seat 3: Great_Kang (big blind) collected ($11.76)


PokerStars Hand #159250200220:  Hold'em Limit ($3/$6 USD) - 2016/09/29 13:22:17 ET
Table 'Antigone' 10-max Seat #3 is the button
Seat 2: Newheadpoker ($126.48 in chips)
Seat 3: Great_Kang ($156.09 in chips)
Great_Kang: posts small blind $1
Newheadpoker: posts big blind $3
*** HOLE CARDS ***
Great_Kang: raises $3 to $6
Newheadpoker: calls $3
*** FLOP *** [6c 4s Ah]
Newheadpoker: checks
Great_Kang: bets $3
Newheadpoker: folds
Uncalled bet ($3) returned to Great_Kang
Great_Kang collected $11.76 from pot
Great_Kang: doesn't show hand
*** SUMMARY ***
Total pot $12 | Rake $0.24
Board [6c 4s Ah]
Seat 2: Newheadpoker (big blind) folded on the Flop
Seat 3: Great_Kang (button) (small blind) collected ($11.76)


PokerStars Hand #159250218586:  Hold'em Limit ($3/$6 USD) - 2016/09/29 13:22:43 ET
Table 'Antigone' 10-max Seat #2 is the button
Seat 2: Newheadpoker ($120.48 in chips)
Seat 3: Great_Kang ($161.85 in chips)
Newheadpoker: posts small blind $1
Great_Kang: posts big blind $3
*** HOLE CARDS ***
Newheadpoker: folds
Uncalled bet ($2) returned to Great_Kang
Great_Kang collected $2 from pot
Great_Kang: doesn't show hand
*** SUMMARY ***
Total pot $2 | Rake $0
Seat 2: Newheadpoker (button) (small blind) folded before Flop
Seat 3: Great_Kang (big blind) collected ($2)


PokerStars Hand #159250230434:  Hold'em Limit ($3/$6 USD) - 2016/09/29 13:22:59 ET
Table 'Antigone' 10-max Seat #2 is the button
Seat 2: Newheadpoker ($116.48 in chips)
Seat 3: Great_Kang ($165.85 in chips)
Newheadpoker: posts small blind $1
Great_Kang: posts big blind $3
*** HOLE CARDS ***
Newheadpoker: raises $3 to $6
Great_Kang: calls $3
*** FLOP *** [Qc 8h 8d]
Great_Kang: checks
Newheadpoker: bets $3
Great_Kang: calls $3
*** TURN *** [Qc 8h 8d] [8s]
Great_Kang: checks
Newheadpoker: bets $6
Great_Kang: calls $6
*** RIVER *** [Qc 8h 8d 8s] [3c]
Great_Kang: checks
Newheadpoker: checks
*** SHOW DOWN ***
Great_Kang: shows [As 5h] (three of a kind, Eights)
Newheadpoker: mucks hand
Great_Kang collected $29.50 from pot
*** SUMMARY ***
Total pot $30 | Rake $0.50
Board [Qc 8h 8d 8s 3c]
Seat 2: Newheadpoker (button) (small blind) mucked
Seat 3: Great_Kang (big blind) showed [As 5h] and won ($29.50) with three of a kind, Eights


PokerStars Hand #159250259990:  Hold'em Limit ($3/$6 USD) - 2016/09/29 13:23:41 ET
Table 'Antigone' 10-max Seat #3 is the button
Seat 2: Newheadpoker ($101.48 in chips)
Seat 3: Great_Kang ($180.35 in chips)
Great_Kang: posts small blind $1
Newheadpoker: posts big blind $3
*** HOLE CARDS ***
Great_Kang: raises $3 to $6
Newheadpoker: raises $3 to $9
Great_Kang: calls $3
*** FLOP *** [Ks Ac Kh]
Newheadpoker: bets $3
Great_Kang: folds
Uncalled bet ($3) returned to Newheadpoker
Newheadpoker collected $17.64 from pot
Newheadpoker: doesn't show hand
*** SUMMARY ***
Total pot $18 | Rake $0.36
Board [Ks Ac Kh]
Seat 2: Newheadpoker (big blind) collected ($17.64)
Seat 3: Great_Kang (button) (small blind) folded on the Flop


PokerStars Hand #159250269688:  Hold'em Limit ($3/$6 USD) - 2016/09/29 13:23:55 ET
Table 'Antigone' 10-max Seat #2 is the button
Seat 2: Newheadpoker ($110.12 in chips)
Seat 3: Great_Kang ($171.35 in chips)
Newheadpoker: posts small blind $1
Great_Kang: posts big blind $3
*** HOLE CARDS ***
Newheadpoker: raises $3 to $6
Great_Kang: raises $3 to $9
Newheadpoker: raises $3 to $12
Betting is capped
Great_Kang: calls $3
*** FLOP *** [Ts 4d 4h]
Great_Kang: checks
Newheadpoker: bets $3
Great_Kang: calls $3
*** TURN *** [Ts 4d 4h] [3s]
Great_Kang: checks
Newheadpoker: bets $6
Great_Kang: folds
Uncalled bet ($6) returned to Newheadpoker
Newheadpoker collected $29.50 from pot
Newheadpoker: doesn't show hand
*** SUMMARY ***
Total pot $30 | Rake $0.50
Board [Ts 4d 4h 3s]
Seat 2: Newheadpoker (button) (small blind) collected ($29.50)
Seat 3: Great_Kang (big blind) folded on the Turn


PokerStars Hand #159250327824:  Hold'em Limit ($3/$6 USD) - 2016/09/29 13:25:16 ET
Table 'Antigone' 10-max Seat #2 is the button
Seat 2: Newheadpoker ($146.12 in chips)
Seat 3: Great_Kang ($133.99 in chips)
Newheadpoker: posts small blind $1
Great_Kang: posts big blind $3
*** HOLE CARDS ***
Newheadpoker: folds
Uncalled bet ($2) returned to Great_Kang
Great_Kang collected $2 from pot
Great_Kang: doesn't show hand
*** SUMMARY ***
Total pot $2 | Rake $0
Seat 2: Newheadpoker (button) (small blind) folded before Flop
Seat 3: Great_Kang (big blind) collected ($2)


PokerStars Hand #159250309381:  Hold'em Limit ($3/$6 USD) - 2016/09/29 13:24:50 ET
Table 'Antigone' 10-max Seat #3 is the button
Seat 2: Newheadpoker ($116.62 in chips)
Seat 3: Great_Kang ($163.99 in chips)
Great_Kang: posts small blind $1
Newheadpoker: posts big blind $3
*** HOLE CARDS ***
Great_Kang: raises $3 to $6
Newheadpoker: calls $3
*** FLOP *** [4h 5d Kd]
Newheadpoker: checks
Great_Kang: bets $3
Newheadpoker: raises $3 to $6
Great_Kang: calls $3
*** TURN *** [4h 5d Kd] [3c]
Newheadpoker: bets $6
Great_Kang: raises $6 to $12
Newheadpoker: raises $6 to $18
Great_Kang: calls $6
*** RIVER *** [4h 5d Kd 3c] [7c]
Newheadpoker: bets $6
Great_Kang: folds
Uncalled bet ($6) returned to Newheadpoker
Newheadpoker collected $59.50 from pot
Newheadpoker: doesn't show hand
*** SUMMARY ***
Total pot $60 | Rake $0.50
Board [4h 5d Kd 3c 7c]
Seat 2: Newheadpoker (big blind) collected ($59.50)
Seat 3: Great_Kang (button) (small blind) folded on the River


PokerStars Hand #159250299547:  Hold'em Limit ($3/$6 USD) - 2016/09/29 13:24:37 ET
Table 'Antigone' 10-max Seat #2 is the button
Seat 2: Newheadpoker ($125.62 in chips)
Seat 3: Great_Kang ($155.35 in chips)
Newheadpoker: posts small blind $1
Great_Kang: posts big blind $3
*** HOLE CARDS ***
Newheadpoker: raises $3 to $6
Great_Kang: raises $3 to $9
Newheadpoker: calls $3
*** FLOP *** [Tc Jd Jh]
Great_Kang: bets $3
Newheadpoker: folds
Uncalled bet ($3) returned to Great_Kang
Great_Kang collected $17.64 from pot
Great_Kang: doesn't show hand
*** SUMMARY ***
Total pot $18 | Rake $0.36
Board [Tc Jd Jh]
Seat 2: Newheadpoker (button) (small blind) folded on the Flop
Seat 3: Great_Kang (big blind) collected ($17.64)


PokerStars Hand #159250291570:  Hold'em Limit ($3/$6 USD) - 2016/09/29 13:24:25 ET
Table 'Antigone' 10-max Seat #3 is the button
Seat 2: Newheadpoker ($124.62 in chips)
Seat 3: Great_Kang ($156.35 in chips)
Great_Kang: posts small blind $1
Newheadpoker: posts big blind $3
*** HOLE CARDS ***
Great_Kang: folds
Uncalled bet ($2) returned to Newheadpoker
Newheadpoker collected $2 from pot
Newheadpoker: doesn't show hand
*** SUMMARY ***
Total pot $2 | Rake $0
Seat 2: Newheadpoker (big blind) collected ($2)
Seat 3: Great_Kang (button) (small blind) folded before Flop


PokerStars Hand #159250373554:  Hold'em Limit ($3/$6 USD) - 2016/09/29 13:26:20 ET
Table 'Antigone' 10-max Seat #2 is the button
Seat 2: Newheadpoker ($131.64 in chips)
Seat 3: Great_Kang ($147.49 in chips)
Newheadpoker: posts small blind $1
Great_Kang: posts big blind $3
*** HOLE CARDS ***
Newheadpoker: folds
Uncalled bet ($2) returned to Great_Kang
Great_Kang collected $2 from pot
Great_Kang: doesn't show hand
*** SUMMARY ***
Total pot $2 | Rake $0
Seat 2: Newheadpoker (button) (small blind) folded before Flop
Seat 3: Great_Kang (big blind) collected ($2)


PokerStars Hand #159250353604:  Hold'em Limit ($3/$6 USD) - 2016/09/29 13:25:52 ET
Table 'Antigone' 10-max Seat #3 is the button
Seat 2: Newheadpoker ($155.64 in chips)
Seat 3: Great_Kang ($123.99 in chips)
Great_Kang: posts small blind $1
Newheadpoker: posts big blind $3
*** HOLE CARDS ***
Great_Kang: raises $3 to $6
Newheadpoker: raises $3 to $9
Great_Kang: calls $3
*** FLOP *** [4d 7h 7d]
Newheadpoker: bets $3
Great_Kang: calls $3
*** TURN *** [4d 7h 7d] [Ad]
Newheadpoker: checks
Great_Kang: bets $6
Newheadpoker: raises $6 to $12
Great_Kang: calls $6
*** RIVER *** [4d 7h 7d Ad] [2h]
Newheadpoker: checks
Great_Kang: checks
*** SHOW DOWN ***
Newheadpoker: shows [Jh Kd] (a pair of Sevens)
Great_Kang: shows [3c Ah] (two pair, Aces and Sevens)
Great_Kang collected $47.50 from pot
*** SUMMARY ***
Total pot $48 | Rake $0.50
Board [4d 7h 7d Ad 2h]
Seat 2: Newheadpoker (big blind) showed [Jh Kd] and lost with a pair of Sevens
Seat 3: Great_Kang (button) (small blind) showed [3c Ah] and won ($47.50) with two pair, Aces and Sevens


PokerStars Hand #159250349100:  Hold'em Limit ($3/$6 USD) - 2016/09/29 13:25:46 ET
Table 'Antigone' 10-max Seat #2 is the button
Seat 2: Newheadpoker ($156.64 in chips)
Seat 3: Great_Kang ($122.99 in chips)
Newheadpoker: posts small blind $1
Great_Kang: posts big blind $3
*** HOLE CARDS ***
Newheadpoker: folds
Uncalled bet ($2) returned to Great_Kang
Great_Kang collected $2 from pot
Great_Kang: doesn't show hand
*** SUMMARY ***
Total pot $2 | Rake $0
Seat 2: Newheadpoker (button) (small blind) folded before Flop
Seat 3: Great_Kang (big blind) collected ($2)


PokerStars Hand #159250332271:  Hold'em Limit ($3/$6 USD) - 2016/09/29 13:25:22 ET
Table 'Antigone' 10-max Seat #3 is the button
Seat 2: Newheadpoker ($145.12 in chips)
Seat 3: Great_Kang ($134.99 in chips)
Great_Kang: posts small blind $1
Newheadpoker: posts big blind $3
*** HOLE CARDS ***
Great_Kang: raises $3 to $6
Newheadpoker: calls $3
*** FLOP *** [3s 3d 4c]
Newheadpoker: checks
Great_Kang: bets $3
Newheadpoker: raises $3 to $6
Great_Kang: calls $3
*** TURN *** [3s 3d 4c] [4d]
Newheadpoker: bets $6
Great_Kang: folds
Uncalled bet ($6) returned to Newheadpoker
Newheadpoker collected $23.52 from pot
Newheadpoker: doesn't show hand
*** SUMMARY ***
Total pot $24 | Rake $0.48
Board [3s 3d 4c 4d]
Seat 2: Newheadpoker (big blind) collected ($23.52)
Seat 3: Great_Kang (button) (small blind) folded on the Turn


PokerStars Hand #159250417254:  Hold'em Limit ($3/$6 USD) - 2016/09/29 13:27:21 ET
Table 'Antigone' 10-max Seat #2 is the button
Seat 2: Newheadpoker ($135.14 in chips)
Seat 3: Great_Kang ($142.99 in chips)
Newheadpoker: posts small blind $1
Great_Kang: posts big blind $3
*** HOLE CARDS ***
Newheadpoker: folds
Uncalled bet ($2) returned to Great_Kang
Great_Kang collected $2 from pot
Great_Kang: doesn't show hand
*** SUMMARY ***
Total pot $2 | Rake $0
Seat 2: Newheadpoker (button) (small blind) folded before Flop
Seat 3: Great_Kang (big blind) collected ($2)


PokerStars Hand #159250401920:  Hold'em Limit ($3/$6 USD) - 2016/09/29 13:27:00 ET
Table 'Antigone' 10-max Seat #3 is the button
Seat 2: Newheadpoker ($111.64 in chips)
Seat 3: Great_Kang ($166.99 in chips)
Great_Kang: posts small blind $1
Newheadpoker: posts big blind $3
*** HOLE CARDS ***
Great_Kang: raises $3 to $6
Newheadpoker: calls $3
*** FLOP *** [8s 8c Qc]
Newheadpoker: checks
Great_Kang: checks
*** TURN *** [8s 8c Qc] [Ac]
Newheadpoker: checks
Great_Kang: bets $6
Newheadpoker: raises $6 to $12
Great_Kang: calls $6
*** RIVER *** [8s 8c Qc Ac] [6d]
Newheadpoker: bets $6
Great_Kang: calls $6
*** SHOW DOWN ***
Newheadpoker: shows [Jc 8d] (three of a kind, Eights)
Great_Kang: mucks hand
Newheadpoker collected $47.50 from pot
*** SUMMARY ***
Total pot $48 | Rake $0.50
Board [8s 8c Qc Ac 6d]
Seat 2: Newheadpoker (big blind) showed [Jc 8d] and won ($47.50) with three of a kind, Eights
Seat 3: Great_Kang (button) (small blind) mucked


PokerStars Hand #159250398178:  Hold'em Limit ($3/$6 USD) - 2016/09/29 13:26:55 ET
Table 'Antigone' 10-max Seat #2 is the button
Seat 2: Newheadpoker ($112.64 in chips)
Seat 3: Great_Kang ($165.99 in chips)
Newheadpoker: posts small blind $1
Great_Kang: posts big blind $3
*** HOLE CARDS ***
Newheadpoker: folds
Uncalled bet ($2) returned to Great_Kang
Great_Kang collected $2 from pot
Great_Kang: doesn't show hand
*** SUMMARY ***
Total pot $2 | Rake $0
Seat 2: Newheadpoker (button) (small blind) folded before Flop
Seat 3: Great_Kang (big blind) collected ($2)


PokerStars Hand #159250377172:  Hold'em Limit ($3/$6 USD) - 2016/09/29 13:26:25 ET
Table 'Antigone' 10-max Seat #3 is the button
Seat 2: Newheadpoker ($130.64 in chips)
Seat 3: Great_Kang ($148.49 in chips)
Great_Kang: posts small blind $1
Newheadpoker: posts big blind $3
*** HOLE CARDS ***
Great_Kang: raises $3 to $6
Newheadpoker: raises $3 to $9
Great_Kang: calls $3
*** FLOP *** [Kd 3s 5h]
Newheadpoker: bets $3
Great_Kang: calls $3
*** TURN *** [Kd 3s 5h] [7d]
Newheadpoker: checks
Great_Kang: checks
*** RIVER *** [Kd 3s 5h 7d] [Qs]
Newheadpoker: checks
Great_Kang: bets $6
Newheadpoker: calls $6
*** SHOW DOWN ***
Great_Kang: shows [Td Qh] (a pair of Queens)
Newheadpoker: mucks hand
Great_Kang collected $35.50 from pot
*** SUMMARY ***
Total pot $36 | Rake $0.50
Board [Kd 3s 5h 7d Qs]
Seat 2: Newheadpoker (big blind) mucked
Seat 3: Great_Kang (button) (small blind) showed [Td Qh] and won ($35.50) with a pair of Queens


PokerStars Hand #159250459797:  Hold'em Limit ($3/$6 USD) - 2016/09/29 13:28:21 ET
Table 'Antigone' 10-max Seat #3 is the button
Seat 2: Newheadpoker ($151.42 in chips)
Seat 3: Great_Kang ($125.99 in chips)
Great_Kang: posts small blind $1
Newheadpoker: posts big blind $3
*** HOLE CARDS ***
Great_Kang: raises $3 to $6
Newheadpoker: folds
Uncalled bet ($3) returned to Great_Kang
Great_Kang collected $6 from pot
Great_Kang: doesn't show hand
*** SUMMARY ***
Total pot $6 | Rake $0
Seat 2: Newheadpoker (big blind) folded before Flop
Seat 3: Great_Kang (button) (small blind) collected ($6)


PokerStars Hand #159250442484:  Hold'em Limit ($3/$6 USD) - 2016/09/29 13:27:56 ET
Table 'Antigone' 10-max Seat #2 is the button
Seat 2: Newheadpoker ($145.66 in chips)
Seat 3: Great_Kang ($131.99 in chips)
Newheadpoker: posts small blind $1
Great_Kang: posts big blind $3
*** HOLE CARDS ***
Newheadpoker: raises $3 to $6
Great_Kang: calls $3
*** FLOP *** [2s 6d Qh]
Great_Kang: checks
Newheadpoker: bets $3
Great_Kang: folds
Uncalled bet ($3) returned to Newheadpoker
Newheadpoker collected $11.76 from pot
Newheadpoker: doesn't show hand
*** SUMMARY ***
Total pot $12 | Rake $0.24
Board [2s 6d Qh]
Seat 2: Newheadpoker (button) (small blind) collected ($11.76)
Seat 3: Great_Kang (big blind) folded on the Flop


PokerStars Hand #159250430681:  Hold'em Limit ($3/$6 USD) - 2016/09/29 13:27:40 ET
Table 'Antigone' 10-max Seat #3 is the button
Seat 2: Newheadpoker ($134.14 in chips)
Seat 3: Great_Kang ($143.99 in chips)
Great_Kang: posts small blind $1
Newheadpoker: posts big blind $3
*** HOLE CARDS ***
Great_Kang: raises $3 to $6
Newheadpoker: calls $3
*** FLOP *** [Ad Kh 9c]
Newheadpoker: checks
Great_Kang: checks
*** TURN *** [Ad Kh 9c] [5h]
Newheadpoker: checks
Great_Kang: checks
*** RIVER *** [Ad Kh 9c 5h] [Jc]
Newheadpoker: bets $6
Great_Kang: calls $6
*** SHOW DOWN ***
Newheadpoker: shows [Jh 7s] (a pair of Jacks)
Great_Kang: mucks hand
Newheadpoker collected $23.52 from pot
*** SUMMARY ***
Total pot $24 | Rake $0.48
Board [Ad Kh 9c 5h Jc]
Seat 2: Newheadpoker (big blind) showed [Jh 7s] and won ($23.52) with a pair of Jacks
Seat 3: Great_Kang (button) (small blind) mucked


PokerStars Hand #159250425662:  Hold'em Limit ($3/$6 USD) - 2016/09/29 13:27:33 ET
Table 'Antigone' 10-max Seat #2 is the button
Seat 2: Newheadpoker ($135.14 in chips)
Seat 3: Great_Kang ($142.99 in chips)
Newheadpoker: posts small blind $1
Great_Kang: posts big blind $3
*** HOLE CARDS ***
Newheadpoker: folds
Uncalled bet ($2) returned to Great_Kang
Great_Kang collected $2 from pot
Great_Kang: doesn't show hand
*** SUMMARY ***
Total pot $2 | Rake $0
Seat 2: Newheadpoker (button) (small blind) folded before Flop
Seat 3: Great_Kang (big blind) collected ($2)


PokerStars Hand #159250421040:  Hold'em Limit ($3/$6 USD) - 2016/09/29 13:27:27 ET
Table 'Antigone' 10-max Seat #3 is the button
Seat 2: Newheadpoker ($134.14 in chips)
Seat 3: Great_Kang ($143.99 in chips)
Great_Kang: posts small blind $1
Newheadpoker: posts big blind $3
*** HOLE CARDS ***
Great_Kang: folds
Uncalled bet ($2) returned to Newheadpoker
Newheadpoker collected $2 from pot
Newheadpoker: doesn't show hand
*** SUMMARY ***
Total pot $2 | Rake $0
Seat 2: Newheadpoker (big blind) collected ($2)
Seat 3: Great_Kang (button) (small blind) folded before Flop


PokerStars Hand #159250495441:  Hold'em Limit ($3/$6 USD) - 2016/09/29 13:29:10 ET
Table 'Antigone' 10-max Seat #2 is the button
Seat 2: Newheadpoker ($171.68 in chips)
Seat 3: Great_Kang ($120 in chips)
Newheadpoker: posts small blind $1
Great_Kang: posts big blind $3
*** HOLE CARDS ***
Newheadpoker: folds
Uncalled bet ($2) returned to Great_Kang
Great_Kang collected $2 from pot
Great_Kang: doesn't show hand
*** SUMMARY ***
Total pot $2 | Rake $0
Seat 2: Newheadpoker (button) (small blind) folded before Flop
Seat 3: Great_Kang (big blind) collected ($2)


PokerStars Hand #159250477986:  Hold'em Limit ($3/$6 USD) - 2016/09/29 13:28:46 ET
Table 'Antigone' 10-max Seat #3 is the button
Seat 2: Newheadpoker ($154.18 in chips)
Seat 3: Great_Kang ($122.99 in chips)
Great_Kang: posts small blind $1
Newheadpoker: posts big blind $3
*** HOLE CARDS ***
Great_Kang: raises $3 to $6
Newheadpoker: raises $3 to $9
Great_Kang: raises $3 to $12
Betting is capped
Newheadpoker: calls $3
*** FLOP *** [Js 5c 8d]
Newheadpoker: checks
Great_Kang: checks
*** TURN *** [Js 5c 8d] [2h]
Newheadpoker: bets $6
Great_Kang: calls $6
*** RIVER *** [Js 5c 8d 2h] [4s]
Newheadpoker: bets $6
Great_Kang: folds
Uncalled bet ($6) returned to Newheadpoker
Newheadpoker collected $35.50 from pot
Newheadpoker: doesn't show hand
*** SUMMARY ***
Total pot $36 | Rake $0.50
Board [Js 5c 8d 2h 4s]
Seat 2: Newheadpoker (big blind) collected ($35.50)
Seat 3: Great_Kang (button) (small blind) folded on the River


PokerStars Hand #159250464995:  Hold'em Limit ($3/$6 USD) - 2016/09/29 13:28:28 ET
Table 'Antigone' 10-max Seat #2 is the button
Seat 2: Newheadpoker ($148.42 in chips)
Seat 3: Great_Kang ($128.99 in chips)
Newheadpoker: posts small blind $1
Great_Kang: posts big blind $3
*** HOLE CARDS ***
Newheadpoker: raises $3 to $6
Great_Kang: calls $3
*** FLOP *** [7h Ad Ah]
Great_Kang: checks
Newheadpoker: bets $3
Great_Kang: folds
Uncalled bet ($3) returned to Newheadpoker
Newheadpoker collected $11.76 from pot
Newheadpoker: doesn't show hand
*** SUMMARY ***
Total pot $12 | Rake $0.24
Board [7h Ad Ah]
Seat 2: Newheadpoker (button) (small blind) collected ($11.76)
Seat 3: Great_Kang (big blind) folded on the Flop


PokerStars Hand #159250518625:  Hold'em Limit ($3/$6 USD) - 2016/09/29 13:29:43 ET
Table 'Antigone' 10-max Seat #2 is the button
Seat 2: Newheadpoker ($182.20 in chips)
Seat 3: Great_Kang ($120 in chips)
Newheadpoker: posts small blind $1
Great_Kang: posts big blind $3
*** HOLE CARDS ***
Newheadpoker: raises $3 to $6
Great_Kang: calls $3
*** FLOP *** [3d Tc Th]
Great_Kang: checks
Newheadpoker: bets $3
Great_Kang: calls $3
*** TURN *** [3d Tc Th] [9s]
Great_Kang: checks
Newheadpoker: checks
*** RIVER *** [3d Tc Th 9s] [Kc]
Great_Kang: checks
Newheadpoker: bets $6
Great_Kang: folds
Uncalled bet ($6) returned to Newheadpoker
Newheadpoker collected $17.64 from pot
Newheadpoker: doesn't show hand
*** SUMMARY ***
Total pot $18 | Rake $0.36
Board [3d Tc Th 9s Kc]
Seat 2: Newheadpoker (button) (small blind) collected ($17.64)
Seat 3: Great_Kang (big blind) folded on the River


PokerStars Hand #159250499400:  Hold'em Limit ($3/$6 USD) - 2016/09/29 13:29:16 ET
Table 'Antigone' 10-max Seat #3 is the button
Seat 2: Newheadpoker ($170.68 in chips)
Seat 3: Great_Kang ($121 in chips)
Great_Kang: posts small blind $1
Newheadpoker: posts big blind $3
*** HOLE CARDS ***
Great_Kang: raises $3 to $6
Newheadpoker: raises $3 to $9
Great_Kang: calls $3
*** FLOP *** [2d 6h 5c]
Newheadpoker: bets $3
Great_Kang: calls $3
*** TURN *** [2d 6h 5c] [3c]
Newheadpoker: bets $6
Great_Kang: folds
Uncalled bet ($6) returned to Newheadpoker
Newheadpoker collected $23.52 from pot
Newheadpoker: doesn't show hand
*** SUMMARY ***
Total pot $24 | Rake $0.48
Board [2d 6h 5c 3c]
Seat 2: Newheadpoker (big blind) collected ($23.52)
Seat 3: Great_Kang (button) (small blind) folded on the Turn


PokerStars Hand #159250570401:  Hold'em Limit ($3/$6 USD) - 2016/09/29 13:30:54 ET
Table 'Antigone' 10-max Seat #2 is the button
Seat 2: Newheadpoker ($199.48 in chips)
Seat 3: Great_Kang ($120 in chips)
Newheadpoker: posts small blind $1
Great_Kang: posts big blind $3
*** HOLE CARDS ***
Newheadpoker: raises $3 to $6
Great_Kang: raises $3 to $9
Newheadpoker: calls $3
*** FLOP *** [7d 6h Qs]
Great_Kang: bets $3
Newheadpoker: folds
Uncalled bet ($3) returned to Great_Kang
Great_Kang collected $17.64 from pot
Great_Kang: doesn't show hand
*** SUMMARY ***
Total pot $18 | Rake $0.36
Board [7d 6h Qs]
Seat 2: Newheadpoker (button) (small blind) folded on the Flop
Seat 3: Great_Kang (big blind) collected ($17.64)


PokerStars Hand #159250549984:  Hold'em Limit ($3/$6 USD) - 2016/09/29 13:30:26 ET
Table 'Antigone' 10-max Seat #3 is the button
Seat 2: Newheadpoker ($190.84 in chips)
Seat 3: Great_Kang ($120 in chips)
Great_Kang: posts small blind $1
Newheadpoker: posts big blind $3
*** HOLE CARDS ***
Great_Kang: raises $3 to $6
Newheadpoker: calls $3
*** FLOP *** [Ks 5s Ac]
Newheadpoker: checks
Great_Kang: bets $3
Newheadpoker: raises $3 to $6
Great_Kang: folds
Uncalled bet ($3) returned to Newheadpoker
Newheadpoker collected $17.64 from pot
Newheadpoker: doesn't show hand
*** SUMMARY ***
Total pot $18 | Rake $0.36
Board [Ks 5s Ac]
Seat 2: Newheadpoker (big blind) collected ($17.64)
Seat 3: Great_Kang (button) (small blind) folded on the Flop


PokerStars Hand #159250622722:  Hold'em Limit ($3/$6 USD) - 2016/09/29 13:32:07 ET
Table 'Antigone' 10-max Seat #3 is the button
Seat 2: Newheadpoker ($189.24 in chips)
Seat 3: Great_Kang ($129.64 in chips)
Great_Kang: posts small blind $1
Newheadpoker: posts big blind $3
*** HOLE CARDS ***
Great_Kang: raises $3 to $6
Newheadpoker: folds
Uncalled bet ($3) returned to Great_Kang
Great_Kang collected $6 from pot
Great_Kang: doesn't show hand
*** SUMMARY ***
Total pot $6 | Rake $0
Seat 2: Newheadpoker (big blind) folded before Flop
Seat 3: Great_Kang (button) (small blind) collected ($6)


PokerStars Hand #159250617506:  Hold'em Limit ($3/$6 USD) - 2016/09/29 13:32:00 ET
Table 'Antigone' 10-max Seat #2 is the button
Seat 2: Newheadpoker ($190.24 in chips)
Seat 3: Great_Kang ($128.64 in chips)
Newheadpoker: posts small blind $1
Great_Kang: posts big blind $3
*** HOLE CARDS ***
Newheadpoker: folds
Uncalled bet ($2) returned to Great_Kang
Great_Kang collected $2 from pot
Great_Kang: doesn't show hand
*** SUMMARY ***
Total pot $2 | Rake $0
Seat 2: Newheadpoker (button) (small blind) folded before Flop
Seat 3: Great_Kang (big blind) collected ($2)


PokerStars Hand #159250610119:  Hold'em Limit ($3/$6 USD) - 2016/09/29 13:31:50 ET
Table 'Antigone' 10-max Seat #3 is the button
Seat 2: Newheadpoker ($193.24 in chips)
Seat 3: Great_Kang ($125.64 in chips)
Great_Kang: posts small blind $1
Newheadpoker: posts big blind $3
*** HOLE CARDS ***
Great_Kang: raises $3 to $6
Newheadpoker: folds
Uncalled bet ($3) returned to Great_Kang
Great_Kang collected $6 from pot
Great_Kang: doesn't show hand
*** SUMMARY ***
Total pot $6 | Rake $0
Seat 2: Newheadpoker (big blind) folded before Flop
Seat 3: Great_Kang (button) (small blind) collected ($6)


PokerStars Hand #159250598985:  Hold'em Limit ($3/$6 USD) - 2016/09/29 13:31:34 ET
Table 'Antigone' 10-max Seat #2 is the button
Seat 2: Newheadpoker ($187.48 in chips)
Seat 3: Great_Kang ($131.64 in chips)
Newheadpoker: posts small blind $1
Great_Kang: posts big blind $3
*** HOLE CARDS ***
Newheadpoker: raises $3 to $6
Great_Kang: calls $3
*** FLOP *** [9c 6c 9d]
Great_Kang: checks
Newheadpoker: bets $3
Great_Kang: folds
Uncalled bet ($3) returned to Newheadpoker
Newheadpoker collected $11.76 from pot
Newheadpoker: doesn't show hand
*** SUMMARY ***
Total pot $12 | Rake $0.24
Board [9c 6c 9d]
Seat 2: Newheadpoker (button) (small blind) collected ($11.76)
Seat 3: Great_Kang (big blind) folded on the Flop


PokerStars Hand #159250590195:  Hold'em Limit ($3/$6 USD) - 2016/09/29 13:31:22 ET
Table 'Antigone' 10-max Seat #3 is the button
Seat 2: Newheadpoker ($190.48 in chips)
Seat 3: Great_Kang ($128.64 in chips)
Great_Kang: posts small blind $1
Newheadpoker: posts big blind $3
*** HOLE CARDS ***
Great_Kang: raises $3 to $6
Newheadpoker: folds
Uncalled bet ($3) returned to Great_Kang
Great_Kang collected $6 from pot
Great_Kang: doesn't show hand
*** SUMMARY ***
Total pot $6 | Rake $0
Seat 2: Newheadpoker (big blind) folded before Flop
Seat 3: Great_Kang (button) (small blind) collected ($6)


PokerStars Hand #159250665420:  Hold'em Limit ($3/$6 USD) - 2016/09/29 13:33:06 ET
Table 'Antigone' 10-max Seat #2 is the button
Seat 2: Newheadpoker ($178 in chips)
Seat 3: Great_Kang ($140.16 in chips)
Newheadpoker: posts small blind $1
Great_Kang: posts big blind $3
*** HOLE CARDS ***
Newheadpoker: raises $3 to $6
Great_Kang: calls $3
*** FLOP *** [9d 2s 6c]
Great_Kang: checks
Newheadpoker: bets $3
Great_Kang: calls $3
*** TURN *** [9d 2s 6c] [Kh]
Great_Kang: checks
Newheadpoker: bets $6
Great_Kang: folds
Uncalled bet ($6) returned to Newheadpoker
Newheadpoker collected $17.64 from pot
Newheadpoker: doesn't show hand
*** SUMMARY ***
Total pot $18 | Rake $0.36
Board [9d 2s 6c Kh]
Seat 2: Newheadpoker (button) (small blind) collected ($17.64)
Seat 3: Great_Kang (big blind) folded on the Turn


PokerStars Hand #159250660426:  Hold'em Limit ($3/$6 USD) - 2016/09/29 13:32:59 ET
Table 'Antigone' 10-max Seat #3 is the button
Seat 2: Newheadpoker ($181 in chips)
Seat 3: Great_Kang ($137.16 in chips)
Great_Kang: posts small blind $1
Newheadpoker: posts big blind $3
*** HOLE CARDS ***
Great_Kang: raises $3 to $6
Newheadpoker: folds
Uncalled bet ($3) returned to Great_Kang
Great_Kang collected $6 from pot
Great_Kang: doesn't show hand
*** SUMMARY ***
Total pot $6 | Rake $0
Seat 2: Newheadpoker (big blind) folded before Flop
Seat 3: Great_Kang (button) (small blind) collected ($6)


PokerStars Hand #159250651140:  Hold'em Limit ($3/$6 USD) - 2016/09/29 13:32:47 ET
Table 'Antigone' 10-max Seat #2 is the button
Seat 2: Newheadpoker ($175.24 in chips)
Seat 3: Great_Kang ($143.16 in chips)
Newheadpoker: posts small blind $1
Great_Kang: posts big blind $3
*** HOLE CARDS ***
Newheadpoker: raises $3 to $6
Great_Kang: calls $3
*** FLOP *** [Kc Qc 2d]
Great_Kang: checks
Newheadpoker: bets $3
Great_Kang: folds
Uncalled bet ($3) returned to Newheadpoker
Newheadpoker collected $11.76 from pot
Newheadpoker: doesn't show hand
*** SUMMARY ***
Total pot $12 | Rake $0.24
Board [Kc Qc 2d]
Seat 2: Newheadpoker (button) (small blind) collected ($11.76)
Seat 3: Great_Kang (big blind) folded on the Flop


PokerStars Hand #159250647155:  Hold'em Limit ($3/$6 USD) - 2016/09/29 13:32:41 ET
Table 'Antigone' 10-max Seat #3 is the button
Seat 2: Newheadpoker ($174.24 in chips)
Seat 3: Great_Kang ($144.16 in chips)
Great_Kang: posts small blind $1
Newheadpoker: posts big blind $3
*** HOLE CARDS ***
Great_Kang: folds
Uncalled bet ($2) returned to Newheadpoker
Newheadpoker collected $2 from pot
Newheadpoker: doesn't show hand
*** SUMMARY ***
Total pot $2 | Rake $0
Seat 2: Newheadpoker (big blind) collected ($2)
Seat 3: Great_Kang (button) (small blind) folded before Flop


PokerStars Hand #159250627900:  Hold'em Limit ($3/$6 USD) - 2016/09/29 13:32:15 ET
Table 'Antigone' 10-max Seat #2 is the button
Seat 2: Newheadpoker ($186.24 in chips)
Seat 3: Great_Kang ($132.64 in chips)
Newheadpoker: posts small blind $1
Great_Kang: posts big blind $3
*** HOLE CARDS ***
Newheadpoker: raises $3 to $6
Great_Kang: raises $3 to $9
Newheadpoker: calls $3
*** FLOP *** [Tc 7d 7s]
Great_Kang: bets $3
Newheadpoker: calls $3
*** TURN *** [Tc 7d 7s] [8s]
Great_Kang: checks
Newheadpoker: checks
*** RIVER *** [Tc 7d 7s 8s] [5h]
Great_Kang: checks
Newheadpoker: checks
*** SHOW DOWN ***
Great_Kang: shows [9c Kc] (a pair of Sevens)
Newheadpoker: mucks hand
Great_Kang collected $23.52 from pot
*** SUMMARY ***
Total pot $24 | Rake $0.48
Board [Tc 7d 7s 8s 5h]
Seat 2: Newheadpoker (button) (small blind) mucked
Seat 3: Great_Kang (big blind) showed [9c Kc] and won ($23.52) with a pair of Sevens


PokerStars Hand #159250686642:  Hold'em Limit ($3/$6 USD) - 2016/09/29 13:33:36 ET
Table 'Antigone' 10-max Seat #2 is the button
Seat 2: Newheadpoker ($183.64 in chips)
Seat 3: Great_Kang ($134.16 in chips)
Newheadpoker: posts small blind $1
Great_Kang: posts big blind $3
*** HOLE CARDS ***
Newheadpoker: raises $3 to $6
Great_Kang: raises $3 to $9
Newheadpoker: calls $3
*** FLOP *** [9c 3d 2h]
Great_Kang: bets $3
Newheadpoker: calls $3
*** TURN *** [9c 3d 2h] [Kh]
Great_Kang: checks
ThePlayer_ok joins the table at seat #10
Newheadpoker: checks
*** RIVER *** [9c 3d 2h Kh] [4s]
Great_Kang: checks
Newheadpoker: bets $6
Great_Kang: calls $6
*** SHOW DOWN ***
Newheadpoker: shows [As 5c] (a straight, Ace to Five)
Great_Kang: mucks hand
Newheadpoker collected $35.50 from pot
*** SUMMARY ***
Total pot $36 | Rake $0.50
Board [9c 3d 2h Kh 4s]
Seat 2: Newheadpoker (button) (small blind) showed [As 5c] and won ($35.50) with a straight, Ace to Five
Seat 3: Great_Kang (big blind) mucked


PokerStars Hand #159250681967:  Hold'em Limit ($3/$6 USD) - 2016/09/29 13:33:29 ET
Table 'Antigone' 10-max Seat #3 is the button
Seat 2: Newheadpoker ($186.64 in chips)
Seat 3: Great_Kang ($131.16 in chips)
Great_Kang: posts small blind $1
Newheadpoker: posts big blind $3
*** HOLE CARDS ***
Great_Kang: raises $3 to $6
Newheadpoker: folds
Uncalled bet ($3) returned to Great_Kang
Great_Kang collected $6 from pot
Great_Kang: doesn't show hand
*** SUMMARY ***
Total pot $6 | Rake $0
Seat 2: Newheadpoker (big blind) folded before Flop
Seat 3: Great_Kang (button) (small blind) collected ($6)


PokerStars Hand #159252314083:  Hold'em Limit ($3/$6 USD) - 2016/09/29 14:11:27 ET
Table 'Antigone' 10-max Seat #3 is the button
Seat 1: Siwy56 ($36 in chips)
Seat 3: VolkovDmitri ($268.31 in chips)
Zubasa07 will be allowed to play after the button
VolkovDmitri: posts small blind $1
Luanto 14: is sitting out
Siwy56: posts big blind $3
*** HOLE CARDS ***
VolkovDmitri: raises $3 to $6
Siwy56: folds
Uncalled bet ($3) returned to VolkovDmitri
VolkovDmitri collected $6 from pot
VolkovDmitri: doesn't show hand
*** SUMMARY ***
Total pot $6 | Rake $0
Seat 1: Siwy56 (big blind) folded before Flop
Seat 3: VolkovDmitri (button) (small blind) collected ($6)


PokerStars Hand #159252362071:  Hold'em Limit ($3/$6 USD) - 2016/09/29 14:12:30 ET
Table 'Antigone' 10-max Seat #2 is the button
Seat 1: Siwy56 ($66 in chips)
Seat 2: Zubasa07 ($525.38 in chips)
Zubasa07: posts small blind $1
VolkovDmitri: is sitting out
Siwy56: posts big blind $3
*** HOLE CARDS ***
Zubasa07: raises $3 to $6
Siwy56: calls $3
*** FLOP *** [2d 9c 2s]
Siwy56: bets $3
Zubasa07: calls $3
*** TURN *** [2d 9c 2s] [5d]
Siwy56: bets $6
Zubasa07: folds
Uncalled bet ($6) returned to Siwy56
Siwy56 collected $17.64 from pot
Siwy56: doesn't show hand
*** SUMMARY ***
Total pot $18 | Rake $0.36
Board [2d 9c 2s 5d]
Seat 1: Siwy56 (big blind) collected ($17.64)
Seat 2: Zubasa07 (button) (small blind) folded on the Turn


PokerStars Hand #159252379349:  Hold'em Limit ($3/$6 USD) - 2016/09/29 14:12:53 ET
Table 'Antigone' 10-max Seat #1 is the button
Seat 1: Siwy56 ($74.64 in chips)
Seat 2: Zubasa07 ($516.38 in chips)
Siwy56: posts small blind $1
Zubasa07: posts big blind $3
*** HOLE CARDS ***
Siwy56: folds
Uncalled bet ($2) returned to Zubasa07
Zubasa07 collected $2 from pot
Zubasa07: doesn't show hand
*** SUMMARY ***
Total pot $2 | Rake $0
Seat 1: Siwy56 (button) (small blind) folded before Flop
Seat 2: Zubasa07 (big blind) collected ($2)


