PokerStars Hand #152734413457:  Hold'em Limit ($3/$6 USD) - 2016/05/01 21:59:45 ET
Table 'Antinous II' 10-max Seat #7 is the button
Seat 7: Zubasa07 ($500 in chips)
Seat 8: ZOGI ($293.80 in chips)
Zubasa07: posts small blind $1
ZOGI: posts big blind $3
*** HOLE CARDS ***
Zubasa07: raises $3 to $6
belik555 joins the table at seat #9
ZOGI: calls $3
*** FLOP *** [Qh As Td]
ZOGI: checks
Zubasa07: bets $3
ZOGI: calls $3
*** TURN *** [Qh As Td] [Kh]
ZOGI: checks
Zubasa07: bets $6
ZOGI: calls $6
*** RIVER *** [Qh As Td Kh] [3c]
ZOGI: checks
Zubasa07: bets $6
ZOGI: calls $6
*** SHOW DOWN ***
Zubasa07: shows [Ah 8h] (a pair of Aces)
ZOGI: mucks hand
Zubasa07 collected $41.50 from pot
*** SUMMARY ***
Total pot $42 | Rake $0.50
Board [Qh As Td Kh 3c]
Seat 7: Zubasa07 (button) (small blind) showed [Ah 8h] and won ($41.50) with a pair of Aces
Seat 8: ZOGI (big blind) mucked


PokerStars Hand #152734606751:  Hold'em Limit ($3/$6 USD) - 2016/05/01 22:08:53 ET
Table 'Antinous II' 10-max Seat #8 is the button
Seat 8: ZOGI ($289.34 in chips)
Seat 9: belik555 ($166.72 in chips)
tangxueke will be allowed to play after the button
ZOGI: posts small blind $1
belik555: posts big blind $3
*** HOLE CARDS ***
hairy1961 leaves the table
ZOGI: calls $2
belik555: checks
*** FLOP *** [3h 6d 4h]
belik555: checks
tangxueke is disconnected
ZOGI: checks
*** TURN *** [3h 6d 4h] [Qh]
belik555: checks
ZOGI: checks
*** RIVER *** [3h 6d 4h Qh] [3s]
belik555: checks
ZOGI: checks
*** SHOW DOWN ***
belik555: shows [9h 2d] (a pair of Threes)
ZOGI: shows [2c Kc] (a pair of Threes - King kicker)
ZOGI collected $5.88 from pot
*** SUMMARY ***
Total pot $6 | Rake $0.12
Board [3h 6d 4h Qh 3s]
Seat 8: ZOGI (button) (small blind) showed [2c Kc] and won ($5.88) with a pair of Threes
Seat 9: belik555 (big blind) showed [9h 2d] and lost with a pair of Threes


PokerStars Hand #152734616397:  Hold'em Limit ($3/$6 USD) - 2016/05/01 22:09:21 ET
Table 'Antinous II' 10-max Seat #9 is the button
Seat 8: ZOGI ($292.22 in chips)
Seat 9: belik555 ($163.72 in chips)
belik555: posts small blind $1
tangxueke has timed out while disconnected
tangxueke: is sitting out
ZOGI: posts big blind $3
*** HOLE CARDS ***
belik555: raises $3 to $6
ZOGI: calls $3
*** FLOP *** [4h 5h Kh]
ZOGI: bets $3
belik555: folds
Uncalled bet ($3) returned to ZOGI
ZOGI collected $11.76 from pot
*** SUMMARY ***
Total pot $12 | Rake $0.24
Board [4h 5h Kh]
Seat 8: ZOGI (big blind) collected ($11.76)
Seat 9: belik555 (button) (small blind) folded on the Flop


PokerStars Hand #152734625713:  Hold'em Limit ($3/$6 USD) - 2016/05/01 22:09:48 ET
Table 'Antinous II' 10-max Seat #8 is the button
Seat 8: ZOGI ($297.98 in chips)
Seat 9: belik555 ($157.72 in chips)
ZOGI: posts small blind $1
belik555: posts big blind $3
*** HOLE CARDS ***
ZOGI: raises $3 to $6
belik555: folds
Uncalled bet ($3) returned to ZOGI
ZOGI collected $6 from pot
*** SUMMARY ***
Total pot $6 | Rake $0
Seat 8: ZOGI (button) (small blind) collected ($6)
Seat 9: belik555 (big blind) folded before Flop


PokerStars Hand #152734628457:  Hold'em Limit ($3/$6 USD) - 2016/05/01 22:09:56 ET
Table 'Antinous II' 10-max Seat #9 is the button
Seat 8: ZOGI ($300.98 in chips)
Seat 9: belik555 ($154.72 in chips)
belik555: posts small blind $1
ZOGI: posts big blind $3
*** HOLE CARDS ***
belik555: raises $3 to $6
ZOGI: calls $3
*** FLOP *** [Ac 3h 7s]
ZOGI: checks
belik555: bets $3
ZOGI: calls $3
*** TURN *** [Ac 3h 7s] [Qc]
ZOGI: checks
belik555: checks
*** RIVER *** [Ac 3h 7s Qc] [Ah]
ZOGI: checks
belik555: checks
*** SHOW DOWN ***
ZOGI: shows [4c Jd] (a pair of Aces)
belik555: mucks hand
ZOGI collected $17.64 from pot
*** SUMMARY ***
Total pot $18 | Rake $0.36
Board [Ac 3h 7s Qc Ah]
Seat 8: ZOGI (big blind) showed [4c Jd] and won ($17.64) with a pair of Aces
Seat 9: belik555 (button) (small blind) mucked


PokerStars Hand #152734653821:  Hold'em Limit ($3/$6 USD) - 2016/05/01 22:11:11 ET
Table 'Antinous II' 10-max Seat #1 is the button
Seat 1: tangxueke ($120 in chips)
Seat 9: belik555 ($145.72 in chips)
tangxueke: posts small blind $1
belik555: posts big blind $3
*** HOLE CARDS ***
tangxueke: raises $3 to $6
belik555: raises $3 to $9
tangxueke: calls $3
*** FLOP *** [8s 8c Ts]
belik555: bets $3
tangxueke: raises $3 to $6
belik555: raises $3 to $9
tangxueke: calls $3
*** TURN *** [8s 8c Ts] [7s]
belik555: checks
tangxueke: bets $6
belik555: calls $6
*** RIVER *** [8s 8c Ts 7s] [Kh]
belik555: checks
tangxueke: bets $6
belik555: calls $6
*** SHOW DOWN ***
tangxueke: shows [9d Jc] (a straight, Seven to Jack)
belik555: mucks hand
tangxueke collected $59.50 from pot
*** SUMMARY ***
Total pot $60 | Rake $0.50
Board [8s 8c Ts 7s Kh]
Seat 1: tangxueke (button) (small blind) showed [9d Jc] and won ($59.50) with a straight, Seven to Jack
Seat 9: belik555 (big blind) mucked


PokerStars Hand #152735250339:  Hold'em Limit ($3/$6 USD) - 2016/05/01 22:41:27 ET
Table 'Antinous II' 10-max Seat #10 is the button
Seat 9: belik555 ($114.72 in chips)
Seat 10: Warner13 ($31 in chips)
Warner13: posts small blind $1
belik555: posts big blind $3
*** HOLE CARDS ***
Warner13: raises $3 to $6
belik555: calls $3
*** FLOP *** [Tc Ah 5c]
belik555: checks
Warner13: checks
*** TURN *** [Tc Ah 5c] [6d]
belik555: bets $6
Warner13: calls $6
*** RIVER *** [Tc Ah 5c 6d] [4h]
belik555: bets $6
Warner13: folds
Uncalled bet ($6) returned to belik555
belik555 collected $23.52 from pot
belik555: doesn't show hand
*** SUMMARY ***
Total pot $24 | Rake $0.48
Board [Tc Ah 5c 6d 4h]
Seat 9: belik555 (big blind) collected ($23.52)
Seat 10: Warner13 (button) (small blind) folded on the River


PokerStars Hand #152735247593:  Hold'em Limit ($3/$6 USD) - 2016/05/01 22:41:19 ET
Table 'Antinous II' 10-max Seat #9 is the button
Seat 9: belik555 ($115.72 in chips)
Seat 10: Warner13 ($30 in chips)
belik555: posts small blind $1
Warner13: posts big blind $3
*** HOLE CARDS ***
belik555: folds
Uncalled bet ($2) returned to Warner13
Warner13 collected $2 from pot
Warner13: doesn't show hand
*** SUMMARY ***
Total pot $2 | Rake $0
Seat 9: belik555 (button) (small blind) folded before Flop
Seat 10: Warner13 (big blind) collected ($2)


PokerStars Hand #152735267340:  Hold'em Limit ($3/$6 USD) - 2016/05/01 22:42:23 ET
Table 'Antinous II' 10-max Seat #10 is the button
Seat 9: belik555 ($108.24 in chips)
Seat 10: Warner13 ($36.50 in chips)
Warner13: posts small blind $1
belik555: posts big blind $3
*** HOLE CARDS ***
Warner13: folds
Uncalled bet ($2) returned to belik555
belik555 collected $2 from pot
belik555: doesn't show hand
*** SUMMARY ***
Total pot $2 | Rake $0
Seat 9: belik555 (big blind) collected ($2)
Seat 10: Warner13 (button) (small blind) folded before Flop


PokerStars Hand #152735260335:  Hold'em Limit ($3/$6 USD) - 2016/05/01 22:42:00 ET
Table 'Antinous II' 10-max Seat #9 is the button
Seat 9: belik555 ($126.24 in chips)
Seat 10: Warner13 ($19 in chips)
belik555: posts small blind $1
Warner13: posts big blind $3
*** HOLE CARDS ***
belik555: raises $3 to $6
Warner13: calls $3
*** FLOP *** [Qs 9h 2c]
Warner13: checks
belik555: bets $3
Warner13: raises $3 to $6
belik555: calls $3
*** TURN *** [Qs 9h 2c] [2h]
Warner13: bets $6
belik555: calls $6
*** RIVER *** [Qs 9h 2c 2h] [9s]
Warner13: bets $1 and is all-in
belik555: folds
Uncalled bet ($1) returned to Warner13
Warner13 collected $35.50 from pot
Warner13: doesn't show hand
*** SUMMARY ***
Total pot $36 | Rake $0.50
Board [Qs 9h 2c 2h 9s]
Seat 9: belik555 (button) (small blind) folded on the River
Seat 10: Warner13 (big blind) collected ($35.50)


PokerStars Hand #152735269333:  Hold'em Limit ($3/$6 USD) - 2016/05/01 22:42:29 ET
Table 'Antinous II' 10-max Seat #9 is the button
Seat 9: belik555 ($109.24 in chips)
Seat 10: Warner13 ($35.50 in chips)
belik555: posts small blind $1
Warner13: posts big blind $3
*** HOLE CARDS ***
belik555: raises $3 to $6
Warner13: calls $3
*** FLOP *** [Qh 5c Tc]
Warner13: checks
belik555: bets $3
Warner13: folds
Uncalled bet ($3) returned to belik555
belik555 collected $11.76 from pot
belik555: doesn't show hand
*** SUMMARY ***
Total pot $12 | Rake $0.24
Board [Qh 5c Tc]
Seat 9: belik555 (button) (small blind) collected ($11.76)
Seat 10: Warner13 (big blind) folded on the Flop


PokerStars Hand #152735273475:  Hold'em Limit ($3/$6 USD) - 2016/05/01 22:42:43 ET
Table 'Antinous II' 10-max Seat #10 is the button
Seat 9: belik555 ($115 in chips)
Seat 10: Warner13 ($29.50 in chips)
Warner13: posts small blind $1
belik555: posts big blind $3
*** HOLE CARDS ***
Warner13: raises $3 to $6
belik555: calls $3
*** FLOP *** [8d 8s Js]
belik555: checks
Warner13: checks
*** TURN *** [8d 8s Js] [9c]
belik555: bets $6
Warner13: calls $6
*** RIVER *** [8d 8s Js 9c] [6s]
belik555: bets $6
Warner13: raises $6 to $12
belik555: raises $6 to $18
Warner13: folds
Uncalled bet ($6) returned to belik555
belik555 collected $47.50 from pot
belik555: doesn't show hand
*** SUMMARY ***
Total pot $48 | Rake $0.50
Board [8d 8s Js 9c 6s]
Seat 9: belik555 (big blind) collected ($47.50)
Seat 10: Warner13 (button) (small blind) folded on the River


PokerStars Hand #152735295145:  Hold'em Limit ($3/$6 USD) - 2016/05/01 22:43:54 ET
Table 'Antinous II' 10-max Seat #10 is the button
Seat 9: belik555 ($133 in chips)
Seat 10: Warner13 ($10.78 in chips)
Warner13: posts small blind $1
belik555: posts big blind $3
*** HOLE CARDS ***
Warner13: folds
Uncalled bet ($2) returned to belik555
belik555 collected $2 from pot
belik555: doesn't show hand
*** SUMMARY ***
Total pot $2 | Rake $0
Seat 9: belik555 (big blind) collected ($2)
Seat 10: Warner13 (button) (small blind) folded before Flop


PokerStars Hand #152735288013:  Hold'em Limit ($3/$6 USD) - 2016/05/01 22:43:31 ET
Table 'Antinous II' 10-max Seat #9 is the button
Seat 9: belik555 ($138.50 in chips)
Seat 10: Warner13 ($5.50 in chips)
belik555: posts small blind $1
Warner13: posts big blind $3
*** HOLE CARDS ***
belik555: raises $3 to $6
Warner13: calls $2.50 and is all-in
Uncalled bet ($0.50) returned to belik555
*** FLOP *** [Jh Td Ah]
*** TURN *** [Jh Td Ah] [3s]
*** RIVER *** [Jh Td Ah 3s] [As]
*** SHOW DOWN ***
Warner13: shows [Kh 8c] (a pair of Aces)
belik555: shows [4d 7h] (a pair of Aces - lower kicker)
Warner13 collected $10.78 from pot
*** SUMMARY ***
Total pot $11 | Rake $0.22
Board [Jh Td Ah 3s As]
Seat 9: belik555 (button) (small blind) showed [4d 7h] and lost with a pair of Aces
Seat 10: Warner13 (big blind) showed [Kh 8c] and won ($10.78) with a pair of Aces


PokerStars Hand #152735297012:  Hold'em Limit ($3/$6 USD) - 2016/05/01 22:44:00 ET
Table 'Antinous II' 10-max Seat #9 is the button
Seat 9: belik555 ($134 in chips)
Seat 10: Warner13 ($9.78 in chips)
belik555: posts small blind $1
Warner13: posts big blind $3
*** HOLE CARDS ***
belik555: raises $3 to $6
Warner13: raises $3 to $9
belik555: calls $3
*** FLOP *** [Tc Qc Kd]
Warner13: bets $0.78 and is all-in
belik555: calls $0.78
*** TURN *** [Tc Qc Kd] [Ad]
*** RIVER *** [Tc Qc Kd Ad] [7c]
*** SHOW DOWN ***
Warner13: shows [Th 8s] (a pair of Tens)
belik555: shows [Jh Ks] (a straight, Ten to Ace)
belik555 collected $19.17 from pot
*** SUMMARY ***
Total pot $19.56 | Rake $0.39
Board [Tc Qc Kd Ad 7c]
Seat 9: belik555 (button) (small blind) showed [Jh Ks] and won ($19.17) with a straight, Ten to Ace
Seat 10: Warner13 (big blind) showed [Th 8s] and lost with a pair of Tens


PokerStars Hand #152735580787:  Hold'em Limit ($3/$6 USD) - 2016/05/01 23:00:28 ET
Table 'Antinous II' 10-max Seat #9 is the button
Seat 8: ZOGI ($303.62 in chips)
Seat 9: belik555 ($149.15 in chips)
belik555: posts small blind $1
ZOGI: posts big blind $3
*** HOLE CARDS ***
belik555: raises $3 to $6
ZOGI: calls $3
*** FLOP *** [7s Ac 6c]
ZOGI: checks
belik555: bets $3
ZOGI: folds
Uncalled bet ($3) returned to belik555
belik555 collected $11.76 from pot
belik555: doesn't show hand
*** SUMMARY ***
Total pot $12 | Rake $0.24
Board [7s Ac 6c]
Seat 8: ZOGI (big blind) folded on the Flop
Seat 9: belik555 (button) (small blind) collected ($11.76)


PokerStars Hand #152735575427:  Hold'em Limit ($3/$6 USD) - 2016/05/01 23:00:08 ET
Table 'Antinous II' 10-max Seat #8 is the button
Seat 8: ZOGI ($309.62 in chips)
Seat 9: belik555 ($143.39 in chips)
ZOGI: posts small blind $1
belik555: posts big blind $3
*** HOLE CARDS ***
ZOGI: calls $2
belik555: raises $3 to $6
ZOGI: calls $3
*** FLOP *** [Qh 8s 5d]
belik555: bets $3
ZOGI: folds
Uncalled bet ($3) returned to belik555
belik555 collected $11.76 from pot
belik555: doesn't show hand
*** SUMMARY ***
Total pot $12 | Rake $0.24
Board [Qh 8s 5d]
Seat 8: ZOGI (button) (small blind) folded on the Flop
Seat 9: belik555 (big blind) collected ($11.76)


PokerStars Hand #152735597082:  Hold'em Limit ($3/$6 USD) - 2016/05/01 23:01:29 ET
Table 'Antinous II' 10-max Seat #9 is the button
Seat 8: ZOGI ($313.12 in chips)
Seat 9: belik555 ($138.91 in chips)
belik555: posts small blind $1
ZOGI: posts big blind $3
*** HOLE CARDS ***
belik555: raises $3 to $6
ZOGI: raises $3 to $9
belik555: calls $3
*** FLOP *** [Kc 4c 9d]
ZOGI: checks
belik555: bets $3
ZOGI: raises $3 to $6
belik555: calls $3
*** TURN *** [Kc 4c 9d] [Ac]
ZOGI: bets $6
belik555: folds
Uncalled bet ($6) returned to ZOGI
ZOGI collected $29.50 from pot
*** SUMMARY ***
Total pot $30 | Rake $0.50
Board [Kc 4c 9d Ac]
Seat 8: ZOGI (big blind) collected ($29.50)
Seat 9: belik555 (button) (small blind) folded on the Turn


PokerStars Hand #152735606259:  Hold'em Limit ($3/$6 USD) - 2016/05/01 23:02:01 ET
Table 'Antinous II' 10-max Seat #8 is the button
Seat 8: ZOGI ($327.62 in chips)
Seat 9: belik555 ($123.91 in chips)
ZOGI: posts small blind $1
belik555: posts big blind $3
*** HOLE CARDS ***
ZOGI: raises $3 to $6
belik555: calls $3
*** FLOP *** [Ts Tc As]
belik555: checks
ZOGI: bets $3
belik555: folds
Uncalled bet ($3) returned to ZOGI
ZOGI collected $11.76 from pot
*** SUMMARY ***
Total pot $12 | Rake $0.24
Board [Ts Tc As]
Seat 8: ZOGI (button) (small blind) collected ($11.76)
Seat 9: belik555 (big blind) folded on the Flop


PokerStars Hand #152735623664:  Hold'em Limit ($3/$6 USD) - 2016/05/01 23:03:01 ET
Table 'Antinous II' 10-max Seat #9 is the button
Seat 8: ZOGI ($344.88 in chips)
Seat 9: belik555 ($105.67 in chips)
belik555: posts small blind $1
ZOGI: posts big blind $3
*** HOLE CARDS ***
belik555: raises $3 to $6
ZOGI: calls $3
*** FLOP *** [6d 3c Kc]
ZOGI: checks
belik555: bets $3
ZOGI: folds
Uncalled bet ($3) returned to belik555
belik555 collected $11.76 from pot
belik555: doesn't show hand
*** SUMMARY ***
Total pot $12 | Rake $0.24
Board [6d 3c Kc]
Seat 8: ZOGI (big blind) folded on the Flop
Seat 9: belik555 (button) (small blind) collected ($11.76)


PokerStars Hand #152735620440:  Hold'em Limit ($3/$6 USD) - 2016/05/01 23:02:50 ET
Table 'Antinous II' 10-max Seat #8 is the button
Seat 8: ZOGI ($350.88 in chips)
Seat 9: belik555 ($99.91 in chips)
ZOGI: posts small blind $1
belik555: posts big blind $3
*** HOLE CARDS ***
ZOGI: calls $2
belik555: raises $3 to $6
ZOGI: calls $3
*** FLOP *** [Kh Kd 3c]
belik555: bets $3
ZOGI: folds
Uncalled bet ($3) returned to belik555
belik555 collected $11.76 from pot
belik555: doesn't show hand
*** SUMMARY ***
Total pot $12 | Rake $0.24
Board [Kh Kd 3c]
Seat 8: ZOGI (button) (small blind) folded on the Flop
Seat 9: belik555 (big blind) collected ($11.76)


PokerStars Hand #152735609908:  Hold'em Limit ($3/$6 USD) - 2016/05/01 23:02:13 ET
Table 'Antinous II' 10-max Seat #9 is the button
Seat 8: ZOGI ($333.38 in chips)
Seat 9: belik555 ($117.91 in chips)
belik555: posts small blind $1
ZOGI: posts big blind $3
*** HOLE CARDS ***
belik555: raises $3 to $6
ZOGI: raises $3 to $9
belik555: calls $3
*** FLOP *** [8c 9c 7d]
ZOGI: bets $3
belik555: calls $3
*** TURN *** [8c 9c 7d] [6s]
ZOGI: bets $6
belik555: calls $6
*** RIVER *** [8c 9c 7d 6s] [4c]
ZOGI: checks
belik555: checks
*** SHOW DOWN ***
ZOGI: shows [Qh Qs] (a pair of Queens)
belik555: mucks hand
ZOGI collected $35.50 from pot
*** SUMMARY ***
Total pot $36 | Rake $0.50
Board [8c 9c 7d 6s 4c]
Seat 8: ZOGI (big blind) showed [Qh Qs] and won ($35.50) with a pair of Queens
Seat 9: belik555 (button) (small blind) mucked


PokerStars Hand #152737835832:  Hold'em Limit ($3/$6 USD) - 2016/05/02 1:32:58 ET
Table 'Antinous II' 10-max Seat #1 is the button
Seat 1: turtlele ($170.30 in chips)
Seat 10: $polu4atel*$ ($59.57 in chips)
turtlele: posts small blind $1
$polu4atel*$: posts big blind $3
*** HOLE CARDS ***
turtlele: raises $3 to $6
$polu4atel*$: folds
Uncalled bet ($3) returned to turtlele
turtlele collected $6 from pot
turtlele: doesn't show hand
*** SUMMARY ***
Total pot $6 | Rake $0
Seat 1: turtlele (button) (small blind) collected ($6)
Seat 10: $polu4atel*$ (big blind) folded before Flop


PokerStars Hand #152737834623:  Hold'em Limit ($3/$6 USD) - 2016/05/02 1:32:53 ET
Table 'Antinous II' 10-max Seat #10 is the button
Seat 1: turtlele ($169.30 in chips)
Seat 10: $polu4atel*$ ($60.57 in chips)
$polu4atel*$: posts small blind $1
turtlele: posts big blind $3
*** HOLE CARDS ***
$polu4atel*$: folds
Uncalled bet ($2) returned to turtlele
turtlele collected $2 from pot
turtlele: doesn't show hand
*** SUMMARY ***
Total pot $2 | Rake $0
Seat 1: turtlele (big blind) collected ($2)
Seat 10: $polu4atel*$ (button) (small blind) folded before Flop


PokerStars Hand #152737831153:  Hold'em Limit ($3/$6 USD) - 2016/05/02 1:32:38 ET
Table 'Antinous II' 10-max Seat #1 is the button
Seat 1: turtlele ($160.66 in chips)
Seat 10: $polu4atel*$ ($69.57 in chips)
turtlele: posts small blind $1
$polu4atel*$: posts big blind $3
*** HOLE CARDS ***
turtlele: raises $3 to $6
$polu4atel*$: calls $3
*** FLOP *** [9h 5c Tc]
$polu4atel*$: checks
turtlele: bets $3
$polu4atel*$: calls $3
*** TURN *** [9h 5c Tc] [Js]
$polu4atel*$: checks
turtlele: bets $6
$polu4atel*$: folds
Uncalled bet ($6) returned to turtlele
turtlele collected $17.64 from pot
turtlele: doesn't show hand
*** SUMMARY ***
Total pot $18 | Rake $0.36
Board [9h 5c Tc Js]
Seat 1: turtlele (button) (small blind) collected ($17.64)
Seat 10: $polu4atel*$ (big blind) folded on the Turn


PokerStars Hand #152737837329:  Hold'em Limit ($3/$6 USD) - 2016/05/02 1:33:05 ET
Table 'Antinous II' 10-max Seat #10 is the button
Seat 1: turtlele ($173.30 in chips)
Seat 10: $polu4atel*$ ($56.57 in chips)
$polu4atel*$: posts small blind $1
turtlele: posts big blind $3
*** HOLE CARDS ***
$polu4atel*$: raises $3 to $6
turtlele: raises $3 to $9
$polu4atel*$: calls $3
*** FLOP *** [Jd 4h 9c]
turtlele: bets $3
$polu4atel*$: folds
Uncalled bet ($3) returned to turtlele
turtlele collected $17.64 from pot
turtlele: doesn't show hand
*** SUMMARY ***
Total pot $18 | Rake $0.36
Board [Jd 4h 9c]
Seat 1: turtlele (big blind) collected ($17.64)
Seat 10: $polu4atel*$ (button) (small blind) folded on the Flop


PokerStars Hand #152737839935:  Hold'em Limit ($3/$6 USD) - 2016/05/02 1:33:17 ET
Table 'Antinous II' 10-max Seat #1 is the button
Seat 1: turtlele ($181.94 in chips)
Seat 10: $polu4atel*$ ($47.57 in chips)
turtlele: posts small blind $1
$polu4atel*$: posts big blind $3
*** HOLE CARDS ***
turtlele: raises $3 to $6
$polu4atel*$: calls $3
*** FLOP *** [Qh 5c Ts]
$polu4atel*$: checks
turtlele: bets $3
$polu4atel*$: calls $3
*** TURN *** [Qh 5c Ts] [9d]
$polu4atel*$: checks
turtlele: bets $6
$polu4atel*$: calls $6
*** RIVER *** [Qh 5c Ts 9d] [2d]
$polu4atel*$: checks
turtlele: bets $6
$polu4atel*$: calls $6
*** SHOW DOWN ***
turtlele: shows [7s Qd] (a pair of Queens)
$polu4atel*$: mucks hand
turtlele collected $41.50 from pot
*** SUMMARY ***
Total pot $42 | Rake $0.50
Board [Qh 5c Ts 9d 2d]
Seat 1: turtlele (button) (small blind) showed [7s Qd] and won ($41.50) with a pair of Queens
Seat 10: $polu4atel*$ (big blind) mucked


PokerStars Hand #152737844362:  Hold'em Limit ($3/$6 USD) - 2016/05/02 1:33:37 ET
Table 'Antinous II' 10-max Seat #10 is the button
Seat 1: turtlele ($202.44 in chips)
Seat 10: $polu4atel*$ ($26.57 in chips)
$polu4atel*$: posts small blind $1
turtlele: posts big blind $3
*** HOLE CARDS ***
$polu4atel*$: folds
Uncalled bet ($2) returned to turtlele
turtlele collected $2 from pot
turtlele: doesn't show hand
*** SUMMARY ***
Total pot $2 | Rake $0
Seat 1: turtlele (big blind) collected ($2)
Seat 10: $polu4atel*$ (button) (small blind) folded before Flop


PokerStars Hand #152737845564:  Hold'em Limit ($3/$6 USD) - 2016/05/02 1:33:43 ET
Table 'Antinous II' 10-max Seat #1 is the button
Seat 1: turtlele ($203.44 in chips)
Seat 10: $polu4atel*$ ($25.57 in chips)
turtlele: posts small blind $1
$polu4atel*$: posts big blind $3
*** HOLE CARDS ***
turtlele: raises $3 to $6
$polu4atel*$: calls $3
*** FLOP *** [Qd 3h 5h]
$polu4atel*$: checks
turtlele: bets $3
$polu4atel*$: raises $3 to $6
turtlele: calls $3
*** TURN *** [Qd 3h 5h] [2s]
$polu4atel*$: bets $6
turtlele: calls $6
*** RIVER *** [Qd 3h 5h 2s] [4h]
$polu4atel*$: checks
turtlele: bets $6
$polu4atel*$: calls $6
*** SHOW DOWN ***
turtlele: shows [Jc Ac] (a straight, Ace to Five)
$polu4atel*$: mucks hand
turtlele collected $47.50 from pot
*** SUMMARY ***
Total pot $48 | Rake $0.50
Board [Qd 3h 5h 2s 4h]
Seat 1: turtlele (button) (small blind) showed [Jc Ac] and won ($47.50) with a straight, Ace to Five
Seat 10: $polu4atel*$ (big blind) mucked


PokerStars Hand #152757526041:  Hold'em Limit ($3/$6 USD) - 2016/05/02 13:22:14 ET
Table 'Antinous II' 10-max Seat #8 is the button
Seat 7: shushlo ($86.50 in chips)
Seat 8: Great_Kang ($120 in chips)
Great_Kang: posts small blind $1
shushlo: posts big blind $3
*** HOLE CARDS ***
Great_Kang: raises $3 to $6
shushlo: raises $3 to $9
Great_Kang: raises $3 to $12
Betting is capped
shushlo: calls $3
*** FLOP *** [2c 7c 3h]
shushlo: checks
Great_Kang: bets $3
shushlo: calls $3
*** TURN *** [2c 7c 3h] [Kh]
shushlo: checks
Great_Kang: bets $6
shushlo: calls $6
*** RIVER *** [2c 7c 3h Kh] [Ac]
shushlo: bets $6
Great_Kang: calls $6
*** SHOW DOWN ***
shushlo: shows [Ad Jd] (a pair of Aces)
Great_Kang: mucks hand
shushlo collected $53.50 from pot
*** SUMMARY ***
Total pot $54 | Rake $0.50
Board [2c 7c 3h Kh Ac]
Seat 7: shushlo (big blind) showed [Ad Jd] and won ($53.50) with a pair of Aces
Seat 8: Great_Kang (button) (small blind) mucked


PokerStars Hand #152757638536:  Hold'em Limit ($3/$6 USD) - 2016/05/02 13:24:39 ET
Table 'Antinous II' 10-max Seat #7 is the button
Seat 7: shushlo ($112.76 in chips)
Seat 8: Great_Kang ($125.76 in chips)
shushlo: posts small blind $1
Great_Kang: posts big blind $3
*** HOLE CARDS ***
shushlo: folds
Uncalled bet ($2) returned to Great_Kang
Great_Kang collected $2 from pot
Great_Kang: doesn't show hand
*** SUMMARY ***
Total pot $2 | Rake $0
Seat 7: shushlo (button) (small blind) folded before Flop
Seat 8: Great_Kang (big blind) collected ($2)


PokerStars Hand #152757621802:  Hold'em Limit ($3/$6 USD) - 2016/05/02 13:24:17 ET
Table 'Antinous II' 10-max Seat #8 is the button
Seat 7: shushlo ($118.76 in chips)
Seat 8: Great_Kang ($120 in chips)
Great_Kang: posts small blind $1
shushlo: posts big blind $3
*** HOLE CARDS ***
Great_Kang: raises $3 to $6
shushlo: calls $3
*** FLOP *** [9d 8d 8s]
shushlo: checks
Great_Kang: bets $3
shushlo: folds
Uncalled bet ($3) returned to Great_Kang
Great_Kang collected $11.76 from pot
Great_Kang: doesn't show hand
*** SUMMARY ***
Total pot $12 | Rake $0.24
Board [9d 8d 8s]
Seat 7: shushlo (big blind) folded on the Flop
Seat 8: Great_Kang (button) (small blind) collected ($11.76)


PokerStars Hand #152757597768:  Hold'em Limit ($3/$6 USD) - 2016/05/02 13:23:46 ET
Table 'Antinous II' 10-max Seat #7 is the button
Seat 7: shushlo ($113 in chips)
Seat 8: Great_Kang ($120 in chips)
shushlo: posts small blind $1
Great_Kang: posts big blind $3
*** HOLE CARDS ***
shushlo: raises $3 to $6
Great_Kang: calls $3
*** FLOP *** [Ac 9h 9c]
Great_Kang: checks
shushlo: bets $3
Great_Kang: folds
Uncalled bet ($3) returned to shushlo
shushlo collected $11.76 from pot
shushlo: doesn't show hand
*** SUMMARY ***
Total pot $12 | Rake $0.24
Board [Ac 9h 9c]
Seat 7: shushlo (button) (small blind) collected ($11.76)
Seat 8: Great_Kang (big blind) folded on the Flop


PokerStars Hand #152757662811:  Hold'em Limit ($3/$6 USD) - 2016/05/02 13:25:10 ET
Table 'Antinous II' 10-max Seat #7 is the button
Seat 7: shushlo ($105.76 in chips)
Seat 8: Great_Kang ($132.52 in chips)
shushlo: posts small blind $1
Great_Kang: posts big blind $3
*** HOLE CARDS ***
shushlo: raises $3 to $6
Great_Kang: calls $3
*** FLOP *** [2c 9d 3h]
Great_Kang: checks
shushlo: bets $3
Great_Kang: calls $3
*** TURN *** [2c 9d 3h] [Ac]
Great_Kang: checks
shushlo: bets $6
Great_Kang: calls $6
*** RIVER *** [2c 9d 3h Ac] [5d]
Great_Kang: checks
shushlo: bets $6
Great_Kang: folds
Uncalled bet ($6) returned to shushlo
shushlo collected $29.50 from pot
shushlo: doesn't show hand
*** SUMMARY ***
Total pot $30 | Rake $0.50
Board [2c 9d 3h Ac 5d]
Seat 7: shushlo (button) (small blind) collected ($29.50)
Seat 8: Great_Kang (big blind) folded on the River


PokerStars Hand #152757641700:  Hold'em Limit ($3/$6 USD) - 2016/05/02 13:24:43 ET
Table 'Antinous II' 10-max Seat #8 is the button
Seat 7: shushlo ($111.76 in chips)
Seat 8: Great_Kang ($126.76 in chips)
Great_Kang: posts small blind $1
shushlo: posts big blind $3
*** HOLE CARDS ***
Great_Kang: raises $3 to $6
shushlo: calls $3
*** FLOP *** [Jc 6c 5d]
shushlo: checks
Great_Kang: bets $3
shushlo: folds
Uncalled bet ($3) returned to Great_Kang
Great_Kang collected $11.76 from pot
Great_Kang: doesn't show hand
*** SUMMARY ***
Total pot $12 | Rake $0.24
Board [Jc 6c 5d]
Seat 7: shushlo (big blind) folded on the Flop
Seat 8: Great_Kang (button) (small blind) collected ($11.76)


PokerStars Hand #152763511888:  Hold'em Limit ($3/$6 USD) - 2016/05/02 15:21:08 ET
Table 'Antinous II' 10-max Seat #2 is the button
Seat 2: kolaz03 ($82.35 in chips)
Seat 6: Chessnok ($132.43 in chips)
kolaz03: posts small blind $1
Chessnok: posts big blind $3
*** HOLE CARDS ***
kolaz03: folds
Uncalled bet ($2) returned to Chessnok
Chessnok collected $2 from pot
Chessnok: doesn't show hand
*** SUMMARY ***
Total pot $2 | Rake $0
Seat 2: kolaz03 (button) (small blind) folded before Flop
Seat 6: Chessnok (big blind) collected ($2)


