PokerStars Hand #146973043998:  Hold'em Limit ($3/$6 USD) - 2016/01/13 11:42:42 ET
Table 'Antilochus II' 2-max Seat #1 is the button
Seat 1: echsecution ($118.64 in chips)
Seat 2: joha74 ($72 in chips)
echsecution: posts small blind $1
joha74: posts big blind $3
*** HOLE CARDS ***
echsecution: raises $3 to $6
joha74: raises $3 to $9
echsecution: calls $3
*** FLOP *** [9c 2h 2c]
joha74: bets $3
echsecution: raises $3 to $6
joha74: calls $3
*** TURN *** [9c 2h 2c] [3s]
joha74: checks
echsecution: bets $6
joha74: folds
Uncalled bet ($6) returned to echsecution
echsecution collected $29.50 from pot
echsecution: doesn't show hand
*** SUMMARY ***
Total pot $30 | Rake $0.50
Board [9c 2h 2c 3s]
Seat 1: echsecution (button) (small blind) collected ($29.50)
Seat 2: joha74 (big blind) folded on the Turn


PokerStars Hand #146973034842:  Hold'em Limit ($3/$6 USD) - 2016/01/13 11:42:31 ET
Table 'Antilochus II' 2-max Seat #2 is the button
Seat 1: echsecution ($110 in chips)
Seat 2: joha74 ($81 in chips)
joha74: posts small blind $1
echsecution: posts big blind $3
*** HOLE CARDS ***
joha74: raises $3 to $6
echsecution: calls $3
*** FLOP *** [2s Kc 7d]
echsecution: checks
joha74: bets $3
echsecution: raises $3 to $6
joha74: folds
Uncalled bet ($3) returned to echsecution
echsecution collected $17.64 from pot
echsecution: doesn't show hand
*** SUMMARY ***
Total pot $18 | Rake $0.36
Board [2s Kc 7d]
Seat 1: echsecution (big blind) collected ($17.64)
Seat 2: joha74 (button) (small blind) folded on the Flop


PokerStars Hand #146973090034:  Hold'em Limit ($3/$6 USD) - 2016/01/13 11:43:37 ET
Table 'Antilochus II' 2-max Seat #1 is the button
Seat 1: echsecution ($112.14 in chips)
Seat 2: joha74 ($161.87 in chips)
echsecution: posts small blind $1
joha74: posts big blind $3
*** HOLE CARDS ***
echsecution: raises $3 to $6
joha74: raises $3 to $9
echsecution: calls $3
*** FLOP *** [6d 2s 9s]
joha74: bets $3
echsecution: raises $3 to $6
joha74: calls $3
*** TURN *** [6d 2s 9s] [7s]
joha74: checks
echsecution: bets $6
joha74: folds
Uncalled bet ($6) returned to echsecution
echsecution collected $29.50 from pot
echsecution: doesn't show hand
*** SUMMARY ***
Total pot $30 | Rake $0.50
Board [6d 2s 9s 7s]
Seat 1: echsecution (button) (small blind) collected ($29.50)
Seat 2: joha74 (big blind) folded on the Turn


PokerStars Hand #146973080910:  Hold'em Limit ($3/$6 USD) - 2016/01/13 11:43:26 ET
Table 'Antilochus II' 2-max Seat #2 is the button
Seat 1: echsecution ($118.14 in chips)
Seat 2: joha74 ($156.11 in chips)
joha74: posts small blind $1
echsecution: posts big blind $3
*** HOLE CARDS ***
joha74: raises $3 to $6
echsecution: calls $3
*** FLOP *** [3c 5h Kh]
echsecution: checks
joha74: bets $3
echsecution: folds
Uncalled bet ($3) returned to joha74
joha74 collected $11.76 from pot
joha74: doesn't show hand
*** SUMMARY ***
Total pot $12 | Rake $0.24
Board [3c 5h Kh]
Seat 1: echsecution (big blind) folded on the Flop
Seat 2: joha74 (button) (small blind) collected ($11.76)


PokerStars Hand #146973070405:  Hold'em Limit ($3/$6 USD) - 2016/01/13 11:43:13 ET
Table 'Antilochus II' 2-max Seat #1 is the button
Seat 1: echsecution ($127.14 in chips)
Seat 2: joha74 ($147.47 in chips)
echsecution: posts small blind $1
joha74: posts big blind $3
*** HOLE CARDS ***
echsecution: raises $3 to $6
joha74: raises $3 to $9
echsecution: calls $3
*** FLOP *** [Td Ts Qd]
joha74: bets $3
echsecution: folds
Uncalled bet ($3) returned to joha74
joha74 collected $17.64 from pot
joha74: doesn't show hand
*** SUMMARY ***
Total pot $18 | Rake $0.36
Board [Td Ts Qd]
Seat 1: echsecution (button) (small blind) folded on the Flop
Seat 2: joha74 (big blind) collected ($17.64)


PokerStars Hand #146973059071:  Hold'em Limit ($3/$6 USD) - 2016/01/13 11:43:00 ET
Table 'Antilochus II' 2-max Seat #2 is the button
Seat 1: echsecution ($133.14 in chips)
Seat 2: joha74 ($57 in chips)
joha74: posts small blind $1
echsecution: posts big blind $3
*** HOLE CARDS ***
joha74: raises $3 to $6
echsecution: calls $3
*** FLOP *** [Ks Jc 3s]
echsecution: checks
joha74: bets $3
echsecution: folds
Uncalled bet ($3) returned to joha74
joha74 collected $11.76 from pot
joha74: doesn't show hand
*** SUMMARY ***
Total pot $12 | Rake $0.24
Board [Ks Jc 3s]
Seat 1: echsecution (big blind) folded on the Flop
Seat 2: joha74 (button) (small blind) collected ($11.76)


PokerStars Hand #146973140716:  Hold'em Limit ($3/$6 USD) - 2016/01/13 11:44:37 ET
Table 'Antilochus II' 2-max Seat #1 is the button
Seat 1: echsecution ($137.92 in chips)
Seat 2: joha74 ($134.63 in chips)
echsecution: posts small blind $1
joha74: posts big blind $3
*** HOLE CARDS ***
echsecution: raises $3 to $6
joha74: raises $3 to $9
echsecution: calls $3
*** FLOP *** [2d 4s 5c]
joha74: bets $3
echsecution: calls $3
*** TURN *** [2d 4s 5c] [3s]
joha74: bets $6
echsecution: calls $6
*** RIVER *** [2d 4s 5c 3s] [6c]
joha74: checks
echsecution: checks
*** SHOW DOWN ***
joha74: shows [8h Qc] (a straight, Deuce to Six)
echsecution: shows [Ks 3c] (a straight, Deuce to Six)
joha74 collected $17.75 from pot
echsecution collected $17.75 from pot
*** SUMMARY ***
Total pot $36 | Rake $0.50
Board [2d 4s 5c 3s 6c]
Seat 1: echsecution (button) (small blind) showed [Ks 3c] and won ($17.75) with a straight, Deuce to Six
Seat 2: joha74 (big blind) showed [8h Qc] and won ($17.75) with a straight, Deuce to Six


PokerStars Hand #146973127140:  Hold'em Limit ($3/$6 USD) - 2016/01/13 11:44:21 ET
Table 'Antilochus II' 2-max Seat #2 is the button
Seat 1: echsecution ($143.92 in chips)
Seat 2: joha74 ($128.87 in chips)
joha74: posts small blind $1
echsecution: posts big blind $3
*** HOLE CARDS ***
joha74: raises $3 to $6
echsecution: calls $3
*** FLOP *** [Kd 6s Kc]
echsecution: checks
joha74: bets $3
echsecution: folds
Uncalled bet ($3) returned to joha74
joha74 collected $11.76 from pot
joha74: doesn't show hand
*** SUMMARY ***
Total pot $12 | Rake $0.24
Board [Kd 6s Kc]
Seat 1: echsecution (big blind) folded on the Flop
Seat 2: joha74 (button) (small blind) collected ($11.76)


PokerStars Hand #146973119003:  Hold'em Limit ($3/$6 USD) - 2016/01/13 11:44:11 ET
Table 'Antilochus II' 2-max Seat #1 is the button
Seat 1: echsecution ($138.16 in chips)
Seat 2: joha74 ($134.87 in chips)
echsecution: posts small blind $1
joha74: posts big blind $3
*** HOLE CARDS ***
echsecution: raises $3 to $6
joha74: calls $3
*** FLOP *** [4d Td 4s]
joha74: checks
echsecution: bets $3
joha74: folds
Uncalled bet ($3) returned to echsecution
echsecution collected $11.76 from pot
echsecution: doesn't show hand
*** SUMMARY ***
Total pot $12 | Rake $0.24
Board [4d Td 4s]
Seat 1: echsecution (button) (small blind) collected ($11.76)
Seat 2: joha74 (big blind) folded on the Flop


PokerStars Hand #146973107016:  Hold'em Limit ($3/$6 USD) - 2016/01/13 11:43:57 ET
Table 'Antilochus II' 2-max Seat #2 is the button
Seat 1: echsecution ($126.64 in chips)
Seat 2: joha74 ($146.87 in chips)
joha74: posts small blind $1
echsecution: posts big blind $3
*** HOLE CARDS ***
joha74: raises $3 to $6
echsecution: calls $3
*** FLOP *** [6c 5c Js]
echsecution: checks
joha74: bets $3
echsecution: raises $3 to $6
joha74: calls $3
*** TURN *** [6c 5c Js] [Jc]
echsecution: bets $6
joha74: folds
Uncalled bet ($6) returned to echsecution
echsecution collected $23.52 from pot
echsecution: doesn't show hand
*** SUMMARY ***
Total pot $24 | Rake $0.48
Board [6c 5c Js Jc]
Seat 1: echsecution (big blind) collected ($23.52)
Seat 2: joha74 (button) (small blind) folded on the Turn


PokerStars Hand #146973184933:  Hold'em Limit ($3/$6 USD) - 2016/01/13 11:45:29 ET
Table 'Antilochus II' 2-max Seat #1 is the button
Seat 1: echsecution ($125.49 in chips)
Seat 2: joha74 ($145.84 in chips)
echsecution: posts small blind $1
joha74: posts big blind $3
*** HOLE CARDS ***
echsecution: raises $3 to $6
joha74: raises $3 to $9
echsecution: calls $3
*** FLOP *** [9d 2d Qs]
joha74: bets $3
echsecution: calls $3
*** TURN *** [9d 2d Qs] [4c]
joha74: bets $6
echsecution: calls $6
*** RIVER *** [9d 2d Qs 4c] [6c]
joha74: bets $6
echsecution: calls $6
*** SHOW DOWN ***
joha74: shows [4d Ac] (a pair of Fours)
echsecution: mucks hand
joha74 collected $47.50 from pot
*** SUMMARY ***
Total pot $48 | Rake $0.50
Board [9d 2d Qs 4c 6c]
Seat 1: echsecution (button) (small blind) mucked
Seat 2: joha74 (big blind) showed [4d Ac] and won ($47.50) with a pair of Fours


PokerStars Hand #146973179969:  Hold'em Limit ($3/$6 USD) - 2016/01/13 11:45:23 ET
Table 'Antilochus II' 2-max Seat #2 is the button
Seat 1: echsecution ($128.49 in chips)
Seat 2: joha74 ($142.84 in chips)
joha74: posts small blind $1
echsecution: posts big blind $3
*** HOLE CARDS ***
joha74: raises $3 to $6
echsecution: folds
Uncalled bet ($3) returned to joha74
joha74 collected $6 from pot
joha74: doesn't show hand
*** SUMMARY ***
Total pot $6 | Rake $0
Seat 1: echsecution (big blind) folded before Flop
Seat 2: joha74 (button) (small blind) collected ($6)


PokerStars Hand #146973169110:  Hold'em Limit ($3/$6 USD) - 2016/01/13 11:45:10 ET
Table 'Antilochus II' 2-max Seat #1 is the button
Seat 1: echsecution ($137.49 in chips)
Seat 2: joha74 ($134.20 in chips)
echsecution: posts small blind $1
joha74: posts big blind $3
*** HOLE CARDS ***
echsecution: raises $3 to $6
joha74: calls $3
*** FLOP *** [Ac 8s 3d]
joha74: checks
echsecution: bets $3
joha74: raises $3 to $6
echsecution: folds
Uncalled bet ($3) returned to joha74
joha74 collected $17.64 from pot
joha74: doesn't show hand
*** SUMMARY ***
Total pot $18 | Rake $0.36
Board [Ac 8s 3d]
Seat 1: echsecution (button) (small blind) folded on the Flop
Seat 2: joha74 (big blind) collected ($17.64)


PokerStars Hand #146973154258:  Hold'em Limit ($3/$6 USD) - 2016/01/13 11:44:53 ET
Table 'Antilochus II' 2-max Seat #2 is the button
Seat 1: echsecution ($137.67 in chips)
Seat 2: joha74 ($134.38 in chips)
joha74: posts small blind $1
echsecution: posts big blind $3
*** HOLE CARDS ***
joha74: raises $3 to $6
echsecution: calls $3
*** FLOP *** [3d 9h 3c]
echsecution: checks
joha74: bets $3
echsecution: calls $3
*** TURN *** [3d 9h 3c] [9c]
echsecution: checks
joha74: checks
*** RIVER *** [3d 9h 3c 9c] [Jh]
echsecution: checks
joha74: checks
*** SHOW DOWN ***
echsecution: shows [6h Qc] (two pair, Nines and Threes)
joha74: shows [2h Qd] (two pair, Nines and Threes)
echsecution collected $8.82 from pot
joha74 collected $8.82 from pot
*** SUMMARY ***
Total pot $18 | Rake $0.36
Board [3d 9h 3c 9c Jh]
Seat 1: echsecution (big blind) showed [6h Qc] and won ($8.82) with two pair, Nines and Threes
Seat 2: joha74 (button) (small blind) showed [2h Qd] and won ($8.82) with two pair, Nines and Threes


PokerStars Hand #146973250104:  Hold'em Limit ($3/$6 USD) - 2016/01/13 11:46:46 ET
Table 'Antilochus II' 2-max Seat #1 is the button
Seat 1: echsecution ($124.53 in chips)
Seat 2: joha74 ($145.34 in chips)
echsecution: posts small blind $1
joha74: posts big blind $3
*** HOLE CARDS ***
echsecution: raises $3 to $6
joha74: calls $3
*** FLOP *** [8d Kh As]
joha74: checks
echsecution: bets $3
joha74: folds
Uncalled bet ($3) returned to echsecution
echsecution collected $11.76 from pot
echsecution: doesn't show hand
*** SUMMARY ***
Total pot $12 | Rake $0.24
Board [8d Kh As]
Seat 1: echsecution (button) (small blind) collected ($11.76)
Seat 2: joha74 (big blind) folded on the Flop


PokerStars Hand #146973241271:  Hold'em Limit ($3/$6 USD) - 2016/01/13 11:46:35 ET
Table 'Antilochus II' 2-max Seat #2 is the button
Seat 1: echsecution ($115.89 in chips)
Seat 2: joha74 ($154.34 in chips)
joha74: posts small blind $1
echsecution: posts big blind $3
*** HOLE CARDS ***
joha74: raises $3 to $6
echsecution: calls $3
*** FLOP *** [Tc Kh 8d]
echsecution: checks
joha74: bets $3
echsecution: raises $3 to $6
joha74: folds
Uncalled bet ($3) returned to echsecution
echsecution collected $17.64 from pot
echsecution: doesn't show hand
*** SUMMARY ***
Total pot $18 | Rake $0.36
Board [Tc Kh 8d]
Seat 1: echsecution (big blind) collected ($17.64)
Seat 2: joha74 (button) (small blind) folded on the Flop


PokerStars Hand #146973225200:  Hold'em Limit ($3/$6 USD) - 2016/01/13 11:46:16 ET
Table 'Antilochus II' 2-max Seat #1 is the button
Seat 1: echsecution ($110.13 in chips)
Seat 2: joha74 ($160.34 in chips)
echsecution: posts small blind $1
joha74: posts big blind $3
*** HOLE CARDS ***
echsecution: raises $3 to $6
joha74: calls $3
*** FLOP *** [Kh 4s 9s]
joha74: checks
echsecution: bets $3
joha74: folds
Uncalled bet ($3) returned to echsecution
echsecution collected $11.76 from pot
echsecution: doesn't show hand
*** SUMMARY ***
Total pot $12 | Rake $0.24
Board [Kh 4s 9s]
Seat 1: echsecution (button) (small blind) collected ($11.76)
Seat 2: joha74 (big blind) folded on the Flop


PokerStars Hand #146973202248:  Hold'em Limit ($3/$6 USD) - 2016/01/13 11:45:49 ET
Table 'Antilochus II' 2-max Seat #2 is the button
Seat 1: echsecution ($101.49 in chips)
Seat 2: joha74 ($169.34 in chips)
joha74: posts small blind $1
echsecution: posts big blind $3
*** HOLE CARDS ***
joha74: raises $3 to $6
echsecution: calls $3
*** FLOP *** [6s Th 5s]
echsecution: checks
joha74: bets $3
echsecution: calls $3
*** TURN *** [6s Th 5s] [8d]
echsecution: checks
joha74: checks
*** RIVER *** [6s Th 5s 8d] [3s]
echsecution: bets $6
joha74: folds
Uncalled bet ($6) returned to echsecution
echsecution collected $17.64 from pot
echsecution: doesn't show hand
*** SUMMARY ***
Total pot $18 | Rake $0.36
Board [6s Th 5s 8d 3s]
Seat 1: echsecution (big blind) collected ($17.64)
Seat 2: joha74 (button) (small blind) folded on the River


PokerStars Hand #146973295526:  Hold'em Limit ($3/$6 USD) - 2016/01/13 11:47:39 ET
Table 'Antilochus II' 2-max Seat #1 is the button
Seat 1: echsecution ($132.79 in chips)
Seat 2: joha74 ($135.74 in chips)
echsecution: posts small blind $1
joha74: posts big blind $3
*** HOLE CARDS ***
echsecution: raises $3 to $6
joha74: calls $3
*** FLOP *** [Qc Kd 8c]
joha74: checks
echsecution: bets $3
joha74: folds
Uncalled bet ($3) returned to echsecution
echsecution collected $11.76 from pot
echsecution: doesn't show hand
*** SUMMARY ***
Total pot $12 | Rake $0.24
Board [Qc Kd 8c]
Seat 1: echsecution (button) (small blind) collected ($11.76)
Seat 2: joha74 (big blind) folded on the Flop


PokerStars Hand #146973288751:  Hold'em Limit ($3/$6 USD) - 2016/01/13 11:47:31 ET
Table 'Antilochus II' 2-max Seat #2 is the button
Seat 1: echsecution ($138.79 in chips)
Seat 2: joha74 ($129.98 in chips)
joha74: posts small blind $1
echsecution: posts big blind $3
*** HOLE CARDS ***
joha74: raises $3 to $6
echsecution: calls $3
*** FLOP *** [Qh Td Jh]
echsecution: checks
joha74: bets $3
echsecution: folds
Uncalled bet ($3) returned to joha74
joha74 collected $11.76 from pot
joha74: doesn't show hand
*** SUMMARY ***
Total pot $12 | Rake $0.24
Board [Qh Td Jh]
Seat 1: echsecution (big blind) folded on the Flop
Seat 2: joha74 (button) (small blind) collected ($11.76)


PokerStars Hand #146973273085:  Hold'em Limit ($3/$6 USD) - 2016/01/13 11:47:13 ET
Table 'Antilochus II' 2-max Seat #1 is the button
Seat 1: echsecution ($121.29 in chips)
Seat 2: joha74 ($147.98 in chips)
echsecution: posts small blind $1
joha74: posts big blind $3
*** HOLE CARDS ***
echsecution: raises $3 to $6
joha74: raises $3 to $9
echsecution: calls $3
*** FLOP *** [8s 9d Qd]
joha74: bets $3
echsecution: calls $3
*** TURN *** [8s 9d Qd] [9s]
joha74: checks
echsecution: bets $6
joha74: calls $6
*** RIVER *** [8s 9d Qd 9s] [Jh]
joha74: checks
echsecution: checks
*** SHOW DOWN ***
joha74: shows [As Kd] (a pair of Nines)
echsecution: shows [5c 8h] (two pair, Nines and Eights)
echsecution collected $35.50 from pot
*** SUMMARY ***
Total pot $36 | Rake $0.50
Board [8s 9d Qd 9s Jh]
Seat 1: echsecution (button) (small blind) showed [5c 8h] and won ($35.50) with two pair, Nines and Eights
Seat 2: joha74 (big blind) showed [As Kd] and lost with a pair of Nines


PokerStars Hand #146973259252:  Hold'em Limit ($3/$6 USD) - 2016/01/13 11:46:56 ET
Table 'Antilochus II' 2-max Seat #2 is the button
Seat 1: echsecution ($130.29 in chips)
Seat 2: joha74 ($139.34 in chips)
joha74: posts small blind $1
echsecution: posts big blind $3
*** HOLE CARDS ***
joha74: raises $3 to $6
echsecution: calls $3
*** FLOP *** [Kc 9h 9d]
echsecution: checks
joha74: bets $3
echsecution: calls $3
*** TURN *** [Kc 9h 9d] [8s]
echsecution: checks
joha74: bets $6
echsecution: folds
Uncalled bet ($6) returned to joha74
joha74 collected $17.64 from pot
joha74: doesn't show hand
*** SUMMARY ***
Total pot $18 | Rake $0.36
Board [Kc 9h 9d 8s]
Seat 1: echsecution (big blind) folded on the Turn
Seat 2: joha74 (button) (small blind) collected ($17.64)


PokerStars Hand #146973332196:  Hold'em Limit ($3/$6 USD) - 2016/01/13 11:48:22 ET
Table 'Antilochus II' 2-max Seat #1 is the button
Seat 1: echsecution ($123.55 in chips)
Seat 2: joha74 ($144.24 in chips)
echsecution: posts small blind $1
joha74: posts big blind $3
*** HOLE CARDS ***
echsecution: raises $3 to $6
joha74: raises $3 to $9
echsecution: calls $3
*** FLOP *** [4d Ad 4c]
joha74: bets $3
echsecution: calls $3
*** TURN *** [4d Ad 4c] [Qs]
joha74: bets $6
echsecution: calls $6
*** RIVER *** [4d Ad 4c Qs] [3s]
joha74: bets $6
echsecution: calls $6
*** SHOW DOWN ***
joha74: shows [Kh Js] (a pair of Fours)
echsecution: shows [Kc 7s] (a pair of Fours)
joha74 collected $23.75 from pot
echsecution collected $23.75 from pot
*** SUMMARY ***
Total pot $48 | Rake $0.50
Board [4d Ad 4c Qs 3s]
Seat 1: echsecution (button) (small blind) showed [Kc 7s] and won ($23.75) with a pair of Fours
Seat 2: joha74 (big blind) showed [Kh Js] and won ($23.75) with a pair of Fours


PokerStars Hand #146973305234:  Hold'em Limit ($3/$6 USD) - 2016/01/13 11:47:51 ET
Table 'Antilochus II' 2-max Seat #2 is the button
Seat 1: echsecution ($138.55 in chips)
Seat 2: joha74 ($129.74 in chips)
joha74: posts small blind $1
echsecution: posts big blind $3
*** HOLE CARDS ***
joha74: raises $3 to $6
echsecution: calls $3
*** FLOP *** [9h As 9s]
echsecution: checks
joha74: bets $3
echsecution: calls $3
*** TURN *** [9h As 9s] [Ks]
echsecution: checks
joha74: bets $6
echsecution: calls $6
*** RIVER *** [9h As 9s Ks] [5d]
echsecution: checks
joha74: checks
*** SHOW DOWN ***
echsecution: shows [Qc 8c] (a pair of Nines)
joha74: shows [4c 4s] (two pair, Nines and Fours)
joha74 collected $29.50 from pot
*** SUMMARY ***
Total pot $30 | Rake $0.50
Board [9h As 9s Ks 5d]
Seat 1: echsecution (big blind) showed [Qc 8c] and lost with a pair of Nines
Seat 2: joha74 (button) (small blind) showed [4c 4s] and won ($29.50) with two pair, Nines and Fours


PokerStars Hand #146973363630:  Hold'em Limit ($3/$6 USD) - 2016/01/13 11:48:59 ET
Table 'Antilochus II' 2-max Seat #1 is the button
Seat 1: echsecution ($117.30 in chips)
Seat 2: joha74 ($149.75 in chips)
echsecution: posts small blind $1
joha74: posts big blind $3
*** HOLE CARDS ***
echsecution: raises $3 to $6
joha74: folds
Uncalled bet ($3) returned to echsecution
echsecution collected $6 from pot
echsecution: doesn't show hand
*** SUMMARY ***
Total pot $6 | Rake $0
Seat 1: echsecution (button) (small blind) collected ($6)
Seat 2: joha74 (big blind) folded before Flop


PokerStars Hand #146973356793:  Hold'em Limit ($3/$6 USD) - 2016/01/13 11:48:51 ET
Table 'Antilochus II' 2-max Seat #2 is the button
Seat 1: echsecution ($123.30 in chips)
Seat 2: joha74 ($143.99 in chips)
joha74: posts small blind $1
echsecution: posts big blind $3
*** HOLE CARDS ***
joha74: raises $3 to $6
echsecution: calls $3
*** FLOP *** [7h Ah 4d]
echsecution: checks
joha74: bets $3
echsecution: folds
Uncalled bet ($3) returned to joha74
joha74 collected $11.76 from pot
joha74: doesn't show hand
*** SUMMARY ***
Total pot $12 | Rake $0.24
Board [7h Ah 4d]
Seat 1: echsecution (big blind) folded on the Flop
Seat 2: joha74 (button) (small blind) collected ($11.76)


PokerStars Hand #146973368948:  Hold'em Limit ($3/$6 USD) - 2016/01/13 11:49:05 ET
Table 'Antilochus II' 2-max Seat #2 is the button
Seat 1: echsecution ($120.30 in chips)
Seat 2: joha74 ($146.75 in chips)
joha74: posts small blind $1
echsecution: posts big blind $3
*** HOLE CARDS ***
joha74: raises $3 to $6
echsecution: calls $3
*** FLOP *** [Qh 7h 9s]
echsecution: checks
joha74: bets $3
echsecution: folds
Uncalled bet ($3) returned to joha74
joha74 collected $11.76 from pot
joha74: doesn't show hand
*** SUMMARY ***
Total pot $12 | Rake $0.24
Board [Qh 7h 9s]
Seat 1: echsecution (big blind) folded on the Flop
Seat 2: joha74 (button) (small blind) collected ($11.76)


PokerStars Hand #146973388499:  Hold'em Limit ($3/$6 USD) - 2016/01/13 11:49:28 ET
Table 'Antilochus II' 2-max Seat #1 is the button
Seat 1: echsecution ($114.30 in chips)
Seat 2: joha74 ($152.51 in chips)
echsecution: posts small blind $1
joha74: posts big blind $3
*** HOLE CARDS ***
echsecution: raises $3 to $6
joha74: calls $3
*** FLOP *** [2c Kc 7h]
joha74: checks
echsecution: bets $3
joha74: raises $3 to $6
echsecution: calls $3
*** TURN *** [2c Kc 7h] [Ac]
joha74: bets $6
echsecution: calls $6
*** RIVER *** [2c Kc 7h Ac] [9c]
joha74: checks
echsecution: checks
*** SHOW DOWN ***
joha74: shows [7s 9s] (two pair, Nines and Sevens)
echsecution: mucks hand
joha74 collected $35.50 from pot
*** SUMMARY ***
Total pot $36 | Rake $0.50
Board [2c Kc 7h Ac 9c]
Seat 1: echsecution (button) (small blind) mucked
Seat 2: joha74 (big blind) showed [7s 9s] and won ($35.50) with two pair, Nines and Sevens


PokerStars Hand #146973451022:  Hold'em Limit ($3/$6 USD) - 2016/01/13 11:50:42 ET
Table 'Antilochus II' 2-max Seat #2 is the button
Seat 1: echsecution ($83.94 in chips)
Seat 2: joha74 ($181.51 in chips)
joha74: posts small blind $1
echsecution: posts big blind $3
*** HOLE CARDS ***
joha74: raises $3 to $6
echsecution: calls $3
*** FLOP *** [8h Ts 7s]
echsecution: checks
joha74: checks
*** TURN *** [8h Ts 7s] [5d]
echsecution: checks
joha74: bets $6
echsecution: folds
Uncalled bet ($6) returned to joha74
joha74 collected $11.76 from pot
joha74: doesn't show hand
*** SUMMARY ***
Total pot $12 | Rake $0.24
Board [8h Ts 7s 5d]
Seat 1: echsecution (big blind) folded on the Turn
Seat 2: joha74 (button) (small blind) collected ($11.76)


PokerStars Hand #146973435906:  Hold'em Limit ($3/$6 USD) - 2016/01/13 11:50:24 ET
Table 'Antilochus II' 2-max Seat #1 is the button
Seat 1: echsecution ($75.30 in chips)
Seat 2: joha74 ($190.51 in chips)
echsecution: posts small blind $1
joha74: posts big blind $3
*** HOLE CARDS ***
echsecution: raises $3 to $6
joha74: calls $3
*** FLOP *** [4s 4d 4c]
joha74: checks
echsecution: bets $3
joha74: calls $3
*** TURN *** [4s 4d 4c] [7c]
joha74: checks
echsecution: bets $6
joha74: folds
Uncalled bet ($6) returned to echsecution
echsecution collected $17.64 from pot
echsecution: doesn't show hand
*** SUMMARY ***
Total pot $18 | Rake $0.36
Board [4s 4d 4c 7c]
Seat 1: echsecution (button) (small blind) collected ($17.64)
Seat 2: joha74 (big blind) folded on the Turn


PokerStars Hand #146973416344:  Hold'em Limit ($3/$6 USD) - 2016/01/13 11:50:01 ET
Table 'Antilochus II' 2-max Seat #2 is the button
Seat 1: echsecution ($96.30 in chips)
Seat 2: joha74 ($170.01 in chips)
joha74: posts small blind $1
echsecution: posts big blind $3
*** HOLE CARDS ***
joha74: raises $3 to $6
echsecution: calls $3
*** FLOP *** [4s 7d 4d]
echsecution: checks
joha74: bets $3
echsecution: calls $3
*** TURN *** [4s 7d 4d] [6h]
echsecution: bets $6
joha74: calls $6
*** RIVER *** [4s 7d 4d 6h] [8c]
echsecution: bets $6
joha74: calls $6
*** SHOW DOWN ***
echsecution: shows [Qc 6s] (two pair, Sixes and Fours)
joha74: shows [7c Ah] (two pair, Sevens and Fours)
joha74 collected $41.50 from pot
*** SUMMARY ***
Total pot $42 | Rake $0.50
Board [4s 7d 4d 6h 8c]
Seat 1: echsecution (big blind) showed [Qc 6s] and lost with two pair, Sixes and Fours
Seat 2: joha74 (button) (small blind) showed [7c Ah] and won ($41.50) with two pair, Sevens and Fours


PokerStars Hand #146973462912:  Hold'em Limit ($3/$6 USD) - 2016/01/13 11:50:56 ET
Table 'Antilochus II' 2-max Seat #1 is the button
Seat 1: echsecution ($77.94 in chips)
Seat 2: joha74 ($187.27 in chips)
echsecution: posts small blind $1
joha74: posts big blind $3
*** HOLE CARDS ***
echsecution: raises $3 to $6
joha74: folds
Uncalled bet ($3) returned to echsecution
echsecution collected $6 from pot
echsecution: doesn't show hand
*** SUMMARY ***
Total pot $6 | Rake $0
Seat 1: echsecution (button) (small blind) collected ($6)
Seat 2: joha74 (big blind) folded before Flop


PokerStars Hand #146973501391:  Hold'em Limit ($3/$6 USD) - 2016/01/13 11:51:42 ET
Table 'Antilochus II' 2-max Seat #2 is the button
Seat 1: echsecution ($77.76 in chips)
Seat 2: joha74 ($198.77 in chips)
joha74: posts small blind $1
echsecution: posts big blind $3
*** HOLE CARDS ***
joha74: raises $3 to $6
echsecution: raises $3 to $9
joha74: calls $3
*** FLOP *** [Js 2d 4c]
echsecution: bets $3
joha74: folds
Uncalled bet ($3) returned to echsecution
echsecution collected $17.64 from pot
echsecution: doesn't show hand
*** SUMMARY ***
Total pot $18 | Rake $0.36
Board [Js 2d 4c]
Seat 1: echsecution (big blind) collected ($17.64)
Seat 2: joha74 (button) (small blind) folded on the Flop


PokerStars Hand #146973491696:  Hold'em Limit ($3/$6 USD) - 2016/01/13 11:51:30 ET
Table 'Antilochus II' 2-max Seat #1 is the button
Seat 1: echsecution ($72 in chips)
Seat 2: joha74 ($204.77 in chips)
echsecution: posts small blind $1
joha74: posts big blind $3
*** HOLE CARDS ***
echsecution: raises $3 to $6
joha74: calls $3
*** FLOP *** [Ah Ad Kd]
joha74: checks
echsecution: bets $3
joha74: folds
Uncalled bet ($3) returned to echsecution
echsecution collected $11.76 from pot
echsecution: doesn't show hand
*** SUMMARY ***
Total pot $12 | Rake $0.24
Board [Ah Ad Kd]
Seat 1: echsecution (button) (small blind) collected ($11.76)
Seat 2: joha74 (big blind) folded on the Flop


PokerStars Hand #146973469109:  Hold'em Limit ($3/$6 USD) - 2016/01/13 11:51:03 ET
Table 'Antilochus II' 2-max Seat #2 is the button
Seat 1: echsecution ($80.94 in chips)
Seat 2: joha74 ($184.27 in chips)
joha74: posts small blind $1
echsecution: posts big blind $3
*** HOLE CARDS ***
joha74: raises $3 to $6
echsecution: calls $3
*** FLOP *** [9d Tc 5h]
echsecution: checks
joha74: bets $3
echsecution: calls $3
*** TURN *** [9d Tc 5h] [9s]
echsecution: checks
joha74: bets $6
echsecution: calls $6
*** RIVER *** [9d Tc 5h 9s] [3c]
echsecution: checks
joha74: bets $6
echsecution: calls $6
*** SHOW DOWN ***
joha74: shows [3h 5s] (two pair, Nines and Fives)
echsecution: mucks hand
joha74 collected $41.50 from pot
*** SUMMARY ***
Total pot $42 | Rake $0.50
Board [9d Tc 5h 9s 3c]
Seat 1: echsecution (big blind) mucked
Seat 2: joha74 (button) (small blind) showed [3h 5s] and won ($41.50) with two pair, Nines and Fives


PokerStars Hand #146973511275:  Hold'em Limit ($3/$6 USD) - 2016/01/13 11:51:54 ET
Table 'Antilochus II' 2-max Seat #1 is the button
Seat 1: echsecution ($86.40 in chips)
Seat 2: joha74 ($189.77 in chips)
echsecution: posts small blind $1
joha74: posts big blind $3
*** HOLE CARDS ***
echsecution: raises $3 to $6
joha74: calls $3
*** FLOP *** [3c Qc 4s]
joha74: checks
echsecution: bets $3
joha74: calls $3
*** TURN *** [3c Qc 4s] [Kc]
joha74: checks
echsecution: bets $6
joha74: raises $6 to $12
echsecution: folds
Uncalled bet ($6) returned to joha74
joha74 collected $29.50 from pot
joha74: doesn't show hand
*** SUMMARY ***
Total pot $30 | Rake $0.50
Board [3c Qc 4s Kc]
Seat 1: echsecution (button) (small blind) folded on the Turn
Seat 2: joha74 (big blind) collected ($29.50)


PokerStars Hand #146973528205:  Hold'em Limit ($3/$6 USD) - 2016/01/13 11:52:13 ET
Table 'Antilochus II' 2-max Seat #2 is the button
Seat 1: echsecution ($72 in chips)
Seat 2: joha74 ($204.27 in chips)
joha74: posts small blind $1
echsecution: posts big blind $3
*** HOLE CARDS ***
joha74: raises $3 to $6
echsecution: calls $3
*** FLOP *** [8c As 3h]
echsecution: checks
joha74: bets $3
echsecution: calls $3
*** TURN *** [8c As 3h] [7h]
echsecution: checks
joha74: checks
*** RIVER *** [8c As 3h 7h] [5c]
echsecution: bets $6
joha74: raises $6 to $12
echsecution: calls $6
*** SHOW DOWN ***
joha74: shows [9s 6s] (a straight, Five to Nine)
echsecution: mucks hand
joha74 collected $41.50 from pot
*** SUMMARY ***
Total pot $42 | Rake $0.50
Board [8c As 3h 7h 5c]
Seat 1: echsecution (big blind) mucked
Seat 2: joha74 (button) (small blind) showed [9s 6s] and won ($41.50) with a straight, Five to Nine


PokerStars Hand #146973568904:  Hold'em Limit ($3/$6 USD) - 2016/01/13 11:53:02 ET
Table 'Antilochus II' 2-max Seat #2 is the button
Seat 1: echsecution ($77.76 in chips)
Seat 2: joha74 ($218.77 in chips)
joha74: posts small blind $1
echsecution: posts big blind $3
*** HOLE CARDS ***
joha74: raises $3 to $6
echsecution: calls $3
*** FLOP *** [2h Jd 8d]
echsecution: checks
joha74: bets $3
echsecution: raises $3 to $6
joha74: folds
Uncalled bet ($3) returned to echsecution
echsecution collected $17.64 from pot
echsecution: doesn't show hand
*** SUMMARY ***
Total pot $18 | Rake $0.36
Board [2h Jd 8d]
Seat 1: echsecution (big blind) collected ($17.64)
Seat 2: joha74 (button) (small blind) folded on the Flop


PokerStars Hand #146973581502:  Hold'em Limit ($3/$6 USD) - 2016/01/13 11:53:17 ET
Table 'Antilochus II' 2-max Seat #1 is the button
Seat 1: echsecution ($86.40 in chips)
Seat 2: joha74 ($209.77 in chips)
echsecution: posts small blind $1
joha74: posts big blind $3
*** HOLE CARDS ***
echsecution: raises $3 to $6
joha74: calls $3
*** FLOP *** [9d 3d Qh]
joha74: checks
echsecution: bets $3
joha74: calls $3
*** TURN *** [9d 3d Qh] [Ac]
joha74: checks
echsecution: bets $6
joha74: calls $6
*** RIVER *** [9d 3d Qh Ac] [2s]
joha74: checks
echsecution: bets $6
joha74: calls $6
*** SHOW DOWN ***
echsecution: shows [Kd Qs] (a pair of Queens)
joha74: mucks hand
echsecution collected $41.50 from pot
*** SUMMARY ***
Total pot $42 | Rake $0.50
Board [9d 3d Qh Ac 2s]
Seat 1: echsecution (button) (small blind) showed [Kd Qs] and won ($41.50) with a pair of Queens
Seat 2: joha74 (big blind) mucked


PokerStars Hand #146973548596:  Hold'em Limit ($3/$6 USD) - 2016/01/13 11:52:38 ET
Table 'Antilochus II' 2-max Seat #1 is the button
Seat 1: echsecution ($72 in chips)
Seat 2: joha74 ($224.77 in chips)
echsecution: posts small blind $1
joha74: posts big blind $3
*** HOLE CARDS ***
echsecution: raises $3 to $6
joha74: calls $3
*** FLOP *** [Kh 8h Ah]
joha74: checks
echsecution: bets $3
joha74: folds
Uncalled bet ($3) returned to echsecution
echsecution collected $11.76 from pot
echsecution: doesn't show hand
*** SUMMARY ***
Total pot $12 | Rake $0.24
Board [Kh 8h Ah]
Seat 1: echsecution (button) (small blind) collected ($11.76)
Seat 2: joha74 (big blind) folded on the Flop


PokerStars Hand #146973627023:  Hold'em Limit ($3/$6 USD) - 2016/01/13 11:54:10 ET
Table 'Antilochus II' 2-max Seat #1 is the button
Seat 1: echsecution ($85.90 in chips)
Seat 2: joha74 ($209.27 in chips)
echsecution: posts small blind $1
joha74: posts big blind $3
*** HOLE CARDS ***
echsecution: folds
Uncalled bet ($2) returned to joha74
joha74 collected $2 from pot
joha74: doesn't show hand
*** SUMMARY ***
Total pot $2 | Rake $0
Seat 1: echsecution (button) (small blind) folded before Flop
Seat 2: joha74 (big blind) collected ($2)


PokerStars Hand #146973602269:  Hold'em Limit ($3/$6 USD) - 2016/01/13 11:53:41 ET
Table 'Antilochus II' 2-max Seat #2 is the button
Seat 1: echsecution ($106.90 in chips)
Seat 2: joha74 ($188.77 in chips)
joha74: posts small blind $1
echsecution: posts big blind $3
*** HOLE CARDS ***
joha74: raises $3 to $6
echsecution: calls $3
*** FLOP *** [4d Kc 8s]
echsecution: checks
joha74: bets $3
echsecution: calls $3
*** TURN *** [4d Kc 8s] [Ks]
echsecution: checks
joha74: bets $6
echsecution: calls $6
*** RIVER *** [4d Kc 8s Ks] [5s]
echsecution: checks
joha74: bets $6
echsecution: calls $6
*** SHOW DOWN ***
joha74: shows [7h 8d] (two pair, Kings and Eights)
echsecution: mucks hand
joha74 collected $41.50 from pot
*** SUMMARY ***
Total pot $42 | Rake $0.50
Board [4d Kc 8s Ks 5s]
Seat 1: echsecution (big blind) mucked
Seat 2: joha74 (button) (small blind) showed [7h 8d] and won ($41.50) with two pair, Kings and Eights


PokerStars Hand #146973633230:  Hold'em Limit ($3/$6 USD) - 2016/01/13 11:54:18 ET
Table 'Antilochus II' 2-max Seat #2 is the button
Seat 1: echsecution ($84.90 in chips)
Seat 2: joha74 ($210.27 in chips)
joha74: posts small blind $1
echsecution: posts big blind $3
*** HOLE CARDS ***
joha74: raises $3 to $6
echsecution: calls $3
*** FLOP *** [3c 7d 6h]
echsecution: checks
joha74: bets $3
echsecution: calls $3
*** TURN *** [3c 7d 6h] [Kc]
echsecution: checks
joha74: bets $6
echsecution: folds
Uncalled bet ($6) returned to joha74
joha74 collected $17.64 from pot
joha74: doesn't show hand
*** SUMMARY ***
Total pot $18 | Rake $0.36
Board [3c 7d 6h Kc]
Seat 1: echsecution (big blind) folded on the Turn
Seat 2: joha74 (button) (small blind) collected ($17.64)


PokerStars Hand #146973653495:  Hold'em Limit ($3/$6 USD) - 2016/01/13 11:54:42 ET
Table 'Antilochus II' 2-max Seat #1 is the button
Seat 1: echsecution ($75.90 in chips)
Seat 2: joha74 ($218.91 in chips)
echsecution: posts small blind $1
joha74: posts big blind $3
*** HOLE CARDS ***
echsecution: raises $3 to $6
joha74: calls $3
*** FLOP *** [5s Qc Kd]
joha74: checks
echsecution: bets $3
joha74: calls $3
*** TURN *** [5s Qc Kd] [Ac]
joha74: checks
echsecution: bets $6
joha74: folds
Uncalled bet ($6) returned to echsecution
echsecution collected $17.64 from pot
echsecution: doesn't show hand
*** SUMMARY ***
Total pot $18 | Rake $0.36
Board [5s Qc Kd Ac]
Seat 1: echsecution (button) (small blind) collected ($17.64)
Seat 2: joha74 (big blind) folded on the Turn


PokerStars Hand #146973676248:  Hold'em Limit ($3/$6 USD) - 2016/01/13 11:55:09 ET
Table 'Antilochus II' 2-max Seat #2 is the button
Seat 1: echsecution ($84.54 in chips)
Seat 2: joha74 ($209.91 in chips)
joha74: posts small blind $1
echsecution: posts big blind $3
*** HOLE CARDS ***
joha74: raises $3 to $6
echsecution: calls $3
*** FLOP *** [5c 7h 8d]
echsecution: checks
joha74: checks
*** TURN *** [5c 7h 8d] [Ah]
echsecution: checks
joha74: bets $6
echsecution: calls $6
*** RIVER *** [5c 7h 8d Ah] [6h]
echsecution: bets $6
joha74: folds
Uncalled bet ($6) returned to echsecution
echsecution collected $23.52 from pot
echsecution: doesn't show hand
*** SUMMARY ***
Total pot $24 | Rake $0.48
Board [5c 7h 8d Ah 6h]
Seat 1: echsecution (big blind) collected ($23.52)
Seat 2: joha74 (button) (small blind) folded on the River


PokerStars Hand #146973689824:  Hold'em Limit ($3/$6 USD) - 2016/01/13 11:55:28 ET
Table 'Antilochus II' 2-max Seat #1 is the button
Seat 1: echsecution ($96.06 in chips)
Seat 2: joha74 ($197.91 in chips)
echsecution: posts small blind $1
joha74: posts big blind $3
*** HOLE CARDS ***
echsecution: raises $3 to $6
joha74: folds
Uncalled bet ($3) returned to echsecution
echsecution collected $6 from pot
echsecution: doesn't show hand
*** SUMMARY ***
Total pot $6 | Rake $0
Seat 1: echsecution (button) (small blind) collected ($6)
Seat 2: joha74 (big blind) folded before Flop


PokerStars Hand #146973699269:  Hold'em Limit ($3/$6 USD) - 2016/01/13 11:55:42 ET
Table 'Antilochus II' 2-max Seat #2 is the button
Seat 1: echsecution ($99.06 in chips)
Seat 2: joha74 ($194.91 in chips)
joha74: posts small blind $1
echsecution: posts big blind $3
*** HOLE CARDS ***
joha74: raises $3 to $6
echsecution: calls $3
*** FLOP *** [Tc 9c 7d]
echsecution: checks
joha74: bets $3
echsecution: calls $3
*** TURN *** [Tc 9c 7d] [Ac]
echsecution: checks
joha74: bets $6
echsecution: folds
Uncalled bet ($6) returned to joha74
joha74 collected $17.64 from pot
joha74: doesn't show hand
*** SUMMARY ***
Total pot $18 | Rake $0.36
Board [Tc 9c 7d Ac]
Seat 1: echsecution (big blind) folded on the Turn
Seat 2: joha74 (button) (small blind) collected ($17.64)


PokerStars Hand #146973710738:  Hold'em Limit ($3/$6 USD) - 2016/01/13 11:55:58 ET
Table 'Antilochus II' 2-max Seat #1 is the button
Seat 1: echsecution ($90.06 in chips)
Seat 2: joha74 ($203.55 in chips)
echsecution: posts small blind $1
joha74: posts big blind $3
*** HOLE CARDS ***
echsecution: raises $3 to $6
joha74: calls $3
*** FLOP *** [8c 6c 9c]
joha74: checks
echsecution: bets $3
joha74: raises $3 to $6
echsecution: calls $3
*** TURN *** [8c 6c 9c] [3d]
joha74: bets $6
echsecution: calls $6
*** RIVER *** [8c 6c 9c 3d] [5s]
joha74: checks
echsecution: bets $6
joha74: calls $6
*** SHOW DOWN ***
echsecution: shows [Qh 7h] (a straight, Five to Nine)
joha74: mucks hand
echsecution collected $47.50 from pot
*** SUMMARY ***
Total pot $48 | Rake $0.50
Board [8c 6c 9c 3d 5s]
Seat 1: echsecution (button) (small blind) showed [Qh 7h] and won ($47.50) with a straight, Five to Nine
Seat 2: joha74 (big blind) mucked


PokerStars Hand #146973727632:  Hold'em Limit ($3/$6 USD) - 2016/01/13 11:56:22 ET
Table 'Antilochus II' 2-max Seat #2 is the button
Seat 1: echsecution ($113.56 in chips)
Seat 2: joha74 ($179.55 in chips)
joha74: posts small blind $1
echsecution: posts big blind $3
*** HOLE CARDS ***
joha74: raises $3 to $6
echsecution: calls $3
*** FLOP *** [7h 2d 4d]
echsecution: checks
joha74: bets $3
echsecution: raises $3 to $6
joha74: calls $3
*** TURN *** [7h 2d 4d] [9s]
echsecution: bets $6
joha74: calls $6
*** RIVER *** [7h 2d 4d 9s] [5c]
echsecution: bets $6
joha74: calls $6
*** SHOW DOWN ***
echsecution: shows [5h 4h] (two pair, Fives and Fours)
joha74: mucks hand
echsecution collected $47.50 from pot
*** SUMMARY ***
Total pot $48 | Rake $0.50
Board [7h 2d 4d 9s 5c]
Seat 1: echsecution (big blind) showed [5h 4h] and won ($47.50) with two pair, Fives and Fours
Seat 2: joha74 (button) (small blind) mucked


PokerStars Hand #146973741538:  Hold'em Limit ($3/$6 USD) - 2016/01/13 11:56:41 ET
Table 'Antilochus II' 2-max Seat #1 is the button
Seat 1: echsecution ($137.06 in chips)
Seat 2: joha74 ($155.55 in chips)
echsecution: posts small blind $1
joha74: posts big blind $3
*** HOLE CARDS ***
echsecution: raises $3 to $6
joha74: calls $3
*** FLOP *** [Kc 9d 5h]
joha74: checks
echsecution: bets $3
joha74: folds
Uncalled bet ($3) returned to echsecution
echsecution collected $11.76 from pot
echsecution: doesn't show hand
*** SUMMARY ***
Total pot $12 | Rake $0.24
Board [Kc 9d 5h]
Seat 1: echsecution (button) (small blind) collected ($11.76)
Seat 2: joha74 (big blind) folded on the Flop


PokerStars Hand #146973750266:  Hold'em Limit ($3/$6 USD) - 2016/01/13 11:56:54 ET
Table 'Antilochus II' 2-max Seat #2 is the button
Seat 1: echsecution ($142.82 in chips)
Seat 2: joha74 ($149.55 in chips)
joha74: posts small blind $1
echsecution: posts big blind $3
*** HOLE CARDS ***
joha74: raises $3 to $6
echsecution: raises $3 to $9
joha74: calls $3
*** FLOP *** [6h Kh Js]
echsecution: bets $3
joha74: calls $3
*** TURN *** [6h Kh Js] [3c]
echsecution: bets $6
joha74: folds
Uncalled bet ($6) returned to echsecution
echsecution collected $23.52 from pot
echsecution: doesn't show hand
*** SUMMARY ***
Total pot $24 | Rake $0.48
Board [6h Kh Js 3c]
Seat 1: echsecution (big blind) collected ($23.52)
Seat 2: joha74 (button) (small blind) folded on the Turn


PokerStars Hand #146973761814:  Hold'em Limit ($3/$6 USD) - 2016/01/13 11:57:10 ET
Table 'Antilochus II' 2-max Seat #1 is the button
Seat 1: echsecution ($154.34 in chips)
Seat 2: joha74 ($137.55 in chips)
echsecution: posts small blind $1
joha74: posts big blind $3
*** HOLE CARDS ***
echsecution: raises $3 to $6
joha74: calls $3
*** FLOP *** [2s 4h Jd]
joha74: checks
echsecution: checks
*** TURN *** [2s 4h Jd] [8d]
joha74: bets $6
echsecution: calls $6
*** RIVER *** [2s 4h Jd 8d] [Qs]
joha74: bets $6
echsecution: calls $6
*** SHOW DOWN ***
joha74: shows [Qc 8h] (two pair, Queens and Eights)
echsecution: mucks hand
joha74 collected $35.50 from pot
*** SUMMARY ***
Total pot $36 | Rake $0.50
Board [2s 4h Jd 8d Qs]
Seat 1: echsecution (button) (small blind) mucked
Seat 2: joha74 (big blind) showed [Qc 8h] and won ($35.50) with two pair, Queens and Eights


PokerStars Hand #146973840215:  Hold'em Limit ($3/$6 USD) - 2016/01/13 11:58:41 ET
Table 'Antilochus II' 2-max Seat #1 is the button
Seat 1: echsecution ($97.34 in chips)
Seat 2: joha74 ($193.55 in chips)
echsecution: posts small blind $1
joha74: posts big blind $3
*** HOLE CARDS ***
echsecution: raises $3 to $6
joha74: folds
Uncalled bet ($3) returned to echsecution
echsecution collected $6 from pot
echsecution: doesn't show hand
*** SUMMARY ***
Total pot $6 | Rake $0
Seat 1: echsecution (button) (small blind) collected ($6)
Seat 2: joha74 (big blind) folded before Flop


PokerStars Hand #146973786412:  Hold'em Limit ($3/$6 USD) - 2016/01/13 11:57:44 ET
Table 'Antilochus II' 2-max Seat #2 is the button
Seat 1: echsecution ($136.34 in chips)
Seat 2: joha74 ($155.05 in chips)
joha74: posts small blind $1
echsecution: posts big blind $3
*** HOLE CARDS ***
joha74: raises $3 to $6
echsecution: calls $3
*** FLOP *** [7c 2d 9d]
echsecution: checks
joha74: bets $3
echsecution: raises $3 to $6
joha74: raises $3 to $9
echsecution: calls $3
*** TURN *** [7c 2d 9d] [6c]
echsecution: checks
joha74: bets $6
echsecution: raises $6 to $12
joha74: raises $6 to $18
echsecution: calls $6
*** RIVER *** [7c 2d 9d 6c] [Jd]
echsecution: checks
joha74: bets $6
echsecution: calls $6
*** SHOW DOWN ***
joha74: shows [5s 8h] (a straight, Five to Nine)
echsecution: mucks hand
joha74 collected $77.50 from pot
*** SUMMARY ***
Total pot $78 | Rake $0.50
Board [7c 2d 9d 6c Jd]
Seat 1: echsecution (big blind) mucked
Seat 2: joha74 (button) (small blind) showed [5s 8h] and won ($77.50) with a straight, Five to Nine


PokerStars Hand #146973845664:  Hold'em Limit ($3/$6 USD) - 2016/01/13 11:58:48 ET
Table 'Antilochus II' 2-max Seat #2 is the button
Seat 1: echsecution ($100.34 in chips)
Seat 2: joha74 ($190.55 in chips)
joha74: posts small blind $1
echsecution: posts big blind $3
*** HOLE CARDS ***
joha74: raises $3 to $6
echsecution: calls $3
*** FLOP *** [Qs Qh 6c]
echsecution: checks
joha74: bets $3
echsecution: raises $3 to $6
joha74: folds
Uncalled bet ($3) returned to echsecution
echsecution collected $17.64 from pot
echsecution: doesn't show hand
*** SUMMARY ***
Total pot $18 | Rake $0.36
Board [Qs Qh 6c]
Seat 1: echsecution (big blind) collected ($17.64)
Seat 2: joha74 (button) (small blind) folded on the Flop


PokerStars Hand #146973853650:  Hold'em Limit ($3/$6 USD) - 2016/01/13 11:58:58 ET
Table 'Antilochus II' 2-max Seat #1 is the button
Seat 1: echsecution ($108.98 in chips)
Seat 2: joha74 ($181.55 in chips)
echsecution: posts small blind $1
joha74: posts big blind $3
*** HOLE CARDS ***
echsecution: raises $3 to $6
joha74: folds
Uncalled bet ($3) returned to echsecution
echsecution collected $6 from pot
echsecution: doesn't show hand
*** SUMMARY ***
Total pot $6 | Rake $0
Seat 1: echsecution (button) (small blind) collected ($6)
Seat 2: joha74 (big blind) folded before Flop


PokerStars Hand #146973858272:  Hold'em Limit ($3/$6 USD) - 2016/01/13 11:59:04 ET
Table 'Antilochus II' 2-max Seat #2 is the button
Seat 1: echsecution ($111.98 in chips)
Seat 2: joha74 ($178.55 in chips)
joha74: posts small blind $1
echsecution: posts big blind $3
*** HOLE CARDS ***
joha74: raises $3 to $6
echsecution: raises $3 to $9
joha74: calls $3
*** FLOP *** [8s 2d Qd]
echsecution: bets $3
joha74: calls $3
*** TURN *** [8s 2d Qd] [3h]
echsecution: bets $6
joha74: folds
Uncalled bet ($6) returned to echsecution
echsecution collected $23.52 from pot
echsecution: doesn't show hand
*** SUMMARY ***
Total pot $24 | Rake $0.48
Board [8s 2d Qd 3h]
Seat 1: echsecution (big blind) collected ($23.52)
Seat 2: joha74 (button) (small blind) folded on the Turn


PokerStars Hand #146973868145:  Hold'em Limit ($3/$6 USD) - 2016/01/13 11:59:17 ET
Table 'Antilochus II' 2-max Seat #1 is the button
Seat 1: echsecution ($123.50 in chips)
Seat 2: joha74 ($166.55 in chips)
echsecution: posts small blind $1
joha74: posts big blind $3
*** HOLE CARDS ***
echsecution: raises $3 to $6
joha74: calls $3
*** FLOP *** [5c 5s Kc]
joha74: checks
echsecution: bets $3
joha74: raises $3 to $6
echsecution: calls $3
*** TURN *** [5c 5s Kc] [2s]
joha74: bets $6
echsecution: calls $6
*** RIVER *** [5c 5s Kc 2s] [6c]
joha74: checks
echsecution: checks
*** SHOW DOWN ***
joha74: shows [Ks 4d] (two pair, Kings and Fives)
echsecution: mucks hand
joha74 collected $35.50 from pot
*** SUMMARY ***
Total pot $36 | Rake $0.50
Board [5c 5s Kc 2s 6c]
Seat 1: echsecution (button) (small blind) mucked
Seat 2: joha74 (big blind) showed [Ks 4d] and won ($35.50) with two pair, Kings and Fives


PokerStars Hand #146973888156:  Hold'em Limit ($3/$6 USD) - 2016/01/13 11:59:45 ET
Table 'Antilochus II' 2-max Seat #2 is the button
Seat 1: echsecution ($105.50 in chips)
Seat 2: joha74 ($184.05 in chips)
joha74: posts small blind $1
echsecution: posts big blind $3
*** HOLE CARDS ***
joha74: raises $3 to $6
echsecution: calls $3
*** FLOP *** [Qd 8h 8s]
echsecution: checks
joha74: bets $3
echsecution: calls $3
*** TURN *** [Qd 8h 8s] [7s]
echsecution: checks
joha74: bets $6
echsecution: calls $6
*** RIVER *** [Qd 8h 8s 7s] [7c]
echsecution: checks
joha74: bets $6
echsecution: calls $6
*** SHOW DOWN ***
joha74: shows [Js Qs] (two pair, Queens and Eights)
echsecution: mucks hand
joha74 collected $41.50 from pot
*** SUMMARY ***
Total pot $42 | Rake $0.50
Board [Qd 8h 8s 7s 7c]
Seat 1: echsecution (big blind) mucked
Seat 2: joha74 (button) (small blind) showed [Js Qs] and won ($41.50) with two pair, Queens and Eights


PokerStars Hand #146973911896:  Hold'em Limit ($3/$6 USD) - 2016/01/13 12:00:16 ET
Table 'Antilochus II' 2-max Seat #1 is the button
Seat 1: echsecution ($84.50 in chips)
Seat 2: joha74 ($204.55 in chips)
echsecution: posts small blind $1
joha74: posts big blind $3
*** HOLE CARDS ***
echsecution: raises $3 to $6
joha74: calls $3
*** FLOP *** [7h 6d 6h]
joha74: checks
echsecution: bets $3
joha74: calls $3
*** TURN *** [7h 6d 6h] [2s]
joha74: checks
echsecution: bets $6
joha74: calls $6
*** RIVER *** [7h 6d 6h 2s] [6s]
joha74: checks
echsecution: bets $6
joha74: calls $6
*** SHOW DOWN ***
echsecution: shows [4s 8s] (three of a kind, Sixes)
joha74: shows [Kd 2d] (a full house, Sixes full of Deuces)
joha74 collected $41.50 from pot
*** SUMMARY ***
Total pot $42 | Rake $0.50
Board [7h 6d 6h 2s 6s]
Seat 1: echsecution (button) (small blind) showed [4s 8s] and lost with three of a kind, Sixes
Seat 2: joha74 (big blind) showed [Kd 2d] and won ($41.50) with a full house, Sixes full of Deuces


PokerStars Hand #146973927962:  Hold'em Limit ($3/$6 USD) - 2016/01/13 12:00:38 ET
Table 'Antilochus II' 2-max Seat #2 is the button
Seat 1: echsecution ($72 in chips)
Seat 2: joha74 ($225.05 in chips)
joha74: posts small blind $1
echsecution: posts big blind $3
*** HOLE CARDS ***
joha74: raises $3 to $6
echsecution: calls $3
*** FLOP *** [Ad 7c Jd]
echsecution: checks
joha74: bets $3
echsecution: raises $3 to $6
joha74: folds
Uncalled bet ($3) returned to echsecution
echsecution collected $17.64 from pot
echsecution: doesn't show hand
*** SUMMARY ***
Total pot $18 | Rake $0.36
Board [Ad 7c Jd]
Seat 1: echsecution (big blind) collected ($17.64)
Seat 2: joha74 (button) (small blind) folded on the Flop


PokerStars Hand #146973936648:  Hold'em Limit ($3/$6 USD) - 2016/01/13 12:00:49 ET
Table 'Antilochus II' 2-max Seat #1 is the button
Seat 1: echsecution ($80.64 in chips)
Seat 2: joha74 ($216.05 in chips)
echsecution: posts small blind $1
joha74: posts big blind $3
*** HOLE CARDS ***
echsecution: raises $3 to $6
joha74: calls $3
*** FLOP *** [5d 7c 9c]
joha74: checks
echsecution: checks
*** TURN *** [5d 7c 9c] [9s]
joha74: bets $6
echsecution: calls $6
*** RIVER *** [5d 7c 9c 9s] [7h]
joha74: bets $6
echsecution: calls $6
*** SHOW DOWN ***
joha74: shows [9d 4d] (a full house, Nines full of Sevens)
echsecution: mucks hand
joha74 collected $35.50 from pot
*** SUMMARY ***
Total pot $36 | Rake $0.50
Board [5d 7c 9c 9s 7h]
Seat 1: echsecution (button) (small blind) mucked
Seat 2: joha74 (big blind) showed [9d 4d] and won ($35.50) with a full house, Nines full of Sevens


PokerStars Hand #146973949986:  Hold'em Limit ($3/$6 USD) - 2016/01/13 12:01:06 ET
Table 'Antilochus II' 2-max Seat #2 is the button
Seat 1: echsecution ($72 in chips)
Seat 2: joha74 ($233.55 in chips)
joha74: posts small blind $1
echsecution: posts big blind $3
*** HOLE CARDS ***
joha74: raises $3 to $6
echsecution: calls $3
*** FLOP *** [5c Ad 4d]
echsecution: checks
joha74: bets $3
echsecution: calls $3
*** TURN *** [5c Ad 4d] [8c]
echsecution: checks
joha74: checks
*** RIVER *** [5c Ad 4d 8c] [As]
echsecution: bets $6
joha74: calls $6
*** SHOW DOWN ***
echsecution: shows [4c 7d] (two pair, Aces and Fours)
joha74: shows [5h 9s] (two pair, Aces and Fives)
joha74 collected $29.50 from pot
*** SUMMARY ***
Total pot $30 | Rake $0.50
Board [5c Ad 4d 8c As]
Seat 1: echsecution (big blind) showed [4c 7d] and lost with two pair, Aces and Fours
Seat 2: joha74 (button) (small blind) showed [5h 9s] and won ($29.50) with two pair, Aces and Fives


PokerStars Hand #146973963501:  Hold'em Limit ($3/$6 USD) - 2016/01/13 12:01:23 ET
Table 'Antilochus II' 2-max Seat #1 is the button
Seat 1: echsecution ($72 in chips)
Seat 2: joha74 ($248.05 in chips)
echsecution: posts small blind $1
joha74: posts big blind $3
*** HOLE CARDS ***
echsecution: folds
Uncalled bet ($2) returned to joha74
joha74 collected $2 from pot
joha74: doesn't show hand
*** SUMMARY ***
Total pot $2 | Rake $0
Seat 1: echsecution (button) (small blind) folded before Flop
Seat 2: joha74 (big blind) collected ($2)


PokerStars Hand #146973974478:  Hold'em Limit ($3/$6 USD) - 2016/01/13 12:01:36 ET
Table 'Antilochus II' 2-max Seat #2 is the button
Seat 1: echsecution ($72 in chips)
Seat 2: joha74 ($249.05 in chips)
joha74: posts small blind $1
echsecution: posts big blind $3
*** HOLE CARDS ***
joha74: raises $3 to $6
echsecution: calls $3
*** FLOP *** [4d 8c 2c]
echsecution: checks
joha74: checks
*** TURN *** [4d 8c 2c] [5s]
echsecution: bets $6
joha74: calls $6
*** RIVER *** [4d 8c 2c 5s] [3s]
echsecution: bets $6
joha74: raises $6 to $12
echsecution: raises $6 to $18
joha74: raises $6 to $24
Betting is capped
echsecution: calls $6
*** SHOW DOWN ***
joha74: shows [6c Ah] (a straight, Deuce to Six)
echsecution: shows [7c 6d] (a straight, Four to Eight)
echsecution collected $71.50 from pot
*** SUMMARY ***
Total pot $72 | Rake $0.50
Board [4d 8c 2c 5s 3s]
Seat 1: echsecution (big blind) showed [7c 6d] and won ($71.50) with a straight, Four to Eight
Seat 2: joha74 (button) (small blind) showed [6c Ah] and lost with a straight, Deuce to Six


PokerStars Hand #146973992570:  Hold'em Limit ($3/$6 USD) - 2016/01/13 12:01:57 ET
Table 'Antilochus II' 2-max Seat #1 is the button
Seat 1: echsecution ($107.50 in chips)
Seat 2: joha74 ($213.05 in chips)
echsecution: posts small blind $1
joha74: posts big blind $3
*** HOLE CARDS ***
echsecution: raises $3 to $6
joha74: raises $3 to $9
echsecution: calls $3
*** FLOP *** [8d 8s Ts]
joha74: bets $3
echsecution: folds
Uncalled bet ($3) returned to joha74
joha74 collected $17.64 from pot
joha74: doesn't show hand
*** SUMMARY ***
Total pot $18 | Rake $0.36
Board [8d 8s Ts]
Seat 1: echsecution (button) (small blind) folded on the Flop
Seat 2: joha74 (big blind) collected ($17.64)


PokerStars Hand #146974002016:  Hold'em Limit ($3/$6 USD) - 2016/01/13 12:02:08 ET
Table 'Antilochus II' 2-max Seat #2 is the button
Seat 1: echsecution ($98.50 in chips)
Seat 2: joha74 ($221.69 in chips)
joha74: posts small blind $1
echsecution: posts big blind $3
*** HOLE CARDS ***
joha74: raises $3 to $6
echsecution: calls $3
*** FLOP *** [5h Jh Qc]
echsecution: checks
joha74: bets $3
echsecution: raises $3 to $6
joha74: folds
Uncalled bet ($3) returned to echsecution
echsecution collected $17.64 from pot
echsecution: doesn't show hand
*** SUMMARY ***
Total pot $18 | Rake $0.36
Board [5h Jh Qc]
Seat 1: echsecution (big blind) collected ($17.64)
Seat 2: joha74 (button) (small blind) folded on the Flop


PokerStars Hand #146974010735:  Hold'em Limit ($3/$6 USD) - 2016/01/13 12:02:18 ET
Table 'Antilochus II' 2-max Seat #1 is the button
Seat 1: echsecution ($107.14 in chips)
Seat 2: joha74 ($212.69 in chips)
echsecution: posts small blind $1
joha74: posts big blind $3
*** HOLE CARDS ***
echsecution: raises $3 to $6
joha74: raises $3 to $9
echsecution: calls $3
*** FLOP *** [9c 3d 6s]
joha74: bets $3
echsecution: calls $3
*** TURN *** [9c 3d 6s] [8d]
joha74: bets $6
echsecution: calls $6
*** RIVER *** [9c 3d 6s 8d] [Qh]
joha74: bets $6
echsecution: folds
Uncalled bet ($6) returned to joha74
joha74 collected $35.50 from pot
joha74: doesn't show hand
*** SUMMARY ***
Total pot $36 | Rake $0.50
Board [9c 3d 6s 8d Qh]
Seat 1: echsecution (button) (small blind) folded on the River
Seat 2: joha74 (big blind) collected ($35.50)


PokerStars Hand #146974028671:  Hold'em Limit ($3/$6 USD) - 2016/01/13 12:02:39 ET
Table 'Antilochus II' 2-max Seat #2 is the button
Seat 1: echsecution ($89.14 in chips)
Seat 2: joha74 ($230.19 in chips)
joha74: posts small blind $1
echsecution: posts big blind $3
*** HOLE CARDS ***
joha74: raises $3 to $6
echsecution: raises $3 to $9
joha74: calls $3
*** FLOP *** [Tc Js 5s]
echsecution: bets $3
joha74: calls $3
*** TURN *** [Tc Js 5s] [4s]
echsecution: bets $6
joha74: raises $6 to $12
echsecution: raises $6 to $18
joha74: calls $6
*** RIVER *** [Tc Js 5s 4s] [6h]
echsecution: bets $6
joha74: folds
Uncalled bet ($6) returned to echsecution
echsecution collected $59.50 from pot
echsecution: doesn't show hand
*** SUMMARY ***
Total pot $60 | Rake $0.50
Board [Tc Js 5s 4s 6h]
Seat 1: echsecution (big blind) collected ($59.50)
Seat 2: joha74 (button) (small blind) folded on the River


PokerStars Hand #146974053205:  Hold'em Limit ($3/$6 USD) - 2016/01/13 12:03:08 ET
Table 'Antilochus II' 2-max Seat #1 is the button
Seat 1: echsecution ($118.64 in chips)
Seat 2: joha74 ($200.19 in chips)
echsecution: posts small blind $1
joha74: posts big blind $3
*** HOLE CARDS ***
echsecution: raises $3 to $6
joha74: raises $3 to $9
echsecution: calls $3
*** FLOP *** [4d Js Kd]
joha74: bets $3
echsecution: calls $3
*** TURN *** [4d Js Kd] [5h]
joha74: bets $6
echsecution: calls $6
*** RIVER *** [4d Js Kd 5h] [2h]
joha74: bets $6
echsecution: calls $6
*** SHOW DOWN ***
joha74: shows [3h 7h] (high card King)
echsecution: shows [4h 8d] (a pair of Fours)
echsecution collected $47.50 from pot
*** SUMMARY ***
Total pot $48 | Rake $0.50
Board [4d Js Kd 5h 2h]
Seat 1: echsecution (button) (small blind) showed [4h 8d] and won ($47.50) with a pair of Fours
Seat 2: joha74 (big blind) showed [3h 7h] and lost with high card King


PokerStars Hand #146974104076:  Hold'em Limit ($3/$6 USD) - 2016/01/13 12:04:07 ET
Table 'Antilochus II' 2-max Seat #1 is the button
Seat 1: echsecution ($177.64 in chips)
Seat 2: joha74 ($140.19 in chips)
echsecution: posts small blind $1
joha74: posts big blind $3
*** HOLE CARDS ***
echsecution: folds
Uncalled bet ($2) returned to joha74
joha74 collected $2 from pot
joha74: doesn't show hand
*** SUMMARY ***
Total pot $2 | Rake $0
Seat 1: echsecution (button) (small blind) folded before Flop
Seat 2: joha74 (big blind) collected ($2)


PokerStars Hand #146974086529:  Hold'em Limit ($3/$6 USD) - 2016/01/13 12:03:46 ET
Table 'Antilochus II' 2-max Seat #2 is the button
Seat 1: echsecution ($142.14 in chips)
Seat 2: joha74 ($176.19 in chips)
joha74: posts small blind $1
echsecution: posts big blind $3
*** HOLE CARDS ***
joha74: raises $3 to $6
echsecution: calls $3
*** FLOP *** [3s 6d 5s]
echsecution: checks
joha74: bets $3
echsecution: raises $3 to $6
joha74: calls $3
*** TURN *** [3s 6d 5s] [8s]
echsecution: bets $6
joha74: raises $6 to $12
echsecution: raises $6 to $18
joha74: calls $6
*** RIVER *** [3s 6d 5s 8s] [Jd]
echsecution: bets $6
joha74: calls $6
*** SHOW DOWN ***
echsecution: shows [7c 9c] (a straight, Five to Nine)
joha74: mucks hand
echsecution collected $71.50 from pot
*** SUMMARY ***
Total pot $72 | Rake $0.50
Board [3s 6d 5s 8s Jd]
Seat 1: echsecution (big blind) showed [7c 9c] and won ($71.50) with a straight, Five to Nine
Seat 2: joha74 (button) (small blind) mucked


PokerStars Hand #146974108733:  Hold'em Limit ($3/$6 USD) - 2016/01/13 12:04:12 ET
Table 'Antilochus II' 2-max Seat #2 is the button
Seat 1: echsecution ($176.64 in chips)
Seat 2: joha74 ($141.19 in chips)
joha74: posts small blind $1
echsecution: posts big blind $3
*** HOLE CARDS ***
joha74: raises $3 to $6
echsecution: folds
Uncalled bet ($3) returned to joha74
joha74 collected $6 from pot
joha74: doesn't show hand
*** SUMMARY ***
Total pot $6 | Rake $0
Seat 1: echsecution (big blind) folded before Flop
Seat 2: joha74 (button) (small blind) collected ($6)


PokerStars Hand #146974116674:  Hold'em Limit ($3/$6 USD) - 2016/01/13 12:04:21 ET
Table 'Antilochus II' 2-max Seat #1 is the button
Seat 1: echsecution ($173.64 in chips)
Seat 2: joha74 ($144.19 in chips)
echsecution: posts small blind $1
joha74: posts big blind $3
*** HOLE CARDS ***
echsecution: raises $3 to $6
joha74: calls $3
*** FLOP *** [5d 3h Ad]
joha74: checks
echsecution: bets $3
joha74: folds
Uncalled bet ($3) returned to echsecution
echsecution collected $11.76 from pot
echsecution: doesn't show hand
*** SUMMARY ***
Total pot $12 | Rake $0.24
Board [5d 3h Ad]
Seat 1: echsecution (button) (small blind) collected ($11.76)
Seat 2: joha74 (big blind) folded on the Flop


PokerStars Hand #146974146920:  Hold'em Limit ($3/$6 USD) - 2016/01/13 12:04:56 ET
Table 'Antilochus II' 2-max Seat #1 is the button
Seat 1: echsecution ($173.40 in chips)
Seat 2: joha74 ($143.95 in chips)
echsecution: posts small blind $1
joha74: posts big blind $3
*** HOLE CARDS ***
echsecution: folds
Uncalled bet ($2) returned to joha74
joha74 collected $2 from pot
joha74: doesn't show hand
*** SUMMARY ***
Total pot $2 | Rake $0
Seat 1: echsecution (button) (small blind) folded before Flop
Seat 2: joha74 (big blind) collected ($2)


PokerStars Hand #146974128545:  Hold'em Limit ($3/$6 USD) - 2016/01/13 12:04:35 ET
Table 'Antilochus II' 2-max Seat #2 is the button
Seat 1: echsecution ($179.40 in chips)
Seat 2: joha74 ($138.19 in chips)
joha74: posts small blind $1
echsecution: posts big blind $3
*** HOLE CARDS ***
joha74: raises $3 to $6
echsecution: calls $3
*** FLOP *** [As Tc 4c]
echsecution: checks
joha74: bets $3
echsecution: folds
Uncalled bet ($3) returned to joha74
joha74 collected $11.76 from pot
joha74: doesn't show hand
*** SUMMARY ***
Total pot $12 | Rake $0.24
Board [As Tc 4c]
Seat 1: echsecution (big blind) folded on the Flop
Seat 2: joha74 (button) (small blind) collected ($11.76)


PokerStars Hand #146974152473:  Hold'em Limit ($3/$6 USD) - 2016/01/13 12:05:02 ET
Table 'Antilochus II' 2-max Seat #2 is the button
Seat 1: echsecution ($172.40 in chips)
Seat 2: joha74 ($144.95 in chips)
joha74: posts small blind $1
echsecution: posts big blind $3
*** HOLE CARDS ***
joha74: raises $3 to $6
echsecution: folds
Uncalled bet ($3) returned to joha74
joha74 collected $6 from pot
joha74: doesn't show hand
*** SUMMARY ***
Total pot $6 | Rake $0
Seat 1: echsecution (big blind) folded before Flop
Seat 2: joha74 (button) (small blind) collected ($6)


PokerStars Hand #146974159568:  Hold'em Limit ($3/$6 USD) - 2016/01/13 12:05:10 ET
Table 'Antilochus II' 2-max Seat #1 is the button
Seat 1: echsecution ($169.40 in chips)
Seat 2: joha74 ($147.95 in chips)
echsecution: posts small blind $1
joha74: posts big blind $3
*** HOLE CARDS ***
echsecution: raises $3 to $6
joha74: calls $3
*** FLOP *** [Jh 8d 9c]
joha74: checks
echsecution: bets $3
joha74: raises $3 to $6
echsecution: calls $3
*** TURN *** [Jh 8d 9c] [6d]
joha74: bets $6
echsecution: raises $6 to $12
joha74: folds
Uncalled bet ($6) returned to echsecution
echsecution collected $35.50 from pot
echsecution: doesn't show hand
*** SUMMARY ***
Total pot $36 | Rake $0.50
Board [Jh 8d 9c 6d]
Seat 1: echsecution (button) (small blind) collected ($35.50)
Seat 2: joha74 (big blind) folded on the Turn


PokerStars Hand #146974205993:  Hold'em Limit ($3/$6 USD) - 2016/01/13 12:06:03 ET
Table 'Antilochus II' 2-max Seat #1 is the button
Seat 1: echsecution ($180.90 in chips)
Seat 2: joha74 ($135.71 in chips)
echsecution: posts small blind $1
joha74: posts big blind $3
*** HOLE CARDS ***
echsecution: raises $3 to $6
joha74: calls $3
*** FLOP *** [Ad 8c 7c]
joha74: checks
echsecution: bets $3
joha74: raises $3 to $6
echsecution: calls $3
*** TURN *** [Ad 8c 7c] [7h]
joha74: bets $6
echsecution: calls $6
*** RIVER *** [Ad 8c 7c 7h] [Ks]
joha74: bets $6
echsecution: calls $6
*** SHOW DOWN ***
joha74: shows [5d 8s] (two pair, Eights and Sevens)
echsecution: shows [8h Jh] (two pair, Eights and Sevens)
joha74 collected $23.75 from pot
echsecution collected $23.75 from pot
*** SUMMARY ***
Total pot $48 | Rake $0.50
Board [Ad 8c 7c 7h Ks]
Seat 1: echsecution (button) (small blind) showed [8h Jh] and won ($23.75) with two pair, Eights and Sevens
Seat 2: joha74 (big blind) showed [5d 8s] and won ($23.75) with two pair, Eights and Sevens


PokerStars Hand #146974183954:  Hold'em Limit ($3/$6 USD) - 2016/01/13 12:05:38 ET
Table 'Antilochus II' 2-max Seat #2 is the button
Seat 1: echsecution ($186.90 in chips)
Seat 2: joha74 ($129.95 in chips)
joha74: posts small blind $1
echsecution: posts big blind $3
*** HOLE CARDS ***
joha74: raises $3 to $6
echsecution: calls $3
*** FLOP *** [2s 9d 2h]
echsecution: checks
joha74: bets $3
echsecution: folds
Uncalled bet ($3) returned to joha74
joha74 collected $11.76 from pot
joha74: doesn't show hand
*** SUMMARY ***
Total pot $12 | Rake $0.24
Board [2s 9d 2h]
Seat 1: echsecution (big blind) folded on the Flop
Seat 2: joha74 (button) (small blind) collected ($11.76)


PokerStars Hand #146974289069:  Hold'em Limit ($3/$6 USD) - 2016/01/13 12:07:38 ET
Table 'Antilochus II' 2-max Seat #1 is the button
Seat 1: echsecution ($152.65 in chips)
Seat 2: joha74 ($162.72 in chips)
echsecution: posts small blind $1
joha74: posts big blind $3
*** HOLE CARDS ***
echsecution: raises $3 to $6
joha74: folds
Uncalled bet ($3) returned to echsecution
echsecution collected $6 from pot
echsecution: doesn't show hand
*** SUMMARY ***
Total pot $6 | Rake $0
Seat 1: echsecution (button) (small blind) collected ($6)
Seat 2: joha74 (big blind) folded before Flop


PokerStars Hand #146974267909:  Hold'em Limit ($3/$6 USD) - 2016/01/13 12:07:14 ET
Table 'Antilochus II' 2-max Seat #2 is the button
Seat 1: echsecution ($173.65 in chips)
Seat 2: joha74 ($142.22 in chips)
joha74: posts small blind $1
echsecution: posts big blind $3
*** HOLE CARDS ***
joha74: raises $3 to $6
echsecution: calls $3
*** FLOP *** [3d 9h 5d]
echsecution: checks
joha74: bets $3
echsecution: calls $3
*** TURN *** [3d 9h 5d] [8d]
echsecution: bets $6
joha74: calls $6
*** RIVER *** [3d 9h 5d 8d] [Jh]
echsecution: bets $6
joha74: calls $6
*** SHOW DOWN ***
echsecution: shows [Qs 8s] (a pair of Eights)
joha74: shows [Jc Qc] (a pair of Jacks)
joha74 collected $41.50 from pot
*** SUMMARY ***
Total pot $42 | Rake $0.50
Board [3d 9h 5d 8d Jh]
Seat 1: echsecution (big blind) showed [Qs 8s] and lost with a pair of Eights
Seat 2: joha74 (button) (small blind) showed [Jc Qc] and won ($41.50) with a pair of Jacks


PokerStars Hand #146974262414:  Hold'em Limit ($3/$6 USD) - 2016/01/13 12:07:08 ET
Table 'Antilochus II' 2-max Seat #1 is the button
Seat 1: echsecution ($174.65 in chips)
Seat 2: joha74 ($141.22 in chips)
echsecution: posts small blind $1
joha74: posts big blind $3
*** HOLE CARDS ***
echsecution: folds
Uncalled bet ($2) returned to joha74
joha74 collected $2 from pot
joha74: doesn't show hand
*** SUMMARY ***
Total pot $2 | Rake $0
Seat 1: echsecution (button) (small blind) folded before Flop
Seat 2: joha74 (big blind) collected ($2)


PokerStars Hand #146974250380:  Hold'em Limit ($3/$6 USD) - 2016/01/13 12:06:54 ET
Table 'Antilochus II' 2-max Seat #2 is the button
Seat 1: echsecution ($180.65 in chips)
Seat 2: joha74 ($135.46 in chips)
joha74: posts small blind $1
echsecution: posts big blind $3
*** HOLE CARDS ***
joha74: raises $3 to $6
echsecution: calls $3
*** FLOP *** [Ad 4s As]
echsecution: checks
joha74: bets $3
echsecution: folds
Uncalled bet ($3) returned to joha74
joha74 collected $11.76 from pot
joha74: doesn't show hand
*** SUMMARY ***
Total pot $12 | Rake $0.24
Board [Ad 4s As]
Seat 1: echsecution (big blind) folded on the Flop
Seat 2: joha74 (button) (small blind) collected ($11.76)


PokerStars Hand #146974344999:  Hold'em Limit ($3/$6 USD) - 2016/01/13 12:08:43 ET
Table 'Antilochus II' 2-max Seat #1 is the button
Seat 1: echsecution ($116.65 in chips)
Seat 2: joha74 ($197.62 in chips)
echsecution: posts small blind $1
joha74: posts big blind $3
*** HOLE CARDS ***
echsecution: raises $3 to $6
joha74: calls $3
*** FLOP *** [Jc 4c 9h]
joha74: checks
echsecution: checks
*** TURN *** [Jc 4c 9h] [As]
joha74: checks
echsecution: checks
*** RIVER *** [Jc 4c 9h As] [8h]
joha74: bets $6
echsecution: folds
Uncalled bet ($6) returned to joha74
joha74 collected $11.76 from pot
joha74: doesn't show hand
*** SUMMARY ***
Total pot $12 | Rake $0.24
Board [Jc 4c 9h As 8h]
Seat 1: echsecution (button) (small blind) folded on the River
Seat 2: joha74 (big blind) collected ($11.76)


PokerStars Hand #146974330950:  Hold'em Limit ($3/$6 USD) - 2016/01/13 12:08:26 ET
Table 'Antilochus II' 2-max Seat #2 is the button
Seat 1: echsecution ($122.65 in chips)
Seat 2: joha74 ($191.86 in chips)
joha74: posts small blind $1
echsecution: posts big blind $3
*** HOLE CARDS ***
joha74: raises $3 to $6
echsecution: calls $3
*** FLOP *** [4s 3c 8c]
echsecution: checks
joha74: checks
*** TURN *** [4s 3c 8c] [Qh]
echsecution: checks
joha74: bets $6
echsecution: folds
Uncalled bet ($6) returned to joha74
joha74 collected $11.76 from pot
joha74: doesn't show hand
*** SUMMARY ***
Total pot $12 | Rake $0.24
Board [4s 3c 8c Qh]
Seat 1: echsecution (big blind) folded on the Turn
Seat 2: joha74 (button) (small blind) collected ($11.76)


PokerStars Hand #146974312067:  Hold'em Limit ($3/$6 USD) - 2016/01/13 12:08:05 ET
Table 'Antilochus II' 2-max Seat #1 is the button
Seat 1: echsecution ($146.65 in chips)
Seat 2: joha74 ($168.36 in chips)
echsecution: posts small blind $1
joha74: posts big blind $3
*** HOLE CARDS ***
echsecution: raises $3 to $6
joha74: raises $3 to $9
echsecution: calls $3
*** FLOP *** [3d 9d 6h]
joha74: bets $3
echsecution: calls $3
*** TURN *** [3d 9d 6h] [Jh]
joha74: bets $6
echsecution: calls $6
*** RIVER *** [3d 9d 6h Jh] [2d]
joha74: bets $6
echsecution: calls $6
*** SHOW DOWN ***
joha74: shows [9h Qc] (a pair of Nines)
echsecution: mucks hand
joha74 collected $47.50 from pot
*** SUMMARY ***
Total pot $48 | Rake $0.50
Board [3d 9d 6h Jh 2d]
Seat 1: echsecution (button) (small blind) mucked
Seat 2: joha74 (big blind) showed [9h Qc] and won ($47.50) with a pair of Nines


PokerStars Hand #146974295428:  Hold'em Limit ($3/$6 USD) - 2016/01/13 12:07:46 ET
Table 'Antilochus II' 2-max Seat #2 is the button
Seat 1: echsecution ($155.65 in chips)
Seat 2: joha74 ($159.72 in chips)
joha74: posts small blind $1
echsecution: posts big blind $3
*** HOLE CARDS ***
joha74: raises $3 to $6
echsecution: calls $3
*** FLOP *** [5c Ad Qc]
echsecution: checks
joha74: bets $3
echsecution: calls $3
*** TURN *** [5c Ad Qc] [7h]
echsecution: checks
joha74: bets $6
echsecution: folds
Uncalled bet ($6) returned to joha74
joha74 collected $17.64 from pot
joha74: doesn't show hand
*** SUMMARY ***
Total pot $18 | Rake $0.36
Board [5c Ad Qc 7h]
Seat 1: echsecution (big blind) folded on the Turn
Seat 2: joha74 (button) (small blind) collected ($17.64)


PokerStars Hand #146974398355:  Hold'em Limit ($3/$6 USD) - 2016/01/13 12:09:44 ET
Table 'Antilochus II' 2-max Seat #2 is the button
Seat 1: echsecution ($109.23 in chips)
Seat 2: joha74 ($203.96 in chips)
joha74: posts small blind $1
echsecution: posts big blind $3
*** HOLE CARDS ***
joha74: raises $3 to $6
echsecution: calls $3
*** FLOP *** [Jc 7c 2c]
echsecution: checks
joha74: bets $3
echsecution: calls $3
*** TURN *** [Jc 7c 2c] [5d]
echsecution: checks
joha74: checks
*** RIVER *** [Jc 7c 2c 5d] [Kd]
echsecution: bets $6
joha74: folds
Uncalled bet ($6) returned to echsecution
echsecution collected $17.64 from pot
echsecution: doesn't show hand
*** SUMMARY ***
Total pot $18 | Rake $0.36
Board [Jc 7c 2c 5d Kd]
Seat 1: echsecution (big blind) collected ($17.64)
Seat 2: joha74 (button) (small blind) folded on the River


PokerStars Hand #146974393823:  Hold'em Limit ($3/$6 USD) - 2016/01/13 12:09:39 ET
Table 'Antilochus II' 2-max Seat #1 is the button
Seat 1: echsecution ($110.23 in chips)
Seat 2: joha74 ($202.96 in chips)
echsecution: posts small blind $1
joha74: posts big blind $3
*** HOLE CARDS ***
echsecution: folds
Uncalled bet ($2) returned to joha74
joha74 collected $2 from pot
joha74: doesn't show hand
*** SUMMARY ***
Total pot $2 | Rake $0
Seat 1: echsecution (button) (small blind) folded before Flop
Seat 2: joha74 (big blind) collected ($2)


PokerStars Hand #146974385207:  Hold'em Limit ($3/$6 USD) - 2016/01/13 12:09:29 ET
Table 'Antilochus II' 2-max Seat #2 is the button
Seat 1: echsecution ($116.23 in chips)
Seat 2: joha74 ($197.20 in chips)
joha74: posts small blind $1
echsecution: posts big blind $3
*** HOLE CARDS ***
joha74: raises $3 to $6
echsecution: calls $3
*** FLOP *** [4d 8d Jh]
echsecution: checks
joha74: bets $3
echsecution: folds
Uncalled bet ($3) returned to joha74
joha74 collected $11.76 from pot
joha74: doesn't show hand
*** SUMMARY ***
Total pot $12 | Rake $0.24
Board [4d 8d Jh]
Seat 1: echsecution (big blind) folded on the Flop
Seat 2: joha74 (button) (small blind) collected ($11.76)


PokerStars Hand #146974373682:  Hold'em Limit ($3/$6 USD) - 2016/01/13 12:09:16 ET
Table 'Antilochus II' 2-max Seat #1 is the button
Seat 1: echsecution ($110.47 in chips)
Seat 2: joha74 ($203.20 in chips)
echsecution: posts small blind $1
joha74: posts big blind $3
*** HOLE CARDS ***
echsecution: raises $3 to $6
joha74: calls $3
*** FLOP *** [Qs Ks 4s]
joha74: checks
echsecution: bets $3
joha74: folds
Uncalled bet ($3) returned to echsecution
echsecution collected $11.76 from pot
echsecution: doesn't show hand
*** SUMMARY ***
Total pot $12 | Rake $0.24
Board [Qs Ks 4s]
Seat 1: echsecution (button) (small blind) collected ($11.76)
Seat 2: joha74 (big blind) folded on the Flop


PokerStars Hand #146974357271:  Hold'em Limit ($3/$6 USD) - 2016/01/13 12:08:57 ET
Table 'Antilochus II' 2-max Seat #2 is the button
Seat 1: echsecution ($110.65 in chips)
Seat 2: joha74 ($203.38 in chips)
joha74: posts small blind $1
echsecution: posts big blind $3
*** HOLE CARDS ***
joha74: raises $3 to $6
echsecution: calls $3
*** FLOP *** [Ks Qh 4d]
echsecution: checks
joha74: bets $3
echsecution: calls $3
*** TURN *** [Ks Qh 4d] [9c]
echsecution: checks
joha74: checks
*** RIVER *** [Ks Qh 4d 9c] [Td]
echsecution: checks
joha74: checks
*** SHOW DOWN ***
echsecution: shows [7s Ah] (high card Ace)
joha74: shows [8c Ac] (high card Ace)
echsecution collected $8.82 from pot
joha74 collected $8.82 from pot
*** SUMMARY ***
Total pot $18 | Rake $0.36
Board [Ks Qh 4d 9c Td]
Seat 1: echsecution (big blind) showed [7s Ah] and won ($8.82) with high card Ace
Seat 2: joha74 (button) (small blind) showed [8c Ac] and won ($8.82) with high card Ace


PokerStars Hand #146974450015:  Hold'em Limit ($3/$6 USD) - 2016/01/13 12:10:43 ET
Table 'Antilochus II' 2-max Seat #2 is the button
Seat 1: echsecution ($108.51 in chips)
Seat 2: joha74 ($203.24 in chips)
joha74: posts small blind $1
echsecution: posts big blind $3
*** HOLE CARDS ***
joha74: raises $3 to $6
echsecution: raises $3 to $9
joha74: calls $3
*** FLOP *** [6d 7h 2c]
echsecution: bets $3
joha74: calls $3
*** TURN *** [6d 7h 2c] [9s]
echsecution: bets $6
joha74: calls $6
*** RIVER *** [6d 7h 2c 9s] [3s]
echsecution: bets $6
joha74: folds
Uncalled bet ($6) returned to echsecution
echsecution collected $35.50 from pot
echsecution: doesn't show hand
*** SUMMARY ***
Total pot $36 | Rake $0.50
Board [6d 7h 2c 9s 3s]
Seat 1: echsecution (big blind) collected ($35.50)
Seat 2: joha74 (button) (small blind) folded on the River


PokerStars Hand #146974441179:  Hold'em Limit ($3/$6 USD) - 2016/01/13 12:10:33 ET
Table 'Antilochus II' 2-max Seat #1 is the button
Seat 1: echsecution ($117.51 in chips)
Seat 2: joha74 ($194.60 in chips)
echsecution: posts small blind $1
joha74: posts big blind $3
*** HOLE CARDS ***
echsecution: raises $3 to $6
joha74: raises $3 to $9
echsecution: calls $3
*** FLOP *** [2d Jd Ah]
joha74: bets $3
echsecution: folds
Uncalled bet ($3) returned to joha74
joha74 collected $17.64 from pot
joha74: doesn't show hand
*** SUMMARY ***
Total pot $18 | Rake $0.36
Board [2d Jd Ah]
Seat 1: echsecution (button) (small blind) folded on the Flop
Seat 2: joha74 (big blind) collected ($17.64)


PokerStars Hand #146974424096:  Hold'em Limit ($3/$6 USD) - 2016/01/13 12:10:14 ET
Table 'Antilochus II' 2-max Seat #2 is the button
Seat 1: echsecution ($108.87 in chips)
Seat 2: joha74 ($203.60 in chips)
joha74: posts small blind $1
echsecution: posts big blind $3
*** HOLE CARDS ***
joha74: raises $3 to $6
echsecution: calls $3
*** FLOP *** [4s 8h As]
echsecution: checks
joha74: bets $3
echsecution: calls $3
*** TURN *** [4s 8h As] [Kh]
echsecution: checks
joha74: checks
*** RIVER *** [4s 8h As Kh] [9h]
echsecution: bets $6
joha74: folds
Uncalled bet ($6) returned to echsecution
echsecution collected $17.64 from pot
echsecution: doesn't show hand
*** SUMMARY ***
Total pot $18 | Rake $0.36
Board [4s 8h As Kh 9h]
Seat 1: echsecution (big blind) collected ($17.64)
Seat 2: joha74 (button) (small blind) folded on the River


PokerStars Hand #146974414746:  Hold'em Limit ($3/$6 USD) - 2016/01/13 12:10:03 ET
Table 'Antilochus II' 2-max Seat #1 is the button
Seat 1: echsecution ($117.87 in chips)
Seat 2: joha74 ($194.96 in chips)
echsecution: posts small blind $1
joha74: posts big blind $3
*** HOLE CARDS ***
echsecution: raises $3 to $6
joha74: calls $3
*** FLOP *** [4h Th Td]
joha74: checks
echsecution: bets $3
joha74: raises $3 to $6
echsecution: folds
Uncalled bet ($3) returned to joha74
joha74 collected $17.64 from pot
joha74: doesn't show hand
*** SUMMARY ***
Total pot $18 | Rake $0.36
Board [4h Th Td]
Seat 1: echsecution (button) (small blind) folded on the Flop
Seat 2: joha74 (big blind) collected ($17.64)


PokerStars Hand #146974509608:  Hold'em Limit ($3/$6 USD) - 2016/01/13 12:11:51 ET
Table 'Antilochus II' 2-max Seat #2 is the button
Seat 1: echsecution ($119.26 in chips)
Seat 2: joha74 ($190.49 in chips)
joha74: posts small blind $1
echsecution: posts big blind $3
*** HOLE CARDS ***
joha74: raises $3 to $6
echsecution: calls $3
*** FLOP *** [3d Td Ks]
echsecution: checks
joha74: bets $3
echsecution: folds
Uncalled bet ($3) returned to joha74
joha74 collected $11.76 from pot
joha74: doesn't show hand
*** SUMMARY ***
Total pot $12 | Rake $0.24
Board [3d Td Ks]
Seat 1: echsecution (big blind) folded on the Flop
Seat 2: joha74 (button) (small blind) collected ($11.76)


PokerStars Hand #146974494592:  Hold'em Limit ($3/$6 USD) - 2016/01/13 12:11:34 ET
Table 'Antilochus II' 2-max Seat #1 is the button
Seat 1: echsecution ($143.26 in chips)
Seat 2: joha74 ($166.99 in chips)
echsecution: posts small blind $1
joha74: posts big blind $3
*** HOLE CARDS ***
echsecution: raises $3 to $6
joha74: raises $3 to $9
echsecution: calls $3
*** FLOP *** [Kc 7d 5d]
joha74: bets $3
echsecution: calls $3
*** TURN *** [Kc 7d 5d] [2d]
joha74: bets $6
echsecution: calls $6
*** RIVER *** [Kc 7d 5d 2d] [2s]
joha74: bets $6
echsecution: calls $6
*** SHOW DOWN ***
joha74: shows [Js Jh] (two pair, Jacks and Deuces)
echsecution: mucks hand
joha74 collected $47.50 from pot
*** SUMMARY ***
Total pot $48 | Rake $0.50
Board [Kc 7d 5d 2d 2s]
Seat 1: echsecution (button) (small blind) mucked
Seat 2: joha74 (big blind) showed [Js Jh] and won ($47.50) with two pair, Jacks and Deuces


PokerStars Hand #146974480500:  Hold'em Limit ($3/$6 USD) - 2016/01/13 12:11:18 ET
Table 'Antilochus II' 2-max Seat #2 is the button
Seat 1: echsecution ($143.51 in chips)
Seat 2: joha74 ($167.24 in chips)
joha74: posts small blind $1
echsecution: posts big blind $3
*** HOLE CARDS ***
joha74: raises $3 to $6
echsecution: calls $3
*** FLOP *** [Js 7h 2c]
echsecution: checks
joha74: bets $3
echsecution: raises $3 to $6
joha74: calls $3
*** TURN *** [Js 7h 2c] [9h]
echsecution: bets $6
joha74: calls $6
*** RIVER *** [Js 7h 2c 9h] [3s]
echsecution: bets $6
joha74: calls $6
*** SHOW DOWN ***
echsecution: shows [6c Jh] (a pair of Jacks)
joha74: shows [6d Jc] (a pair of Jacks)
echsecution collected $23.75 from pot
joha74 collected $23.75 from pot
*** SUMMARY ***
Total pot $48 | Rake $0.50
Board [Js 7h 2c 9h 3s]
Seat 1: echsecution (big blind) showed [6c Jh] and won ($23.75) with a pair of Jacks
Seat 2: joha74 (button) (small blind) showed [6d Jc] and won ($23.75) with a pair of Jacks


PokerStars Hand #146974464532:  Hold'em Limit ($3/$6 USD) - 2016/01/13 12:11:00 ET
Table 'Antilochus II' 2-max Seat #1 is the button
Seat 1: echsecution ($126.01 in chips)
Seat 2: joha74 ($185.24 in chips)
echsecution: posts small blind $1
joha74: posts big blind $3
*** HOLE CARDS ***
echsecution: raises $3 to $6
joha74: calls $3
*** FLOP *** [7d 3c 6c]
joha74: checks
echsecution: checks
*** TURN *** [7d 3c 6c] [6h]
joha74: bets $6
echsecution: calls $6
*** RIVER *** [7d 3c 6c 6h] [Kd]
joha74: checks
echsecution: bets $6
joha74: calls $6
*** SHOW DOWN ***
echsecution: shows [Kh 8s] (two pair, Kings and Sixes)
joha74: mucks hand
echsecution collected $35.50 from pot
*** SUMMARY ***
Total pot $36 | Rake $0.50
Board [7d 3c 6c 6h Kd]
Seat 1: echsecution (button) (small blind) showed [Kh 8s] and won ($35.50) with two pair, Kings and Sixes
Seat 2: joha74 (big blind) mucked


PokerStars Hand #146974558885:  Hold'em Limit ($3/$6 USD) - 2016/01/13 12:12:47 ET
Table 'Antilochus II' 2-max Seat #2 is the button
Seat 1: echsecution ($77.26 in chips)
Seat 2: joha74 ($231.03 in chips)
joha74: posts small blind $1
echsecution: posts big blind $3
*** HOLE CARDS ***
joha74: raises $3 to $6
echsecution: calls $3
*** FLOP *** [Js 6d Qc]
echsecution: checks
joha74: bets $3
echsecution: folds
Uncalled bet ($3) returned to joha74
joha74 collected $11.76 from pot
joha74: doesn't show hand
*** SUMMARY ***
Total pot $12 | Rake $0.24
Board [Js 6d Qc]
Seat 1: echsecution (big blind) folded on the Flop
Seat 2: joha74 (button) (small blind) collected ($11.76)


PokerStars Hand #146974545002:  Hold'em Limit ($3/$6 USD) - 2016/01/13 12:12:32 ET
Table 'Antilochus II' 2-max Seat #1 is the button
Seat 1: echsecution ($95.26 in chips)
Seat 2: joha74 ($213.53 in chips)
echsecution: posts small blind $1
joha74: posts big blind $3
*** HOLE CARDS ***
echsecution: raises $3 to $6
joha74: calls $3
*** FLOP *** [6h 8c Qs]
joha74: checks
echsecution: checks
*** TURN *** [6h 8c Qs] [2d]
joha74: bets $6
echsecution: calls $6
*** RIVER *** [6h 8c Qs 2d] [Tc]
joha74: bets $6
echsecution: calls $6
*** SHOW DOWN ***
joha74: shows [8h 9c] (a pair of Eights)
echsecution: mucks hand
joha74 collected $35.50 from pot
*** SUMMARY ***
Total pot $36 | Rake $0.50
Board [6h 8c Qs 2d Tc]
Seat 1: echsecution (button) (small blind) mucked
Seat 2: joha74 (big blind) showed [8h 9c] and won ($35.50) with a pair of Eights


PokerStars Hand #146974530326:  Hold'em Limit ($3/$6 USD) - 2016/01/13 12:12:15 ET
Table 'Antilochus II' 2-max Seat #2 is the button
Seat 1: echsecution ($104.26 in chips)
Seat 2: joha74 ($204.89 in chips)
joha74: posts small blind $1
echsecution: posts big blind $3
*** HOLE CARDS ***
joha74: raises $3 to $6
echsecution: calls $3
*** FLOP *** [4c 7h 7d]
echsecution: checks
joha74: bets $3
echsecution: calls $3
*** TURN *** [4c 7h 7d] [7c]
echsecution: checks
joha74: bets $6
echsecution: folds
Uncalled bet ($6) returned to joha74
joha74 collected $17.64 from pot
joha74: doesn't show hand
*** SUMMARY ***
Total pot $18 | Rake $0.36
Board [4c 7h 7d 7c]
Seat 1: echsecution (big blind) folded on the Turn
Seat 2: joha74 (button) (small blind) collected ($17.64)


PokerStars Hand #146974519734:  Hold'em Limit ($3/$6 USD) - 2016/01/13 12:12:03 ET
Table 'Antilochus II' 2-max Seat #1 is the button
Seat 1: echsecution ($113.26 in chips)
Seat 2: joha74 ($196.25 in chips)
echsecution: posts small blind $1
joha74: posts big blind $3
*** HOLE CARDS ***
echsecution: raises $3 to $6
joha74: raises $3 to $9
echsecution: calls $3
*** FLOP *** [Ad 7s Ac]
joha74: bets $3
echsecution: folds
Uncalled bet ($3) returned to joha74
joha74 collected $17.64 from pot
joha74: doesn't show hand
*** SUMMARY ***
Total pot $18 | Rake $0.36
Board [Ad 7s Ac]
Seat 1: echsecution (button) (small blind) folded on the Flop
Seat 2: joha74 (big blind) collected ($17.64)


PokerStars Hand #146974608584:  Hold'em Limit ($3/$6 USD) - 2016/01/13 12:13:44 ET
Table 'Antilochus II' 2-max Seat #1 is the button
Seat 1: echsecution ($119 in chips)
Seat 2: joha74 ($188.79 in chips)
echsecution: posts small blind $1
joha74: posts big blind $3
*** HOLE CARDS ***
echsecution: raises $3 to $6
joha74: raises $3 to $9
echsecution: calls $3
*** FLOP *** [Ts 4s 9h]
joha74: bets $3
echsecution: calls $3
*** TURN *** [Ts 4s 9h] [3s]
joha74: checks
echsecution: bets $6
joha74: calls $6
*** RIVER *** [Ts 4s 9h 3s] [2d]
joha74: checks
echsecution: bets $6
joha74: calls $6
*** SHOW DOWN ***
echsecution: shows [Kd 4d] (a pair of Fours)
joha74: mucks hand
echsecution collected $47.50 from pot
*** SUMMARY ***
Total pot $48 | Rake $0.50
Board [Ts 4s 9h 3s 2d]
Seat 1: echsecution (button) (small blind) showed [Kd 4d] and won ($47.50) with a pair of Fours
Seat 2: joha74 (big blind) mucked


PokerStars Hand #146974591794:  Hold'em Limit ($3/$6 USD) - 2016/01/13 12:13:25 ET
Table 'Antilochus II' 2-max Seat #2 is the button
Seat 1: echsecution ($95.50 in chips)
Seat 2: joha74 ($212.79 in chips)
joha74: posts small blind $1
echsecution: posts big blind $3
*** HOLE CARDS ***
joha74: raises $3 to $6
echsecution: raises $3 to $9
joha74: calls $3
*** FLOP *** [Jd 3h 2h]
echsecution: bets $3
joha74: calls $3
*** TURN *** [Jd 3h 2h] [Jc]
echsecution: bets $6
joha74: calls $6
*** RIVER *** [Jd 3h 2h Jc] [8d]
echsecution: bets $6
joha74: calls $6
*** SHOW DOWN ***
echsecution: shows [Kd Kc] (two pair, Kings and Jacks)
joha74: mucks hand
echsecution collected $47.50 from pot
*** SUMMARY ***
Total pot $48 | Rake $0.50
Board [Jd 3h 2h Jc 8d]
Seat 1: echsecution (big blind) showed [Kd Kc] and won ($47.50) with two pair, Kings and Jacks
Seat 2: joha74 (button) (small blind) mucked


PokerStars Hand #146974571581:  Hold'em Limit ($3/$6 USD) - 2016/01/13 12:13:02 ET
Table 'Antilochus II' 2-max Seat #1 is the button
Seat 1: echsecution ($72 in chips)
Seat 2: joha74 ($236.79 in chips)
echsecution: posts small blind $1
joha74: posts big blind $3
*** HOLE CARDS ***
echsecution: raises $3 to $6
joha74: calls $3
*** FLOP *** [4d 7c 7s]
joha74: checks
echsecution: bets $3
joha74: raises $3 to $6
echsecution: calls $3
*** TURN *** [4d 7c 7s] [Qd]
joha74: bets $6
echsecution: calls $6
*** RIVER *** [4d 7c 7s Qd] [Jd]
joha74: checks
echsecution: bets $6
joha74: calls $6
*** SHOW DOWN ***
echsecution: shows [8d 6d] (a flush, Queen high)
joha74: mucks hand
echsecution collected $47.50 from pot
*** SUMMARY ***
Total pot $48 | Rake $0.50
Board [4d 7c 7s Qd Jd]
Seat 1: echsecution (button) (small blind) showed [8d 6d] and won ($47.50) with a flush, Queen high
Seat 2: joha74 (big blind) mucked


PokerStars Hand #146974656734:  Hold'em Limit ($3/$6 USD) - 2016/01/13 12:14:39 ET
Table 'Antilochus II' 2-max Seat #1 is the button
Seat 1: echsecution ($100.50 in chips)
Seat 2: joha74 ($205.81 in chips)
echsecution: posts small blind $1
joha74: posts big blind $3
*** HOLE CARDS ***
echsecution: raises $3 to $6
joha74: raises $3 to $9
echsecution: calls $3
*** FLOP *** [5c Qc 6h]
joha74: bets $3
echsecution: calls $3
*** TURN *** [5c Qc 6h] [2d]
joha74: bets $6
echsecution: calls $6
*** RIVER *** [5c Qc 6h 2d] [9d]
joha74: bets $6
echsecution: raises $6 to $12
joha74: calls $6
*** SHOW DOWN ***
echsecution: shows [7h 8c] (a straight, Five to Nine)
joha74: mucks hand
echsecution collected $59.50 from pot
*** SUMMARY ***
Total pot $60 | Rake $0.50
Board [5c Qc 6h 2d 9d]
Seat 1: echsecution (button) (small blind) showed [7h 8c] and won ($59.50) with a straight, Five to Nine
Seat 2: joha74 (big blind) mucked


PokerStars Hand #146974649704:  Hold'em Limit ($3/$6 USD) - 2016/01/13 12:14:31 ET
Table 'Antilochus II' 2-max Seat #2 is the button
Seat 1: echsecution ($106.50 in chips)
Seat 2: joha74 ($200.05 in chips)
joha74: posts small blind $1
echsecution: posts big blind $3
*** HOLE CARDS ***
joha74: raises $3 to $6
echsecution: calls $3
*** FLOP *** [8c Td Js]
echsecution: checks
joha74: bets $3
echsecution: folds
Uncalled bet ($3) returned to joha74
joha74 collected $11.76 from pot
joha74: doesn't show hand
*** SUMMARY ***
Total pot $12 | Rake $0.24
Board [8c Td Js]
Seat 1: echsecution (big blind) folded on the Flop
Seat 2: joha74 (button) (small blind) collected ($11.76)


PokerStars Hand #146974635100:  Hold'em Limit ($3/$6 USD) - 2016/01/13 12:14:14 ET
Table 'Antilochus II' 2-max Seat #1 is the button
Seat 1: echsecution ($136.50 in chips)
Seat 2: joha74 ($170.55 in chips)
echsecution: posts small blind $1
joha74: posts big blind $3
*** HOLE CARDS ***
echsecution: raises $3 to $6
joha74: raises $3 to $9
echsecution: calls $3
*** FLOP *** [5h 4s 2c]
joha74: bets $3
echsecution: raises $3 to $6
joha74: raises $3 to $9
echsecution: calls $3
*** TURN *** [5h 4s 2c] [Jd]
joha74: bets $6
echsecution: calls $6
*** RIVER *** [5h 4s 2c Jd] [Jh]
joha74: bets $6
echsecution: calls $6
*** SHOW DOWN ***
joha74: shows [Ac 3d] (a straight, Ace to Five)
echsecution: mucks hand
joha74 collected $59.50 from pot
*** SUMMARY ***
Total pot $60 | Rake $0.50
Board [5h 4s 2c Jd Jh]
Seat 1: echsecution (button) (small blind) mucked
Seat 2: joha74 (big blind) showed [Ac 3d] and won ($59.50) with a straight, Ace to Five


PokerStars Hand #146974628296:  Hold'em Limit ($3/$6 USD) - 2016/01/13 12:14:06 ET
Table 'Antilochus II' 2-max Seat #2 is the button
Seat 1: echsecution ($142.50 in chips)
Seat 2: joha74 ($164.79 in chips)
joha74: posts small blind $1
echsecution: posts big blind $3
*** HOLE CARDS ***
joha74: raises $3 to $6
echsecution: calls $3
*** FLOP *** [2h Ts 7h]
echsecution: checks
joha74: bets $3
echsecution: folds
Uncalled bet ($3) returned to joha74
joha74 collected $11.76 from pot
joha74: doesn't show hand
*** SUMMARY ***
Total pot $12 | Rake $0.24
Board [2h Ts 7h]
Seat 1: echsecution (big blind) folded on the Flop
Seat 2: joha74 (button) (small blind) collected ($11.76)


PokerStars Hand #146974709079:  Hold'em Limit ($3/$6 USD) - 2016/01/13 12:15:38 ET
Table 'Antilochus II' 2-max Seat #1 is the button
Seat 1: echsecution ($116.64 in chips)
Seat 2: joha74 ($188.31 in chips)
echsecution: posts small blind $1
joha74: posts big blind $3
*** HOLE CARDS ***
echsecution: raises $3 to $6
joha74: calls $3
*** FLOP *** [9d 3d 4c]
joha74: checks
echsecution: bets $3
joha74: calls $3
*** TURN *** [9d 3d 4c] [Td]
joha74: checks
echsecution: bets $6
joha74: calls $6
*** RIVER *** [9d 3d 4c Td] [2s]
joha74: checks
echsecution: bets $6
joha74: folds
Uncalled bet ($6) returned to echsecution
echsecution collected $29.50 from pot
echsecution: doesn't show hand
*** SUMMARY ***
Total pot $30 | Rake $0.50
Board [9d 3d 4c Td 2s]
Seat 1: echsecution (button) (small blind) collected ($29.50)
Seat 2: joha74 (big blind) folded on the River


PokerStars Hand #146974698511:  Hold'em Limit ($3/$6 USD) - 2016/01/13 12:15:26 ET
Table 'Antilochus II' 2-max Seat #2 is the button
Seat 1: echsecution ($108 in chips)
Seat 2: joha74 ($197.31 in chips)
joha74: posts small blind $1
echsecution: posts big blind $3
*** HOLE CARDS ***
joha74: raises $3 to $6
echsecution: raises $3 to $9
joha74: calls $3
*** FLOP *** [Kh 4c 4s]
echsecution: bets $3
joha74: folds
Uncalled bet ($3) returned to echsecution
echsecution collected $17.64 from pot
echsecution: doesn't show hand
*** SUMMARY ***
Total pot $18 | Rake $0.36
Board [Kh 4c 4s]
Seat 1: echsecution (big blind) collected ($17.64)
Seat 2: joha74 (button) (small blind) folded on the Flop


PokerStars Hand #146974690508:  Hold'em Limit ($3/$6 USD) - 2016/01/13 12:15:17 ET
Table 'Antilochus II' 2-max Seat #1 is the button
Seat 1: echsecution ($109 in chips)
Seat 2: joha74 ($196.31 in chips)
echsecution: posts small blind $1
joha74: posts big blind $3
*** HOLE CARDS ***
echsecution: folds
Uncalled bet ($2) returned to joha74
joha74 collected $2 from pot
joha74: doesn't show hand
*** SUMMARY ***
Total pot $2 | Rake $0
Seat 1: echsecution (button) (small blind) folded before Flop
Seat 2: joha74 (big blind) collected ($2)


PokerStars Hand #146974675151:  Hold'em Limit ($3/$6 USD) - 2016/01/13 12:15:00 ET
Table 'Antilochus II' 2-max Seat #2 is the button
Seat 1: echsecution ($130 in chips)
Seat 2: joha74 ($175.81 in chips)
joha74: posts small blind $1
echsecution: posts big blind $3
*** HOLE CARDS ***
joha74: raises $3 to $6
echsecution: calls $3
*** FLOP *** [Qc 8s 6h]
echsecution: checks
joha74: bets $3
echsecution: calls $3
*** TURN *** [Qc 8s 6h] [Ks]
echsecution: checks
joha74: bets $6
echsecution: calls $6
*** RIVER *** [Qc 8s 6h Ks] [2s]
echsecution: checks
joha74: bets $6
echsecution: calls $6
*** SHOW DOWN ***
joha74: shows [9h 9d] (a pair of Nines)
echsecution: mucks hand
joha74 collected $41.50 from pot
*** SUMMARY ***
Total pot $42 | Rake $0.50
Board [Qc 8s 6h Ks 2s]
Seat 1: echsecution (big blind) mucked
Seat 2: joha74 (button) (small blind) showed [9h 9d] and won ($41.50) with a pair of Nines


PokerStars Hand #146974771103:  Hold'em Limit ($3/$6 USD) - 2016/01/13 12:16:48 ET
Table 'Antilochus II' 2-max Seat #1 is the button
Seat 1: echsecution ($100.78 in chips)
Seat 2: joha74 ($202.57 in chips)
echsecution: posts small blind $1
joha74: posts big blind $3
*** HOLE CARDS ***
echsecution: raises $3 to $6
joha74: folds
Uncalled bet ($3) returned to echsecution
echsecution collected $6 from pot
echsecution: doesn't show hand
*** SUMMARY ***
Total pot $6 | Rake $0
Seat 1: echsecution (button) (small blind) collected ($6)
Seat 2: joha74 (big blind) folded before Flop


PokerStars Hand #146974762163:  Hold'em Limit ($3/$6 USD) - 2016/01/13 12:16:38 ET
Table 'Antilochus II' 2-max Seat #2 is the button
Seat 1: echsecution ($92.14 in chips)
Seat 2: joha74 ($211.57 in chips)
joha74: posts small blind $1
echsecution: posts big blind $3
*** HOLE CARDS ***
joha74: raises $3 to $6
echsecution: calls $3
*** FLOP *** [Ks 9s Tc]
echsecution: checks
joha74: bets $3
echsecution: raises $3 to $6
joha74: folds
Uncalled bet ($3) returned to echsecution
echsecution collected $17.64 from pot
echsecution: doesn't show hand
*** SUMMARY ***
Total pot $18 | Rake $0.36
Board [Ks 9s Tc]
Seat 1: echsecution (big blind) collected ($17.64)
Seat 2: joha74 (button) (small blind) folded on the Flop


PokerStars Hand #146974746560:  Hold'em Limit ($3/$6 USD) - 2016/01/13 12:16:20 ET
Table 'Antilochus II' 2-max Seat #1 is the button
Seat 1: echsecution ($98.14 in chips)
Seat 2: joha74 ($205.81 in chips)
echsecution: posts small blind $1
joha74: posts big blind $3
*** HOLE CARDS ***
echsecution: raises $3 to $6
joha74: calls $3
*** FLOP *** [7c Tc Jc]
joha74: checks
echsecution: checks
*** TURN *** [7c Tc Jc] [5c]
joha74: checks
echsecution: checks
*** RIVER *** [7c Tc Jc 5c] [8d]
joha74: checks
echsecution: checks
*** SHOW DOWN ***
joha74: shows [4d 5h] (a pair of Fives)
echsecution: mucks hand
joha74 collected $11.76 from pot
*** SUMMARY ***
Total pot $12 | Rake $0.24
Board [7c Tc Jc 5c 8d]
Seat 1: echsecution (button) (small blind) mucked
Seat 2: joha74 (big blind) showed [4d 5h] and won ($11.76) with a pair of Fives


PokerStars Hand #146974727639:  Hold'em Limit ($3/$6 USD) - 2016/01/13 12:15:58 ET
Table 'Antilochus II' 2-max Seat #2 is the button
Seat 1: echsecution ($131.14 in chips)
Seat 2: joha74 ($173.31 in chips)
joha74: posts small blind $1
echsecution: posts big blind $3
*** HOLE CARDS ***
joha74: raises $3 to $6
echsecution: calls $3
*** FLOP *** [7h 9c 9h]
echsecution: checks
joha74: bets $3
echsecution: calls $3
*** TURN *** [7h 9c 9h] [Kd]
echsecution: checks
joha74: bets $6
echsecution: raises $6 to $12
joha74: raises $6 to $18
echsecution: calls $6
*** RIVER *** [7h 9c 9h Kd] [Jc]
echsecution: checks
joha74: bets $6
echsecution: calls $6
*** SHOW DOWN ***
joha74: shows [9d 5h] (three of a kind, Nines)
echsecution: mucks hand
joha74 collected $65.50 from pot
*** SUMMARY ***
Total pot $66 | Rake $0.50
Board [7h 9c 9h Kd Jc]
Seat 1: echsecution (big blind) mucked
Seat 2: joha74 (button) (small blind) showed [9d 5h] and won ($65.50) with three of a kind, Nines


PokerStars Hand #146974826620:  Hold'em Limit ($3/$6 USD) - 2016/01/13 12:17:50 ET
Table 'Antilochus II' 2-max Seat #2 is the button
Seat 1: echsecution ($117.80 in chips)
Seat 2: joha74 ($183.73 in chips)
joha74: posts small blind $1
echsecution: posts big blind $3
*** HOLE CARDS ***
joha74: raises $3 to $6
echsecution: calls $3
*** FLOP *** [7h Th 9s]
echsecution: checks
joha74: bets $3
echsecution: calls $3
*** TURN *** [7h Th 9s] [2d]
echsecution: checks
joha74: bets $6
echsecution: calls $6
*** RIVER *** [7h Th 9s 2d] [8s]
echsecution: checks
joha74: checks
*** SHOW DOWN ***
echsecution: shows [8c Qd] (a pair of Eights)
joha74: shows [9h 5c] (a pair of Nines)
joha74 collected $29.50 from pot
*** SUMMARY ***
Total pot $30 | Rake $0.50
Board [7h Th 9s 2d 8s]
Seat 1: echsecution (big blind) showed [8c Qd] and lost with a pair of Eights
Seat 2: joha74 (button) (small blind) showed [9h 5c] and won ($29.50) with a pair of Nines


PokerStars Hand #146974813596:  Hold'em Limit ($3/$6 USD) - 2016/01/13 12:17:36 ET
Table 'Antilochus II' 2-max Seat #1 is the button
Seat 1: echsecution ($129.80 in chips)
Seat 2: joha74 ($172.21 in chips)
echsecution: posts small blind $1
joha74: posts big blind $3
*** HOLE CARDS ***
echsecution: raises $3 to $6
joha74: raises $3 to $9
echsecution: calls $3
*** FLOP *** [6h Js 4h]
joha74: bets $3
echsecution: calls $3
*** TURN *** [6h Js 4h] [Th]
joha74: bets $6
echsecution: folds
Uncalled bet ($6) returned to joha74
joha74 collected $23.52 from pot
joha74: doesn't show hand
*** SUMMARY ***
Total pot $24 | Rake $0.48
Board [6h Js 4h Th]
Seat 1: echsecution (button) (small blind) folded on the Turn
Seat 2: joha74 (big blind) collected ($23.52)


PokerStars Hand #146974801921:  Hold'em Limit ($3/$6 USD) - 2016/01/13 12:17:22 ET
Table 'Antilochus II' 2-max Seat #2 is the button
Seat 1: echsecution ($118.28 in chips)
Seat 2: joha74 ($184.21 in chips)
joha74: posts small blind $1
echsecution: posts big blind $3
*** HOLE CARDS ***
joha74: raises $3 to $6
echsecution: calls $3
*** FLOP *** [Kh Qs Kd]
echsecution: checks
joha74: bets $3
echsecution: raises $3 to $6
joha74: calls $3
*** TURN *** [Kh Qs Kd] [5h]
echsecution: bets $6
joha74: folds
Uncalled bet ($6) returned to echsecution
echsecution collected $23.52 from pot
echsecution: doesn't show hand
*** SUMMARY ***
Total pot $24 | Rake $0.48
Board [Kh Qs Kd 5h]
Seat 1: echsecution (big blind) collected ($23.52)
Seat 2: joha74 (button) (small blind) folded on the Turn


PokerStars Hand #146974792528:  Hold'em Limit ($3/$6 USD) - 2016/01/13 12:17:12 ET
Table 'Antilochus II' 2-max Seat #1 is the button
Seat 1: echsecution ($127.28 in chips)
Seat 2: joha74 ($175.57 in chips)
echsecution: posts small blind $1
joha74: posts big blind $3
*** HOLE CARDS ***
echsecution: raises $3 to $6
joha74: raises $3 to $9
echsecution: calls $3
*** FLOP *** [Qs 7s Jc]
joha74: bets $3
echsecution: folds
Uncalled bet ($3) returned to joha74
joha74 collected $17.64 from pot
joha74: doesn't show hand
*** SUMMARY ***
Total pot $18 | Rake $0.36
Board [Qs 7s Jc]
Seat 1: echsecution (button) (small blind) folded on the Flop
Seat 2: joha74 (big blind) collected ($17.64)


PokerStars Hand #146974776434:  Hold'em Limit ($3/$6 USD) - 2016/01/13 12:16:54 ET
Table 'Antilochus II' 2-max Seat #2 is the button
Seat 1: echsecution ($103.78 in chips)
Seat 2: joha74 ($199.57 in chips)
joha74: posts small blind $1
echsecution: posts big blind $3
*** HOLE CARDS ***
joha74: raises $3 to $6
echsecution: calls $3
*** FLOP *** [Js 6d Td]
echsecution: checks
joha74: bets $3
echsecution: raises $3 to $6
joha74: calls $3
*** TURN *** [Js 6d Td] [Qs]
echsecution: bets $6
joha74: calls $6
*** RIVER *** [Js 6d Td Qs] [3d]
echsecution: bets $6
joha74: calls $6
*** SHOW DOWN ***
echsecution: shows [3s Jd] (two pair, Jacks and Threes)
joha74: mucks hand
echsecution collected $47.50 from pot
*** SUMMARY ***
Total pot $48 | Rake $0.50
Board [Js 6d Td Qs 3d]
Seat 1: echsecution (big blind) showed [3s Jd] and won ($47.50) with two pair, Jacks and Threes
Seat 2: joha74 (button) (small blind) mucked


PokerStars Hand #146974886285:  Hold'em Limit ($3/$6 USD) - 2016/01/13 12:18:58 ET
Table 'Antilochus II' 2-max Seat #2 is the button
Seat 1: echsecution ($116.20 in chips)
Seat 2: joha74 ($184.23 in chips)
joha74: posts small blind $1
echsecution: posts big blind $3
*** HOLE CARDS ***
joha74: raises $3 to $6
echsecution: calls $3
*** FLOP *** [As Ad 2h]
echsecution: checks
joha74: bets $3
echsecution: folds
Uncalled bet ($3) returned to joha74
joha74 collected $11.76 from pot
joha74: doesn't show hand
*** SUMMARY ***
Total pot $12 | Rake $0.24
Board [As Ad 2h]
Seat 1: echsecution (big blind) folded on the Flop
Seat 2: joha74 (button) (small blind) collected ($11.76)


PokerStars Hand #146974879835:  Hold'em Limit ($3/$6 USD) - 2016/01/13 12:18:51 ET
Table 'Antilochus II' 2-max Seat #1 is the button
Seat 1: echsecution ($117.20 in chips)
Seat 2: joha74 ($183.23 in chips)
echsecution: posts small blind $1
joha74: posts big blind $3
*** HOLE CARDS ***
echsecution: folds
Uncalled bet ($2) returned to joha74
joha74 collected $2 from pot
joha74: doesn't show hand
*** SUMMARY ***
Total pot $2 | Rake $0
Seat 1: echsecution (button) (small blind) folded before Flop
Seat 2: joha74 (big blind) collected ($2)


PokerStars Hand #146974870418:  Hold'em Limit ($3/$6 USD) - 2016/01/13 12:18:40 ET
Table 'Antilochus II' 2-max Seat #2 is the button
Seat 1: echsecution ($108.56 in chips)
Seat 2: joha74 ($192.23 in chips)
joha74: posts small blind $1
echsecution: posts big blind $3
*** HOLE CARDS ***
joha74: raises $3 to $6
echsecution: calls $3
*** FLOP *** [3d 9s Th]
echsecution: checks
joha74: bets $3
echsecution: raises $3 to $6
joha74: folds
Uncalled bet ($3) returned to echsecution
echsecution collected $17.64 from pot
echsecution: doesn't show hand
*** SUMMARY ***
Total pot $18 | Rake $0.36
Board [3d 9s Th]
Seat 1: echsecution (big blind) collected ($17.64)
Seat 2: joha74 (button) (small blind) folded on the Flop


PokerStars Hand #146974864874:  Hold'em Limit ($3/$6 USD) - 2016/01/13 12:18:34 ET
Table 'Antilochus II' 2-max Seat #1 is the button
Seat 1: echsecution ($105.56 in chips)
Seat 2: joha74 ($195.23 in chips)
echsecution: posts small blind $1
joha74: posts big blind $3
*** HOLE CARDS ***
echsecution: raises $3 to $6
joha74: folds
Uncalled bet ($3) returned to echsecution
echsecution collected $6 from pot
echsecution: doesn't show hand
*** SUMMARY ***
Total pot $6 | Rake $0
Seat 1: echsecution (button) (small blind) collected ($6)
Seat 2: joha74 (big blind) folded before Flop


PokerStars Hand #146974859660:  Hold'em Limit ($3/$6 USD) - 2016/01/13 12:18:28 ET
Table 'Antilochus II' 2-max Seat #2 is the button
Seat 1: echsecution ($108.56 in chips)
Seat 2: joha74 ($192.23 in chips)
joha74: posts small blind $1
echsecution: posts big blind $3
*** HOLE CARDS ***
joha74: raises $3 to $6
echsecution: folds
Uncalled bet ($3) returned to joha74
joha74 collected $6 from pot
joha74: doesn't show hand
*** SUMMARY ***
Total pot $6 | Rake $0
Seat 1: echsecution (big blind) folded before Flop
Seat 2: joha74 (button) (small blind) collected ($6)


PokerStars Hand #146974841063:  Hold'em Limit ($3/$6 USD) - 2016/01/13 12:18:07 ET
Table 'Antilochus II' 2-max Seat #1 is the button
Seat 1: echsecution ($102.80 in chips)
Seat 2: joha74 ($198.23 in chips)
echsecution: posts small blind $1
joha74: posts big blind $3
*** HOLE CARDS ***
echsecution: raises $3 to $6
joha74: calls $3
*** FLOP *** [Kd 2h Jh]
joha74: checks
echsecution: bets $3
joha74: folds
Uncalled bet ($3) returned to echsecution
echsecution collected $11.76 from pot
echsecution: doesn't show hand
*** SUMMARY ***
Total pot $12 | Rake $0.24
Board [Kd 2h Jh]
Seat 1: echsecution (button) (small blind) collected ($11.76)
Seat 2: joha74 (big blind) folded on the Flop


PokerStars Hand #146974934362:  Hold'em Limit ($3/$6 USD) - 2016/01/13 12:19:52 ET
Table 'Antilochus II' 2-max Seat #1 is the button
Seat 1: echsecution ($80.20 in chips)
Seat 2: joha74 ($219.13 in chips)
echsecution: posts small blind $1
joha74: posts big blind $3
*** HOLE CARDS ***
echsecution: raises $3 to $6
joha74: raises $3 to $9
echsecution: calls $3
*** FLOP *** [2d 2c Kh]
joha74: bets $3
echsecution: folds
Uncalled bet ($3) returned to joha74
joha74 collected $17.64 from pot
joha74: doesn't show hand
*** SUMMARY ***
Total pot $18 | Rake $0.36
Board [2d 2c Kh]
Seat 1: echsecution (button) (small blind) folded on the Flop
Seat 2: joha74 (big blind) collected ($17.64)


PokerStars Hand #146974903049:  Hold'em Limit ($3/$6 USD) - 2016/01/13 12:19:17 ET
Table 'Antilochus II' 2-max Seat #2 is the button
Seat 1: echsecution ($101.20 in chips)
Seat 2: joha74 ($198.63 in chips)
joha74: posts small blind $1
echsecution: posts big blind $3
*** HOLE CARDS ***
joha74: raises $3 to $6
echsecution: calls $3
*** FLOP *** [6d 9h 6h]
echsecution: checks
joha74: bets $3
echsecution: calls $3
*** TURN *** [6d 9h 6h] [Ts]
echsecution: checks
joha74: bets $6
echsecution: calls $6
*** RIVER *** [6d 9h 6h Ts] [3h]
echsecution: checks
joha74: bets $6
echsecution: calls $6
*** SHOW DOWN ***
joha74: shows [9s 2c] (two pair, Nines and Sixes)
echsecution: mucks hand
joha74 collected $41.50 from pot
*** SUMMARY ***
Total pot $42 | Rake $0.50
Board [6d 9h 6h Ts 3h]
Seat 1: echsecution (big blind) mucked
Seat 2: joha74 (button) (small blind) showed [9s 2c] and won ($41.50) with two pair, Nines and Sixes


PokerStars Hand #146974893777:  Hold'em Limit ($3/$6 USD) - 2016/01/13 12:19:06 ET
Table 'Antilochus II' 2-max Seat #1 is the button
Seat 1: echsecution ($110.20 in chips)
Seat 2: joha74 ($189.99 in chips)
echsecution: posts small blind $1
joha74: posts big blind $3
*** HOLE CARDS ***
echsecution: raises $3 to $6
joha74: raises $3 to $9
echsecution: calls $3
*** FLOP *** [Tc Jd 9h]
joha74: bets $3
echsecution: folds
Uncalled bet ($3) returned to joha74
joha74 collected $17.64 from pot
joha74: doesn't show hand
*** SUMMARY ***
Total pot $18 | Rake $0.36
Board [Tc Jd 9h]
Seat 1: echsecution (button) (small blind) folded on the Flop
Seat 2: joha74 (big blind) collected ($17.64)


PokerStars Hand #146974972415:  Hold'em Limit ($3/$6 USD) - 2016/01/13 12:20:35 ET
Table 'Antilochus II' 2-max Seat #2 is the button
Seat 1: echsecution ($95.26 in chips)
Seat 2: joha74 ($203.77 in chips)
joha74: posts small blind $1
echsecution: posts big blind $3
*** HOLE CARDS ***
joha74: raises $3 to $6
echsecution: calls $3
*** FLOP *** [6h 2c 9c]
echsecution: checks
joha74: bets $3
echsecution: calls $3
*** TURN *** [6h 2c 9c] [Js]
echsecution: checks
joha74: bets $6
echsecution: folds
Uncalled bet ($6) returned to joha74
joha74 collected $17.64 from pot
joha74: doesn't show hand
*** SUMMARY ***
Total pot $18 | Rake $0.36
Board [6h 2c 9c Js]
Seat 1: echsecution (big blind) folded on the Turn
Seat 2: joha74 (button) (small blind) collected ($17.64)


PokerStars Hand #146974964055:  Hold'em Limit ($3/$6 USD) - 2016/01/13 12:20:26 ET
Table 'Antilochus II' 2-max Seat #1 is the button
Seat 1: echsecution ($89.50 in chips)
Seat 2: joha74 ($209.77 in chips)
echsecution: posts small blind $1
joha74: posts big blind $3
*** HOLE CARDS ***
echsecution: raises $3 to $6
joha74: calls $3
*** FLOP *** [4d Kh Th]
joha74: checks
echsecution: bets $3
joha74: folds
Uncalled bet ($3) returned to echsecution
echsecution collected $11.76 from pot
echsecution: doesn't show hand
*** SUMMARY ***
Total pot $12 | Rake $0.24
Board [4d Kh Th]
Seat 1: echsecution (button) (small blind) collected ($11.76)
Seat 2: joha74 (big blind) folded on the Flop


PokerStars Hand #146974945732:  Hold'em Limit ($3/$6 USD) - 2016/01/13 12:20:05 ET
Table 'Antilochus II' 2-max Seat #2 is the button
Seat 1: echsecution ($72 in chips)
Seat 2: joha74 ($227.77 in chips)
joha74: posts small blind $1
echsecution: posts big blind $3
*** HOLE CARDS ***
joha74: raises $3 to $6
echsecution: raises $3 to $9
joha74: calls $3
*** FLOP *** [5c 5d 9c]
echsecution: bets $3
joha74: calls $3
*** TURN *** [5c 5d 9c] [8h]
echsecution: bets $6
joha74: calls $6
*** RIVER *** [5c 5d 9c 8h] [2s]
echsecution: checks
joha74: checks
*** SHOW DOWN ***
echsecution: shows [Qh Kd] (a pair of Fives)
joha74: mucks hand
echsecution collected $35.50 from pot
*** SUMMARY ***
Total pot $36 | Rake $0.50
Board [5c 5d 9c 8h 2s]
Seat 1: echsecution (big blind) showed [Qh Kd] and won ($35.50) with a pair of Fives
Seat 2: joha74 (button) (small blind) mucked


PokerStars Hand #146975029628:  Hold'em Limit ($3/$6 USD) - 2016/01/13 12:21:40 ET
Table 'Antilochus II' 2-max Seat #2 is the button
Seat 1: echsecution ($72 in chips)
Seat 2: joha74 ($229.45 in chips)
joha74: posts small blind $1
echsecution: posts big blind $3
*** HOLE CARDS ***
joha74: raises $3 to $6
echsecution: calls $3
*** FLOP *** [Jd 4h 7d]
echsecution: checks
joha74: bets $3
echsecution: folds
Uncalled bet ($3) returned to joha74
joha74 collected $11.76 from pot
joha74: doesn't show hand
*** SUMMARY ***
Total pot $12 | Rake $0.24
Board [Jd 4h 7d]
Seat 1: echsecution (big blind) folded on the Flop
Seat 2: joha74 (button) (small blind) collected ($11.76)


PokerStars Hand #146975018798:  Hold'em Limit ($3/$6 USD) - 2016/01/13 12:21:28 ET
Table 'Antilochus II' 2-max Seat #1 is the button
Seat 1: echsecution ($77.02 in chips)
Seat 2: joha74 ($220.81 in chips)
echsecution: posts small blind $1
joha74: posts big blind $3
*** HOLE CARDS ***
echsecution: raises $3 to $6
joha74: calls $3
*** FLOP *** [8s Ad As]
joha74: checks
echsecution: bets $3
joha74: raises $3 to $6
echsecution: folds
Uncalled bet ($3) returned to joha74
joha74 collected $17.64 from pot
joha74: doesn't show hand
*** SUMMARY ***
Total pot $18 | Rake $0.36
Board [8s Ad As]
Seat 1: echsecution (button) (small blind) folded on the Flop
Seat 2: joha74 (big blind) collected ($17.64)


PokerStars Hand #146975003444:  Hold'em Limit ($3/$6 USD) - 2016/01/13 12:21:10 ET
Table 'Antilochus II' 2-max Seat #2 is the button
Seat 1: echsecution ($86.02 in chips)
Seat 2: joha74 ($212.17 in chips)
joha74: posts small blind $1
echsecution: posts big blind $3
*** HOLE CARDS ***
joha74: raises $3 to $6
echsecution: calls $3
*** FLOP *** [Td Jh 4s]
echsecution: checks
joha74: bets $3
echsecution: calls $3
*** TURN *** [Td Jh 4s] [Ac]
echsecution: checks
joha74: bets $6
echsecution: folds
Uncalled bet ($6) returned to joha74
joha74 collected $17.64 from pot
joha74: doesn't show hand
*** SUMMARY ***
Total pot $18 | Rake $0.36
Board [Td Jh 4s Ac]
Seat 1: echsecution (big blind) folded on the Turn
Seat 2: joha74 (button) (small blind) collected ($17.64)


PokerStars Hand #146974986728:  Hold'em Limit ($3/$6 USD) - 2016/01/13 12:20:51 ET
Table 'Antilochus II' 2-max Seat #1 is the button
Seat 1: echsecution ($86.26 in chips)
Seat 2: joha74 ($212.41 in chips)
echsecution: posts small blind $1
joha74: posts big blind $3
*** HOLE CARDS ***
echsecution: raises $3 to $6
joha74: raises $3 to $9
echsecution: calls $3
*** FLOP *** [Tc 2s 3d]
joha74: bets $3
echsecution: calls $3
*** TURN *** [Tc 2s 3d] [3s]
joha74: checks
echsecution: checks
*** RIVER *** [Tc 2s 3d 3s] [Ts]
joha74: checks
echsecution: checks
*** SHOW DOWN ***
joha74: shows [9h Jh] (two pair, Tens and Threes)
echsecution: shows [8h Jd] (two pair, Tens and Threes)
joha74 collected $11.76 from pot
echsecution collected $11.76 from pot
*** SUMMARY ***
Total pot $24 | Rake $0.48
Board [Tc 2s 3d 3s Ts]
Seat 1: echsecution (button) (small blind) showed [8h Jd] and won ($11.76) with two pair, Tens and Threes
Seat 2: joha74 (big blind) showed [9h Jh] and won ($11.76) with two pair, Tens and Threes


PokerStars Hand #146975067613:  Hold'em Limit ($3/$6 USD) - 2016/01/13 12:22:23 ET
Table 'Antilochus II' 2-max Seat #2 is the button
Seat 1: echsecution ($72 in chips)
Seat 2: joha74 ($258.71 in chips)
joha74: posts small blind $1
echsecution: posts big blind $3
*** HOLE CARDS ***
joha74: raises $3 to $6
echsecution: folds
Uncalled bet ($3) returned to joha74
joha74 collected $6 from pot
joha74: doesn't show hand
*** SUMMARY ***
Total pot $6 | Rake $0
Seat 1: echsecution (big blind) folded before Flop
Seat 2: joha74 (button) (small blind) collected ($6)


PokerStars Hand #146975045830:  Hold'em Limit ($3/$6 USD) - 2016/01/13 12:21:58 ET
Table 'Antilochus II' 2-max Seat #1 is the button
Seat 1: echsecution ($72 in chips)
Seat 2: joha74 ($235.21 in chips)
echsecution: posts small blind $1
joha74: posts big blind $3
*** HOLE CARDS ***
echsecution: raises $3 to $6
joha74: raises $3 to $9
echsecution: calls $3
*** FLOP *** [Kd Jh 5h]
joha74: bets $3
echsecution: calls $3
*** TURN *** [Kd Jh 5h] [3d]
joha74: bets $6
echsecution: calls $6
*** RIVER *** [Kd Jh 5h 3d] [6c]
joha74: bets $6
echsecution: calls $6
*** SHOW DOWN ***
joha74: shows [Js Jc] (three of a kind, Jacks)
echsecution: mucks hand
joha74 collected $47.50 from pot
*** SUMMARY ***
Total pot $48 | Rake $0.50
Board [Kd Jh 5h 3d 6c]
Seat 1: echsecution (button) (small blind) mucked
Seat 2: joha74 (big blind) showed [Js Jc] and won ($47.50) with three of a kind, Jacks


PokerStars Hand #146975073550:  Hold'em Limit ($3/$6 USD) - 2016/01/13 12:22:29 ET
Table 'Antilochus II' 2-max Seat #1 is the button
Seat 1: echsecution ($72 in chips)
Seat 2: joha74 ($261.71 in chips)
echsecution: posts small blind $1
joha74: posts big blind $3
*** HOLE CARDS ***
echsecution: raises $3 to $6
joha74: calls $3
*** FLOP *** [7s 3s 5c]
joha74: checks
echsecution: bets $3
joha74: calls $3
*** TURN *** [7s 3s 5c] [Ks]
joha74: checks
echsecution: bets $6
joha74: folds
Uncalled bet ($6) returned to echsecution
echsecution collected $17.64 from pot
echsecution: doesn't show hand
*** SUMMARY ***
Total pot $18 | Rake $0.36
Board [7s 3s 5c Ks]
Seat 1: echsecution (button) (small blind) collected ($17.64)
Seat 2: joha74 (big blind) folded on the Turn


PokerStars Hand #146975088397:  Hold'em Limit ($3/$6 USD) - 2016/01/13 12:22:46 ET
Table 'Antilochus II' 2-max Seat #2 is the button
Seat 1: echsecution ($80.64 in chips)
Seat 2: joha74 ($252.71 in chips)
joha74: posts small blind $1
echsecution: posts big blind $3
*** HOLE CARDS ***
joha74: raises $3 to $6
echsecution: folds
Uncalled bet ($3) returned to joha74
joha74 collected $6 from pot
joha74: doesn't show hand
*** SUMMARY ***
Total pot $6 | Rake $0
Seat 1: echsecution (big blind) folded before Flop
Seat 2: joha74 (button) (small blind) collected ($6)


PokerStars Hand #146975093685:  Hold'em Limit ($3/$6 USD) - 2016/01/13 12:22:52 ET
Table 'Antilochus II' 2-max Seat #1 is the button
Seat 1: echsecution ($77.64 in chips)
Seat 2: joha74 ($255.71 in chips)
echsecution: posts small blind $1
joha74: posts big blind $3
*** HOLE CARDS ***
echsecution: raises $3 to $6
joha74: calls $3
*** FLOP *** [6h Kh 7h]
joha74: checks
echsecution: bets $3
joha74: calls $3
*** TURN *** [6h Kh 7h] [Qc]
joha74: checks
echsecution: checks
*** RIVER *** [6h Kh 7h Qc] [4d]
joha74: checks
echsecution: bets $6
joha74: folds
Uncalled bet ($6) returned to echsecution
echsecution collected $17.64 from pot
echsecution: doesn't show hand
*** SUMMARY ***
Total pot $18 | Rake $0.36
Board [6h Kh 7h Qc 4d]
Seat 1: echsecution (button) (small blind) collected ($17.64)
Seat 2: joha74 (big blind) folded on the River


PokerStars Hand #146975116409:  Hold'em Limit ($3/$6 USD) - 2016/01/13 12:23:17 ET
Table 'Antilochus II' 2-max Seat #2 is the button
Seat 1: echsecution ($86.28 in chips)
Seat 2: joha74 ($246.71 in chips)
joha74: posts small blind $1
echsecution: posts big blind $3
*** HOLE CARDS ***
joha74: raises $3 to $6
echsecution: raises $3 to $9
joha74: calls $3
*** FLOP *** [6s 5d 9h]
echsecution: bets $3
joha74: calls $3
*** TURN *** [6s 5d 9h] [7h]
echsecution: bets $6
joha74: calls $6
*** RIVER *** [6s 5d 9h 7h] [3h]
echsecution: bets $6
joha74: calls $6
*** SHOW DOWN ***
echsecution: shows [8d 8h] (a straight, Five to Nine)
joha74: mucks hand
echsecution collected $47.50 from pot
*** SUMMARY ***
Total pot $48 | Rake $0.50
Board [6s 5d 9h 7h 3h]
Seat 1: echsecution (big blind) showed [8d 8h] and won ($47.50) with a straight, Five to Nine
Seat 2: joha74 (button) (small blind) mucked


PokerStars Hand #146975135295:  Hold'em Limit ($3/$6 USD) - 2016/01/13 12:23:39 ET
Table 'Antilochus II' 2-max Seat #1 is the button
Seat 1: echsecution ($109.78 in chips)
Seat 2: joha74 ($222.71 in chips)
echsecution: posts small blind $1
joha74: posts big blind $3
*** HOLE CARDS ***
echsecution: raises $3 to $6
joha74: raises $3 to $9
echsecution: calls $3
*** FLOP *** [9h Qs As]
joha74: bets $3
echsecution: calls $3
*** TURN *** [9h Qs As] [Ac]
joha74: bets $6
echsecution: calls $6
*** RIVER *** [9h Qs As Ac] [3d]
joha74: bets $6
echsecution: calls $6
*** SHOW DOWN ***
joha74: shows [2d 2h] (two pair, Aces and Deuces)
echsecution: shows [3s Js] (two pair, Aces and Threes)
echsecution collected $47.50 from pot
*** SUMMARY ***
Total pot $48 | Rake $0.50
Board [9h Qs As Ac 3d]
Seat 1: echsecution (button) (small blind) showed [3s Js] and won ($47.50) with two pair, Aces and Threes
Seat 2: joha74 (big blind) showed [2d 2h] and lost with two pair, Aces and Deuces


PokerStars Hand #146975154039:  Hold'em Limit ($3/$6 USD) - 2016/01/13 12:24:00 ET
Table 'Antilochus II' 2-max Seat #2 is the button
Seat 1: echsecution ($133.28 in chips)
Seat 2: joha74 ($198.71 in chips)
joha74: posts small blind $1
echsecution: posts big blind $3
*** HOLE CARDS ***
joha74: raises $3 to $6
echsecution: calls $3
*** FLOP *** [3s Ac Jh]
echsecution: checks
joha74: bets $3
echsecution: calls $3
*** TURN *** [3s Ac Jh] [Kc]
echsecution: checks
joha74: bets $6
echsecution: calls $6
*** RIVER *** [3s Ac Jh Kc] [2c]
echsecution: checks
joha74: bets $6
echsecution: calls $6
*** SHOW DOWN ***
joha74: shows [5d 4h] (a straight, Ace to Five)
echsecution: mucks hand
joha74 collected $41.50 from pot
*** SUMMARY ***
Total pot $42 | Rake $0.50
Board [3s Ac Jh Kc 2c]
Seat 1: echsecution (big blind) mucked
Seat 2: joha74 (button) (small blind) showed [5d 4h] and won ($41.50) with a straight, Ace to Five


PokerStars Hand #146975170527:  Hold'em Limit ($3/$6 USD) - 2016/01/13 12:24:19 ET
Table 'Antilochus II' 2-max Seat #1 is the button
Seat 1: echsecution ($112.28 in chips)
Seat 2: joha74 ($219.21 in chips)
echsecution: posts small blind $1
joha74: posts big blind $3
*** HOLE CARDS ***
echsecution: raises $3 to $6
joha74: calls $3
*** FLOP *** [4h Qh 4s]
joha74: checks
echsecution: bets $3
joha74: raises $3 to $6
echsecution: calls $3
*** TURN *** [4h Qh 4s] [Qd]
joha74: bets $6
echsecution: raises $6 to $12
joha74: folds
Uncalled bet ($6) returned to echsecution
echsecution collected $35.50 from pot
echsecution: doesn't show hand
*** SUMMARY ***
Total pot $36 | Rake $0.50
Board [4h Qh 4s Qd]
Seat 1: echsecution (button) (small blind) collected ($35.50)
Seat 2: joha74 (big blind) folded on the Turn


PokerStars Hand #146975187027:  Hold'em Limit ($3/$6 USD) - 2016/01/13 12:24:37 ET
Table 'Antilochus II' 2-max Seat #2 is the button
Seat 1: echsecution ($129.78 in chips)
Seat 2: joha74 ($201.21 in chips)
joha74: posts small blind $1
echsecution: posts big blind $3
*** HOLE CARDS ***
joha74: raises $3 to $6
echsecution: calls $3
*** FLOP *** [4c 9s Kd]
echsecution: checks
joha74: bets $3
echsecution: raises $3 to $6
joha74: calls $3
*** TURN *** [4c 9s Kd] [2c]
echsecution: bets $6
joha74: calls $6
*** RIVER *** [4c 9s Kd 2c] [Ah]
echsecution: bets $6
joha74: calls $6
*** SHOW DOWN ***
echsecution: shows [Kh 2d] (two pair, Kings and Deuces)
joha74: mucks hand
echsecution collected $47.50 from pot
*** SUMMARY ***
Total pot $48 | Rake $0.50
Board [4c 9s Kd 2c Ah]
Seat 1: echsecution (big blind) showed [Kh 2d] and won ($47.50) with two pair, Kings and Deuces
Seat 2: joha74 (button) (small blind) mucked


PokerStars Hand #146975217935:  Hold'em Limit ($3/$6 USD) - 2016/01/13 12:25:12 ET
Table 'Antilochus II' 2-max Seat #2 is the button
Seat 1: echsecution ($170.78 in chips)
Seat 2: joha74 ($159.21 in chips)
joha74: posts small blind $1
echsecution: posts big blind $3
*** HOLE CARDS ***
joha74: raises $3 to $6
echsecution: folds
Uncalled bet ($3) returned to joha74
joha74 collected $6 from pot
joha74: doesn't show hand
*** SUMMARY ***
Total pot $6 | Rake $0
Seat 1: echsecution (big blind) folded before Flop
Seat 2: joha74 (button) (small blind) collected ($6)


PokerStars Hand #146975203089:  Hold'em Limit ($3/$6 USD) - 2016/01/13 12:24:55 ET
Table 'Antilochus II' 2-max Seat #1 is the button
Seat 1: echsecution ($153.28 in chips)
Seat 2: joha74 ($177.21 in chips)
echsecution: posts small blind $1
joha74: posts big blind $3
*** HOLE CARDS ***
echsecution: raises $3 to $6
joha74: raises $3 to $9
echsecution: calls $3
*** FLOP *** [Qd Jd 2c]
joha74: bets $3
echsecution: calls $3
*** TURN *** [Qd Jd 2c] [8d]
joha74: bets $6
echsecution: raises $6 to $12
joha74: folds
Uncalled bet ($6) returned to echsecution
echsecution collected $35.50 from pot
echsecution: doesn't show hand
*** SUMMARY ***
Total pot $36 | Rake $0.50
Board [Qd Jd 2c 8d]
Seat 1: echsecution (button) (small blind) collected ($35.50)
Seat 2: joha74 (big blind) folded on the Turn


PokerStars Hand #146975223624:  Hold'em Limit ($3/$6 USD) - 2016/01/13 12:25:19 ET
Table 'Antilochus II' 2-max Seat #1 is the button
Seat 1: echsecution ($167.78 in chips)
Seat 2: joha74 ($162.21 in chips)
echsecution: posts small blind $1
joha74: posts big blind $3
*** HOLE CARDS ***
echsecution: raises $3 to $6
joha74: calls $3
*** FLOP *** [7s 8d Js]
joha74: checks
echsecution: bets $3
joha74: folds
Uncalled bet ($3) returned to echsecution
echsecution collected $11.76 from pot
echsecution: doesn't show hand
*** SUMMARY ***
Total pot $12 | Rake $0.24
Board [7s 8d Js]
Seat 1: echsecution (button) (small blind) collected ($11.76)
Seat 2: joha74 (big blind) folded on the Flop


PokerStars Hand #146975232752:  Hold'em Limit ($3/$6 USD) - 2016/01/13 12:25:29 ET
Table 'Antilochus II' 2-max Seat #2 is the button
Seat 1: echsecution ($173.54 in chips)
Seat 2: joha74 ($156.21 in chips)
joha74: posts small blind $1
echsecution: posts big blind $3
*** HOLE CARDS ***
joha74: raises $3 to $6
echsecution: raises $3 to $9
joha74: calls $3
*** FLOP *** [9d Jh 4h]
echsecution: bets $3
joha74: calls $3
*** TURN *** [9d Jh 4h] [7h]
echsecution: bets $6
joha74: calls $6
*** RIVER *** [9d Jh 4h 7h] [5s]
echsecution: bets $6
joha74: raises $6 to $12
echsecution: calls $6
*** SHOW DOWN ***
joha74: shows [5c 9h] (two pair, Nines and Fives)
echsecution: mucks hand
joha74 collected $59.50 from pot
*** SUMMARY ***
Total pot $60 | Rake $0.50
Board [9d Jh 4h 7h 5s]
Seat 1: echsecution (big blind) mucked
Seat 2: joha74 (button) (small blind) showed [5c 9h] and won ($59.50) with two pair, Nines and Fives


PokerStars Hand #146975252469:  Hold'em Limit ($3/$6 USD) - 2016/01/13 12:25:51 ET
Table 'Antilochus II' 2-max Seat #1 is the button
Seat 1: echsecution ($143.54 in chips)
Seat 2: joha74 ($185.71 in chips)
echsecution: posts small blind $1
joha74: posts big blind $3
*** HOLE CARDS ***
echsecution: raises $3 to $6
joha74: folds
Uncalled bet ($3) returned to echsecution
echsecution collected $6 from pot
echsecution: doesn't show hand
*** SUMMARY ***
Total pot $6 | Rake $0
Seat 1: echsecution (button) (small blind) collected ($6)
Seat 2: joha74 (big blind) folded before Flop


PokerStars Hand #146975257385:  Hold'em Limit ($3/$6 USD) - 2016/01/13 12:25:57 ET
Table 'Antilochus II' 2-max Seat #2 is the button
Seat 1: echsecution ($146.54 in chips)
Seat 2: joha74 ($182.71 in chips)
joha74: posts small blind $1
echsecution: posts big blind $3
*** HOLE CARDS ***
joha74: raises $3 to $6
echsecution: calls $3
*** FLOP *** [Qs 3d 9s]
echsecution: checks
joha74: bets $3
echsecution: calls $3
*** TURN *** [Qs 3d 9s] [Ks]
echsecution: checks
joha74: bets $6
echsecution: raises $6 to $12
joha74: calls $6
*** RIVER *** [Qs 3d 9s Ks] [7s]
echsecution: bets $6
joha74: folds
Uncalled bet ($6) returned to echsecution
echsecution collected $41.50 from pot
echsecution: doesn't show hand
*** SUMMARY ***
Total pot $42 | Rake $0.50
Board [Qs 3d 9s Ks 7s]
Seat 1: echsecution (big blind) collected ($41.50)
Seat 2: joha74 (button) (small blind) folded on the River


PokerStars Hand #146975273180:  Hold'em Limit ($3/$6 USD) - 2016/01/13 12:26:14 ET
Table 'Antilochus II' 2-max Seat #1 is the button
Seat 1: echsecution ($167.04 in chips)
Seat 2: joha74 ($161.71 in chips)
echsecution: posts small blind $1
joha74: posts big blind $3
*** HOLE CARDS ***
echsecution: raises $3 to $6
joha74: raises $3 to $9
echsecution: calls $3
*** FLOP *** [4d Qh Tc]
joha74: bets $3
echsecution: calls $3
*** TURN *** [4d Qh Tc] [Qc]
joha74: bets $6
echsecution: calls $6
*** RIVER *** [4d Qh Tc Qc] [9s]
joha74: bets $6
echsecution: calls $6
*** SHOW DOWN ***
joha74: shows [4h Kh] (two pair, Queens and Fours)
echsecution: mucks hand
joha74 collected $47.50 from pot
*** SUMMARY ***
Total pot $48 | Rake $0.50
Board [4d Qh Tc Qc 9s]
Seat 1: echsecution (button) (small blind) mucked
Seat 2: joha74 (big blind) showed [4h Kh] and won ($47.50) with two pair, Queens and Fours


PokerStars Hand #146975288693:  Hold'em Limit ($3/$6 USD) - 2016/01/13 12:26:32 ET
Table 'Antilochus II' 2-max Seat #2 is the button
Seat 1: echsecution ($143.04 in chips)
Seat 2: joha74 ($185.21 in chips)
joha74: posts small blind $1
echsecution: posts big blind $3
*** HOLE CARDS ***
joha74: raises $3 to $6
echsecution: raises $3 to $9
joha74: calls $3
*** FLOP *** [4h 8s Jc]
echsecution: bets $3
joha74: calls $3
*** TURN *** [4h 8s Jc] [4c]
echsecution: bets $6
joha74: calls $6
*** RIVER *** [4h 8s Jc 4c] [6h]
echsecution: checks
joha74: checks
*** SHOW DOWN ***
echsecution: shows [Kd Qh] (a pair of Fours)
joha74: shows [Ah 2d] (a pair of Fours - Ace kicker)
joha74 collected $35.50 from pot
*** SUMMARY ***
Total pot $36 | Rake $0.50
Board [4h 8s Jc 4c 6h]
Seat 1: echsecution (big blind) showed [Kd Qh] and lost with a pair of Fours
Seat 2: joha74 (button) (small blind) showed [Ah 2d] and won ($35.50) with a pair of Fours


PokerStars Hand #146975305205:  Hold'em Limit ($3/$6 USD) - 2016/01/13 12:26:50 ET
Table 'Antilochus II' 2-max Seat #1 is the button
Seat 1: echsecution ($125.04 in chips)
Seat 2: joha74 ($202.71 in chips)
echsecution: posts small blind $1
joha74: posts big blind $3
*** HOLE CARDS ***
echsecution: raises $3 to $6
joha74: calls $3
*** FLOP *** [Td Kh Kd]
joha74: checks
echsecution: checks
*** TURN *** [Td Kh Kd] [Ad]
joha74: checks
echsecution: checks
*** RIVER *** [Td Kh Kd Ad] [9c]
joha74: checks
echsecution: checks
*** SHOW DOWN ***
joha74: shows [5c 4h] (a pair of Kings)
echsecution: shows [7c Qh] (a pair of Kings - Ace+Queen kicker)
echsecution collected $11.76 from pot
*** SUMMARY ***
Total pot $12 | Rake $0.24
Board [Td Kh Kd Ad 9c]
Seat 1: echsecution (button) (small blind) showed [7c Qh] and won ($11.76) with a pair of Kings
Seat 2: joha74 (big blind) showed [5c 4h] and lost with a pair of Kings


PokerStars Hand #146975318876:  Hold'em Limit ($3/$6 USD) - 2016/01/13 12:27:06 ET
Table 'Antilochus II' 2-max Seat #2 is the button
Seat 1: echsecution ($130.80 in chips)
Seat 2: joha74 ($196.71 in chips)
joha74: posts small blind $1
echsecution: posts big blind $3
*** HOLE CARDS ***
joha74: raises $3 to $6
echsecution: raises $3 to $9
joha74: calls $3
*** FLOP *** [8d 3s Jh]
echsecution: bets $3
joha74: calls $3
*** TURN *** [8d 3s Jh] [Js]
echsecution: bets $6
joha74: raises $6 to $12
echsecution: calls $6
*** RIVER *** [8d 3s Jh Js] [5s]
echsecution: checks
joha74: bets $6
echsecution: calls $6
*** SHOW DOWN ***
joha74: shows [2h Jd] (three of a kind, Jacks)
echsecution: mucks hand
joha74 collected $59.50 from pot
*** SUMMARY ***
Total pot $60 | Rake $0.50
Board [8d 3s Jh Js 5s]
Seat 1: echsecution (big blind) mucked
Seat 2: joha74 (button) (small blind) showed [2h Jd] and won ($59.50) with three of a kind, Jacks


PokerStars Hand #146975340021:  Hold'em Limit ($3/$6 USD) - 2016/01/13 12:27:29 ET
Table 'Antilochus II' 2-max Seat #1 is the button
Seat 1: echsecution ($100.80 in chips)
Seat 2: joha74 ($226.21 in chips)
echsecution: posts small blind $1
joha74: posts big blind $3
*** HOLE CARDS ***
echsecution: raises $3 to $6
joha74: calls $3
*** FLOP *** [Js Qh Jd]
joha74: checks
echsecution: checks
*** TURN *** [Js Qh Jd] [2s]
joha74: checks
echsecution: checks
*** RIVER *** [Js Qh Jd 2s] [2h]
joha74: checks
echsecution: bets $6
joha74: folds
Uncalled bet ($6) returned to echsecution
echsecution collected $11.76 from pot
echsecution: doesn't show hand
*** SUMMARY ***
Total pot $12 | Rake $0.24
Board [Js Qh Jd 2s 2h]
Seat 1: echsecution (button) (small blind) collected ($11.76)
Seat 2: joha74 (big blind) folded on the River


PokerStars Hand #146975358142:  Hold'em Limit ($3/$6 USD) - 2016/01/13 12:27:50 ET
Table 'Antilochus II' 2-max Seat #2 is the button
Seat 1: echsecution ($106.56 in chips)
Seat 2: joha74 ($220.21 in chips)
joha74: posts small blind $1
echsecution: posts big blind $3
*** HOLE CARDS ***
joha74: raises $3 to $6
echsecution: calls $3
*** FLOP *** [6s 7d 8d]
echsecution: checks
joha74: bets $3
echsecution: raises $3 to $6
joha74: calls $3
*** TURN *** [6s 7d 8d] [Qs]
echsecution: bets $6
joha74: calls $6
*** RIVER *** [6s 7d 8d Qs] [5c]
echsecution: checks
joha74: checks
*** SHOW DOWN ***
echsecution: shows [Kd 7s] (a pair of Sevens)
joha74: mucks hand
echsecution collected $35.50 from pot
*** SUMMARY ***
Total pot $36 | Rake $0.50
Board [6s 7d 8d Qs 5c]
Seat 1: echsecution (big blind) showed [Kd 7s] and won ($35.50) with a pair of Sevens
Seat 2: joha74 (button) (small blind) mucked


PokerStars Hand #146975373577:  Hold'em Limit ($3/$6 USD) - 2016/01/13 12:28:07 ET
Table 'Antilochus II' 2-max Seat #1 is the button
Seat 1: echsecution ($124.06 in chips)
Seat 2: joha74 ($202.21 in chips)
echsecution: posts small blind $1
joha74: posts big blind $3
*** HOLE CARDS ***
echsecution: raises $3 to $6
joha74: raises $3 to $9
echsecution: calls $3
*** FLOP *** [Ts 6s 2h]
joha74: bets $3
echsecution: calls $3
*** TURN *** [Ts 6s 2h] [7s]
joha74: bets $6
echsecution: calls $6
*** RIVER *** [Ts 6s 2h 7s] [Td]
joha74: bets $6
echsecution: calls $6
*** SHOW DOWN ***
joha74: shows [2d 3d] (two pair, Tens and Deuces)
echsecution: mucks hand
joha74 collected $47.50 from pot
*** SUMMARY ***
Total pot $48 | Rake $0.50
Board [Ts 6s 2h 7s Td]
Seat 1: echsecution (button) (small blind) mucked
Seat 2: joha74 (big blind) showed [2d 3d] and won ($47.50) with two pair, Tens and Deuces


PokerStars Hand #146975390835:  Hold'em Limit ($3/$6 USD) - 2016/01/13 12:28:27 ET
Table 'Antilochus II' 2-max Seat #2 is the button
Seat 1: echsecution ($100.06 in chips)
Seat 2: joha74 ($225.71 in chips)
joha74: posts small blind $1
echsecution: posts big blind $3
*** HOLE CARDS ***
joha74: raises $3 to $6
echsecution: calls $3
*** FLOP *** [6d Tc 8s]
echsecution: checks
joha74: bets $3
echsecution: calls $3
*** TURN *** [6d Tc 8s] [3c]
echsecution: checks
joha74: bets $6
echsecution: calls $6
*** RIVER *** [6d Tc 8s 3c] [8h]
echsecution: checks
joha74: checks
*** SHOW DOWN ***
echsecution: shows [Qc 4c] (a pair of Eights)
joha74: shows [5d Ac] (a pair of Eights - Ace kicker)
joha74 collected $29.50 from pot
*** SUMMARY ***
Total pot $30 | Rake $0.50
Board [6d Tc 8s 3c 8h]
Seat 1: echsecution (big blind) showed [Qc 4c] and lost with a pair of Eights
Seat 2: joha74 (button) (small blind) showed [5d Ac] and won ($29.50) with a pair of Eights


PokerStars Hand #146975424370:  Hold'em Limit ($3/$6 USD) - 2016/01/13 12:29:04 ET
Table 'Antilochus II' 2-max Seat #1 is the button
Seat 1: echsecution ($85.06 in chips)
Seat 2: joha74 ($240.21 in chips)
echsecution: posts small blind $1
joha74: posts big blind $3
*** HOLE CARDS ***
echsecution: raises $3 to $6
joha74: calls $3
*** FLOP *** [Jc 5c Jd]
joha74: checks
echsecution: bets $3
joha74: calls $3
*** TURN *** [Jc 5c Jd] [4d]
joha74: checks
echsecution: bets $6
joha74: folds
Uncalled bet ($6) returned to echsecution
echsecution collected $17.64 from pot
echsecution: doesn't show hand
*** SUMMARY ***
Total pot $18 | Rake $0.36
Board [Jc 5c Jd 4d]
Seat 1: echsecution (button) (small blind) collected ($17.64)
Seat 2: joha74 (big blind) folded on the Turn


PokerStars Hand #146975444494:  Hold'em Limit ($3/$6 USD) - 2016/01/13 12:29:27 ET
Table 'Antilochus II' 2-max Seat #2 is the button
Seat 1: echsecution ($93.70 in chips)
Seat 2: joha74 ($231.21 in chips)
joha74: posts small blind $1
echsecution: posts big blind $3
*** HOLE CARDS ***
joha74: raises $3 to $6
echsecution: calls $3
*** FLOP *** [Ts Tc Qc]
echsecution: checks
joha74: bets $3
echsecution: folds
Uncalled bet ($3) returned to joha74
joha74 collected $11.76 from pot
joha74: doesn't show hand
*** SUMMARY ***
Total pot $12 | Rake $0.24
Board [Ts Tc Qc]
Seat 1: echsecution (big blind) folded on the Flop
Seat 2: joha74 (button) (small blind) collected ($11.76)


PokerStars Hand #146975452951:  Hold'em Limit ($3/$6 USD) - 2016/01/13 12:29:37 ET
Table 'Antilochus II' 2-max Seat #1 is the button
Seat 1: echsecution ($87.70 in chips)
Seat 2: joha74 ($236.97 in chips)
echsecution: posts small blind $1
joha74: posts big blind $3
*** HOLE CARDS ***
echsecution: raises $3 to $6
joha74: raises $3 to $9
echsecution: calls $3
*** FLOP *** [Js 4s 7c]
joha74: bets $3
echsecution: raises $3 to $6
joha74: calls $3
*** TURN *** [Js 4s 7c] [9c]
joha74: checks
echsecution: bets $6
joha74: calls $6
*** RIVER *** [Js 4s 7c 9c] [2h]
joha74: checks
echsecution: bets $6
joha74: calls $6
*** SHOW DOWN ***
echsecution: shows [7s Tc] (a pair of Sevens)
joha74: mucks hand
echsecution collected $53.50 from pot
*** SUMMARY ***
Total pot $54 | Rake $0.50
Board [Js 4s 7c 9c 2h]
Seat 1: echsecution (button) (small blind) showed [7s Tc] and won ($53.50) with a pair of Sevens
Seat 2: joha74 (big blind) mucked


PokerStars Hand #146975474750:  Hold'em Limit ($3/$6 USD) - 2016/01/13 12:30:01 ET
Table 'Antilochus II' 2-max Seat #2 is the button
Seat 1: echsecution ($114.20 in chips)
Seat 2: joha74 ($209.97 in chips)
joha74: posts small blind $1
echsecution: posts big blind $3
*** HOLE CARDS ***
joha74: raises $3 to $6
echsecution: calls $3
*** FLOP *** [Qc 9c 7d]
echsecution: checks
joha74: bets $3
echsecution: calls $3
*** TURN *** [Qc 9c 7d] [8h]
echsecution: checks
joha74: checks
*** RIVER *** [Qc 9c 7d 8h] [2c]
echsecution: checks
joha74: checks
*** SHOW DOWN ***
echsecution: shows [Kd 3d] (high card King)
joha74: shows [5h Ah] (high card Ace)
joha74 collected $17.64 from pot
*** SUMMARY ***
Total pot $18 | Rake $0.36
Board [Qc 9c 7d 8h 2c]
Seat 1: echsecution (big blind) showed [Kd 3d] and lost with high card King
Seat 2: joha74 (button) (small blind) showed [5h Ah] and won ($17.64) with high card Ace


PokerStars Hand #146975491750:  Hold'em Limit ($3/$6 USD) - 2016/01/13 12:30:20 ET
Table 'Antilochus II' 2-max Seat #1 is the button
Seat 1: echsecution ($105.20 in chips)
Seat 2: joha74 ($218.61 in chips)
echsecution: posts small blind $1
joha74: posts big blind $3
*** HOLE CARDS ***
echsecution: raises $3 to $6
joha74: calls $3
*** FLOP *** [Qd 3d Td]
joha74: checks
echsecution: bets $3
joha74: folds
Uncalled bet ($3) returned to echsecution
echsecution collected $11.76 from pot
echsecution: doesn't show hand
*** SUMMARY ***
Total pot $12 | Rake $0.24
Board [Qd 3d Td]
Seat 1: echsecution (button) (small blind) collected ($11.76)
Seat 2: joha74 (big blind) folded on the Flop


PokerStars Hand #146975501007:  Hold'em Limit ($3/$6 USD) - 2016/01/13 12:30:30 ET
Table 'Antilochus II' 2-max Seat #2 is the button
Seat 1: echsecution ($110.96 in chips)
Seat 2: joha74 ($212.61 in chips)
joha74: posts small blind $1
echsecution: posts big blind $3
*** HOLE CARDS ***
joha74: raises $3 to $6
echsecution: calls $3
*** FLOP *** [4s Ac Qh]
echsecution: checks
joha74: bets $3
echsecution: raises $3 to $6
joha74: calls $3
*** TURN *** [4s Ac Qh] [As]
echsecution: bets $6
joha74: raises $6 to $12
echsecution: folds
Uncalled bet ($6) returned to joha74
joha74 collected $35.50 from pot
joha74: doesn't show hand
*** SUMMARY ***
Total pot $36 | Rake $0.50
Board [4s Ac Qh As]
Seat 1: echsecution (big blind) folded on the Turn
Seat 2: joha74 (button) (small blind) collected ($35.50)


PokerStars Hand #146975513897:  Hold'em Limit ($3/$6 USD) - 2016/01/13 12:30:45 ET
Table 'Antilochus II' 2-max Seat #1 is the button
Seat 1: echsecution ($92.96 in chips)
Seat 2: joha74 ($230.11 in chips)
echsecution: posts small blind $1
joha74: posts big blind $3
*** HOLE CARDS ***
echsecution: raises $3 to $6
joha74: calls $3
*** FLOP *** [As 3c 7c]
joha74: checks
echsecution: bets $3
joha74: calls $3
*** TURN *** [As 3c 7c] [Jd]
joha74: checks
echsecution: bets $6
joha74: folds
Uncalled bet ($6) returned to echsecution
echsecution collected $17.64 from pot
echsecution: doesn't show hand
*** SUMMARY ***
Total pot $18 | Rake $0.36
Board [As 3c 7c Jd]
Seat 1: echsecution (button) (small blind) collected ($17.64)
Seat 2: joha74 (big blind) folded on the Turn


PokerStars Hand #146975548313:  Hold'em Limit ($3/$6 USD) - 2016/01/13 12:31:23 ET
Table 'Antilochus II' 2-max Seat #1 is the button
Seat 1: echsecution ($110.24 in chips)
Seat 2: joha74 ($212.11 in chips)
echsecution: posts small blind $1
joha74: posts big blind $3
*** HOLE CARDS ***
echsecution: raises $3 to $6
joha74: calls $3
*** FLOP *** [3s 4d 6h]
joha74: checks
echsecution: bets $3
joha74: raises $3 to $6
echsecution: calls $3
*** TURN *** [3s 4d 6h] [Jc]
joha74: bets $6
echsecution: calls $6
*** RIVER *** [3s 4d 6h Jc] [Kh]
joha74: bets $6
echsecution: calls $6
*** SHOW DOWN ***
joha74: shows [6s Jd] (two pair, Jacks and Sixes)
echsecution: mucks hand
joha74 collected $47.50 from pot
*** SUMMARY ***
Total pot $48 | Rake $0.50
Board [3s 4d 6h Jc Kh]
Seat 1: echsecution (button) (small blind) mucked
Seat 2: joha74 (big blind) showed [6s Jd] and won ($47.50) with two pair, Jacks and Sixes


PokerStars Hand #146975534156:  Hold'em Limit ($3/$6 USD) - 2016/01/13 12:31:07 ET
Table 'Antilochus II' 2-max Seat #2 is the button
Seat 1: echsecution ($101.60 in chips)
Seat 2: joha74 ($221.11 in chips)
joha74: posts small blind $1
echsecution: posts big blind $3
*** HOLE CARDS ***
joha74: raises $3 to $6
echsecution: raises $3 to $9
joha74: calls $3
*** FLOP *** [3s Td 3c]
echsecution: bets $3
joha74: folds
Uncalled bet ($3) returned to echsecution
echsecution collected $17.64 from pot
echsecution: doesn't show hand
*** SUMMARY ***
Total pot $18 | Rake $0.36
Board [3s Td 3c]
Seat 1: echsecution (big blind) collected ($17.64)
Seat 2: joha74 (button) (small blind) folded on the Flop


PokerStars Hand #146975571638:  Hold'em Limit ($3/$6 USD) - 2016/01/13 12:31:50 ET
Table 'Antilochus II' 2-max Seat #2 is the button
Seat 1: echsecution ($86.24 in chips)
Seat 2: joha74 ($235.61 in chips)
joha74: posts small blind $1
echsecution: posts big blind $3
*** HOLE CARDS ***
joha74: raises $3 to $6
echsecution: calls $3
*** FLOP *** [5c 7c 5s]
echsecution: checks
joha74: checks
*** TURN *** [5c 7c 5s] [Jd]
echsecution: bets $6
joha74: raises $6 to $12
echsecution: calls $6
*** RIVER *** [5c 7c 5s Jd] [9c]
echsecution: checks
joha74: bets $6
echsecution: calls $6
*** SHOW DOWN ***
joha74: shows [Jh Ks] (two pair, Jacks and Fives)
echsecution: mucks hand
joha74 collected $47.50 from pot
*** SUMMARY ***
Total pot $48 | Rake $0.50
Board [5c 7c 5s Jd 9c]
Seat 1: echsecution (big blind) mucked
Seat 2: joha74 (button) (small blind) showed [Jh Ks] and won ($47.50) with two pair, Jacks and Fives


PokerStars Hand #146975594803:  Hold'em Limit ($3/$6 USD) - 2016/01/13 12:32:16 ET
Table 'Antilochus II' 2-max Seat #1 is the button
Seat 1: echsecution ($72 in chips)
Seat 2: joha74 ($259.11 in chips)
echsecution: posts small blind $1
joha74: posts big blind $3
*** HOLE CARDS ***
echsecution: folds
Uncalled bet ($2) returned to joha74
joha74 collected $2 from pot
joha74: doesn't show hand
*** SUMMARY ***
Total pot $2 | Rake $0
Seat 1: echsecution (button) (small blind) folded before Flop
Seat 2: joha74 (big blind) collected ($2)


PokerStars Hand #146975607875:  Hold'em Limit ($3/$6 USD) - 2016/01/13 12:32:30 ET
Table 'Antilochus II' 2-max Seat #2 is the button
Seat 1: echsecution ($72 in chips)
Seat 2: joha74 ($260.11 in chips)
joha74: posts small blind $1
echsecution: posts big blind $3
*** HOLE CARDS ***
joha74: raises $3 to $6
echsecution: folds
Uncalled bet ($3) returned to joha74
joha74 collected $6 from pot
joha74: doesn't show hand
*** SUMMARY ***
Total pot $6 | Rake $0
Seat 1: echsecution (big blind) folded before Flop
Seat 2: joha74 (button) (small blind) collected ($6)


PokerStars Hand #146975616555:  Hold'em Limit ($3/$6 USD) - 2016/01/13 12:32:40 ET
Table 'Antilochus II' 2-max Seat #1 is the button
Seat 1: echsecution ($72 in chips)
Seat 2: joha74 ($263.11 in chips)
echsecution: posts small blind $1
joha74: posts big blind $3
*** HOLE CARDS ***
echsecution: raises $3 to $6
joha74: calls $3
*** FLOP *** [7h 4s Qs]
joha74: checks
echsecution: checks
*** TURN *** [7h 4s Qs] [6h]
joha74: checks
echsecution: bets $6
joha74: folds
Uncalled bet ($6) returned to echsecution
echsecution collected $11.76 from pot
echsecution: doesn't show hand
*** SUMMARY ***
Total pot $12 | Rake $0.24
Board [7h 4s Qs 6h]
Seat 1: echsecution (button) (small blind) collected ($11.76)
Seat 2: joha74 (big blind) folded on the Turn


PokerStars Hand #146975631707:  Hold'em Limit ($3/$6 USD) - 2016/01/13 12:32:57 ET
Table 'Antilochus II' 2-max Seat #2 is the button
Seat 1: echsecution ($77.76 in chips)
Seat 2: joha74 ($257.11 in chips)
joha74: posts small blind $1
echsecution: posts big blind $3
*** HOLE CARDS ***
joha74: raises $3 to $6
echsecution: calls $3
*** FLOP *** [4s Jh 7c]
echsecution: checks
joha74: bets $3
echsecution: calls $3
*** TURN *** [4s Jh 7c] [7h]
echsecution: checks
joha74: bets $6
echsecution: calls $6
*** RIVER *** [4s Jh 7c 7h] [8h]
echsecution: checks
joha74: bets $6
echsecution: calls $6
*** SHOW DOWN ***
joha74: shows [As 7d] (three of a kind, Sevens)
echsecution: mucks hand
joha74 collected $41.50 from pot
*** SUMMARY ***
Total pot $42 | Rake $0.50
Board [4s Jh 7c 7h 8h]
Seat 1: echsecution (big blind) mucked
Seat 2: joha74 (button) (small blind) showed [As 7d] and won ($41.50) with three of a kind, Sevens


PokerStars Hand #146975648654:  Hold'em Limit ($3/$6 USD) - 2016/01/13 12:33:16 ET
Table 'Antilochus II' 2-max Seat #1 is the button
Seat 1: echsecution ($72 in chips)
Seat 2: joha74 ($277.61 in chips)
echsecution: posts small blind $1
joha74: posts big blind $3
*** HOLE CARDS ***
echsecution: raises $3 to $6
joha74: calls $3
*** FLOP *** [2h Ah 4h]
joha74: checks
echsecution: bets $3
joha74: raises $3 to $6
echsecution: calls $3
*** TURN *** [2h Ah 4h] [8d]
joha74: bets $6
echsecution: calls $6
*** RIVER *** [2h Ah 4h 8d] [3s]
joha74: checks
echsecution: bets $6
joha74: calls $6
*** SHOW DOWN ***
echsecution: shows [As 6d] (a pair of Aces)
joha74: shows [3h Ad] (two pair, Aces and Threes)
joha74 collected $47.50 from pot
*** SUMMARY ***
Total pot $48 | Rake $0.50
Board [2h Ah 4h 8d 3s]
Seat 1: echsecution (button) (small blind) showed [As 6d] and lost with a pair of Aces
Seat 2: joha74 (big blind) showed [3h Ad] and won ($47.50) with two pair, Aces and Threes


PokerStars Hand #146975669962:  Hold'em Limit ($3/$6 USD) - 2016/01/13 12:33:40 ET
Table 'Antilochus II' 2-max Seat #2 is the button
Seat 1: echsecution ($72 in chips)
Seat 2: joha74 ($301.11 in chips)
joha74: posts small blind $1
echsecution: posts big blind $3
*** HOLE CARDS ***
joha74: raises $3 to $6
echsecution: raises $3 to $9
joha74: calls $3
*** FLOP *** [4c Qc 7d]
echsecution: bets $3
joha74: folds
Uncalled bet ($3) returned to echsecution
echsecution collected $17.64 from pot
echsecution: doesn't show hand
*** SUMMARY ***
Total pot $18 | Rake $0.36
Board [4c Qc 7d]
Seat 1: echsecution (big blind) collected ($17.64)
Seat 2: joha74 (button) (small blind) folded on the Flop


PokerStars Hand #146979567984:  Hold'em Limit ($3/$6 USD) - 2016/01/13 13:42:36 ET
Table 'Antilochus II' 2-max Seat #2 is the button
Seat 1: echsecution ($72 in chips)
Seat 2: perten ($88.51 in chips)
perten: posts small blind $1
echsecution: posts big blind $3
*** HOLE CARDS ***
perten: raises $3 to $6
echsecution: calls $3
*** FLOP *** [2d Js 2s]
echsecution: checks
perten: checks
*** TURN *** [2d Js 2s] [3c]
echsecution: checks
perten: checks
*** RIVER *** [2d Js 2s 3c] [8s]
echsecution: checks
perten: checks
*** SHOW DOWN ***
echsecution: shows [Kc 6h] (a pair of Deuces)
perten: mucks hand
echsecution collected $11.76 from pot
*** SUMMARY ***
Total pot $12 | Rake $0.24
Board [2d Js 2s 3c 8s]
Seat 1: echsecution (big blind) showed [Kc 6h] and won ($11.76) with a pair of Deuces
Seat 2: perten (button) (small blind) mucked


PokerStars Hand #146979552877:  Hold'em Limit ($3/$6 USD) - 2016/01/13 13:42:21 ET
Table 'Antilochus II' 2-max Seat #1 is the button
Seat 1: echsecution ($72 in chips)
Seat 2: perten ($74.01 in chips)
echsecution: posts small blind $1
perten: posts big blind $3
*** HOLE CARDS ***
echsecution: raises $3 to $6
perten: calls $3
*** FLOP *** [Jh 6d 2c]
perten: checks
echsecution: bets $3
perten: calls $3
*** TURN *** [Jh 6d 2c] [Js]
perten: checks
echsecution: bets $6
perten: calls $6
*** RIVER *** [Jh 6d 2c Js] [Td]
perten: checks
echsecution: checks
*** SHOW DOWN ***
perten: shows [6s Ks] (two pair, Jacks and Sixes)
echsecution: mucks hand
perten collected $29.50 from pot
*** SUMMARY ***
Total pot $30 | Rake $0.50
Board [Jh 6d 2c Js Td]
Seat 1: echsecution (button) (small blind) mucked
Seat 2: perten (big blind) showed [6s Ks] and won ($29.50) with two pair, Jacks and Sixes


PokerStars Hand #146979530605:  Hold'em Limit ($3/$6 USD) - 2016/01/13 13:42:01 ET
Table 'Antilochus II' 2-max Seat #2 is the button
Seat 1: echsecution ($86.40 in chips)
Seat 2: perten ($56.51 in chips)
perten: posts small blind $1
echsecution: posts big blind $3
*** HOLE CARDS ***
perten: calls $2
echsecution: checks
*** FLOP *** [Kc 2s 4s]
echsecution: bets $3
perten: calls $3
*** TURN *** [Kc 2s 4s] [3c]
echsecution: bets $6
perten: calls $6
*** RIVER *** [Kc 2s 4s 3c] [2h]
echsecution: checks
perten: bets $6
echsecution: calls $6
*** SHOW DOWN ***
perten: shows [2d 6d] (three of a kind, Deuces)
echsecution: mucks hand
perten collected $35.50 from pot
*** SUMMARY ***
Total pot $36 | Rake $0.50
Board [Kc 2s 4s 3c 2h]
Seat 1: echsecution (big blind) mucked
Seat 2: perten (button) (small blind) showed [2d 6d] and won ($35.50) with three of a kind, Deuces


PokerStars Hand #146979877729:  Hold'em Limit ($3/$6 USD) - 2016/01/13 13:47:40 ET
Table 'Antilochus II' 2-max Seat #1 is the button
Seat 1: echsecution ($100.26 in chips)
Seat 2: perten ($59.51 in chips)
echsecution: posts small blind $1
perten: posts big blind $3
*** HOLE CARDS ***
echsecution: raises $3 to $6
perten: raises $3 to $9
echsecution: calls $3
*** FLOP *** [2s 5d 3d]
perten: bets $3
echsecution: calls $3
*** TURN *** [2s 5d 3d] [5h]
perten: bets $6
echsecution: calls $6
*** RIVER *** [2s 5d 3d 5h] [Kd]
perten: bets $6
echsecution: folds
Uncalled bet ($6) returned to perten
perten collected $35.50 from pot
perten: doesn't show hand
*** SUMMARY ***
Total pot $36 | Rake $0.50
Board [2s 5d 3d 5h Kd]
Seat 1: echsecution (button) (small blind) folded on the River
Seat 2: perten (big blind) collected ($35.50)


PokerStars Hand #146979871274:  Hold'em Limit ($3/$6 USD) - 2016/01/13 13:47:33 ET
Table 'Antilochus II' 2-max Seat #2 is the button
Seat 1: echsecution ($103.26 in chips)
Seat 2: perten ($56.51 in chips)
perten: posts small blind $1
echsecution: posts big blind $3
*** HOLE CARDS ***
perten: raises $3 to $6
echsecution: folds
Uncalled bet ($3) returned to perten
perten collected $6 from pot
perten: doesn't show hand
*** SUMMARY ***
Total pot $6 | Rake $0
Seat 1: echsecution (big blind) folded before Flop
Seat 2: perten (button) (small blind) collected ($6)


PokerStars Hand #146979865995:  Hold'em Limit ($3/$6 USD) - 2016/01/13 13:47:28 ET
Table 'Antilochus II' 2-max Seat #1 is the button
Seat 1: echsecution ($100.26 in chips)
Seat 2: perten ($59.51 in chips)
echsecution: posts small blind $1
perten: posts big blind $3
*** HOLE CARDS ***
echsecution: raises $3 to $6
perten: folds
Uncalled bet ($3) returned to echsecution
echsecution collected $6 from pot
echsecution: doesn't show hand
*** SUMMARY ***
Total pot $6 | Rake $0
Seat 1: echsecution (button) (small blind) collected ($6)
Seat 2: perten (big blind) folded before Flop


PokerStars Hand #146979850772:  Hold'em Limit ($3/$6 USD) - 2016/01/13 13:47:13 ET
Table 'Antilochus II' 2-max Seat #2 is the button
Seat 1: echsecution ($76.76 in chips)
Seat 2: perten ($83.51 in chips)
perten: posts small blind $1
echsecution: posts big blind $3
*** HOLE CARDS ***
perten: raises $3 to $6
echsecution: raises $3 to $9
perten: calls $3
*** FLOP *** [5d Qd Kd]
echsecution: bets $3
perten: calls $3
*** TURN *** [5d Qd Kd] [Ts]
echsecution: bets $6
perten: calls $6
*** RIVER *** [5d Qd Kd Ts] [Tc]
echsecution: bets $6
perten: calls $6
*** SHOW DOWN ***
echsecution: shows [Kc Ad] (two pair, Kings and Tens)
perten: mucks hand
echsecution collected $47.50 from pot
*** SUMMARY ***
Total pot $48 | Rake $0.50
Board [5d Qd Kd Ts Tc]
Seat 1: echsecution (big blind) showed [Kc Ad] and won ($47.50) with two pair, Kings and Tens
Seat 2: perten (button) (small blind) mucked


PokerStars Hand #146979843316:  Hold'em Limit ($3/$6 USD) - 2016/01/13 13:47:06 ET
Table 'Antilochus II' 2-max Seat #1 is the button
Seat 1: echsecution ($77.76 in chips)
Seat 2: perten ($82.51 in chips)
echsecution: posts small blind $1
perten: posts big blind $3
*** HOLE CARDS ***
echsecution: folds
Uncalled bet ($2) returned to perten
perten collected $2 from pot
perten: doesn't show hand
*** SUMMARY ***
Total pot $2 | Rake $0
Seat 1: echsecution (button) (small blind) folded before Flop
Seat 2: perten (big blind) collected ($2)


PokerStars Hand #146979941021:  Hold'em Limit ($3/$6 USD) - 2016/01/13 13:48:42 ET
Table 'Antilochus II' 2-max Seat #2 is the button
Seat 1: echsecution ($72 in chips)
Seat 2: perten ($89.41 in chips)
perten: posts small blind $1
echsecution: posts big blind $3
*** HOLE CARDS ***
perten: raises $3 to $6
echsecution: calls $3
*** FLOP *** [Ks 3h 3d]
echsecution: checks
perten: bets $3
echsecution: calls $3
*** TURN *** [Ks 3h 3d] [6d]
echsecution: checks
perten: checks
*** RIVER *** [Ks 3h 3d 6d] [Js]
echsecution: checks
perten: checks
*** SHOW DOWN ***
echsecution: shows [Ah 2c] (a pair of Threes)
perten: shows [Qh Ad] (a pair of Threes - Ace+King+Queen kicker)
perten collected $17.64 from pot
*** SUMMARY ***
Total pot $18 | Rake $0.36
Board [Ks 3h 3d 6d Js]
Seat 1: echsecution (big blind) showed [Ah 2c] and lost with a pair of Threes
Seat 2: perten (button) (small blind) showed [Qh Ad] and won ($17.64) with a pair of Threes


PokerStars Hand #146979931174:  Hold'em Limit ($3/$6 USD) - 2016/01/13 13:48:32 ET
Table 'Antilochus II' 2-max Seat #1 is the button
Seat 1: echsecution ($74.90 in chips)
Seat 2: perten ($83.65 in chips)
echsecution: posts small blind $1
perten: posts big blind $3
*** HOLE CARDS ***
echsecution: raises $3 to $6
perten: calls $3
*** FLOP *** [6c 2s 2d]
perten: bets $3
echsecution: folds
Uncalled bet ($3) returned to perten
perten collected $11.76 from pot
perten: doesn't show hand
*** SUMMARY ***
Total pot $12 | Rake $0.24
Board [6c 2s 2d]
Seat 1: echsecution (button) (small blind) folded on the Flop
Seat 2: perten (big blind) collected ($11.76)


PokerStars Hand #146979926022:  Hold'em Limit ($3/$6 USD) - 2016/01/13 13:48:27 ET
Table 'Antilochus II' 2-max Seat #2 is the button
Seat 1: echsecution ($77.90 in chips)
Seat 2: perten ($80.65 in chips)
perten: posts small blind $1
echsecution: posts big blind $3
*** HOLE CARDS ***
perten: raises $3 to $6
echsecution: folds
Uncalled bet ($3) returned to perten
perten collected $6 from pot
perten: doesn't show hand
*** SUMMARY ***
Total pot $6 | Rake $0
Seat 1: echsecution (big blind) folded before Flop
Seat 2: perten (button) (small blind) collected ($6)


PokerStars Hand #146979917459:  Hold'em Limit ($3/$6 USD) - 2016/01/13 13:48:19 ET
Table 'Antilochus II' 2-max Seat #1 is the button
Seat 1: echsecution ($86.90 in chips)
Seat 2: perten ($72.01 in chips)
echsecution: posts small blind $1
perten: posts big blind $3
*** HOLE CARDS ***
echsecution: raises $3 to $6
perten: raises $3 to $9
echsecution: calls $3
*** FLOP *** [Jd Kd Ac]
perten: bets $3
echsecution: folds
Uncalled bet ($3) returned to perten
perten collected $17.64 from pot
perten: doesn't show hand
*** SUMMARY ***
Total pot $18 | Rake $0.36
Board [Jd Kd Ac]
Seat 1: echsecution (button) (small blind) folded on the Flop
Seat 2: perten (big blind) collected ($17.64)


PokerStars Hand #146979911445:  Hold'em Limit ($3/$6 USD) - 2016/01/13 13:48:13 ET
Table 'Antilochus II' 2-max Seat #2 is the button
Seat 1: echsecution ($89.90 in chips)
Seat 2: perten ($69.01 in chips)
perten: posts small blind $1
echsecution: posts big blind $3
*** HOLE CARDS ***
perten: raises $3 to $6
echsecution: folds
Uncalled bet ($3) returned to perten
perten collected $6 from pot
perten: doesn't show hand
*** SUMMARY ***
Total pot $6 | Rake $0
Seat 1: echsecution (big blind) folded before Flop
Seat 2: perten (button) (small blind) collected ($6)


PokerStars Hand #146979906202:  Hold'em Limit ($3/$6 USD) - 2016/01/13 13:48:08 ET
Table 'Antilochus II' 2-max Seat #1 is the button
Seat 1: echsecution ($90.90 in chips)
Seat 2: perten ($68.01 in chips)
echsecution: posts small blind $1
perten: posts big blind $3
*** HOLE CARDS ***
echsecution: folds
Uncalled bet ($2) returned to perten
perten collected $2 from pot
perten: doesn't show hand
*** SUMMARY ***
Total pot $2 | Rake $0
Seat 1: echsecution (button) (small blind) folded before Flop
Seat 2: perten (big blind) collected ($2)


PokerStars Hand #146979893417:  Hold'em Limit ($3/$6 USD) - 2016/01/13 13:47:55 ET
Table 'Antilochus II' 2-max Seat #2 is the button
Seat 1: echsecution ($82.26 in chips)
Seat 2: perten ($77.01 in chips)
perten: posts small blind $1
echsecution: posts big blind $3
*** HOLE CARDS ***
perten: raises $3 to $6
echsecution: calls $3
*** FLOP *** [8s 7d Ad]
echsecution: checks
perten: bets $3
echsecution: raises $3 to $6
perten: folds
Uncalled bet ($3) returned to echsecution
echsecution collected $17.64 from pot
echsecution: doesn't show hand
*** SUMMARY ***
Total pot $18 | Rake $0.36
Board [8s 7d Ad]
Seat 1: echsecution (big blind) collected ($17.64)
Seat 2: perten (button) (small blind) folded on the Flop


PokerStars Hand #146979968990:  Hold'em Limit ($3/$6 USD) - 2016/01/13 13:49:09 ET
Table 'Antilochus II' 2-max Seat #2 is the button
Seat 1: echsecution ($72 in chips)
Seat 2: perten ($115.55 in chips)
perten: posts small blind $1
echsecution: posts big blind $3
*** HOLE CARDS ***
perten: raises $3 to $6
echsecution: calls $3
*** FLOP *** [3d Ts 5d]
echsecution: checks
perten: bets $3
echsecution: folds
Uncalled bet ($3) returned to perten
perten collected $11.76 from pot
perten: doesn't show hand
*** SUMMARY ***
Total pot $12 | Rake $0.24
Board [3d Ts 5d]
Seat 1: echsecution (big blind) folded on the Flop
Seat 2: perten (button) (small blind) collected ($11.76)


PokerStars Hand #146979954569:  Hold'em Limit ($3/$6 USD) - 2016/01/13 13:48:55 ET
Table 'Antilochus II' 2-max Seat #1 is the button
Seat 1: echsecution ($72 in chips)
Seat 2: perten ($98.05 in chips)
echsecution: posts small blind $1
perten: posts big blind $3
*** HOLE CARDS ***
echsecution: raises $3 to $6
perten: raises $3 to $9
echsecution: calls $3
*** FLOP *** [Td 7d 3s]
perten: bets $3
echsecution: calls $3
*** TURN *** [Td 7d 3s] [Qd]
perten: bets $6
echsecution: calls $6
*** RIVER *** [Td 7d 3s Qd] [Kc]
perten: checks
echsecution: checks
*** SHOW DOWN ***
perten: shows [Ad 7h] (a pair of Sevens)
echsecution: mucks hand
perten collected $35.50 from pot
*** SUMMARY ***
Total pot $36 | Rake $0.50
Board [Td 7d 3s Qd Kc]
Seat 1: echsecution (button) (small blind) mucked
Seat 2: perten (big blind) showed [Ad 7h] and won ($35.50) with a pair of Sevens


PokerStars Hand #146983634678:  Hold'em Limit ($3/$6 USD) - 2016/01/13 14:50:25 ET
Table 'Antilochus II' 2-max Seat #2 is the button
Seat 1: echsecution ($72 in chips)
Seat 2: perten ($128.64 in chips)
perten: posts small blind $1
echsecution: posts big blind $3
*** HOLE CARDS ***
perten: raises $3 to $6
echsecution: calls $3
*** FLOP *** [Ts Jh 5d]
echsecution: checks
perten: bets $3
echsecution: calls $3
*** TURN *** [Ts Jh 5d] [Jc]
echsecution: checks
perten: bets $6
echsecution: calls $6
*** RIVER *** [Ts Jh 5d Jc] [3d]
echsecution: checks
perten: bets $6
echsecution: calls $6
*** SHOW DOWN ***
perten: shows [9s Th] (two pair, Jacks and Tens)
echsecution: mucks hand
perten collected $41.50 from pot
*** SUMMARY ***
Total pot $42 | Rake $0.50
Board [Ts Jh 5d Jc 3d]
Seat 1: echsecution (big blind) mucked
Seat 2: perten (button) (small blind) showed [9s Th] and won ($41.50) with two pair, Jacks and Tens


