PokerStars Hand #156298131217:  Hold'em Limit ($3/$6 USD) - 2016/07/22 11:14:21 ET
Table 'Antilia' 6-max Seat #4 is the button
Seat 3: topcat1422 ($270.63 in chips)
Seat 4: AzureCaper ($90.50 in chips)
AzureCaper: posts small blind $1
topcat1422: posts big blind $3
*** HOLE CARDS ***
AzureCaper: folds
Uncalled bet ($2) returned to topcat1422
topcat1422 collected $2 from pot
topcat1422: doesn't show hand
*** SUMMARY ***
Total pot $2 | Rake $0
Seat 3: topcat1422 (big blind) collected ($2)
Seat 4: AzureCaper (button) (small blind) folded before Flop


PokerStars Hand #156298128513:  Hold'em Limit ($3/$6 USD) - 2016/07/22 11:14:17 ET
Table 'Antilia' 6-max Seat #3 is the button
Seat 3: topcat1422 ($271.63 in chips)
Seat 4: AzureCaper ($89.50 in chips)
topcat1422: posts small blind $1
AzureCaper: posts big blind $3
*** HOLE CARDS ***
topcat1422: folds
Uncalled bet ($2) returned to AzureCaper
AzureCaper collected $2 from pot
AzureCaper: doesn't show hand
*** SUMMARY ***
Total pot $2 | Rake $0
Seat 3: topcat1422 (button) (small blind) folded before Flop
Seat 4: AzureCaper (big blind) collected ($2)


PokerStars Hand #156298115303:  Hold'em Limit ($3/$6 USD) - 2016/07/22 11:13:53 ET
Table 'Antilia' 6-max Seat #4 is the button
Seat 3: topcat1422 ($289.63 in chips)
Seat 4: AzureCaper ($72 in chips)
AzureCaper: posts small blind $1
topcat1422: posts big blind $3
*** HOLE CARDS ***
AzureCaper: raises $3 to $6
topcat1422: calls $3
*** FLOP *** [9h 7s 4h]
topcat1422: checks
AzureCaper: checks
*** TURN *** [9h 7s 4h] [5h]
topcat1422: bets $6
AzureCaper: calls $6
*** RIVER *** [9h 7s 4h 5h] [9d]
topcat1422: bets $6
AzureCaper: calls $6
*** SHOW DOWN ***
topcat1422: shows [2s 2c] (two pair, Nines and Deuces)
AzureCaper: shows [5c As] (two pair, Nines and Fives)
AzureCaper collected $35.50 from pot
*** SUMMARY ***
Total pot $36 | Rake $0.50
Board [9h 7s 4h 5h 9d]
Seat 3: topcat1422 (big blind) showed [2s 2c] and lost with two pair, Nines and Deuces
Seat 4: AzureCaper (button) (small blind) showed [5c As] and won ($35.50) with two pair, Nines and Fives


PokerStars Hand #156298103615:  Hold'em Limit ($3/$6 USD) - 2016/07/22 11:13:32 ET
Table 'Antilia' 6-max Seat #3 is the button
Seat 3: topcat1422 ($283.87 in chips)
Seat 4: AzureCaper ($72 in chips)
topcat1422: posts small blind $1
AzureCaper: posts big blind $3
*** HOLE CARDS ***
topcat1422: raises $3 to $6
AzureCaper: calls $3
*** FLOP *** [Ac Ks 5s]
AzureCaper: checks
topcat1422: bets $3
AzureCaper: folds
Uncalled bet ($3) returned to topcat1422
topcat1422 collected $11.76 from pot
topcat1422: doesn't show hand
*** SUMMARY ***
Total pot $12 | Rake $0.24
Board [Ac Ks 5s]
Seat 3: topcat1422 (button) (small blind) collected ($11.76)
Seat 4: AzureCaper (big blind) folded on the Flop


PokerStars Hand #156298159989:  Hold'em Limit ($3/$6 USD) - 2016/07/22 11:15:12 ET
Table 'Antilia' 6-max Seat #3 is the button
Seat 3: topcat1422 ($266.63 in chips)
Seat 4: AzureCaper ($94.26 in chips)
topcat1422: posts small blind $1
AzureCaper: posts big blind $3
*** HOLE CARDS ***
topcat1422: folds
Uncalled bet ($2) returned to AzureCaper
AzureCaper collected $2 from pot
AzureCaper: doesn't show hand
*** SUMMARY ***
Total pot $2 | Rake $0
Seat 3: topcat1422 (button) (small blind) folded before Flop
Seat 4: AzureCaper (big blind) collected ($2)


PokerStars Hand #156298156983:  Hold'em Limit ($3/$6 USD) - 2016/07/22 11:15:07 ET
Table 'Antilia' 6-max Seat #4 is the button
Seat 3: topcat1422 ($265.63 in chips)
Seat 4: AzureCaper ($95.26 in chips)
AzureCaper: posts small blind $1
topcat1422: posts big blind $3
*** HOLE CARDS ***
AzureCaper: folds
Uncalled bet ($2) returned to topcat1422
topcat1422 collected $2 from pot
topcat1422: doesn't show hand
*** SUMMARY ***
Total pot $2 | Rake $0
Seat 3: topcat1422 (big blind) collected ($2)
Seat 4: AzureCaper (button) (small blind) folded before Flop


PokerStars Hand #156298153054:  Hold'em Limit ($3/$6 USD) - 2016/07/22 11:15:00 ET
Table 'Antilia' 6-max Seat #3 is the button
Seat 3: topcat1422 ($262.63 in chips)
Seat 4: AzureCaper ($98.26 in chips)
topcat1422: posts small blind $1
AzureCaper: posts big blind $3
*** HOLE CARDS ***
topcat1422: raises $3 to $6
AzureCaper: folds
Uncalled bet ($3) returned to topcat1422
topcat1422 collected $6 from pot
topcat1422: doesn't show hand
*** SUMMARY ***
Total pot $6 | Rake $0
Seat 3: topcat1422 (button) (small blind) collected ($6)
Seat 4: AzureCaper (big blind) folded before Flop


PokerStars Hand #156298150649:  Hold'em Limit ($3/$6 USD) - 2016/07/22 11:14:56 ET
Table 'Antilia' 6-max Seat #4 is the button
Seat 3: topcat1422 ($261.63 in chips)
Seat 4: AzureCaper ($99.26 in chips)
AzureCaper: posts small blind $1
topcat1422: posts big blind $3
*** HOLE CARDS ***
AzureCaper: folds
Uncalled bet ($2) returned to topcat1422
topcat1422 collected $2 from pot
topcat1422: doesn't show hand
*** SUMMARY ***
Total pot $2 | Rake $0
Seat 3: topcat1422 (big blind) collected ($2)
Seat 4: AzureCaper (button) (small blind) folded before Flop


PokerStars Hand #156298147687:  Hold'em Limit ($3/$6 USD) - 2016/07/22 11:14:50 ET
Table 'Antilia' 6-max Seat #3 is the button
Seat 3: topcat1422 ($262.63 in chips)
Seat 4: AzureCaper ($98.26 in chips)
topcat1422: posts small blind $1
AzureCaper: posts big blind $3
*** HOLE CARDS ***
topcat1422: folds
Uncalled bet ($2) returned to AzureCaper
AzureCaper collected $2 from pot
AzureCaper: doesn't show hand
*** SUMMARY ***
Total pot $2 | Rake $0
Seat 3: topcat1422 (button) (small blind) folded before Flop
Seat 4: AzureCaper (big blind) collected ($2)


PokerStars Hand #156298144530:  Hold'em Limit ($3/$6 USD) - 2016/07/22 11:14:45 ET
Table 'Antilia' 6-max Seat #4 is the button
Seat 3: topcat1422 ($265.63 in chips)
Seat 4: AzureCaper ($95.26 in chips)
AzureCaper: posts small blind $1
topcat1422: posts big blind $3
*** HOLE CARDS ***
AzureCaper: raises $3 to $6
topcat1422: folds
Uncalled bet ($3) returned to AzureCaper
AzureCaper collected $6 from pot
AzureCaper: doesn't show hand
*** SUMMARY ***
Total pot $6 | Rake $0
Seat 3: topcat1422 (big blind) folded before Flop
Seat 4: AzureCaper (button) (small blind) collected ($6)


PokerStars Hand #156298133832:  Hold'em Limit ($3/$6 USD) - 2016/07/22 11:14:26 ET
Table 'Antilia' 6-max Seat #3 is the button
Seat 3: topcat1422 ($271.63 in chips)
Seat 4: AzureCaper ($89.50 in chips)
topcat1422: posts small blind $1
AzureCaper: posts big blind $3
*** HOLE CARDS ***
topcat1422: calls $2
AzureCaper: checks
*** FLOP *** [Kh 7d 5s]
AzureCaper: checks
topcat1422: bets $3
AzureCaper: calls $3
*** TURN *** [Kh 7d 5s] [7c]
AzureCaper: checks
topcat1422: checks
*** RIVER *** [Kh 7d 5s 7c] [4h]
AzureCaper: checks
topcat1422: checks
*** SHOW DOWN ***
AzureCaper: shows [5d 4c] (two pair, Sevens and Fives)
topcat1422: mucks hand
AzureCaper collected $11.76 from pot
*** SUMMARY ***
Total pot $12 | Rake $0.24
Board [Kh 7d 5s 7c 4h]
Seat 3: topcat1422 (button) (small blind) mucked
Seat 4: AzureCaper (big blind) showed [5d 4c] and won ($11.76) with two pair, Sevens and Fives


PokerStars Hand #156298194093:  Hold'em Limit ($3/$6 USD) - 2016/07/22 11:16:12 ET
Table 'Antilia' 6-max Seat #4 is the button
Seat 3: topcat1422 ($259.63 in chips)
Seat 4: AzureCaper ($100.90 in chips)
AzureCaper: posts small blind $1
topcat1422: posts big blind $3
*** HOLE CARDS ***
AzureCaper: raises $3 to $6
topcat1422: calls $3
*** FLOP *** [5h Ah 9c]
topcat1422: checks
AzureCaper: bets $3
topcat1422: folds
Uncalled bet ($3) returned to AzureCaper
AzureCaper collected $11.76 from pot
AzureCaper: doesn't show hand
*** SUMMARY ***
Total pot $12 | Rake $0.24
Board [5h Ah 9c]
Seat 3: topcat1422 (big blind) folded on the Flop
Seat 4: AzureCaper (button) (small blind) collected ($11.76)


PokerStars Hand #156298186200:  Hold'em Limit ($3/$6 USD) - 2016/07/22 11:15:58 ET
Table 'Antilia' 6-max Seat #3 is the button
Seat 3: topcat1422 ($256.63 in chips)
Seat 4: AzureCaper ($103.90 in chips)
topcat1422: posts small blind $1
AzureCaper: posts big blind $3
*** HOLE CARDS ***
topcat1422: raises $3 to $6
AzureCaper: folds
Uncalled bet ($3) returned to topcat1422
topcat1422 collected $6 from pot
topcat1422: doesn't show hand
*** SUMMARY ***
Total pot $6 | Rake $0
Seat 3: topcat1422 (button) (small blind) collected ($6)
Seat 4: AzureCaper (big blind) folded before Flop


PokerStars Hand #156298183013:  Hold'em Limit ($3/$6 USD) - 2016/07/22 11:15:53 ET
Table 'Antilia' 6-max Seat #4 is the button
Seat 3: topcat1422 ($259.63 in chips)
Seat 4: AzureCaper ($100.90 in chips)
AzureCaper: posts small blind $1
topcat1422: posts big blind $3
*** HOLE CARDS ***
AzureCaper: raises $3 to $6
topcat1422: folds
Uncalled bet ($3) returned to AzureCaper
AzureCaper collected $6 from pot
AzureCaper: doesn't show hand
*** SUMMARY ***
Total pot $6 | Rake $0
Seat 3: topcat1422 (big blind) folded before Flop
Seat 4: AzureCaper (button) (small blind) collected ($6)


PokerStars Hand #156298180477:  Hold'em Limit ($3/$6 USD) - 2016/07/22 11:15:48 ET
Table 'Antilia' 6-max Seat #3 is the button
Seat 3: topcat1422 ($260.63 in chips)
Seat 4: AzureCaper ($99.90 in chips)
topcat1422: posts small blind $1
AzureCaper: posts big blind $3
*** HOLE CARDS ***
topcat1422: folds
Uncalled bet ($2) returned to AzureCaper
AzureCaper collected $2 from pot
AzureCaper: doesn't show hand
*** SUMMARY ***
Total pot $2 | Rake $0
Seat 3: topcat1422 (button) (small blind) folded before Flop
Seat 4: AzureCaper (big blind) collected ($2)


PokerStars Hand #156298178114:  Hold'em Limit ($3/$6 USD) - 2016/07/22 11:15:44 ET
Table 'Antilia' 6-max Seat #4 is the button
Seat 3: topcat1422 ($259.63 in chips)
Seat 4: AzureCaper ($100.90 in chips)
AzureCaper: posts small blind $1
topcat1422: posts big blind $3
*** HOLE CARDS ***
AzureCaper: folds
Uncalled bet ($2) returned to topcat1422
topcat1422 collected $2 from pot
topcat1422: doesn't show hand
*** SUMMARY ***
Total pot $2 | Rake $0
Seat 3: topcat1422 (big blind) collected ($2)
Seat 4: AzureCaper (button) (small blind) folded before Flop


PokerStars Hand #156298174796:  Hold'em Limit ($3/$6 USD) - 2016/07/22 11:15:38 ET
Table 'Antilia' 6-max Seat #3 is the button
Seat 3: topcat1422 ($256.63 in chips)
Seat 4: AzureCaper ($103.90 in chips)
topcat1422: posts small blind $1
AzureCaper: posts big blind $3
*** HOLE CARDS ***
topcat1422: raises $3 to $6
AzureCaper: folds
Uncalled bet ($3) returned to topcat1422
topcat1422 collected $6 from pot
topcat1422: doesn't show hand
*** SUMMARY ***
Total pot $6 | Rake $0
Seat 3: topcat1422 (button) (small blind) collected ($6)
Seat 4: AzureCaper (big blind) folded before Flop


PokerStars Hand #156298162488:  Hold'em Limit ($3/$6 USD) - 2016/07/22 11:15:16 ET
Table 'Antilia' 6-max Seat #4 is the button
Seat 3: topcat1422 ($265.63 in chips)
Seat 4: AzureCaper ($95.26 in chips)
AzureCaper: posts small blind $1
topcat1422: posts big blind $3
*** HOLE CARDS ***
AzureCaper: raises $3 to $6
topcat1422: calls $3
*** FLOP *** [Ah 8h Qs]
topcat1422: checks
AzureCaper: bets $3
topcat1422: calls $3
*** TURN *** [Ah 8h Qs] [Qh]
topcat1422: checks
AzureCaper: checks
*** RIVER *** [Ah 8h Qs Qh] [Js]
topcat1422: checks
AzureCaper: checks
*** SHOW DOWN ***
topcat1422: shows [9c 8d] (two pair, Queens and Eights)
AzureCaper: shows [Jd 9h] (two pair, Queens and Jacks)
AzureCaper collected $17.64 from pot
*** SUMMARY ***
Total pot $18 | Rake $0.36
Board [Ah 8h Qs Qh Js]
Seat 3: topcat1422 (big blind) showed [9c 8d] and lost with two pair, Queens and Eights
Seat 4: AzureCaper (button) (small blind) showed [Jd 9h] and won ($17.64) with two pair, Queens and Jacks


PokerStars Hand #156298218689:  Hold'em Limit ($3/$6 USD) - 2016/07/22 11:16:55 ET
Table 'Antilia' 6-max Seat #3 is the button
Seat 3: topcat1422 ($245.63 in chips)
Seat 4: AzureCaper ($114.30 in chips)
topcat1422: posts small blind $1
AzureCaper: posts big blind $3
*** HOLE CARDS ***
topcat1422: raises $3 to $6
AzureCaper: raises $3 to $9
topcat1422: calls $3
*** FLOP *** [3s Jh Js]
AzureCaper: bets $3
topcat1422: calls $3
*** TURN *** [3s Jh Js] [6d]
AzureCaper: bets $6
topcat1422: calls $6
*** RIVER *** [3s Jh Js 6d] [Ts]
AzureCaper: checks
topcat1422: bets $6
AzureCaper: folds
Uncalled bet ($6) returned to topcat1422
topcat1422 collected $35.50 from pot
topcat1422: doesn't show hand
*** SUMMARY ***
Total pot $36 | Rake $0.50
Board [3s Jh Js 6d Ts]
Seat 3: topcat1422 (button) (small blind) collected ($35.50)
Seat 4: AzureCaper (big blind) folded on the River


PokerStars Hand #156298215018:  Hold'em Limit ($3/$6 USD) - 2016/07/22 11:16:49 ET
Table 'Antilia' 6-max Seat #4 is the button
Seat 3: topcat1422 ($244.63 in chips)
Seat 4: AzureCaper ($115.30 in chips)
AzureCaper: posts small blind $1
topcat1422: posts big blind $3
*** HOLE CARDS ***
AzureCaper: folds
Uncalled bet ($2) returned to topcat1422
topcat1422 collected $2 from pot
topcat1422: doesn't show hand
*** SUMMARY ***
Total pot $2 | Rake $0
Seat 3: topcat1422 (big blind) collected ($2)
Seat 4: AzureCaper (button) (small blind) folded before Flop


PokerStars Hand #156298200194:  Hold'em Limit ($3/$6 USD) - 2016/07/22 11:16:23 ET
Table 'Antilia' 6-max Seat #3 is the button
Seat 3: topcat1422 ($253.63 in chips)
Seat 4: AzureCaper ($106.66 in chips)
topcat1422: posts small blind $1
AzureCaper: posts big blind $3
*** HOLE CARDS ***
topcat1422: raises $3 to $6
AzureCaper: calls $3
*** FLOP *** [8d 7d Js]
AzureCaper: bets $3
topcat1422: calls $3
*** TURN *** [8d 7d Js] [9c]
AzureCaper: bets $6
topcat1422: folds
Uncalled bet ($6) returned to AzureCaper
AzureCaper collected $17.64 from pot
AzureCaper: doesn't show hand
*** SUMMARY ***
Total pot $18 | Rake $0.36
Board [8d 7d Js 9c]
Seat 3: topcat1422 (button) (small blind) folded on the Turn
Seat 4: AzureCaper (big blind) collected ($17.64)


PokerStars Hand #156298264491:  Hold'em Limit ($3/$6 USD) - 2016/07/22 11:18:16 ET
Table 'Antilia' 6-max Seat #4 is the button
Seat 3: topcat1422 ($256.13 in chips)
Seat 4: AzureCaper ($103.06 in chips)
AzureCaper: posts small blind $1
topcat1422: posts big blind $3
*** HOLE CARDS ***
AzureCaper: folds
Uncalled bet ($2) returned to topcat1422
topcat1422 collected $2 from pot
topcat1422: doesn't show hand
*** SUMMARY ***
Total pot $2 | Rake $0
Seat 3: topcat1422 (big blind) collected ($2)
Seat 4: AzureCaper (button) (small blind) folded before Flop


PokerStars Hand #156298261822:  Hold'em Limit ($3/$6 USD) - 2016/07/22 11:18:11 ET
Table 'Antilia' 6-max Seat #3 is the button
Seat 3: topcat1422 ($257.13 in chips)
Seat 4: AzureCaper ($102.06 in chips)
topcat1422: posts small blind $1
AzureCaper: posts big blind $3
*** HOLE CARDS ***
topcat1422: folds
Uncalled bet ($2) returned to AzureCaper
AzureCaper collected $2 from pot
AzureCaper: doesn't show hand
*** SUMMARY ***
Total pot $2 | Rake $0
Seat 3: topcat1422 (button) (small blind) folded before Flop
Seat 4: AzureCaper (big blind) collected ($2)


PokerStars Hand #156298257673:  Hold'em Limit ($3/$6 USD) - 2016/07/22 11:18:04 ET
Table 'Antilia' 6-max Seat #4 is the button
Seat 3: topcat1422 ($256.13 in chips)
Seat 4: AzureCaper ($103.06 in chips)
AzureCaper: posts small blind $1
topcat1422: posts big blind $3
*** HOLE CARDS ***
AzureCaper: folds
Uncalled bet ($2) returned to topcat1422
topcat1422 collected $2 from pot
topcat1422: doesn't show hand
*** SUMMARY ***
Total pot $2 | Rake $0
Seat 3: topcat1422 (big blind) collected ($2)
Seat 4: AzureCaper (button) (small blind) folded before Flop


PokerStars Hand #156298253049:  Hold'em Limit ($3/$6 USD) - 2016/07/22 11:17:56 ET
Table 'Antilia' 6-max Seat #3 is the button
Seat 3: topcat1422 ($253.13 in chips)
Seat 4: AzureCaper ($106.06 in chips)
topcat1422: posts small blind $1
AzureCaper: posts big blind $3
*** HOLE CARDS ***
topcat1422: raises $3 to $6
AzureCaper: folds
Uncalled bet ($3) returned to topcat1422
topcat1422 collected $6 from pot
topcat1422: doesn't show hand
*** SUMMARY ***
Total pot $6 | Rake $0
Seat 3: topcat1422 (button) (small blind) collected ($6)
Seat 4: AzureCaper (big blind) folded before Flop


PokerStars Hand #156298249636:  Hold'em Limit ($3/$6 USD) - 2016/07/22 11:17:50 ET
Table 'Antilia' 6-max Seat #4 is the button
Seat 3: topcat1422 ($256.13 in chips)
Seat 4: AzureCaper ($103.06 in chips)
AzureCaper: posts small blind $1
topcat1422: posts big blind $3
*** HOLE CARDS ***
AzureCaper: raises $3 to $6
topcat1422: folds
Uncalled bet ($3) returned to AzureCaper
AzureCaper collected $6 from pot
*** SUMMARY ***
Total pot $6 | Rake $0
Seat 3: topcat1422 (big blind) folded before Flop
Seat 4: AzureCaper (button) (small blind) collected ($6)


PokerStars Hand #156298246512:  Hold'em Limit ($3/$6 USD) - 2016/07/22 11:17:44 ET
Table 'Antilia' 6-max Seat #3 is the button
Seat 3: topcat1422 ($257.13 in chips)
Seat 4: AzureCaper ($102.06 in chips)
topcat1422: posts small blind $1
AzureCaper: posts big blind $3
*** HOLE CARDS ***
topcat1422: folds
Uncalled bet ($2) returned to AzureCaper
AzureCaper collected $2 from pot
AzureCaper: doesn't show hand
*** SUMMARY ***
Total pot $2 | Rake $0
Seat 3: topcat1422 (button) (small blind) folded before Flop
Seat 4: AzureCaper (big blind) collected ($2)


PokerStars Hand #156298242055:  Hold'em Limit ($3/$6 USD) - 2016/07/22 11:17:36 ET
Table 'Antilia' 6-max Seat #4 is the button
Seat 3: topcat1422 ($256.13 in chips)
Seat 4: AzureCaper ($103.06 in chips)
AzureCaper: posts small blind $1
topcat1422: posts big blind $3
*** HOLE CARDS ***
AzureCaper: folds
Uncalled bet ($2) returned to topcat1422
topcat1422 collected $2 from pot
topcat1422: doesn't show hand
*** SUMMARY ***
Total pot $2 | Rake $0
Seat 3: topcat1422 (big blind) collected ($2)
Seat 4: AzureCaper (button) (small blind) folded before Flop


PokerStars Hand #156298239647:  Hold'em Limit ($3/$6 USD) - 2016/07/22 11:17:32 ET
Table 'Antilia' 6-max Seat #3 is the button
Seat 3: topcat1422 ($257.13 in chips)
Seat 4: AzureCaper ($102.06 in chips)
topcat1422: posts small blind $1
AzureCaper: posts big blind $3
*** HOLE CARDS ***
topcat1422: folds
Uncalled bet ($2) returned to AzureCaper
AzureCaper collected $2 from pot
AzureCaper: doesn't show hand
*** SUMMARY ***
Total pot $2 | Rake $0
Seat 3: topcat1422 (button) (small blind) folded before Flop
Seat 4: AzureCaper (big blind) collected ($2)


PokerStars Hand #156298231704:  Hold'em Limit ($3/$6 USD) - 2016/07/22 11:17:18 ET
Table 'Antilia' 6-max Seat #4 is the button
Seat 3: topcat1422 ($263.13 in chips)
Seat 4: AzureCaper ($96.30 in chips)
AzureCaper: posts small blind $1
topcat1422: posts big blind $3
*** HOLE CARDS ***
AzureCaper: raises $3 to $6
topcat1422: calls $3
*** FLOP *** [As 7h Ah]
topcat1422: checks
AzureCaper: bets $3
topcat1422: folds
Uncalled bet ($3) returned to AzureCaper
AzureCaper collected $11.76 from pot
AzureCaper: doesn't show hand
*** SUMMARY ***
Total pot $12 | Rake $0.24
Board [As 7h Ah]
Seat 3: topcat1422 (big blind) folded on the Flop
Seat 4: AzureCaper (button) (small blind) collected ($11.76)


PokerStars Hand #156298270784:  Hold'em Limit ($3/$6 USD) - 2016/07/22 11:18:27 ET
Table 'Antilia' 6-max Seat #4 is the button
Seat 3: topcat1422 ($256.13 in chips)
Seat 4: AzureCaper ($103.06 in chips)
AzureCaper: posts small blind $1
topcat1422: posts big blind $3
*** HOLE CARDS ***
AzureCaper: folds
Uncalled bet ($2) returned to topcat1422
topcat1422 collected $2 from pot
topcat1422: doesn't show hand
*** SUMMARY ***
Total pot $2 | Rake $0
Seat 3: topcat1422 (big blind) collected ($2)
Seat 4: AzureCaper (button) (small blind) folded before Flop


PokerStars Hand #156298267626:  Hold'em Limit ($3/$6 USD) - 2016/07/22 11:18:21 ET
Table 'Antilia' 6-max Seat #3 is the button
Seat 3: topcat1422 ($257.13 in chips)
Seat 4: AzureCaper ($102.06 in chips)
topcat1422: posts small blind $1
AzureCaper: posts big blind $3
*** HOLE CARDS ***
topcat1422: folds
Uncalled bet ($2) returned to AzureCaper
AzureCaper collected $2 from pot
AzureCaper: doesn't show hand
*** SUMMARY ***
Total pot $2 | Rake $0
Seat 3: topcat1422 (button) (small blind) folded before Flop
Seat 4: AzureCaper (big blind) collected ($2)


PokerStars Hand #156298274047:  Hold'em Limit ($3/$6 USD) - 2016/07/22 11:18:32 ET
Table 'Antilia' 6-max Seat #3 is the button
Seat 3: topcat1422 ($257.13 in chips)
Seat 4: AzureCaper ($102.06 in chips)
topcat1422: posts small blind $1
AzureCaper: posts big blind $3
*** HOLE CARDS ***
topcat1422: folds
Uncalled bet ($2) returned to AzureCaper
AzureCaper collected $2 from pot
AzureCaper: doesn't show hand
*** SUMMARY ***
Total pot $2 | Rake $0
Seat 3: topcat1422 (button) (small blind) folded before Flop
Seat 4: AzureCaper (big blind) collected ($2)


PokerStars Hand #156298291529:  Hold'em Limit ($3/$6 USD) - 2016/07/22 11:19:03 ET
Table 'Antilia' 6-max Seat #3 is the button
Seat 3: topcat1422 ($261.13 in chips)
Seat 4: AzureCaper ($98.06 in chips)
topcat1422: posts small blind $1
AzureCaper: posts big blind $3
*** HOLE CARDS ***
topcat1422: folds
Uncalled bet ($2) returned to AzureCaper
AzureCaper collected $2 from pot
AzureCaper: doesn't show hand
*** SUMMARY ***
Total pot $2 | Rake $0
Seat 3: topcat1422 (button) (small blind) folded before Flop
Seat 4: AzureCaper (big blind) collected ($2)


PokerStars Hand #156298287157:  Hold'em Limit ($3/$6 USD) - 2016/07/22 11:18:55 ET
Table 'Antilia' 6-max Seat #4 is the button
Seat 3: topcat1422 ($260.13 in chips)
Seat 4: AzureCaper ($99.06 in chips)
AzureCaper: posts small blind $1
topcat1422: posts big blind $3
*** HOLE CARDS ***
AzureCaper: folds
Uncalled bet ($2) returned to topcat1422
topcat1422 collected $2 from pot
topcat1422: doesn't show hand
*** SUMMARY ***
Total pot $2 | Rake $0
Seat 3: topcat1422 (big blind) collected ($2)
Seat 4: AzureCaper (button) (small blind) folded before Flop


PokerStars Hand #156298283445:  Hold'em Limit ($3/$6 USD) - 2016/07/22 11:18:49 ET
Table 'Antilia' 6-max Seat #3 is the button
Seat 3: topcat1422 ($257.13 in chips)
Seat 4: AzureCaper ($102.06 in chips)
topcat1422: posts small blind $1
AzureCaper: posts big blind $3
*** HOLE CARDS ***
topcat1422: raises $3 to $6
AzureCaper: folds
Uncalled bet ($3) returned to topcat1422
topcat1422 collected $6 from pot
topcat1422: doesn't show hand
*** SUMMARY ***
Total pot $6 | Rake $0
Seat 3: topcat1422 (button) (small blind) collected ($6)
Seat 4: AzureCaper (big blind) folded before Flop


PokerStars Hand #156298276588:  Hold'em Limit ($3/$6 USD) - 2016/07/22 11:18:37 ET
Table 'Antilia' 6-max Seat #4 is the button
Seat 3: topcat1422 ($256.13 in chips)
Seat 4: AzureCaper ($103.06 in chips)
AzureCaper: posts small blind $1
topcat1422: posts big blind $3
*** HOLE CARDS ***
AzureCaper: folds
Uncalled bet ($2) returned to topcat1422
topcat1422 collected $2 from pot
topcat1422: doesn't show hand
*** SUMMARY ***
Total pot $2 | Rake $0
Seat 3: topcat1422 (big blind) collected ($2)
Seat 4: AzureCaper (button) (small blind) folded before Flop


PokerStars Hand #156298329361:  Hold'em Limit ($3/$6 USD) - 2016/07/22 11:20:09 ET
Table 'Antilia' 6-max Seat #3 is the button
Seat 3: topcat1422 ($252.88 in chips)
Seat 4: AzureCaper ($105.57 in chips)
topcat1422: posts small blind $1
AzureCaper: posts big blind $3
*** HOLE CARDS ***
topcat1422: calls $2
AzureCaper: checks
*** FLOP *** [Tc Kc 8d]
AzureCaper: bets $3
topcat1422: calls $3
*** TURN *** [Tc Kc 8d] [Ah]
AzureCaper: checks
topcat1422: bets $6
AzureCaper: calls $6
*** RIVER *** [Tc Kc 8d Ah] [Kd]
AzureCaper: checks
topcat1422: checks
*** SHOW DOWN ***
AzureCaper: shows [2s Kh] (three of a kind, Kings)
topcat1422: mucks hand
AzureCaper collected $23.52 from pot
*** SUMMARY ***
Total pot $24 | Rake $0.48
Board [Tc Kc 8d Ah Kd]
Seat 3: topcat1422 (button) (small blind) mucked
Seat 4: AzureCaper (big blind) showed [2s Kh] and won ($23.52) with three of a kind, Kings


PokerStars Hand #156298322557:  Hold'em Limit ($3/$6 USD) - 2016/07/22 11:19:57 ET
Table 'Antilia' 6-max Seat #4 is the button
Seat 3: topcat1422 ($258.88 in chips)
Seat 4: AzureCaper ($99.81 in chips)
AzureCaper: posts small blind $1
topcat1422: posts big blind $3
*** HOLE CARDS ***
AzureCaper: raises $3 to $6
topcat1422: calls $3
*** FLOP *** [5h 8h Kc]
topcat1422: checks
AzureCaper: bets $3
topcat1422: folds
Uncalled bet ($3) returned to AzureCaper
AzureCaper collected $11.76 from pot
AzureCaper: doesn't show hand
*** SUMMARY ***
Total pot $12 | Rake $0.24
Board [5h 8h Kc]
Seat 3: topcat1422 (big blind) folded on the Flop
Seat 4: AzureCaper (button) (small blind) collected ($11.76)


PokerStars Hand #156298318587:  Hold'em Limit ($3/$6 USD) - 2016/07/22 11:19:50 ET
Table 'Antilia' 6-max Seat #3 is the button
Seat 3: topcat1422 ($255.88 in chips)
Seat 4: AzureCaper ($102.81 in chips)
topcat1422: posts small blind $1
AzureCaper: posts big blind $3
*** HOLE CARDS ***
topcat1422: raises $3 to $6
AzureCaper: folds
Uncalled bet ($3) returned to topcat1422
topcat1422 collected $6 from pot
topcat1422: doesn't show hand
*** SUMMARY ***
Total pot $6 | Rake $0
Seat 3: topcat1422 (button) (small blind) collected ($6)
Seat 4: AzureCaper (big blind) folded before Flop


PokerStars Hand #156298306620:  Hold'em Limit ($3/$6 USD) - 2016/07/22 11:19:30 ET
Table 'Antilia' 6-max Seat #3 is the button
Seat 3: topcat1422 ($259.88 in chips)
Seat 4: AzureCaper ($98.81 in chips)
topcat1422: posts small blind $1
AzureCaper: posts big blind $3
*** HOLE CARDS ***
topcat1422: folds
Uncalled bet ($2) returned to AzureCaper
AzureCaper collected $2 from pot
AzureCaper: doesn't show hand
*** SUMMARY ***
Total pot $2 | Rake $0
Seat 3: topcat1422 (button) (small blind) folded before Flop
Seat 4: AzureCaper (big blind) collected ($2)


PokerStars Hand #156298294291:  Hold'em Limit ($3/$6 USD) - 2016/07/22 11:19:08 ET
Table 'Antilia' 6-max Seat #4 is the button
Seat 3: topcat1422 ($260.13 in chips)
Seat 4: AzureCaper ($99.06 in chips)
AzureCaper: posts small blind $1
topcat1422: posts big blind $3
*** HOLE CARDS ***
AzureCaper: raises $3 to $6
topcat1422: calls $3
*** FLOP *** [3h 3c 5h]
topcat1422: checks
AzureCaper: bets $3
topcat1422: calls $3
*** TURN *** [3h 3c 5h] [Jc]
topcat1422: checks
AzureCaper: bets $6
topcat1422: raises $6 to $12
AzureCaper: calls $6
*** RIVER *** [3h 3c 5h Jc] [3s]
topcat1422: bets $6
AzureCaper: calls $6
*** SHOW DOWN ***
topcat1422: shows [7d Jd] (a full house, Threes full of Jacks)
AzureCaper: shows [Th Js] (a full house, Threes full of Jacks)
topcat1422 collected $26.75 from pot
AzureCaper collected $26.75 from pot
*** SUMMARY ***
Total pot $54 | Rake $0.50
Board [3h 3c 5h Jc 3s]
Seat 3: topcat1422 (big blind) showed [7d Jd] and won ($26.75) with a full house, Threes full of Jacks
Seat 4: AzureCaper (button) (small blind) showed [Th Js] and won ($26.75) with a full house, Threes full of Jacks


PokerStars Hand #156298312555:  Hold'em Limit ($3/$6 USD) - 2016/07/22 11:19:40 ET
Table 'Antilia' 6-max Seat #3 is the button
Seat 3: topcat1422 ($259.88 in chips)
Seat 4: AzureCaper ($98.81 in chips)
topcat1422: posts small blind $1
AzureCaper: posts big blind $3
*** HOLE CARDS ***
topcat1422: folds
Uncalled bet ($2) returned to AzureCaper
AzureCaper collected $2 from pot
AzureCaper: doesn't show hand
*** SUMMARY ***
Total pot $2 | Rake $0
Seat 3: topcat1422 (button) (small blind) folded before Flop
Seat 4: AzureCaper (big blind) collected ($2)


PokerStars Hand #156298309375:  Hold'em Limit ($3/$6 USD) - 2016/07/22 11:19:34 ET
Table 'Antilia' 6-max Seat #4 is the button
Seat 3: topcat1422 ($258.88 in chips)
Seat 4: AzureCaper ($99.81 in chips)
AzureCaper: posts small blind $1
topcat1422: posts big blind $3
*** HOLE CARDS ***
AzureCaper: folds
Uncalled bet ($2) returned to topcat1422
topcat1422 collected $2 from pot
topcat1422: doesn't show hand
*** SUMMARY ***
Total pot $2 | Rake $0
Seat 3: topcat1422 (big blind) collected ($2)
Seat 4: AzureCaper (button) (small blind) folded before Flop


PokerStars Hand #156298315377:  Hold'em Limit ($3/$6 USD) - 2016/07/22 11:19:45 ET
Table 'Antilia' 6-max Seat #4 is the button
Seat 3: topcat1422 ($258.88 in chips)
Seat 4: AzureCaper ($99.81 in chips)
AzureCaper: posts small blind $1
topcat1422: posts big blind $3
*** HOLE CARDS ***
AzureCaper: raises $3 to $6
topcat1422: folds
Uncalled bet ($3) returned to AzureCaper
AzureCaper collected $6 from pot
AzureCaper: doesn't show hand
*** SUMMARY ***
Total pot $6 | Rake $0
Seat 3: topcat1422 (big blind) folded before Flop
Seat 4: AzureCaper (button) (small blind) collected ($6)


PokerStars Hand #156298367689:  Hold'em Limit ($3/$6 USD) - 2016/07/22 11:21:16 ET
Table 'Antilia' 6-max Seat #4 is the button
Seat 3: topcat1422 ($250.40 in chips)
Seat 4: AzureCaper ($107.09 in chips)
AzureCaper: posts small blind $1
topcat1422: posts big blind $3
*** HOLE CARDS ***
AzureCaper: folds
Uncalled bet ($2) returned to topcat1422
topcat1422 collected $2 from pot
topcat1422: doesn't show hand
*** SUMMARY ***
Total pot $2 | Rake $0
Seat 3: topcat1422 (big blind) collected ($2)
Seat 4: AzureCaper (button) (small blind) folded before Flop


PokerStars Hand #156298365052:  Hold'em Limit ($3/$6 USD) - 2016/07/22 11:21:12 ET
Table 'Antilia' 6-max Seat #3 is the button
Seat 3: topcat1422 ($251.40 in chips)
Seat 4: AzureCaper ($106.09 in chips)
topcat1422: posts small blind $1
AzureCaper: posts big blind $3
*** HOLE CARDS ***
topcat1422: folds
Uncalled bet ($2) returned to AzureCaper
AzureCaper collected $2 from pot
AzureCaper: doesn't show hand
*** SUMMARY ***
Total pot $2 | Rake $0
Seat 3: topcat1422 (button) (small blind) folded before Flop
Seat 4: AzureCaper (big blind) collected ($2)


PokerStars Hand #156298362054:  Hold'em Limit ($3/$6 USD) - 2016/07/22 11:21:07 ET
Table 'Antilia' 6-max Seat #4 is the button
Seat 3: topcat1422 ($254.40 in chips)
Seat 4: AzureCaper ($103.09 in chips)
AzureCaper: posts small blind $1
topcat1422: posts big blind $3
*** HOLE CARDS ***
AzureCaper: raises $3 to $6
topcat1422: folds
Uncalled bet ($3) returned to AzureCaper
AzureCaper collected $6 from pot
AzureCaper: doesn't show hand
*** SUMMARY ***
Total pot $6 | Rake $0
Seat 3: topcat1422 (big blind) folded before Flop
Seat 4: AzureCaper (button) (small blind) collected ($6)


PokerStars Hand #156298342751:  Hold'em Limit ($3/$6 USD) - 2016/07/22 11:20:33 ET
Table 'Antilia' 6-max Seat #4 is the button
Seat 3: topcat1422 ($240.88 in chips)
Seat 4: AzureCaper ($117.09 in chips)
AzureCaper: posts small blind $1
topcat1422: posts big blind $3
*** HOLE CARDS ***
AzureCaper: folds
Uncalled bet ($2) returned to topcat1422
topcat1422 collected $2 from pot
topcat1422: doesn't show hand
*** SUMMARY ***
Total pot $2 | Rake $0
Seat 3: topcat1422 (big blind) collected ($2)
Seat 4: AzureCaper (button) (small blind) folded before Flop


PokerStars Hand #156298340141:  Hold'em Limit ($3/$6 USD) - 2016/07/22 11:20:28 ET
Table 'Antilia' 6-max Seat #3 is the button
Seat 3: topcat1422 ($241.88 in chips)
Seat 4: AzureCaper ($116.09 in chips)
topcat1422: posts small blind $1
AzureCaper: posts big blind $3
*** HOLE CARDS ***
topcat1422: folds
Uncalled bet ($2) returned to AzureCaper
AzureCaper collected $2 from pot
AzureCaper: doesn't show hand
*** SUMMARY ***
Total pot $2 | Rake $0
Seat 3: topcat1422 (button) (small blind) folded before Flop
Seat 4: AzureCaper (big blind) collected ($2)


PokerStars Hand #156298337717:  Hold'em Limit ($3/$6 USD) - 2016/07/22 11:20:24 ET
Table 'Antilia' 6-max Seat #4 is the button
Seat 3: topcat1422 ($240.88 in chips)
Seat 4: AzureCaper ($117.09 in chips)
AzureCaper: posts small blind $1
topcat1422: posts big blind $3
*** HOLE CARDS ***
AzureCaper: folds
Uncalled bet ($2) returned to topcat1422
topcat1422 collected $2 from pot
topcat1422: doesn't show hand
*** SUMMARY ***
Total pot $2 | Rake $0
Seat 3: topcat1422 (big blind) collected ($2)
Seat 4: AzureCaper (button) (small blind) folded before Flop


PokerStars Hand #156298352469:  Hold'em Limit ($3/$6 USD) - 2016/07/22 11:20:50 ET
Table 'Antilia' 6-max Seat #4 is the button
Seat 3: topcat1422 ($247.64 in chips)
Seat 4: AzureCaper ($110.09 in chips)
AzureCaper: posts small blind $1
topcat1422: posts big blind $3
*** HOLE CARDS ***
AzureCaper: folds
Uncalled bet ($2) returned to topcat1422
topcat1422 collected $2 from pot
topcat1422: doesn't show hand
*** SUMMARY ***
Total pot $2 | Rake $0
Seat 3: topcat1422 (big blind) collected ($2)
Seat 4: AzureCaper (button) (small blind) folded before Flop


PokerStars Hand #156298345084:  Hold'em Limit ($3/$6 USD) - 2016/07/22 11:20:37 ET
Table 'Antilia' 6-max Seat #3 is the button
Seat 3: topcat1422 ($241.88 in chips)
Seat 4: AzureCaper ($116.09 in chips)
topcat1422: posts small blind $1
AzureCaper: posts big blind $3
*** HOLE CARDS ***
topcat1422: raises $3 to $6
AzureCaper: calls $3
*** FLOP *** [5h Jd Kc]
AzureCaper: checks
topcat1422: bets $3
AzureCaper: folds
Uncalled bet ($3) returned to topcat1422
topcat1422 collected $11.76 from pot
topcat1422: doesn't show hand
*** SUMMARY ***
Total pot $12 | Rake $0.24
Board [5h Jd Kc]
Seat 3: topcat1422 (button) (small blind) collected ($11.76)
Seat 4: AzureCaper (big blind) folded on the Flop


PokerStars Hand #156298355738:  Hold'em Limit ($3/$6 USD) - 2016/07/22 11:20:56 ET
Table 'Antilia' 6-max Seat #3 is the button
Seat 3: topcat1422 ($248.64 in chips)
Seat 4: AzureCaper ($109.09 in chips)
topcat1422: posts small blind $1
AzureCaper: posts big blind $3
*** HOLE CARDS ***
topcat1422: raises $3 to $6
AzureCaper: calls $3
*** FLOP *** [Kc Ah 8s]
AzureCaper: checks
topcat1422: bets $3
AzureCaper: folds
Uncalled bet ($3) returned to topcat1422
topcat1422 collected $11.76 from pot
topcat1422: doesn't show hand
*** SUMMARY ***
Total pot $12 | Rake $0.24
Board [Kc Ah 8s]
Seat 3: topcat1422 (button) (small blind) collected ($11.76)
Seat 4: AzureCaper (big blind) folded on the Flop


PokerStars Hand #156298394537:  Hold'em Limit ($3/$6 USD) - 2016/07/22 11:22:04 ET
Table 'Antilia' 6-max Seat #3 is the button
Seat 3: topcat1422 ($259.90 in chips)
Seat 4: AzureCaper ($96.59 in chips)
topcat1422: posts small blind $1
AzureCaper: posts big blind $3
*** HOLE CARDS ***
topcat1422: raises $3 to $6
AzureCaper: raises $3 to $9
topcat1422: calls $3
*** FLOP *** [4h Kc 3d]
AzureCaper: bets $3
topcat1422: calls $3
*** TURN *** [4h Kc 3d] [Ts]
AzureCaper: bets $6
topcat1422: calls $6
*** RIVER *** [4h Kc 3d Ts] [9d]
AzureCaper: checks
topcat1422: bets $6
AzureCaper: raises $6 to $12
topcat1422: raises $6 to $18
AzureCaper: calls $6
*** SHOW DOWN ***
topcat1422: shows [Jh Qc] (a straight, Nine to King)
AzureCaper: mucks hand
topcat1422 collected $71.50 from pot
*** SUMMARY ***
Total pot $72 | Rake $0.50
Board [4h Kc 3d Ts 9d]
Seat 3: topcat1422 (button) (small blind) showed [Jh Qc] and won ($71.50) with a straight, Nine to King
Seat 4: AzureCaper (big blind) mucked


PokerStars Hand #156298370676:  Hold'em Limit ($3/$6 USD) - 2016/07/22 11:21:22 ET
Table 'Antilia' 6-max Seat #3 is the button
Seat 3: topcat1422 ($251.40 in chips)
Seat 4: AzureCaper ($106.09 in chips)
topcat1422: posts small blind $1
AzureCaper: posts big blind $3
*** HOLE CARDS ***
topcat1422: raises $3 to $6
AzureCaper: raises $3 to $9
topcat1422: calls $3
*** FLOP *** [Ks As 4c]
AzureCaper: bets $3
topcat1422: calls $3
*** TURN *** [Ks As 4c] [Js]
AzureCaper: bets $6
topcat1422: calls $6
*** RIVER *** [Ks As 4c Js] [9c]
AzureCaper: checks
topcat1422: bets $6
AzureCaper: raises $6 to $12
topcat1422: raises $6 to $18
AzureCaper: folds
Uncalled bet ($6) returned to topcat1422
topcat1422 collected $59.50 from pot
topcat1422: doesn't show hand
*** SUMMARY ***
Total pot $60 | Rake $0.50
Board [Ks As 4c Js 9c]
Seat 3: topcat1422 (button) (small blind) collected ($59.50)
Seat 4: AzureCaper (big blind) folded on the River


PokerStars Hand #156298381535:  Hold'em Limit ($3/$6 USD) - 2016/07/22 11:21:41 ET
Table 'Antilia' 6-max Seat #4 is the button
Seat 3: topcat1422 ($280.90 in chips)
Seat 4: AzureCaper ($76.09 in chips)
AzureCaper: posts small blind $1
topcat1422: posts big blind $3
*** HOLE CARDS ***
AzureCaper: raises $3 to $6
topcat1422: calls $3
*** FLOP *** [5h As 8c]
topcat1422: checks
AzureCaper: bets $3
topcat1422: calls $3
*** TURN *** [5h As 8c] [7h]
topcat1422: checks
AzureCaper: checks
*** RIVER *** [5h As 8c 7h] [Ts]
topcat1422: bets $6
AzureCaper: raises $6 to $12
topcat1422: calls $6
*** SHOW DOWN ***
AzureCaper: shows [Jh 9d] (a straight, Seven to Jack)
topcat1422: mucks hand
AzureCaper collected $41.50 from pot
*** SUMMARY ***
Total pot $42 | Rake $0.50
Board [5h As 8c 7h Ts]
Seat 3: topcat1422 (big blind) mucked
Seat 4: AzureCaper (button) (small blind) showed [Jh 9d] and won ($41.50) with a straight, Seven to Jack


PokerStars Hand #156298405350:  Hold'em Limit ($3/$6 USD) - 2016/07/22 11:22:23 ET
Table 'Antilia' 6-max Seat #4 is the button
Seat 3: topcat1422 ($295.40 in chips)
Seat 4: AzureCaper ($72 in chips)
AzureCaper: posts small blind $1
topcat1422: posts big blind $3
*** HOLE CARDS ***
AzureCaper: raises $3 to $6
topcat1422: calls $3
*** FLOP *** [6h 2d Jd]
topcat1422: checks
AzureCaper: bets $3
topcat1422: calls $3
*** TURN *** [6h 2d Jd] [4h]
topcat1422: checks
AzureCaper: checks
*** RIVER *** [6h 2d Jd 4h] [7s]
topcat1422: bets $6
AzureCaper: folds
Uncalled bet ($6) returned to topcat1422
topcat1422 collected $17.64 from pot
topcat1422: doesn't show hand
*** SUMMARY ***
Total pot $18 | Rake $0.36
Board [6h 2d Jd 4h 7s]
Seat 3: topcat1422 (big blind) collected ($17.64)
Seat 4: AzureCaper (button) (small blind) folded on the River


PokerStars Hand #156298415250:  Hold'em Limit ($3/$6 USD) - 2016/07/22 11:22:40 ET
Table 'Antilia' 6-max Seat #3 is the button
Seat 3: topcat1422 ($304.04 in chips)
Seat 4: AzureCaper ($72 in chips)
topcat1422: posts small blind $1
AzureCaper: posts big blind $3
*** HOLE CARDS ***
topcat1422: calls $2
AzureCaper: raises $3 to $6
topcat1422: calls $3
*** FLOP *** [Kh Kc Ah]
AzureCaper: bets $3
topcat1422: calls $3
*** TURN *** [Kh Kc Ah] [As]
AzureCaper: bets $6
topcat1422: folds
Uncalled bet ($6) returned to AzureCaper
AzureCaper collected $17.64 from pot
AzureCaper: doesn't show hand
*** SUMMARY ***
Total pot $18 | Rake $0.36
Board [Kh Kc Ah As]
Seat 3: topcat1422 (button) (small blind) folded on the Turn
Seat 4: AzureCaper (big blind) collected ($17.64)


PokerStars Hand #156298424233:  Hold'em Limit ($3/$6 USD) - 2016/07/22 11:22:56 ET
Table 'Antilia' 6-max Seat #4 is the button
Seat 3: topcat1422 ($295.04 in chips)
Seat 4: AzureCaper ($80.64 in chips)
AzureCaper: posts small blind $1
topcat1422: posts big blind $3
*** HOLE CARDS ***
AzureCaper: raises $3 to $6
topcat1422: calls $3
*** FLOP *** [5d 4h 5s]
topcat1422: checks
AzureCaper: bets $3
topcat1422: calls $3
*** TURN *** [5d 4h 5s] [Ac]
topcat1422: checks
AzureCaper: bets $6
topcat1422: calls $6
*** RIVER *** [5d 4h 5s Ac] [8d]
topcat1422: checks
AzureCaper: checks
*** SHOW DOWN ***
topcat1422: shows [7h 8h] (two pair, Eights and Fives)
AzureCaper: mucks hand
topcat1422 collected $29.50 from pot
*** SUMMARY ***
Total pot $30 | Rake $0.50
Board [5d 4h 5s Ac 8d]
Seat 3: topcat1422 (big blind) showed [7h 8h] and won ($29.50) with two pair, Eights and Fives
Seat 4: AzureCaper (button) (small blind) mucked


PokerStars Hand #156298436810:  Hold'em Limit ($3/$6 USD) - 2016/07/22 11:23:18 ET
Table 'Antilia' 6-max Seat #4 is the button
Seat 3: topcat1422 ($308.54 in chips)
Seat 4: AzureCaper ($73 in chips)
AzureCaper: posts small blind $1
topcat1422: posts big blind $3
*** HOLE CARDS ***
AzureCaper: raises $3 to $6
topcat1422: folds
Uncalled bet ($3) returned to AzureCaper
AzureCaper collected $6 from pot
AzureCaper: doesn't show hand
*** SUMMARY ***
Total pot $6 | Rake $0
Seat 3: topcat1422 (big blind) folded before Flop
Seat 4: AzureCaper (button) (small blind) collected ($6)


PokerStars Hand #156298432959:  Hold'em Limit ($3/$6 USD) - 2016/07/22 11:23:11 ET
Table 'Antilia' 6-max Seat #3 is the button
Seat 3: topcat1422 ($309.54 in chips)
Seat 4: AzureCaper ($72 in chips)
topcat1422: posts small blind $1
AzureCaper: posts big blind $3
*** HOLE CARDS ***
topcat1422: folds
Uncalled bet ($2) returned to AzureCaper
AzureCaper collected $2 from pot
AzureCaper: doesn't show hand
*** SUMMARY ***
Total pot $2 | Rake $0
Seat 3: topcat1422 (button) (small blind) folded before Flop
Seat 4: AzureCaper (big blind) collected ($2)


PokerStars Hand #156298443918:  Hold'em Limit ($3/$6 USD) - 2016/07/22 11:23:30 ET
Table 'Antilia' 6-max Seat #4 is the button
Seat 3: topcat1422 ($304.54 in chips)
Seat 4: AzureCaper ($77 in chips)
AzureCaper: posts small blind $1
topcat1422: posts big blind $3
*** HOLE CARDS ***
AzureCaper: folds
Uncalled bet ($2) returned to topcat1422
topcat1422 collected $2 from pot
topcat1422: doesn't show hand
*** SUMMARY ***
Total pot $2 | Rake $0
Seat 3: topcat1422 (big blind) collected ($2)
Seat 4: AzureCaper (button) (small blind) folded before Flop


PokerStars Hand #156298441325:  Hold'em Limit ($3/$6 USD) - 2016/07/22 11:23:26 ET
Table 'Antilia' 6-max Seat #3 is the button
Seat 3: topcat1422 ($305.54 in chips)
Seat 4: AzureCaper ($76 in chips)
topcat1422: posts small blind $1
AzureCaper: posts big blind $3
*** HOLE CARDS ***
topcat1422: folds
Uncalled bet ($2) returned to AzureCaper
AzureCaper collected $2 from pot
AzureCaper: doesn't show hand
*** SUMMARY ***
Total pot $2 | Rake $0
Seat 3: topcat1422 (button) (small blind) folded before Flop
Seat 4: AzureCaper (big blind) collected ($2)


PokerStars Hand #156298446509:  Hold'em Limit ($3/$6 USD) - 2016/07/22 11:23:35 ET
Table 'Antilia' 6-max Seat #3 is the button
Seat 3: topcat1422 ($305.54 in chips)
Seat 4: AzureCaper ($76 in chips)
topcat1422: posts small blind $1
AzureCaper: posts big blind $3
*** HOLE CARDS ***
topcat1422: raises $3 to $6
AzureCaper: calls $3
*** FLOP *** [8s 5s Kd]
AzureCaper: checks
topcat1422: bets $3
AzureCaper: calls $3
*** TURN *** [8s 5s Kd] [Kh]
AzureCaper: checks
topcat1422: checks
*** RIVER *** [8s 5s Kd Kh] [Td]
AzureCaper: bets $6
topcat1422: calls $6
*** SHOW DOWN ***
AzureCaper: shows [6s 6d] (two pair, Kings and Sixes)
topcat1422: shows [7s 7h] (two pair, Kings and Sevens)
topcat1422 collected $29.50 from pot
*** SUMMARY ***
Total pot $30 | Rake $0.50
Board [8s 5s Kd Kh Td]
Seat 3: topcat1422 (button) (small blind) showed [7s 7h] and won ($29.50) with two pair, Kings and Sevens
Seat 4: AzureCaper (big blind) showed [6s 6d] and lost with two pair, Kings and Sixes


PokerStars Hand #156298455208:  Hold'em Limit ($3/$6 USD) - 2016/07/22 11:23:50 ET
Table 'Antilia' 6-max Seat #4 is the button
Seat 3: topcat1422 ($320.04 in chips)
Seat 4: AzureCaper ($72 in chips)
AzureCaper: posts small blind $1
topcat1422: posts big blind $3
*** HOLE CARDS ***
AzureCaper: raises $3 to $6
topcat1422: folds
Uncalled bet ($3) returned to AzureCaper
AzureCaper collected $6 from pot
AzureCaper: doesn't show hand
*** SUMMARY ***
Total pot $6 | Rake $0
Seat 3: topcat1422 (big blind) folded before Flop
Seat 4: AzureCaper (button) (small blind) collected ($6)


PokerStars Hand #156298466486:  Hold'em Limit ($3/$6 USD) - 2016/07/22 11:24:10 ET
Table 'Antilia' 6-max Seat #3 is the button
Seat 3: topcat1422 ($317.04 in chips)
Seat 4: AzureCaper ($75 in chips)
topcat1422: posts small blind $1
AzureCaper: posts big blind $3
*** HOLE CARDS ***
topcat1422: raises $3 to $6
AzureCaper: calls $3
*** FLOP *** [As 7h 6h]
AzureCaper: bets $3
topcat1422: raises $3 to $6
AzureCaper: calls $3
*** TURN *** [As 7h 6h] [8d]
AzureCaper: checks
topcat1422: bets $6
AzureCaper: raises $6 to $12
topcat1422: raises $6 to $18
AzureCaper: raises $6 to $24
Betting is capped
topcat1422: calls $6
*** RIVER *** [As 7h 6h 8d] [Jd]
AzureCaper: bets $6
topcat1422: calls $6
*** SHOW DOWN ***
AzureCaper: shows [4h 5d] (a straight, Four to Eight)
topcat1422: mucks hand
AzureCaper collected $83.50 from pot
*** SUMMARY ***
Total pot $84 | Rake $0.50
Board [As 7h 6h 8d Jd]
Seat 3: topcat1422 (button) (small blind) mucked
Seat 4: AzureCaper (big blind) showed [4h 5d] and won ($83.50) with a straight, Four to Eight


PokerStars Hand #156298480298:  Hold'em Limit ($3/$6 USD) - 2016/07/22 11:24:34 ET
Table 'Antilia' 6-max Seat #4 is the button
Seat 3: topcat1422 ($275.04 in chips)
Seat 4: AzureCaper ($116.50 in chips)
AzureCaper: posts small blind $1
topcat1422: posts big blind $3
*** HOLE CARDS ***
AzureCaper: raises $3 to $6
topcat1422: folds
Uncalled bet ($3) returned to AzureCaper
AzureCaper collected $6 from pot
AzureCaper: doesn't show hand
*** SUMMARY ***
Total pot $6 | Rake $0
Seat 3: topcat1422 (big blind) folded before Flop
Seat 4: AzureCaper (button) (small blind) collected ($6)


PokerStars Hand #156298489486:  Hold'em Limit ($3/$6 USD) - 2016/07/22 11:24:50 ET
Table 'Antilia' 6-max Seat #4 is the button
Seat 3: topcat1422 ($275.04 in chips)
Seat 4: AzureCaper ($116.50 in chips)
AzureCaper: posts small blind $1
topcat1422: posts big blind $3
*** HOLE CARDS ***
AzureCaper: raises $3 to $6
topcat1422: folds
Uncalled bet ($3) returned to AzureCaper
AzureCaper collected $6 from pot
AzureCaper: doesn't show hand
*** SUMMARY ***
Total pot $6 | Rake $0
Seat 3: topcat1422 (big blind) folded before Flop
Seat 4: AzureCaper (button) (small blind) collected ($6)


PokerStars Hand #156298483573:  Hold'em Limit ($3/$6 USD) - 2016/07/22 11:24:40 ET
Table 'Antilia' 6-max Seat #3 is the button
Seat 3: topcat1422 ($272.04 in chips)
Seat 4: AzureCaper ($119.50 in chips)
topcat1422: posts small blind $1
AzureCaper: posts big blind $3
*** HOLE CARDS ***
topcat1422: raises $3 to $6
AzureCaper: folds
Uncalled bet ($3) returned to topcat1422
topcat1422 collected $6 from pot
topcat1422: doesn't show hand
*** SUMMARY ***
Total pot $6 | Rake $0
Seat 3: topcat1422 (button) (small blind) collected ($6)
Seat 4: AzureCaper (big blind) folded before Flop


PokerStars Hand #156298492527:  Hold'em Limit ($3/$6 USD) - 2016/07/22 11:24:56 ET
Table 'Antilia' 6-max Seat #3 is the button
Seat 3: topcat1422 ($272.04 in chips)
Seat 4: AzureCaper ($119.50 in chips)
topcat1422: posts small blind $1
AzureCaper: posts big blind $3
*** HOLE CARDS ***
topcat1422: raises $3 to $6
AzureCaper: calls $3
*** FLOP *** [3h Jd Kc]
AzureCaper: checks
topcat1422: bets $3
AzureCaper: raises $3 to $6
topcat1422: calls $3
*** TURN *** [3h Jd Kc] [4s]
AzureCaper: bets $6
topcat1422: calls $6
*** RIVER *** [3h Jd Kc 4s] [Kd]
AzureCaper: bets $6
topcat1422: calls $6
*** SHOW DOWN ***
AzureCaper: shows [Jc 9d] (two pair, Kings and Jacks)
topcat1422: mucks hand
AzureCaper collected $47.50 from pot
*** SUMMARY ***
Total pot $48 | Rake $0.50
Board [3h Jd Kc 4s Kd]
Seat 3: topcat1422 (button) (small blind) mucked
Seat 4: AzureCaper (big blind) showed [Jc 9d] and won ($47.50) with two pair, Kings and Jacks


PokerStars Hand #156298500680:  Hold'em Limit ($3/$6 USD) - 2016/07/22 11:25:10 ET
Table 'Antilia' 6-max Seat #4 is the button
Seat 3: topcat1422 ($248.04 in chips)
Seat 4: AzureCaper ($143 in chips)
AzureCaper: posts small blind $1
topcat1422: posts big blind $3
*** HOLE CARDS ***
AzureCaper: raises $3 to $6
topcat1422: calls $3
*** FLOP *** [Ah Kc 9c]
topcat1422: checks
AzureCaper: bets $3
topcat1422: folds
Uncalled bet ($3) returned to AzureCaper
AzureCaper collected $11.76 from pot
AzureCaper: doesn't show hand
*** SUMMARY ***
Total pot $12 | Rake $0.24
Board [Ah Kc 9c]
Seat 3: topcat1422 (big blind) folded on the Flop
Seat 4: AzureCaper (button) (small blind) collected ($11.76)


PokerStars Hand #156298511482:  Hold'em Limit ($3/$6 USD) - 2016/07/22 11:25:29 ET
Table 'Antilia' 6-max Seat #4 is the button
Seat 3: topcat1422 ($241.04 in chips)
Seat 4: AzureCaper ($149.76 in chips)
AzureCaper: posts small blind $1
topcat1422: posts big blind $3
*** HOLE CARDS ***
AzureCaper: folds
Uncalled bet ($2) returned to topcat1422
topcat1422 collected $2 from pot
topcat1422: doesn't show hand
*** SUMMARY ***
Total pot $2 | Rake $0
Seat 3: topcat1422 (big blind) collected ($2)
Seat 4: AzureCaper (button) (small blind) folded before Flop


PokerStars Hand #156298508858:  Hold'em Limit ($3/$6 USD) - 2016/07/22 11:25:25 ET
Table 'Antilia' 6-max Seat #3 is the button
Seat 3: topcat1422 ($242.04 in chips)
Seat 4: AzureCaper ($148.76 in chips)
topcat1422: posts small blind $1
AzureCaper: posts big blind $3
*** HOLE CARDS ***
topcat1422: folds
Uncalled bet ($2) returned to AzureCaper
AzureCaper collected $2 from pot
AzureCaper: doesn't show hand
*** SUMMARY ***
Total pot $2 | Rake $0
Seat 3: topcat1422 (button) (small blind) folded before Flop
Seat 4: AzureCaper (big blind) collected ($2)


PokerStars Hand #156298516659:  Hold'em Limit ($3/$6 USD) - 2016/07/22 11:25:38 ET
Table 'Antilia' 6-max Seat #4 is the button
Seat 3: topcat1422 ($241.04 in chips)
Seat 4: AzureCaper ($149.76 in chips)
AzureCaper: posts small blind $1
topcat1422: posts big blind $3
*** HOLE CARDS ***
AzureCaper: folds
Uncalled bet ($2) returned to topcat1422
topcat1422 collected $2 from pot
topcat1422: doesn't show hand
*** SUMMARY ***
Total pot $2 | Rake $0
Seat 3: topcat1422 (big blind) collected ($2)
Seat 4: AzureCaper (button) (small blind) folded before Flop


PokerStars Hand #156298514143:  Hold'em Limit ($3/$6 USD) - 2016/07/22 11:25:34 ET
Table 'Antilia' 6-max Seat #3 is the button
Seat 3: topcat1422 ($242.04 in chips)
Seat 4: AzureCaper ($148.76 in chips)
topcat1422: posts small blind $1
AzureCaper: posts big blind $3
*** HOLE CARDS ***
topcat1422: folds
Uncalled bet ($2) returned to AzureCaper
AzureCaper collected $2 from pot
AzureCaper: doesn't show hand
*** SUMMARY ***
Total pot $2 | Rake $0
Seat 3: topcat1422 (button) (small blind) folded before Flop
Seat 4: AzureCaper (big blind) collected ($2)


PokerStars Hand #156298519429:  Hold'em Limit ($3/$6 USD) - 2016/07/22 11:25:43 ET
Table 'Antilia' 6-max Seat #3 is the button
Seat 3: topcat1422 ($242.04 in chips)
Seat 4: AzureCaper ($148.76 in chips)
topcat1422: posts small blind $1
AzureCaper: posts big blind $3
*** HOLE CARDS ***
topcat1422: raises $3 to $6
AzureCaper: raises $3 to $9
topcat1422: calls $3
*** FLOP *** [Ac Qd 8s]
AzureCaper: bets $3
topcat1422: folds
Uncalled bet ($3) returned to AzureCaper
AzureCaper collected $17.64 from pot
AzureCaper: doesn't show hand
*** SUMMARY ***
Total pot $18 | Rake $0.36
Board [Ac Qd 8s]
Seat 3: topcat1422 (button) (small blind) folded on the Flop
Seat 4: AzureCaper (big blind) collected ($17.64)


PokerStars Hand #156298525694:  Hold'em Limit ($3/$6 USD) - 2016/07/22 11:25:54 ET
Table 'Antilia' 6-max Seat #4 is the button
Seat 3: topcat1422 ($233.04 in chips)
Seat 4: AzureCaper ($157.40 in chips)
AzureCaper: posts small blind $1
topcat1422: posts big blind $3
*** HOLE CARDS ***
AzureCaper: raises $3 to $6
topcat1422: folds
Uncalled bet ($3) returned to AzureCaper
AzureCaper collected $6 from pot
AzureCaper: doesn't show hand
*** SUMMARY ***
Total pot $6 | Rake $0
Seat 3: topcat1422 (big blind) folded before Flop
Seat 4: AzureCaper (button) (small blind) collected ($6)


PokerStars Hand #156298529346:  Hold'em Limit ($3/$6 USD) - 2016/07/22 11:26:00 ET
Table 'Antilia' 6-max Seat #3 is the button
Seat 3: topcat1422 ($230.04 in chips)
Seat 4: AzureCaper ($160.40 in chips)
topcat1422: posts small blind $1
AzureCaper: posts big blind $3
*** HOLE CARDS ***
topcat1422: raises $3 to $6
AzureCaper: calls $3
*** FLOP *** [9d 3s 5c]
AzureCaper: checks
topcat1422: bets $3
AzureCaper: calls $3
*** TURN *** [9d 3s 5c] [2h]
AzureCaper: checks
topcat1422: checks
*** RIVER *** [9d 3s 5c 2h] [6s]
AzureCaper: bets $6
topcat1422: folds
Uncalled bet ($6) returned to AzureCaper
AzureCaper collected $17.64 from pot
AzureCaper: doesn't show hand
*** SUMMARY ***
Total pot $18 | Rake $0.36
Board [9d 3s 5c 2h 6s]
Seat 3: topcat1422 (button) (small blind) folded on the River
Seat 4: AzureCaper (big blind) collected ($17.64)


PokerStars Hand #156298545001:  Hold'em Limit ($3/$6 USD) - 2016/07/22 11:26:28 ET
Table 'Antilia' 6-max Seat #4 is the button
Seat 3: topcat1422 ($221.04 in chips)
Seat 4: AzureCaper ($169.04 in chips)
AzureCaper: posts small blind $1
topcat1422: posts big blind $3
*** HOLE CARDS ***
AzureCaper: raises $3 to $6
topcat1422: folds
Uncalled bet ($3) returned to AzureCaper
AzureCaper collected $6 from pot
AzureCaper: doesn't show hand
*** SUMMARY ***
Total pot $6 | Rake $0
Seat 3: topcat1422 (big blind) folded before Flop
Seat 4: AzureCaper (button) (small blind) collected ($6)


PokerStars Hand #156298557333:  Hold'em Limit ($3/$6 USD) - 2016/07/22 11:26:50 ET
Table 'Antilia' 6-max Seat #4 is the button
Seat 3: topcat1422 ($229.56 in chips)
Seat 4: AzureCaper ($160.04 in chips)
AzureCaper: posts small blind $1
topcat1422: posts big blind $3
*** HOLE CARDS ***
AzureCaper: raises $3 to $6
topcat1422: folds
Uncalled bet ($3) returned to AzureCaper
AzureCaper collected $6 from pot
AzureCaper: doesn't show hand
*** SUMMARY ***
Total pot $6 | Rake $0
Seat 3: topcat1422 (big blind) folded before Flop
Seat 4: AzureCaper (button) (small blind) collected ($6)


PokerStars Hand #156298548315:  Hold'em Limit ($3/$6 USD) - 2016/07/22 11:26:34 ET
Table 'Antilia' 6-max Seat #3 is the button
Seat 3: topcat1422 ($218.04 in chips)
Seat 4: AzureCaper ($172.04 in chips)
topcat1422: posts small blind $1
AzureCaper: posts big blind $3
*** HOLE CARDS ***
topcat1422: raises $3 to $6
AzureCaper: calls $3
*** FLOP *** [As Qs 6c]
AzureCaper: checks
topcat1422: bets $3
AzureCaper: raises $3 to $6
topcat1422: calls $3
*** TURN *** [As Qs 6c] [3d]
AzureCaper: checks
topcat1422: bets $6
AzureCaper: folds
Uncalled bet ($6) returned to topcat1422
topcat1422 collected $23.52 from pot
topcat1422: doesn't show hand
*** SUMMARY ***
Total pot $24 | Rake $0.48
Board [As Qs 6c 3d]
Seat 3: topcat1422 (button) (small blind) collected ($23.52)
Seat 4: AzureCaper (big blind) folded on the Turn


PokerStars Hand #156298560389:  Hold'em Limit ($3/$6 USD) - 2016/07/22 11:26:55 ET
Table 'Antilia' 6-max Seat #3 is the button
Seat 3: topcat1422 ($226.56 in chips)
Seat 4: AzureCaper ($163.04 in chips)
topcat1422: posts small blind $1
AzureCaper: posts big blind $3
*** HOLE CARDS ***
topcat1422: folds
Uncalled bet ($2) returned to AzureCaper
AzureCaper collected $2 from pot
AzureCaper: doesn't show hand
*** SUMMARY ***
Total pot $2 | Rake $0
Seat 3: topcat1422 (button) (small blind) folded before Flop
Seat 4: AzureCaper (big blind) collected ($2)


PokerStars Hand #156298562969:  Hold'em Limit ($3/$6 USD) - 2016/07/22 11:27:00 ET
Table 'Antilia' 6-max Seat #4 is the button
Seat 3: topcat1422 ($225.56 in chips)
Seat 4: AzureCaper ($164.04 in chips)
AzureCaper: posts small blind $1
topcat1422: posts big blind $3
*** HOLE CARDS ***
AzureCaper: raises $3 to $6
topcat1422: raises $3 to $9
AzureCaper: calls $3
*** FLOP *** [7c Ah 4d]
topcat1422: bets $3
AzureCaper: calls $3
*** TURN *** [7c Ah 4d] [7s]
topcat1422: bets $6
AzureCaper: folds
Uncalled bet ($6) returned to topcat1422
topcat1422 collected $23.52 from pot
topcat1422: doesn't show hand
*** SUMMARY ***
Total pot $24 | Rake $0.48
Board [7c Ah 4d 7s]
Seat 3: topcat1422 (big blind) collected ($23.52)
Seat 4: AzureCaper (button) (small blind) folded on the Turn


PokerStars Hand #156298573669:  Hold'em Limit ($3/$6 USD) - 2016/07/22 11:27:18 ET
Table 'Antilia' 6-max Seat #3 is the button
Seat 3: topcat1422 ($237.08 in chips)
Seat 4: AzureCaper ($152.04 in chips)
topcat1422: posts small blind $1
AzureCaper: posts big blind $3
*** HOLE CARDS ***
topcat1422: raises $3 to $6
AzureCaper: folds
Uncalled bet ($3) returned to topcat1422
topcat1422 collected $6 from pot
topcat1422: doesn't show hand
*** SUMMARY ***
Total pot $6 | Rake $0
Seat 3: topcat1422 (button) (small blind) collected ($6)
Seat 4: AzureCaper (big blind) folded before Flop


PokerStars Hand #156298576852:  Hold'em Limit ($3/$6 USD) - 2016/07/22 11:27:24 ET
Table 'Antilia' 6-max Seat #4 is the button
Seat 3: topcat1422 ($240.08 in chips)
Seat 4: AzureCaper ($149.04 in chips)
AzureCaper: posts small blind $1
topcat1422: posts big blind $3
*** HOLE CARDS ***
AzureCaper: raises $3 to $6
topcat1422: raises $3 to $9
AzureCaper: calls $3
*** FLOP *** [Jc Qc 6h]
topcat1422: bets $3
AzureCaper: calls $3
*** TURN *** [Jc Qc 6h] [4h]
topcat1422: checks
AzureCaper: bets $6
topcat1422: raises $6 to $12
AzureCaper: calls $6
*** RIVER *** [Jc Qc 6h 4h] [Ts]
topcat1422: bets $6
AzureCaper: folds
Uncalled bet ($6) returned to topcat1422
topcat1422 collected $47.50 from pot
topcat1422: doesn't show hand
*** SUMMARY ***
Total pot $48 | Rake $0.50
Board [Jc Qc 6h 4h Ts]
Seat 3: topcat1422 (big blind) collected ($47.50)
Seat 4: AzureCaper (button) (small blind) folded on the River


PokerStars Hand #156298598515:  Hold'em Limit ($3/$6 USD) - 2016/07/22 11:28:02 ET
Table 'Antilia' 6-max Seat #4 is the button
Seat 3: topcat1422 ($284.08 in chips)
Seat 4: AzureCaper ($104.04 in chips)
AzureCaper: posts small blind $1
topcat1422: posts big blind $3
*** HOLE CARDS ***
AzureCaper: folds
Uncalled bet ($2) returned to topcat1422
topcat1422 collected $2 from pot
topcat1422: doesn't show hand
*** SUMMARY ***
Total pot $2 | Rake $0
Seat 3: topcat1422 (big blind) collected ($2)
Seat 4: AzureCaper (button) (small blind) folded before Flop


PokerStars Hand #156298586999:  Hold'em Limit ($3/$6 USD) - 2016/07/22 11:27:42 ET
Table 'Antilia' 6-max Seat #3 is the button
Seat 3: topcat1422 ($263.58 in chips)
Seat 4: AzureCaper ($125.04 in chips)
topcat1422: posts small blind $1
AzureCaper: posts big blind $3
*** HOLE CARDS ***
topcat1422: calls $2
AzureCaper: checks
*** FLOP *** [3d 8c 8h]
AzureCaper: checks
topcat1422: checks
*** TURN *** [3d 8c 8h] [2h]
AzureCaper: bets $6
topcat1422: raises $6 to $12
AzureCaper: calls $6
*** RIVER *** [3d 8c 8h 2h] [Ad]
AzureCaper: checks
topcat1422: bets $6
AzureCaper: calls $6
*** SHOW DOWN ***
topcat1422: shows [8s 6s] (three of a kind, Eights)
AzureCaper: mucks hand
topcat1422 collected $41.50 from pot
*** SUMMARY ***
Total pot $42 | Rake $0.50
Board [3d 8c 8h 2h Ad]
Seat 3: topcat1422 (button) (small blind) showed [8s 6s] and won ($41.50) with three of a kind, Eights
Seat 4: AzureCaper (big blind) mucked


PokerStars Hand #156298602314:  Hold'em Limit ($3/$6 USD) - 2016/07/22 11:28:08 ET
Table 'Antilia' 6-max Seat #3 is the button
Seat 3: topcat1422 ($285.08 in chips)
Seat 4: AzureCaper ($103.04 in chips)
topcat1422: posts small blind $1
AzureCaper: posts big blind $3
*** HOLE CARDS ***
topcat1422: folds
Uncalled bet ($2) returned to AzureCaper
AzureCaper collected $2 from pot
AzureCaper: doesn't show hand
*** SUMMARY ***
Total pot $2 | Rake $0
Seat 3: topcat1422 (button) (small blind) folded before Flop
Seat 4: AzureCaper (big blind) collected ($2)


PokerStars Hand #156298605265:  Hold'em Limit ($3/$6 USD) - 2016/07/22 11:28:13 ET
Table 'Antilia' 6-max Seat #4 is the button
Seat 3: topcat1422 ($284.08 in chips)
Seat 4: AzureCaper ($104.04 in chips)
AzureCaper: posts small blind $1
topcat1422: posts big blind $3
*** HOLE CARDS ***
AzureCaper: raises $3 to $6
topcat1422: calls $3
*** FLOP *** [5d 3c 4d]
topcat1422: checks
AzureCaper: bets $3
topcat1422: calls $3
*** TURN *** [5d 3c 4d] [Ad]
topcat1422: checks
AzureCaper: checks
*** RIVER *** [5d 3c 4d Ad] [Qh]
topcat1422: bets $6
AzureCaper: calls $6
*** SHOW DOWN ***
topcat1422: shows [Jd Ts] (high card Ace)
AzureCaper: shows [Qc Js] (a pair of Queens)
AzureCaper collected $29.50 from pot
*** SUMMARY ***
Total pot $30 | Rake $0.50
Board [5d 3c 4d Ad Qh]
Seat 3: topcat1422 (big blind) showed [Jd Ts] and lost with high card Ace
Seat 4: AzureCaper (button) (small blind) showed [Qc Js] and won ($29.50) with a pair of Queens


PokerStars Hand #156298613828:  Hold'em Limit ($3/$6 USD) - 2016/07/22 11:28:28 ET
Table 'Antilia' 6-max Seat #3 is the button
Seat 3: topcat1422 ($269.08 in chips)
Seat 4: AzureCaper ($118.54 in chips)
topcat1422: posts small blind $1
AzureCaper: posts big blind $3
*** HOLE CARDS ***
topcat1422: folds
Uncalled bet ($2) returned to AzureCaper
AzureCaper collected $2 from pot
AzureCaper: doesn't show hand
*** SUMMARY ***
Total pot $2 | Rake $0
Seat 3: topcat1422 (button) (small blind) folded before Flop
Seat 4: AzureCaper (big blind) collected ($2)


PokerStars Hand #156298620297:  Hold'em Limit ($3/$6 USD) - 2016/07/22 11:28:39 ET
Table 'Antilia' 6-max Seat #3 is the button
Seat 3: topcat1422 ($265.08 in chips)
Seat 4: AzureCaper ($122.54 in chips)
topcat1422: posts small blind $1
AzureCaper: posts big blind $3
*** HOLE CARDS ***
topcat1422: raises $3 to $6
AzureCaper: folds
Uncalled bet ($3) returned to topcat1422
topcat1422 collected $6 from pot
topcat1422: doesn't show hand
*** SUMMARY ***
Total pot $6 | Rake $0
Seat 3: topcat1422 (button) (small blind) collected ($6)
Seat 4: AzureCaper (big blind) folded before Flop


PokerStars Hand #156298616704:  Hold'em Limit ($3/$6 USD) - 2016/07/22 11:28:33 ET
Table 'Antilia' 6-max Seat #4 is the button
Seat 3: topcat1422 ($268.08 in chips)
Seat 4: AzureCaper ($119.54 in chips)
AzureCaper: posts small blind $1
topcat1422: posts big blind $3
*** HOLE CARDS ***
AzureCaper: raises $3 to $6
topcat1422: folds
Uncalled bet ($3) returned to AzureCaper
AzureCaper collected $6 from pot
AzureCaper: doesn't show hand
*** SUMMARY ***
Total pot $6 | Rake $0
Seat 3: topcat1422 (big blind) folded before Flop
Seat 4: AzureCaper (button) (small blind) collected ($6)


PokerStars Hand #156298625228:  Hold'em Limit ($3/$6 USD) - 2016/07/22 11:28:48 ET
Table 'Antilia' 6-max Seat #4 is the button
Seat 3: topcat1422 ($268.08 in chips)
Seat 4: AzureCaper ($119.54 in chips)
AzureCaper: posts small blind $1
topcat1422: posts big blind $3
*** HOLE CARDS ***
AzureCaper: raises $3 to $6
topcat1422: folds
Uncalled bet ($3) returned to AzureCaper
MARIBORO8 joins the table at seat #5
AzureCaper collected $6 from pot
AzureCaper: doesn't show hand
*** SUMMARY ***
Total pot $6 | Rake $0
Seat 3: topcat1422 (big blind) folded before Flop
Seat 4: AzureCaper (button) (small blind) collected ($6)


PokerStars Hand #156298628369:  Hold'em Limit ($3/$6 USD) - 2016/07/22 11:28:54 ET
Table 'Antilia' 6-max Seat #3 is the button
Seat 3: topcat1422 ($265.08 in chips)
Seat 4: AzureCaper ($122.54 in chips)
topcat1422: posts small blind $1
AzureCaper: posts big blind $3
*** HOLE CARDS ***
topcat1422: raises $3 to $6
AzureCaper: calls $3
*** FLOP *** [7s 9d Qs]
AzureCaper: checks
topcat1422: bets $3
AzureCaper: folds
Uncalled bet ($3) returned to topcat1422
topcat1422 collected $11.76 from pot
topcat1422: doesn't show hand
*** SUMMARY ***
Total pot $12 | Rake $0.24
Board [7s 9d Qs]
Seat 3: topcat1422 (button) (small blind) collected ($11.76)
Seat 4: AzureCaper (big blind) folded on the Flop


PokerStars Hand #156298823419:  Hold'em Limit ($3/$6 USD) - 2016/07/22 11:34:21 ET
Table 'Antilia' 6-max Seat #4 is the button
Seat 3: topcat1422 ($319.41 in chips)
Seat 4: AzureCaper ($136.99 in chips)
AzureCaper: posts small blind $1
topcat1422: posts big blind $3
*** HOLE CARDS ***
AzureCaper: raises $3 to $6
topcat1422: folds
Uncalled bet ($3) returned to AzureCaper
AzureCaper collected $6 from pot
AzureCaper: doesn't show hand
*** SUMMARY ***
Total pot $6 | Rake $0
Seat 3: topcat1422 (big blind) folded before Flop
Seat 4: AzureCaper (button) (small blind) collected ($6)


PokerStars Hand #156298817441:  Hold'em Limit ($3/$6 USD) - 2016/07/22 11:34:11 ET
Table 'Antilia' 6-max Seat #3 is the button
Seat 3: topcat1422 ($328.41 in chips)
Seat 4: AzureCaper ($128.35 in chips)
topcat1422: posts small blind $1
AzureCaper: posts big blind $3
*** HOLE CARDS ***
topcat1422: raises $3 to $6
AzureCaper: raises $3 to $9
topcat1422: calls $3
*** FLOP *** [7c 6c As]
AzureCaper: bets $3
topcat1422: folds
Uncalled bet ($3) returned to AzureCaper
AzureCaper collected $17.64 from pot
AzureCaper: doesn't show hand
*** SUMMARY ***
Total pot $18 | Rake $0.36
Board [7c 6c As]
Seat 3: topcat1422 (button) (small blind) folded on the Flop
Seat 4: AzureCaper (big blind) collected ($17.64)


PokerStars Hand #156298807350:  Hold'em Limit ($3/$6 USD) - 2016/07/22 11:33:54 ET
Table 'Antilia' 6-max Seat #4 is the button
Seat 3: topcat1422 ($313.91 in chips)
Seat 4: AzureCaper ($143.35 in chips)
AzureCaper: posts small blind $1
topcat1422: posts big blind $3
*** HOLE CARDS ***
AzureCaper: raises $3 to $6
topcat1422: calls $3
*** FLOP *** [8h 3d 3c]
topcat1422: checks
AzureCaper: bets $3
topcat1422: calls $3
*** TURN *** [8h 3d 3c] [9c]
topcat1422: checks
AzureCaper: bets $6
topcat1422: raises $6 to $12
AzureCaper: folds
Uncalled bet ($6) returned to topcat1422
topcat1422 collected $29.50 from pot
topcat1422: doesn't show hand
*** SUMMARY ***
Total pot $30 | Rake $0.50
Board [8h 3d 3c 9c]
Seat 3: topcat1422 (big blind) collected ($29.50)
Seat 4: AzureCaper (button) (small blind) folded on the Turn


PokerStars Hand #156298835362:  Hold'em Limit ($3/$6 USD) - 2016/07/22 11:34:41 ET
Table 'Antilia' 6-max Seat #4 is the button
Seat 3: topcat1422 ($289.41 in chips)
Seat 4: AzureCaper ($166.49 in chips)
AzureCaper: posts small blind $1
topcat1422: posts big blind $3
*** HOLE CARDS ***
AzureCaper: raises $3 to $6
topcat1422: folds
Uncalled bet ($3) returned to AzureCaper
AzureCaper collected $6 from pot
AzureCaper: doesn't show hand
topcat1422 leaves the table
*** SUMMARY ***
Total pot $6 | Rake $0
Seat 3: topcat1422 (big blind) folded before Flop
Seat 4: AzureCaper (button) (small blind) collected ($6)


PokerStars Hand #156298827107:  Hold'em Limit ($3/$6 USD) - 2016/07/22 11:34:27 ET
Table 'Antilia' 6-max Seat #3 is the button
Seat 3: topcat1422 ($316.41 in chips)
Seat 4: AzureCaper ($139.99 in chips)
topcat1422: posts small blind $1
AzureCaper: posts big blind $3
*** HOLE CARDS ***
topcat1422: raises $3 to $6
AzureCaper: raises $3 to $9
topcat1422: raises $3 to $12
Betting is capped
AzureCaper: calls $3
*** FLOP *** [9h 5h 3s]
AzureCaper: bets $3
topcat1422: calls $3
*** TURN *** [9h 5h 3s] [5d]
AzureCaper: bets $6
topcat1422: calls $6
*** RIVER *** [9h 5h 3s 5d] [2h]
AzureCaper: bets $6
topcat1422: calls $6
*** SHOW DOWN ***
AzureCaper: shows [Ac Ad] (two pair, Aces and Fives)
topcat1422: mucks hand
AzureCaper collected $53.50 from pot
*** SUMMARY ***
Total pot $54 | Rake $0.50
Board [9h 5h 3s 5d 2h]
Seat 3: topcat1422 (button) (small blind) mucked
Seat 4: AzureCaper (big blind) showed [Ac Ad] and won ($53.50) with two pair, Aces and Fives


