PokerStars Hand #145024626133:  Hold'em Limit ($3/$6 USD) - 2015/12/08 11:21:12 ET
Table 'Antielus IV' 2-max Seat #1 is the button
Seat 1: Kosova1968 ($71.76 in chips)
Seat 2: fifaliga ($128.64 in chips)
Kosova1968: posts small blind $1
fifaliga: posts big blind $3
*** HOLE CARDS ***
Kosova1968: folds
Uncalled bet ($2) returned to fifaliga
fifaliga collected $2 from pot
fifaliga: doesn't show hand
*** SUMMARY ***
Total pot $2 | Rake $0
Seat 1: Kosova1968 (button) (small blind) folded before Flop
Seat 2: fifaliga (big blind) collected ($2)


PokerStars Hand #145024609514:  Hold'em Limit ($3/$6 USD) - 2015/12/08 11:20:51 ET
Table 'Antielus IV' 2-max Seat #2 is the button
Seat 1: Kosova1968 ($80.76 in chips)
Seat 2: fifaliga ($120 in chips)
fifaliga: posts small blind $1
Kosova1968: posts big blind $3
*** HOLE CARDS ***
fifaliga: raises $3 to $6
Kosova1968: calls $3
*** FLOP *** [9s Jh Jd]
Kosova1968: checks
fifaliga: bets $3
Kosova1968: calls $3
*** TURN *** [9s Jh Jd] [8h]
Kosova1968: checks
fifaliga: checks
*** RIVER *** [9s Jh Jd 8h] [Ad]
Kosova1968: checks
fifaliga: checks
*** SHOW DOWN ***
Kosova1968: shows [Tc 2c] (a pair of Jacks)
fifaliga: shows [Qs 4d] (a pair of Jacks - Ace+Queen kicker)
fifaliga collected $17.64 from pot
*** SUMMARY ***
Total pot $18 | Rake $0.36
Board [9s Jh Jd 8h Ad]
Seat 1: Kosova1968 (big blind) showed [Tc 2c] and lost with a pair of Jacks
Seat 2: fifaliga (button) (small blind) showed [Qs 4d] and won ($17.64) with a pair of Jacks


PokerStars Hand #145024603428:  Hold'em Limit ($3/$6 USD) - 2015/12/08 11:20:44 ET
Table 'Antielus IV' 2-max Seat #1 is the button
Seat 1: Kosova1968 ($77.76 in chips)
Seat 2: fifaliga ($120 in chips)
Kosova1968: posts small blind $1
fifaliga: posts big blind $3
*** HOLE CARDS ***
Kosova1968: raises $3 to $6
fifaliga: folds
Uncalled bet ($3) returned to Kosova1968
Kosova1968 collected $6 from pot
*** SUMMARY ***
Total pot $6 | Rake $0
Seat 1: Kosova1968 (button) (small blind) collected ($6)
Seat 2: fifaliga (big blind) folded before Flop


PokerStars Hand #145024567945:  Hold'em Limit ($3/$6 USD) - 2015/12/08 11:20:00 ET
Table 'Antielus IV' 2-max Seat #2 is the button
Seat 1: Kosova1968 ($72 in chips)
Seat 2: fifaliga ($36 in chips)
fifaliga: posts small blind $1
Kosova1968 is connected
Kosova1968: posts big blind $3
*** HOLE CARDS ***
fifaliga: raises $3 to $6
Kosova1968: calls $3
*** FLOP *** [3s 8d 9d]
Kosova1968: bets $3
fifaliga: folds
Uncalled bet ($3) returned to Kosova1968
Kosova1968 collected $11.76 from pot
*** SUMMARY ***
Total pot $12 | Rake $0.24
Board [3s 8d 9d]
Seat 1: Kosova1968 (big blind) collected ($11.76)
Seat 2: fifaliga (button) (small blind) folded on the Flop


PokerStars Hand #145024648617:  Hold'em Limit ($3/$6 USD) - 2015/12/08 11:21:40 ET
Table 'Antielus IV' 2-max Seat #2 is the button
Seat 1: Kosova1968 ($73.52 in chips)
Seat 2: fifaliga ($126.64 in chips)
fifaliga: posts small blind $1
Kosova1968: posts big blind $3
*** HOLE CARDS ***
fifaliga: folds
Uncalled bet ($2) returned to Kosova1968
Kosova1968 collected $2 from pot
*** SUMMARY ***
Total pot $2 | Rake $0
Seat 1: Kosova1968 (big blind) collected ($2)
Seat 2: fifaliga (button) (small blind) folded before Flop


PokerStars Hand #145024634666:  Hold'em Limit ($3/$6 USD) - 2015/12/08 11:21:22 ET
Table 'Antielus IV' 2-max Seat #1 is the button
Seat 1: Kosova1968 ($67.76 in chips)
Seat 2: fifaliga ($132.64 in chips)
Kosova1968: posts small blind $1
fifaliga: posts big blind $3
*** HOLE CARDS ***
Kosova1968: raises $3 to $6
fifaliga: calls $3
*** FLOP *** [8s 3h 5c]
fifaliga: checks
Kosova1968: bets $3
fifaliga: folds
Uncalled bet ($3) returned to Kosova1968
Kosova1968 collected $11.76 from pot
*** SUMMARY ***
Total pot $12 | Rake $0.24
Board [8s 3h 5c]
Seat 1: Kosova1968 (button) (small blind) collected ($11.76)
Seat 2: fifaliga (big blind) folded on the Flop


PokerStars Hand #145024630216:  Hold'em Limit ($3/$6 USD) - 2015/12/08 11:21:17 ET
Table 'Antielus IV' 2-max Seat #2 is the button
Seat 1: Kosova1968 ($70.76 in chips)
Seat 2: fifaliga ($129.64 in chips)
fifaliga: posts small blind $1
Kosova1968: posts big blind $3
*** HOLE CARDS ***
fifaliga: raises $3 to $6
Kosova1968: folds
Uncalled bet ($3) returned to fifaliga
fifaliga collected $6 from pot
fifaliga: doesn't show hand
*** SUMMARY ***
Total pot $6 | Rake $0
Seat 1: Kosova1968 (big blind) folded before Flop
Seat 2: fifaliga (button) (small blind) collected ($6)


