PokerStars Hand #166795878420:  Hold'em Limit ($3/$6 USD) - 2017/02/26 8:15:22 ET
Table 'Antiope II' 6-max Seat #4 is the button
Seat 1: aremom4e ($29 in chips)
Seat 4: TbIP-TbIP 88 ($73 in chips)
TbIP-TbIP 88: posts small blind $1
aremom4e: posts big blind $3
*** HOLE CARDS ***
TbIP-TbIP 88: folds
Uncalled bet ($2) returned to aremom4e
aremom4e collected $2 from pot
aremom4e: doesn't show hand
*** SUMMARY ***
Total pot $2 | Rake $0
Seat 1: aremom4e (big blind) collected ($2)
Seat 4: TbIP-TbIP 88 (button) (small blind) folded before Flop


PokerStars Hand #166795872056:  Hold'em Limit ($3/$6 USD) - 2017/02/26 8:15:12 ET
Table 'Antiope II' 6-max Seat #1 is the button
Seat 1: aremom4e ($30 in chips)
Seat 4: TbIP-TbIP 88 ($72 in chips)
aremom4e: posts small blind $1
TbIP-TbIP 88: posts big blind $3
*** HOLE CARDS ***
aremom4e: folds
Uncalled bet ($2) returned to TbIP-TbIP 88
TbIP-TbIP 88 collected $2 from pot
TbIP-TbIP 88: doesn't show hand
*** SUMMARY ***
Total pot $2 | Rake $0
Seat 1: aremom4e (button) (small blind) folded before Flop
Seat 4: TbIP-TbIP 88 (big blind) collected ($2)


PokerStars Hand #166795889707:  Hold'em Limit ($3/$6 USD) - 2017/02/26 8:15:40 ET
Table 'Antiope II' 6-max Seat #4 is the button
Seat 1: aremom4e ($24 in chips)
Seat 4: TbIP-TbIP 88 ($77.76 in chips)
TbIP-TbIP 88: posts small blind $1
aremom4e: posts big blind $3
*** HOLE CARDS ***
TbIP-TbIP 88: raises $3 to $6
aremom4e: calls $3
*** FLOP *** [3s 2s Ac]
aremom4e: checks
TbIP-TbIP 88: bets $3
aremom4e: raises $3 to $6
TbIP-TbIP 88: calls $3
*** TURN *** [3s 2s Ac] [5h]
aremom4e: bets $6
TbIP-TbIP 88: raises $6 to $12
aremom4e: calls $6 and is all-in
*** RIVER *** [3s 2s Ac 5h] [9d]
*** SHOW DOWN ***
aremom4e: shows [8s 5s] (a pair of Fives)
TbIP-TbIP 88: shows [5c Kc] (a pair of Fives - Ace+King kicker)
TbIP-TbIP 88 collected $47.50 from pot
*** SUMMARY ***
Total pot $48 | Rake $0.50
Board [3s 2s Ac 5h 9d]
Seat 1: aremom4e (big blind) showed [8s 5s] and lost with a pair of Fives
Seat 4: TbIP-TbIP 88 (button) (small blind) showed [5c Kc] and won ($47.50) with a pair of Fives


PokerStars Hand #166795882182:  Hold'em Limit ($3/$6 USD) - 2017/02/26 8:15:28 ET
Table 'Antiope II' 6-max Seat #1 is the button
Seat 1: aremom4e ($30 in chips)
Seat 4: TbIP-TbIP 88 ($72 in chips)
aremom4e: posts small blind $1
TbIP-TbIP 88: posts big blind $3
*** HOLE CARDS ***
aremom4e: raises $3 to $6
TbIP-TbIP 88: calls $3
*** FLOP *** [9d 4h 4c]
TbIP-TbIP 88: checks
aremom4e: checks
*** TURN *** [9d 4h 4c] [Qh]
TbIP-TbIP 88: bets $6
aremom4e: folds
Uncalled bet ($6) returned to TbIP-TbIP 88
TbIP-TbIP 88 collected $11.76 from pot
TbIP-TbIP 88: doesn't show hand
*** SUMMARY ***
Total pot $12 | Rake $0.24
Board [9d 4h 4c Qh]
Seat 1: aremom4e (button) (small blind) folded on the Turn
Seat 4: TbIP-TbIP 88 (big blind) collected ($11.76)


