PokerStars Hand #166789341245:  Hold'em Limit ($3/$6 USD) - 2017/02/26 4:48:01 ET
Table 'Antiphos' 6-max Seat #4 is the button
Seat 3: hairy1961 ($74.50 in chips)
Seat 4: AzureCaper ($72 in chips)
AzureCaper: posts small blind $1
hairy1961: posts big blind $3
*** HOLE CARDS ***
AzureCaper: raises $3 to $6
hairy1961: folds
Uncalled bet ($3) returned to AzureCaper
AzureCaper collected $6 from pot
AzureCaper: doesn't show hand
*** SUMMARY ***
Total pot $6 | Rake $0
Seat 3: hairy1961 (big blind) folded before Flop
Seat 4: AzureCaper (button) (small blind) collected ($6)


PokerStars Hand #166789327081:  Hold'em Limit ($3/$6 USD) - 2017/02/26 4:47:28 ET
Table 'Antiphos' 6-max Seat #3 is the button
Seat 3: hairy1961 ($54 in chips)
Seat 4: AzureCaper ($72 in chips)
hairy1961: posts small blind $1
AzureCaper: posts big blind $3
*** HOLE CARDS ***
hairy1961: calls $2
AzureCaper: raises $3 to $6
hairy1961: calls $3
*** FLOP *** [4d Qd 5c]
AzureCaper: bets $3
hairy1961: calls $3
*** TURN *** [4d Qd 5c] [3s]
AzureCaper: bets $6
hairy1961: calls $6
*** RIVER *** [4d Qd 5c 3s] [4c]
AzureCaper: bets $6
hairy1961: calls $6
*** SHOW DOWN ***
AzureCaper: shows [Ks Ah] (a pair of Fours)
hairy1961: shows [Qh Jh] (two pair, Queens and Fours)
hairy1961 collected $41.50 from pot
*** SUMMARY ***
Total pot $42 | Rake $0.50
Board [4d Qd 5c 3s 4c]
Seat 3: hairy1961 (button) (small blind) showed [Qh Jh] and won ($41.50) with two pair, Queens and Fours
Seat 4: AzureCaper (big blind) showed [Ks Ah] and lost with a pair of Fours


PokerStars Hand #166789324424:  Hold'em Limit ($3/$6 USD) - 2017/02/26 4:47:22 ET
Table 'Antiphos' 6-max Seat #4 is the button
Seat 3: hairy1961 ($53 in chips)
Seat 4: AzureCaper ($72 in chips)
AzureCaper: posts small blind $1
hairy1961: posts big blind $3
*** HOLE CARDS ***
AzureCaper: folds
Uncalled bet ($2) returned to hairy1961
hairy1961 collected $2 from pot
*** SUMMARY ***
Total pot $2 | Rake $0
Seat 3: hairy1961 (big blind) collected ($2)
Seat 4: AzureCaper (button) (small blind) folded before Flop


PokerStars Hand #166789318298:  Hold'em Limit ($3/$6 USD) - 2017/02/26 4:47:07 ET
Table 'Antiphos' 6-max Seat #3 is the button
Seat 3: hairy1961 ($50 in chips)
Seat 4: AzureCaper ($72 in chips)
hairy1961: posts small blind $1
AzureCaper: posts big blind $3
*** HOLE CARDS ***
hairy1961: raises $3 to $6
AzureCaper: folds
Uncalled bet ($3) returned to hairy1961
hairy1961 collected $6 from pot
*** SUMMARY ***
Total pot $6 | Rake $0
Seat 3: hairy1961 (button) (small blind) collected ($6)
Seat 4: AzureCaper (big blind) folded before Flop


PokerStars Hand #166789345943:  Hold'em Limit ($3/$6 USD) - 2017/02/26 4:48:12 ET
Table 'Antiphos' 6-max Seat #3 is the button
Seat 3: hairy1961 ($71.50 in chips)
Seat 4: AzureCaper ($75 in chips)
hairy1961: posts small blind $1
AzureCaper: posts big blind $3
*** HOLE CARDS ***
hairy1961: raises $3 to $6
AzureCaper: folds
Uncalled bet ($3) returned to hairy1961
grabaz joins the table at seat #5
hairy1961 collected $6 from pot
*** SUMMARY ***
Total pot $6 | Rake $0
Seat 3: hairy1961 (button) (small blind) collected ($6)
Seat 4: AzureCaper (big blind) folded before Flop


PokerStars Hand #166795405279:  Hold'em Limit ($3/$6 USD) - 2017/02/26 8:02:55 ET
Table 'Antiphos' 6-max Seat #3 is the button
Seat 1: Luanto 14 ($316.67 in chips)
Seat 3: supersjakie ($72.12 in chips)
supersjakie: posts small blind $1
Apanage: is sitting out
Luanto 14: posts big blind $3
*** HOLE CARDS ***
Apanage leaves the table
supersjakie: folds
Uncalled bet ($2) returned to Luanto 14
Luanto 14 collected $2 from pot
Luanto 14: doesn't show hand
*** SUMMARY ***
Total pot $2 | Rake $0
Seat 1: Luanto 14 (big blind) collected ($2)
Seat 3: supersjakie (button) (small blind) folded before Flop


PokerStars Hand #166795419645:  Hold'em Limit ($3/$6 USD) - 2017/02/26 8:03:19 ET
Table 'Antiphos' 6-max Seat #3 is the button
Seat 1: Luanto 14 ($320.67 in chips)
Seat 3: supersjakie ($68.12 in chips)
supersjakie: posts small blind $1
Luanto 14: posts big blind $3
*** HOLE CARDS ***
supersjakie: raises $3 to $6
Luanto 14: calls $3
*** FLOP *** [Kh 3c 5s]
Luanto 14: checks
supersjakie: bets $3
Luanto 14: calls $3
*** TURN *** [Kh 3c 5s] [9d]
Luanto 14: checks
supersjakie: bets $6
Luanto 14: calls $6
*** RIVER *** [Kh 3c 5s 9d] [6c]
Luanto 14: checks
supersjakie: bets $6
Luanto 14: calls $6
*** SHOW DOWN ***
supersjakie: shows [Ks Kd] (three of a kind, Kings)
Luanto 14: mucks hand
supersjakie collected $41.50 from pot
*** SUMMARY ***
Total pot $42 | Rake $0.50
Board [Kh 3c 5s 9d 6c]
Seat 1: Luanto 14 (big blind) mucked
Seat 3: supersjakie (button) (small blind) showed [Ks Kd] and won ($41.50) with three of a kind, Kings


PokerStars Hand #166795411710:  Hold'em Limit ($3/$6 USD) - 2017/02/26 8:03:06 ET
Table 'Antiphos' 6-max Seat #3 is the button
Seat 1: Luanto 14 ($320.67 in chips)
Seat 3: supersjakie ($68.12 in chips)
supersjakie: posts small blind $1
Luanto 14: posts big blind $3
*** HOLE CARDS ***
supersjakie: raises $3 to $6
Luanto 14: folds
Uncalled bet ($3) returned to supersjakie
supersjakie collected $6 from pot
supersjakie: doesn't show hand
*** SUMMARY ***
Total pot $6 | Rake $0
Seat 1: Luanto 14 (big blind) folded before Flop
Seat 3: supersjakie (button) (small blind) collected ($6)


PokerStars Hand #166795408384:  Hold'em Limit ($3/$6 USD) - 2017/02/26 8:03:01 ET
Table 'Antiphos' 6-max Seat #1 is the button
Seat 1: Luanto 14 ($317.67 in chips)
Seat 3: supersjakie ($71.12 in chips)
Luanto 14: posts small blind $1
supersjakie: posts big blind $3
*** HOLE CARDS ***
Luanto 14: raises $3 to $6
supersjakie: folds
Uncalled bet ($3) returned to Luanto 14
Luanto 14 collected $6 from pot
Luanto 14: doesn't show hand
*** SUMMARY ***
Total pot $6 | Rake $0
Seat 1: Luanto 14 (button) (small blind) collected ($6)
Seat 3: supersjakie (big blind) folded before Flop


PokerStars Hand #166795415695:  Hold'em Limit ($3/$6 USD) - 2017/02/26 8:03:12 ET
Table 'Antiphos' 6-max Seat #1 is the button
Seat 1: Luanto 14 ($317.67 in chips)
Seat 3: supersjakie ($71.12 in chips)
Luanto 14: posts small blind $1
supersjakie: posts big blind $3
*** HOLE CARDS ***
Luanto 14: raises $3 to $6
supersjakie: folds
Uncalled bet ($3) returned to Luanto 14
Luanto 14 collected $6 from pot
Luanto 14: doesn't show hand
*** SUMMARY ***
Total pot $6 | Rake $0
Seat 1: Luanto 14 (button) (small blind) collected ($6)
Seat 3: supersjakie (big blind) folded before Flop


PokerStars Hand #166795432901:  Hold'em Limit ($3/$6 USD) - 2017/02/26 8:03:40 ET
Table 'Antiphos' 6-max Seat #1 is the button
Seat 1: Luanto 14 ($299.67 in chips)
Seat 3: supersjakie ($88.62 in chips)
Luanto 14: posts small blind $1
supersjakie: posts big blind $3
*** HOLE CARDS ***
Luanto 14: raises $3 to $6
supersjakie: calls $3
*** FLOP *** [Ad Qh Jc]
supersjakie: checks
Luanto 14: bets $3
supersjakie: calls $3
*** TURN *** [Ad Qh Jc] [6c]
supersjakie: bets $6
Luanto 14: folds
Uncalled bet ($6) returned to supersjakie
supersjakie collected $17.64 from pot
supersjakie: doesn't show hand
*** SUMMARY ***
Total pot $18 | Rake $0.36
Board [Ad Qh Jc 6c]
Seat 1: Luanto 14 (button) (small blind) folded on the Turn
Seat 3: supersjakie (big blind) collected ($17.64)


