PokerStars Hand #152964369384:  Hold'em Limit ($3/$6 USD) - 2016/05/07 3:44:11 ET
Table 'Antonia' 6-max Seat #3 is the button
Seat 2: belik555 ($153.95 in chips)
Seat 3: DitMar2 ($75.79 in chips)
DitMar2: posts small blind $1
belik555: posts big blind $3
*** HOLE CARDS ***
DitMar2: folds
Uncalled bet ($2) returned to belik555
belik555 collected $2 from pot
belik555: doesn't show hand
*** SUMMARY ***
Total pot $2 | Rake $0
Seat 2: belik555 (big blind) collected ($2)
Seat 3: DitMar2 (button) (small blind) folded before Flop


PokerStars Hand #152964362976:  Hold'em Limit ($3/$6 USD) - 2016/05/07 3:43:49 ET
Table 'Antonia' 6-max Seat #2 is the button
Seat 2: belik555 ($162.95 in chips)
Seat 3: DitMar2 ($67.15 in chips)
belik555: posts small blind $1
DitMar2: posts big blind $3
*** HOLE CARDS ***
belik555: raises $3 to $6
DitMar2: raises $3 to $9
belik555: calls $3
*** FLOP *** [Qh 8h 9d]
DitMar2: bets $3
belik555: folds
Uncalled bet ($3) returned to DitMar2
DitMar2 collected $17.64 from pot
DitMar2: doesn't show hand
*** SUMMARY ***
Total pot $18 | Rake $0.36
Board [Qh 8h 9d]
Seat 2: belik555 (button) (small blind) folded on the Flop
Seat 3: DitMar2 (big blind) collected ($17.64)


PokerStars Hand #152964371194:  Hold'em Limit ($3/$6 USD) - 2016/05/07 3:44:17 ET
Table 'Antonia' 6-max Seat #2 is the button
Seat 2: belik555 ($154.95 in chips)
Seat 3: DitMar2 ($74.79 in chips)
belik555: posts small blind $1
DitMar2: posts big blind $3
*** HOLE CARDS ***
belik555: raises $3 to $6
DitMar2: raises $3 to $9
belik555: calls $3
*** FLOP *** [Jh 7h 5c]
DitMar2: bets $3
belik555: calls $3
*** TURN *** [Jh 7h 5c] [2d]
DitMar2: bets $6
belik555: calls $6
*** RIVER *** [Jh 7h 5c 2d] [4d]
DitMar2: bets $6
belik555: calls $6
*** SHOW DOWN ***
DitMar2: shows [Kc Ac] (high card Ace)
belik555: shows [7s 9h] (a pair of Sevens)
belik555 collected $47.50 from pot
*** SUMMARY ***
Total pot $48 | Rake $0.50
Board [Jh 7h 5c 2d 4d]
Seat 2: belik555 (button) (small blind) showed [7s 9h] and won ($47.50) with a pair of Sevens
Seat 3: DitMar2 (big blind) showed [Kc Ac] and lost with high card Ace


PokerStars Hand #152964378122:  Hold'em Limit ($3/$6 USD) - 2016/05/07 3:44:40 ET
Table 'Antonia' 6-max Seat #3 is the button
Seat 2: belik555 ($178.45 in chips)
Seat 3: DitMar2 ($50.79 in chips)
DitMar2: posts small blind $1
belik555: posts big blind $3
*** HOLE CARDS ***
DitMar2: raises $3 to $6
belik555: calls $3
*** FLOP *** [5d 7s 9c]
belik555: checks
DitMar2: bets $3
belik555: calls $3
*** TURN *** [5d 7s 9c] [2c]
belik555: checks
DitMar2: bets $6
belik555: calls $6
*** RIVER *** [5d 7s 9c 2c] [3d]
belik555: checks
DitMar2: bets $6
belik555: calls $6
*** SHOW DOWN ***
DitMar2: shows [9d Tc] (a pair of Nines)
belik555: mucks hand
DitMar2 collected $41.50 from pot
*** SUMMARY ***
Total pot $42 | Rake $0.50
Board [5d 7s 9c 2c 3d]
Seat 2: belik555 (big blind) mucked
Seat 3: DitMar2 (button) (small blind) showed [9d Tc] and won ($41.50) with a pair of Nines


PokerStars Hand #152964401161:  Hold'em Limit ($3/$6 USD) - 2016/05/07 3:45:56 ET
Table 'Antonia' 6-max Seat #3 is the button
Seat 2: belik555 ($174.47 in chips)
Seat 3: DitMar2 ($52.79 in chips)
DitMar2: posts small blind $1
belik555: posts big blind $3
*** HOLE CARDS ***
samurai.ru joins the table at seat #4
DitMar2: raises $3 to $6
belik555: calls $3
*** FLOP *** [Td 2s 4s]
belik555: checks
DitMar2: bets $3
samurai.ru leaves the table
belik555: calls $3
*** TURN *** [Td 2s 4s] [6c]
belik555: checks
DitMar2: bets $6
belik555: folds
Uncalled bet ($6) returned to DitMar2
DitMar2 collected $17.64 from pot
DitMar2: doesn't show hand
*** SUMMARY ***
Total pot $18 | Rake $0.36
Board [Td 2s 4s 6c]
Seat 2: belik555 (big blind) folded on the Turn
Seat 3: DitMar2 (button) (small blind) collected ($17.64)


PokerStars Hand #152964393264:  Hold'em Limit ($3/$6 USD) - 2016/05/07 3:45:30 ET
Table 'Antonia' 6-max Seat #2 is the button
Seat 2: belik555 ($153.97 in chips)
Seat 3: DitMar2 ($73.79 in chips)
belik555: posts small blind $1
DitMar2: posts big blind $3
*** HOLE CARDS ***
belik555: raises $3 to $6
DitMar2: calls $3
*** FLOP *** [Ah Jh 7s]
DitMar2: checks
belik555: bets $3
DitMar2: calls $3
*** TURN *** [Ah Jh 7s] [7c]
DitMar2: checks
belik555: bets $6
DitMar2: calls $6
*** RIVER *** [Ah Jh 7s 7c] [4c]
DitMar2: bets $6
belik555: raises $6 to $12
DitMar2: folds
Uncalled bet ($6) returned to belik555
belik555 collected $41.50 from pot
belik555: doesn't show hand
*** SUMMARY ***
Total pot $42 | Rake $0.50
Board [Ah Jh 7s 7c 4c]
Seat 2: belik555 (button) (small blind) collected ($41.50)
Seat 3: DitMar2 (big blind) folded on the River


PokerStars Hand #152964389323:  Hold'em Limit ($3/$6 USD) - 2016/05/07 3:45:17 ET
Table 'Antonia' 6-max Seat #3 is the button
Seat 2: belik555 ($168.97 in chips)
Seat 3: DitMar2 ($59.29 in chips)
DitMar2: posts small blind $1
belik555: posts big blind $3
*** HOLE CARDS ***
DitMar2: raises $3 to $6
belik555: calls $3
*** FLOP *** [Ts 9h Jh]
belik555: checks
DitMar2: bets $3
belik555: calls $3
*** TURN *** [Ts 9h Jh] [2h]
belik555: checks
DitMar2: bets $6
belik555: calls $6
*** RIVER *** [Ts 9h Jh 2h] [Jc]
belik555: checks
DitMar2: checks
*** SHOW DOWN ***
belik555: shows [7d 6h] (a pair of Jacks)
DitMar2: shows [4d Qc] (a pair of Jacks - Queen kicker)
DitMar2 collected $29.50 from pot
*** SUMMARY ***
Total pot $30 | Rake $0.50
Board [Ts 9h Jh 2h Jc]
Seat 2: belik555 (big blind) showed [7d 6h] and lost with a pair of Jacks
Seat 3: DitMar2 (button) (small blind) showed [4d Qc] and won ($29.50) with a pair of Jacks


PokerStars Hand #152964414222:  Hold'em Limit ($3/$6 USD) - 2016/05/07 3:46:39 ET
Table 'Antonia' 6-max Seat #3 is the button
Seat 2: belik555 ($176.99 in chips)
Seat 3: DitMar2 ($49.43 in chips)
DitMar2: posts small blind $1
belik555: posts big blind $3
*** HOLE CARDS ***
DitMar2: folds
Uncalled bet ($2) returned to belik555
belik555 collected $2 from pot
belik555: doesn't show hand
*** SUMMARY ***
Total pot $2 | Rake $0
Seat 2: belik555 (big blind) collected ($2)
Seat 3: DitMar2 (button) (small blind) folded before Flop


PokerStars Hand #152964419738:  Hold'em Limit ($3/$6 USD) - 2016/05/07 3:46:57 ET
Table 'Antonia' 6-max Seat #3 is the button
Seat 2: belik555 ($153.99 in chips)
Seat 3: DitMar2 ($71.93 in chips)
DitMar2: posts small blind $1
belik555: posts big blind $3
*** HOLE CARDS ***
DitMar2: raises $3 to $6
belik555: calls $3
*** FLOP *** [9h 9d 3s]
belik555: checks
DitMar2: bets $3
belik555: calls $3
*** TURN *** [9h 9d 3s] [7d]
belik555: checks
DitMar2: bets $6
belik555: calls $6
*** RIVER *** [9h 9d 3s 7d] [Qh]
belik555: checks
DitMar2: bets $6
belik555: calls $6
*** SHOW DOWN ***
DitMar2: shows [Kh Kc] (two pair, Kings and Nines)
belik555: mucks hand
DitMar2 collected $41.50 from pot
*** SUMMARY ***
Total pot $42 | Rake $0.50
Board [9h 9d 3s 7d Qh]
Seat 2: belik555 (big blind) mucked
Seat 3: DitMar2 (button) (small blind) showed [Kh Kc] and won ($41.50) with two pair, Kings and Nines


PokerStars Hand #152964424802:  Hold'em Limit ($3/$6 USD) - 2016/05/07 3:47:13 ET
Table 'Antonia' 6-max Seat #2 is the button
Seat 2: belik555 ($132.99 in chips)
Seat 3: DitMar2 ($92.43 in chips)
belik555: posts small blind $1
DitMar2: posts big blind $3
*** HOLE CARDS ***
belik555: raises $3 to $6
DitMar2: raises $3 to $9
belik555: calls $3
*** FLOP *** [7s 5d Kc]
DitMar2: bets $3
belik555: calls $3
*** TURN *** [7s 5d Kc] [Td]
DitMar2: bets $6
belik555: calls $6
*** RIVER *** [7s 5d Kc Td] [Ac]
DitMar2: bets $6
belik555: calls $6
*** SHOW DOWN ***
DitMar2: shows [Js Kd] (a pair of Kings)
belik555: mucks hand
DitMar2 collected $47.50 from pot
*** SUMMARY ***
Total pot $48 | Rake $0.50
Board [7s 5d Kc Td Ac]
Seat 2: belik555 (button) (small blind) mucked
Seat 3: DitMar2 (big blind) showed [Js Kd] and won ($47.50) with a pair of Kings


PokerStars Hand #152964415570:  Hold'em Limit ($3/$6 USD) - 2016/05/07 3:46:43 ET
Table 'Antonia' 6-max Seat #2 is the button
Seat 2: belik555 ($177.99 in chips)
Seat 3: DitMar2 ($48.43 in chips)
belik555: posts small blind $1
DitMar2: posts big blind $3
*** HOLE CARDS ***
belik555: raises $3 to $6
DitMar2: raises $3 to $9
belik555: calls $3
*** FLOP *** [5d Qc 7d]
DitMar2: bets $3
belik555: calls $3
*** TURN *** [5d Qc 7d] [8d]
DitMar2: bets $6
belik555: calls $6
*** RIVER *** [5d Qc 7d 8d] [3h]
DitMar2: bets $6
belik555: calls $6
*** SHOW DOWN ***
DitMar2: shows [Kd Kh] (a pair of Kings)
belik555: mucks hand
DitMar2 collected $47.50 from pot
*** SUMMARY ***
Total pot $48 | Rake $0.50
Board [5d Qc 7d 8d 3h]
Seat 2: belik555 (button) (small blind) mucked
Seat 3: DitMar2 (big blind) showed [Kd Kh] and won ($47.50) with a pair of Kings


PokerStars Hand #152964407400:  Hold'em Limit ($3/$6 USD) - 2016/05/07 3:46:16 ET
Table 'Antonia' 6-max Seat #2 is the button
Seat 2: belik555 ($165.47 in chips)
Seat 3: DitMar2 ($61.43 in chips)
belik555: posts small blind $1
DitMar2: posts big blind $3
*** HOLE CARDS ***
belik555: raises $3 to $6
DitMar2: raises $3 to $9
belik555: calls $3
*** FLOP *** [8d 7d Kc]
DitMar2: bets $3
belik555: calls $3
*** TURN *** [8d 7d Kc] [5s]
DitMar2: checks
belik555: checks
*** RIVER *** [8d 7d Kc 5s] [Th]
DitMar2: checks
belik555: bets $6
DitMar2: folds
Uncalled bet ($6) returned to belik555
belik555 collected $23.52 from pot
belik555: doesn't show hand
*** SUMMARY ***
Total pot $24 | Rake $0.48
Board [8d 7d Kc 5s Th]
Seat 2: belik555 (button) (small blind) collected ($23.52)
Seat 3: DitMar2 (big blind) folded on the River


PokerStars Hand #152964439206:  Hold'em Limit ($3/$6 USD) - 2016/05/07 3:48:00 ET
Table 'Antonia' 6-max Seat #2 is the button
Seat 2: belik555 ($87.99 in chips)
Seat 3: DitMar2 ($136.43 in chips)
belik555: posts small blind $1
DitMar2: posts big blind $3
*** HOLE CARDS ***
belik555: raises $3 to $6
DitMar2: calls $3
*** FLOP *** [5c 8c 9c]
DitMar2: checks
belik555: bets $3
DitMar2: calls $3
*** TURN *** [5c 8c 9c] [Ts]
DitMar2: checks
belik555: checks
*** RIVER *** [5c 8c 9c Ts] [7c]
DitMar2: bets $6
belik555: calls $6
*** SHOW DOWN ***
DitMar2: shows [5h 6h] (a straight, Six to Ten)
belik555: shows [2h 4c] (a flush, Nine high)
belik555 collected $29.50 from pot
*** SUMMARY ***
Total pot $30 | Rake $0.50
Board [5c 8c 9c Ts 7c]
Seat 2: belik555 (button) (small blind) showed [2h 4c] and won ($29.50) with a flush, Nine high
Seat 3: DitMar2 (big blind) showed [5h 6h] and lost with a straight, Six to Ten


PokerStars Hand #152964444105:  Hold'em Limit ($3/$6 USD) - 2016/05/07 3:48:16 ET
Table 'Antonia' 6-max Seat #3 is the button
Seat 2: belik555 ($102.49 in chips)
Seat 3: DitMar2 ($121.43 in chips)
DitMar2: posts small blind $1
belik555: posts big blind $3
*** HOLE CARDS ***
DitMar2: raises $3 to $6
belik555: folds
Uncalled bet ($3) returned to DitMar2
DitMar2 collected $6 from pot
DitMar2: doesn't show hand
*** SUMMARY ***
Total pot $6 | Rake $0
Seat 2: belik555 (big blind) folded before Flop
Seat 3: DitMar2 (button) (small blind) collected ($6)


PokerStars Hand #152964429077:  Hold'em Limit ($3/$6 USD) - 2016/05/07 3:47:27 ET
Table 'Antonia' 6-max Seat #3 is the button
Seat 2: belik555 ($108.99 in chips)
Seat 3: DitMar2 ($115.93 in chips)
DitMar2: posts small blind $1
belik555: posts big blind $3
*** HOLE CARDS ***
DitMar2: raises $3 to $6
belik555: calls $3
*** FLOP *** [6s 2h Ah]
belik555: checks
DitMar2: bets $3
belik555: calls $3
*** TURN *** [6s 2h Ah] [3s]
belik555: checks
DitMar2: bets $6
belik555: calls $6
*** RIVER *** [6s 2h Ah 3s] [Kc]
belik555: checks
DitMar2: bets $6
belik555: calls $6
*** SHOW DOWN ***
DitMar2: shows [2d Ac] (two pair, Aces and Deuces)
belik555: mucks hand
DitMar2 collected $41.50 from pot
*** SUMMARY ***
Total pot $42 | Rake $0.50
Board [6s 2h Ah 3s Kc]
Seat 2: belik555 (big blind) mucked
Seat 3: DitMar2 (button) (small blind) showed [2d Ac] and won ($41.50) with two pair, Aces and Deuces


PokerStars Hand #152964445903:  Hold'em Limit ($3/$6 USD) - 2016/05/07 3:48:22 ET
Table 'Antonia' 6-max Seat #2 is the button
Seat 2: belik555 ($99.49 in chips)
Seat 3: DitMar2 ($124.43 in chips)
belik555: posts small blind $1
DitMar2: posts big blind $3
*** HOLE CARDS ***
belik555: raises $3 to $6
DitMar2: raises $3 to $9
belik555: calls $3
*** FLOP *** [Qh 6c 9h]
DitMar2: bets $3
JayEm82 joins the table at seat #4
belik555: calls $3
*** TURN *** [Qh 6c 9h] [7h]
DitMar2: bets $6
belik555: calls $6
*** RIVER *** [Qh 6c 9h 7h] [4c]
DitMar2: checks
belik555: bets $6
DitMar2: folds
Uncalled bet ($6) returned to belik555
belik555 collected $35.50 from pot
belik555: doesn't show hand
*** SUMMARY ***
Total pot $36 | Rake $0.50
Board [Qh 6c 9h 7h 4c]
Seat 2: belik555 (button) (small blind) collected ($35.50)
Seat 3: DitMar2 (big blind) folded on the River


