PokerStars Hand #164218547240:  Hold'em Limit ($3/$6 USD) - 2017/01/07 21:54:08 ET
Table 'Antonia III' 6-max Seat #4 is the button
Seat 4: Chessnok ($607.99 in chips)
Seat 6: kasa575 ($133.93 in chips)
Chessnok: posts small blind $1
kasa575: posts big blind $3
*** HOLE CARDS ***
Chessnok: raises $3 to $6
kasa575: raises $3 to $9
Chessnok: calls $3
*** FLOP *** [3c 7s Ts]
kasa575: bets $3
Chessnok: calls $3
*** TURN *** [3c 7s Ts] [Qh]
kasa575: bets $6
Chessnok: calls $6
*** RIVER *** [3c 7s Ts Qh] [Jh]
kasa575: bets $6
Chessnok: calls $6
*** SHOW DOWN ***
kasa575: shows [Qs Qd] (three of a kind, Queens)
Chessnok: mucks hand
kasa575 collected $47.50 from pot
*** SUMMARY ***
Total pot $48 | Rake $0.50
Board [3c 7s Ts Qh Jh]
Seat 4: Chessnok (button) (small blind) mucked
Seat 6: kasa575 (big blind) showed [Qs Qd] and won ($47.50) with three of a kind, Queens


PokerStars Hand #164218573330:  Hold'em Limit ($3/$6 USD) - 2017/01/07 21:55:04 ET
Table 'Antonia III' 6-max Seat #4 is the button
Seat 4: Chessnok ($622.49 in chips)
Seat 6: kasa575 ($118.43 in chips)
Chessnok: posts small blind $1
kasa575: posts big blind $3
*** HOLE CARDS ***
Chessnok: folds
Uncalled bet ($2) returned to kasa575
kasa575 collected $2 from pot
kasa575: doesn't show hand
*** SUMMARY ***
Total pot $2 | Rake $0
Seat 4: Chessnok (button) (small blind) folded before Flop
Seat 6: kasa575 (big blind) collected ($2)


