PokerStars Hand #160424000307:  Hold'em Limit ($3/$6 USD) - 2016/10/25 13:10:07 ET
Table 'Antonia III' 6-max Seat #4 is the button
Seat 4: AzureCaper ($72 in chips)
Seat 5: 19woody58 ($164.34 in chips)
AzureCaper: posts small blind $1
19woody58: posts big blind $3
*** HOLE CARDS ***
AzureCaper: raises $3 to $6
19woody58: folds
Uncalled bet ($3) returned to AzureCaper
AzureCaper collected $6 from pot
AzureCaper: doesn't show hand
*** SUMMARY ***
Total pot $6 | Rake $0
Seat 4: AzureCaper (button) (small blind) collected ($6)
Seat 5: 19woody58 (big blind) folded before Flop


PokerStars Hand #160431554853:  Hold'em Limit ($3/$6 USD) - 2016/10/25 15:36:41 ET
Table 'Antonia III' 6-max Seat #3 is the button
Seat 3: xxRGx ($99.21 in chips)
Seat 4: Psynto ($102.75 in chips)
xxRGx: posts small blind $1
Psynto: posts big blind $3
*** HOLE CARDS ***
xxRGx: folds
Uncalled bet ($2) returned to Psynto
Psynto collected $2 from pot
Psynto: doesn't show hand
*** SUMMARY ***
Total pot $2 | Rake $0
Seat 3: xxRGx (button) (small blind) folded before Flop
Seat 4: Psynto (big blind) collected ($2)


PokerStars Hand #160431545455:  Hold'em Limit ($3/$6 USD) - 2016/10/25 15:36:31 ET
Table 'Antonia III' 6-max Seat #4 is the button
Seat 3: xxRGx ($102.21 in chips)
Seat 4: Psynto ($99.75 in chips)
Psynto: posts small blind $1
TinaTurner72: is sitting out
Apanage: is sitting out
xxRGx: posts big blind $3
*** HOLE CARDS ***
Psynto: raises $3 to $6
xxRGx: folds
Uncalled bet ($3) returned to Psynto
Psynto collected $6 from pot
Psynto: doesn't show hand
*** SUMMARY ***
Total pot $6 | Rake $0
Seat 3: xxRGx (big blind) folded before Flop
Seat 4: Psynto (button) (small blind) collected ($6)


PokerStars Hand #160431559767:  Hold'em Limit ($3/$6 USD) - 2016/10/25 15:36:46 ET
Table 'Antonia III' 6-max Seat #4 is the button
Seat 3: xxRGx ($98.21 in chips)
Seat 4: Psynto ($103.75 in chips)
Psynto: posts small blind $1
xxRGx: posts big blind $3
*** HOLE CARDS ***
Psynto: raises $3 to $6
xxRGx: raises $3 to $9
Psynto: calls $3
*** FLOP *** [Kh 8s 2c]
xxRGx: bets $3
Psynto: calls $3
*** TURN *** [Kh 8s 2c] [7d]
xxRGx: bets $6
Psynto: calls $6
*** RIVER *** [Kh 8s 2c 7d] [Qs]
xxRGx: bets $6
Psynto: calls $6
*** SHOW DOWN ***
xxRGx: shows [Ts Tc] (a pair of Tens)
Psynto: mucks hand
xxRGx collected $47.50 from pot
*** SUMMARY ***
Total pot $48 | Rake $0.50
Board [Kh 8s 2c 7d Qs]
Seat 3: xxRGx (big blind) showed [Ts Tc] and won ($47.50) with a pair of Tens
Seat 4: Psynto (button) (small blind) mucked


PokerStars Hand #160431577194:  Hold'em Limit ($3/$6 USD) - 2016/10/25 15:37:03 ET
Table 'Antonia III' 6-max Seat #3 is the button
Seat 3: xxRGx ($121.71 in chips)
Seat 4: Psynto ($79.75 in chips)
xxRGx: posts small blind $1
Psynto: posts big blind $3
*** HOLE CARDS ***
xxRGx: folds
Uncalled bet ($2) returned to Psynto
xxRGx leaves the table
Apanage leaves the table
Psynto collected $2 from pot
Psynto: doesn't show hand
*** SUMMARY ***
Total pot $2 | Rake $0
Seat 3: xxRGx (button) (small blind) folded before Flop
Seat 4: Psynto (big blind) collected ($2)


