PokerStars Hand #176501652240:  Hold'em Limit ($3/$6 USD) - 2017/10/04 19:20:59 ET
Table 'Antonia' 6-max Seat #3 is the button
Seat 3: Ag3r0n ($73 in chips)
Seat 6: jagnaras ($29 in chips)
Ag3r0n: posts small blind $1
jagnaras: posts big blind $3
*** HOLE CARDS ***
Ag3r0n: raises $3 to $6
jagnaras: calls $3
*** FLOP *** [Kc 3h 3s]
jagnaras: bets $3
Ag3r0n: raises $3 to $6
jagnaras: raises $3 to $9
Ag3r0n: raises $3 to $12
Betting is capped
jagnaras: calls $3
*** TURN *** [Kc 3h 3s] [9c]
jagnaras: bets $6
Ag3r0n: folds
Uncalled bet ($6) returned to jagnaras
jagnaras collected $35.50 from pot
jagnaras: doesn't show hand
*** SUMMARY ***
Total pot $36 | Rake $0.50
Board [Kc 3h 3s 9c]
Seat 3: Ag3r0n (button) (small blind) folded on the Turn
Seat 6: jagnaras (big blind) collected ($35.50)


PokerStars Hand #176501647205:  Hold'em Limit ($3/$6 USD) - 2017/10/04 19:20:50 ET
Table 'Antonia' 6-max Seat #6 is the button
Seat 3: Ag3r0n ($72 in chips)
Seat 6: jagnaras ($30 in chips)
jagnaras: posts small blind $1
Ag3r0n: posts big blind $3
*** HOLE CARDS ***
jagnaras: folds
Uncalled bet ($2) returned to Ag3r0n
Ag3r0n collected $2 from pot
*** SUMMARY ***
Total pot $2 | Rake $0
Seat 3: Ag3r0n (big blind) collected ($2)
Seat 6: jagnaras (button) (small blind) folded before Flop


PokerStars Hand #176501684341:  Hold'em Limit ($3/$6 USD) - 2017/10/04 19:21:58 ET
Table 'Antonia' 6-max Seat #6 is the button
Seat 3: Ag3r0n ($85 in chips)
Seat 6: jagnaras ($32.50 in chips)
jagnaras: posts small blind $1
Ag3r0n: posts big blind $3
*** HOLE CARDS ***
jagnaras: raises $3 to $6
Ag3r0n: calls $3
*** FLOP *** [3h Ah 5c]
Ag3r0n: checks
jagnaras: bets $3
Ag3r0n: raises $3 to $6
jagnaras: calls $3
*** TURN *** [3h Ah 5c] [Qd]
Ag3r0n: checks
jagnaras: bets $6
Ag3r0n: calls $6
*** RIVER *** [3h Ah 5c Qd] [8c]
Ag3r0n: checks
jagnaras: bets $6
Ag3r0n: calls $6
*** SHOW DOWN ***
jagnaras: shows [6h 2c] (high card Ace)
Ag3r0n: shows [5h Ts] (a pair of Fives)
Ag3r0n collected $47.50 from pot
*** SUMMARY ***
Total pot $48 | Rake $0.50
Board [3h Ah 5c Qd 8c]
Seat 3: Ag3r0n (big blind) showed [5h Ts] and won ($47.50) with a pair of Fives
Seat 6: jagnaras (button) (small blind) showed [6h 2c] and lost with high card Ace


PokerStars Hand #176501675753:  Hold'em Limit ($3/$6 USD) - 2017/10/04 19:21:43 ET
Table 'Antonia' 6-max Seat #3 is the button
Seat 3: Ag3r0n ($101.50 in chips)
Seat 6: jagnaras ($16.50 in chips)
Ag3r0n: posts small blind $1
jagnaras: posts big blind $3
*** HOLE CARDS ***
Ag3r0n: raises $3 to $6
jagnaras: raises $3 to $9
Ag3r0n: calls $3
*** FLOP *** [Jh 3d Jc]
jagnaras: bets $3
Ag3r0n: calls $3
*** TURN *** [Jh 3d Jc] [7h]
jagnaras: bets $4.50 and is all-in
Ag3r0n: calls $4.50
*** RIVER *** [Jh 3d Jc 7h] [5h]
*** SHOW DOWN ***
jagnaras: shows [Ac 6s] (a pair of Jacks)
Ag3r0n: shows [Qs 8s] (a pair of Jacks - lower kicker)
jagnaras collected $32.50 from pot
*** SUMMARY ***
Total pot $33 | Rake $0.50
Board [Jh 3d Jc 7h 5h]
Seat 3: Ag3r0n (button) (small blind) showed [Qs 8s] and lost with a pair of Jacks
Seat 6: jagnaras (big blind) showed [Ac 6s] and won ($32.50) with a pair of Jacks


PokerStars Hand #176501662022:  Hold'em Limit ($3/$6 USD) - 2017/10/04 19:21:17 ET
Table 'Antonia' 6-max Seat #6 is the button
Seat 3: Ag3r0n ($72 in chips)
Seat 6: jagnaras ($46.50 in chips)
jagnaras: posts small blind $1
Ag3r0n: posts big blind $3
*** HOLE CARDS ***
jagnaras: raises $3 to $6
Ag3r0n: calls $3
*** FLOP *** [5s 5d Kd]
Ag3r0n: checks
jagnaras: bets $3
Ag3r0n: raises $3 to $6
jagnaras: raises $3 to $9
Ag3r0n: raises $3 to $12
Betting is capped
jagnaras: calls $3
*** TURN *** [5s 5d Kd] [5c]
Ag3r0n: bets $6
jagnaras: calls $6
*** RIVER *** [5s 5d Kd 5c] [Jd]
Ag3r0n: bets $6
jagnaras: calls $6
*** SHOW DOWN ***
Ag3r0n: shows [4d 8d] (a flush, King high)
jagnaras: mucks hand
Ag3r0n collected $59.50 from pot
*** SUMMARY ***
Total pot $60 | Rake $0.50
Board [5s 5d Kd 5c Jd]
Seat 3: Ag3r0n (big blind) showed [4d 8d] and won ($59.50) with a flush, King high
Seat 6: jagnaras (button) (small blind) mucked


PokerStars Hand #176501698505:  Hold'em Limit ($3/$6 USD) - 2017/10/04 19:22:25 ET
Table 'Antonia' 6-max Seat #6 is the button
Seat 3: Ag3r0n ($107.50 in chips)
Seat 6: jagnaras ($9.50 in chips)
jagnaras: posts small blind $1
Ag3r0n: posts big blind $3
*** HOLE CARDS ***
jagnaras: raises $3 to $6
Ag3r0n: raises $3 to $9
jagnaras: raises $0.50 to $9.50 and is all-in
Betting is capped
Ag3r0n: calls $0.50
*** FLOP *** [Ts Qs 7h]
*** TURN *** [Ts Qs 7h] [Tc]
*** RIVER *** [Ts Qs 7h Tc] [4h]
*** SHOW DOWN ***
Ag3r0n: shows [Th Ac] (three of a kind, Tens)
jagnaras: shows [2c Qd] (two pair, Queens and Tens)
Ag3r0n collected $18.62 from pot
*** SUMMARY ***
Total pot $19 | Rake $0.38
Board [Ts Qs 7h Tc 4h]
Seat 3: Ag3r0n (big blind) showed [Th Ac] and won ($18.62) with three of a kind, Tens
Seat 6: jagnaras (button) (small blind) showed [2c Qd] and lost with two pair, Queens and Tens


