PokerStars Hand #145527713713:  Hold'em Limit ($3/$6 USD) - 2015/12/18 8:39:58 ET
Table 'Anubis' 6-max Seat #4 is the button
Seat 3: Oxm0x ($79.47 in chips)
Seat 4: PelonCabelao ($98.50 in chips)
PelonCabelao: posts small blind $1
Oxm0x: posts big blind $3
*** HOLE CARDS ***
PelonCabelao: raises $3 to $6
Oxm0x: calls $3
*** FLOP *** [5d 7c Js]
Oxm0x: checks
PelonCabelao: bets $3
Oxm0x: calls $3
*** TURN *** [5d 7c Js] [Qh]
Oxm0x: checks
PelonCabelao: bets $6
Oxm0x: folds
Uncalled bet ($6) returned to PelonCabelao
PelonCabelao collected $17.64 from pot
PelonCabelao: doesn't show hand
*** SUMMARY ***
Total pot $18 | Rake $0.36
Board [5d 7c Js Qh]
Seat 3: Oxm0x (big blind) folded on the Turn
Seat 4: PelonCabelao (button) (small blind) collected ($17.64)


PokerStars Hand #145527699289:  Hold'em Limit ($3/$6 USD) - 2015/12/18 8:39:34 ET
Table 'Anubis' 6-max Seat #3 is the button
Seat 3: Oxm0x ($103.47 in chips)
Seat 4: PelonCabelao ($75 in chips)
Oxm0x: posts small blind $1
PelonCabelao: posts big blind $3
*** HOLE CARDS ***
Oxm0x: raises $3 to $6
PelonCabelao: raises $3 to $9
Oxm0x: calls $3
*** FLOP *** [2s 6h 9c]
PelonCabelao: bets $3
Oxm0x: calls $3
*** TURN *** [2s 6h 9c] [Kh]
PelonCabelao: bets $6
Oxm0x: calls $6
*** RIVER *** [2s 6h 9c Kh] [8s]
PelonCabelao: bets $6
Oxm0x: calls $6
*** SHOW DOWN ***
PelonCabelao: shows [Jd Kc] (a pair of Kings)
Oxm0x: mucks hand
PelonCabelao collected $47.50 from pot
*** SUMMARY ***
Total pot $48 | Rake $0.50
Board [2s 6h 9c Kh 8s]
Seat 3: Oxm0x (button) (small blind) mucked
Seat 4: PelonCabelao (big blind) showed [Jd Kc] and won ($47.50) with a pair of Kings


PokerStars Hand #145527726251:  Hold'em Limit ($3/$6 USD) - 2015/12/18 8:40:20 ET
Table 'Anubis' 6-max Seat #3 is the button
Seat 3: Oxm0x ($70.47 in chips)
Seat 4: PelonCabelao ($107.14 in chips)
Oxm0x: posts small blind $1
PelonCabelao: posts big blind $3
*** HOLE CARDS ***
Oxm0x: raises $3 to $6
PelonCabelao: calls $3
*** FLOP *** [Jh Ks 9s]
parnishka11 joins the table at seat #6
PelonCabelao: checks
Oxm0x: bets $3
PelonCabelao: calls $3
*** TURN *** [Jh Ks 9s] [Qs]
PelonCabelao: checks
Oxm0x: bets $6
PelonCabelao: raises $6 to $12
Oxm0x: calls $6
*** RIVER *** [Jh Ks 9s Qs] [3c]
PelonCabelao: bets $6
€@nsrijk2 joins the table at seat #1
Oxm0x: calls $6
*** SHOW DOWN ***
PelonCabelao: shows [5h Tc] (a straight, Nine to King)
Oxm0x: shows [Kh Ts] (a straight, Nine to King)
PelonCabelao collected $26.75 from pot
Oxm0x collected $26.75 from pot
*** SUMMARY ***
Total pot $54 | Rake $0.50
Board [Jh Ks 9s Qs 3c]
Seat 3: Oxm0x (button) (small blind) showed [Kh Ts] and won ($26.75) with a straight, Nine to King
Seat 4: PelonCabelao (big blind) showed [5h Tc] and won ($26.75) with a straight, Nine to King


PokerStars Hand #145542102269:  Hold'em Limit ($3/$6 USD) - 2015/12/18 14:10:46 ET
Table 'Anubis' 6-max Seat #2 is the button
Seat 1: Carl1891 ($123.03 in chips)
Seat 2: pokkermon ($83.98 in chips)
pokkermon: posts small blind $1
Carl1891: posts big blind $3
*** HOLE CARDS ***
pokkermon: raises $3 to $6
Carl1891: folds
Uncalled bet ($3) returned to pokkermon
pokkermon collected $6 from pot
pokkermon: doesn't show hand
*** SUMMARY ***
Total pot $6 | Rake $0
Seat 1: Carl1891 (big blind) folded before Flop
Seat 2: pokkermon (button) (small blind) collected ($6)


PokerStars Hand #145542098269:  Hold'em Limit ($3/$6 USD) - 2015/12/18 14:10:41 ET
Table 'Anubis' 6-max Seat #1 is the button
Seat 1: Carl1891 ($120.03 in chips)
Seat 2: pokkermon ($86.98 in chips)
Carl1891: posts small blind $1
pokkermon: posts big blind $3
*** HOLE CARDS ***
Carl1891: raises $3 to $6
pokkermon: folds
Uncalled bet ($3) returned to Carl1891
Carl1891 collected $6 from pot
Carl1891: doesn't show hand
*** SUMMARY ***
Total pot $6 | Rake $0
Seat 1: Carl1891 (button) (small blind) collected ($6)
Seat 2: pokkermon (big blind) folded before Flop


PokerStars Hand #145542094461:  Hold'em Limit ($3/$6 USD) - 2015/12/18 14:10:37 ET
Table 'Anubis' 6-max Seat #2 is the button
Seat 1: Carl1891 ($123.03 in chips)
Seat 2: pokkermon ($83.98 in chips)
pokkermon: posts small blind $1
Carl1891: posts big blind $3
*** HOLE CARDS ***
pokkermon: raises $3 to $6
Carl1891: folds
Uncalled bet ($3) returned to pokkermon
pokkermon collected $6 from pot
pokkermon: doesn't show hand
*** SUMMARY ***
Total pot $6 | Rake $0
Seat 1: Carl1891 (big blind) folded before Flop
Seat 2: pokkermon (button) (small blind) collected ($6)


PokerStars Hand #145542086183:  Hold'em Limit ($3/$6 USD) - 2015/12/18 14:10:27 ET
Table 'Anubis' 6-max Seat #1 is the button
Seat 1: Carl1891 ($117.27 in chips)
Seat 2: pokkermon ($89.98 in chips)
Carl1891: posts small blind $1
pokkermon: posts big blind $3
*** HOLE CARDS ***
Pandakey leaves the table
Carl1891: raises $3 to $6
pokkermon: calls $3
*** FLOP *** [Jc 9s 8c]
pokkermon: checks
Carl1891: bets $3
pokkermon: folds
Uncalled bet ($3) returned to Carl1891
Carl1891 collected $11.76 from pot
Carl1891: doesn't show hand
*** SUMMARY ***
Total pot $12 | Rake $0.24
Board [Jc 9s 8c]
Seat 1: Carl1891 (button) (small blind) collected ($11.76)
Seat 2: pokkermon (big blind) folded on the Flop


PokerStars Hand #145542080557:  Hold'em Limit ($3/$6 USD) - 2015/12/18 14:10:21 ET
Table 'Anubis' 6-max Seat #2 is the button
Seat 1: Carl1891 ($120.27 in chips)
Seat 2: pokkermon ($86.98 in chips)
pokkermon: posts small blind $1
Pandakey: is sitting out
Carl1891: posts big blind $3
*** HOLE CARDS ***
pokkermon: raises $3 to $6
Carl1891: folds
Uncalled bet ($3) returned to pokkermon
pokkermon collected $6 from pot
pokkermon: doesn't show hand
*** SUMMARY ***
Total pot $6 | Rake $0
Seat 1: Carl1891 (big blind) folded before Flop
Seat 2: pokkermon (button) (small blind) collected ($6)


PokerStars Hand #145542142301:  Hold'em Limit ($3/$6 USD) - 2015/12/18 14:11:32 ET
Table 'Anubis' 6-max Seat #2 is the button
Seat 1: Carl1891 ($90.03 in chips)
Seat 2: pokkermon ($116.48 in chips)
pokkermon: posts small blind $1
Carl1891: posts big blind $3
*** HOLE CARDS ***
pokkermon: raises $3 to $6
Carl1891: calls $3
*** FLOP *** [2s 2h 4s]
Carl1891: checks
pokkermon: bets $3
Carl1891: raises $3 to $6
pokkermon: calls $3
*** TURN *** [2s 2h 4s] [Tc]
Carl1891: bets $6
pokkermon: raises $6 to $12
Carl1891: calls $6
*** RIVER *** [2s 2h 4s Tc] [9c]
Carl1891: checks
pokkermon: bets $6
Carl1891: calls $6
*** SHOW DOWN ***
pokkermon: shows [Jd Jh] (two pair, Jacks and Deuces)
Carl1891: mucks hand
pokkermon collected $59.50 from pot
*** SUMMARY ***
Total pot $60 | Rake $0.50
Board [2s 2h 4s Tc 9c]
Seat 1: Carl1891 (big blind) mucked
Seat 2: pokkermon (button) (small blind) showed [Jd Jh] and won ($59.50) with two pair, Jacks and Deuces


PokerStars Hand #145542138226:  Hold'em Limit ($3/$6 USD) - 2015/12/18 14:11:27 ET
Table 'Anubis' 6-max Seat #1 is the button
Seat 1: Carl1891 ($87.03 in chips)
Seat 2: pokkermon ($119.48 in chips)
Carl1891: posts small blind $1
pokkermon: posts big blind $3
*** HOLE CARDS ***
Carl1891: raises $3 to $6
pokkermon: folds
Uncalled bet ($3) returned to Carl1891
Carl1891 collected $6 from pot
Carl1891: doesn't show hand
*** SUMMARY ***
Total pot $6 | Rake $0
Seat 1: Carl1891 (button) (small blind) collected ($6)
Seat 2: pokkermon (big blind) folded before Flop


PokerStars Hand #145542133897:  Hold'em Limit ($3/$6 USD) - 2015/12/18 14:11:22 ET
Table 'Anubis' 6-max Seat #2 is the button
Seat 1: Carl1891 ($90.03 in chips)
Seat 2: pokkermon ($116.48 in chips)
pokkermon: posts small blind $1
Carl1891: posts big blind $3
*** HOLE CARDS ***
pokkermon: raises $3 to $6
Carl1891: folds
Uncalled bet ($3) returned to pokkermon
pokkermon collected $6 from pot
pokkermon: doesn't show hand
*** SUMMARY ***
Total pot $6 | Rake $0
Seat 1: Carl1891 (big blind) folded before Flop
Seat 2: pokkermon (button) (small blind) collected ($6)


PokerStars Hand #145542106486:  Hold'em Limit ($3/$6 USD) - 2015/12/18 14:10:51 ET
Table 'Anubis' 6-max Seat #1 is the button
Seat 1: Carl1891 ($120.03 in chips)
Seat 2: pokkermon ($86.98 in chips)
Carl1891: posts small blind $1
pokkermon: posts big blind $3
*** HOLE CARDS ***
Carl1891: raises $3 to $6
pokkermon: raises $3 to $9
Carl1891: calls $3
*** FLOP *** [4s 5h 2h]
pokkermon: bets $3
Carl1891: raises $3 to $6
pokkermon: raises $3 to $9
Carl1891: calls $3
*** TURN *** [4s 5h 2h] [7s]
pokkermon: bets $6
Carl1891: raises $6 to $12
pokkermon: calls $6
*** RIVER *** [4s 5h 2h 7s] [5c]
pokkermon: checks
Carl1891: checks
*** SHOW DOWN ***
pokkermon: shows [Jh Jc] (two pair, Jacks and Fives)
Carl1891: mucks hand
pokkermon collected $59.50 from pot
*** SUMMARY ***
Total pot $60 | Rake $0.50
Board [4s 5h 2h 7s 5c]
Seat 1: Carl1891 (button) (small blind) mucked
Seat 2: pokkermon (big blind) showed [Jh Jc] and won ($59.50) with two pair, Jacks and Fives


PokerStars Hand #145542204054:  Hold'em Limit ($3/$6 USD) - 2015/12/18 14:12:44 ET
Table 'Anubis' 6-max Seat #2 is the button
Seat 1: Carl1891 ($63.78 in chips)
Seat 2: pokkermon ($141.73 in chips)
pokkermon: posts small blind $1
Carl1891: posts big blind $3
*** HOLE CARDS ***
pokkermon: raises $3 to $6
Carl1891: calls $3
*** FLOP *** [2s Js 8s]
Carl1891: checks
pokkermon: bets $3
Carl1891: folds
Uncalled bet ($3) returned to pokkermon
pokkermon collected $11.76 from pot
pokkermon: doesn't show hand
*** SUMMARY ***
Total pot $12 | Rake $0.24
Board [2s Js 8s]
Seat 1: Carl1891 (big blind) folded on the Flop
Seat 2: pokkermon (button) (small blind) collected ($11.76)


PokerStars Hand #145542195013:  Hold'em Limit ($3/$6 USD) - 2015/12/18 14:12:33 ET
Table 'Anubis' 6-max Seat #1 is the button
Seat 1: Carl1891 ($60.78 in chips)
Seat 2: pokkermon ($144.73 in chips)
Carl1891: posts small blind $1
pokkermon: posts big blind $3
*** HOLE CARDS ***
Carl1891: raises $3 to $6
pokkermon: folds
Uncalled bet ($3) returned to Carl1891
Carl1891 collected $6 from pot
Carl1891: doesn't show hand
*** SUMMARY ***
Total pot $6 | Rake $0
Seat 1: Carl1891 (button) (small blind) collected ($6)
Seat 2: pokkermon (big blind) folded before Flop


PokerStars Hand #145542191121:  Hold'em Limit ($3/$6 USD) - 2015/12/18 14:12:29 ET
Table 'Anubis' 6-max Seat #2 is the button
Seat 1: Carl1891 ($59.78 in chips)
Seat 2: pokkermon ($145.73 in chips)
pokkermon: posts small blind $1
Carl1891: posts big blind $3
*** HOLE CARDS ***
pokkermon: folds
Uncalled bet ($2) returned to Carl1891
Carl1891 collected $2 from pot
Carl1891: doesn't show hand
*** SUMMARY ***
Total pot $2 | Rake $0
Seat 1: Carl1891 (big blind) collected ($2)
Seat 2: pokkermon (button) (small blind) folded before Flop


PokerStars Hand #145542187345:  Hold'em Limit ($3/$6 USD) - 2015/12/18 14:12:24 ET
Table 'Anubis' 6-max Seat #1 is the button
Seat 1: Carl1891 ($60.78 in chips)
Seat 2: pokkermon ($144.73 in chips)
Carl1891: posts small blind $1
pokkermon: posts big blind $3
*** HOLE CARDS ***
Carl1891: folds
Uncalled bet ($2) returned to pokkermon
pokkermon collected $2 from pot
pokkermon: doesn't show hand
*** SUMMARY ***
Total pot $2 | Rake $0
Seat 1: Carl1891 (button) (small blind) folded before Flop
Seat 2: pokkermon (big blind) collected ($2)


PokerStars Hand #145542183363:  Hold'em Limit ($3/$6 USD) - 2015/12/18 14:12:20 ET
Table 'Anubis' 6-max Seat #2 is the button
Seat 1: Carl1891 ($63.78 in chips)
Seat 2: pokkermon ($141.73 in chips)
pokkermon: posts small blind $1
Carl1891: posts big blind $3
*** HOLE CARDS ***
pokkermon: raises $3 to $6
Carl1891: folds
Uncalled bet ($3) returned to pokkermon
pokkermon collected $6 from pot
pokkermon: doesn't show hand
*** SUMMARY ***
Total pot $6 | Rake $0
Seat 1: Carl1891 (big blind) folded before Flop
Seat 2: pokkermon (button) (small blind) collected ($6)


PokerStars Hand #145542177510:  Hold'em Limit ($3/$6 USD) - 2015/12/18 14:12:13 ET
Table 'Anubis' 6-max Seat #1 is the button
Seat 1: Carl1891 ($60.78 in chips)
Seat 2: pokkermon ($144.73 in chips)
Carl1891: posts small blind $1
pokkermon: posts big blind $3
*** HOLE CARDS ***
Carl1891: raises $3 to $6
pokkermon: folds
Uncalled bet ($3) returned to Carl1891
Carl1891 collected $6 from pot
Carl1891: doesn't show hand
*** SUMMARY ***
Total pot $6 | Rake $0
Seat 1: Carl1891 (button) (small blind) collected ($6)
Seat 2: pokkermon (big blind) folded before Flop


PokerStars Hand #145542173746:  Hold'em Limit ($3/$6 USD) - 2015/12/18 14:12:08 ET
Table 'Anubis' 6-max Seat #2 is the button
Seat 1: Carl1891 ($59.78 in chips)
Seat 2: pokkermon ($145.73 in chips)
pokkermon: posts small blind $1
Carl1891: posts big blind $3
*** HOLE CARDS ***
pokkermon: folds
Uncalled bet ($2) returned to Carl1891
Carl1891 collected $2 from pot
Carl1891: doesn't show hand
*** SUMMARY ***
Total pot $2 | Rake $0
Seat 1: Carl1891 (big blind) collected ($2)
Seat 2: pokkermon (button) (small blind) folded before Flop


PokerStars Hand #145542159049:  Hold'em Limit ($3/$6 USD) - 2015/12/18 14:11:51 ET
Table 'Anubis' 6-max Seat #1 is the button
Seat 1: Carl1891 ($60.03 in chips)
Seat 2: pokkermon ($145.98 in chips)
Carl1891: posts small blind $1
pokkermon: posts big blind $3
*** HOLE CARDS ***
Carl1891: raises $3 to $6
pokkermon: calls $3
*** FLOP *** [Ts 7h Qd]
pokkermon: checks
Carl1891: bets $3
pokkermon: raises $3 to $6
Carl1891: calls $3
*** TURN *** [Ts 7h Qd] [Jh]
pokkermon: bets $6
Carl1891: calls $6
*** RIVER *** [Ts 7h Qd Jh] [As]
pokkermon: bets $6
Carl1891: raises $6 to $12
pokkermon: raises $6 to $18
Carl1891: raises $6 to $24
Betting is capped
pokkermon: calls $6
*** SHOW DOWN ***
Carl1891: shows [Kd 5s] (a straight, Ten to Ace)
pokkermon: shows [4d Ks] (a straight, Ten to Ace)
pokkermon collected $41.75 from pot
Carl1891 collected $41.75 from pot
*** SUMMARY ***
Total pot $84 | Rake $0.50
Board [Ts 7h Qd Jh As]
Seat 1: Carl1891 (button) (small blind) showed [Kd 5s] and won ($41.75) with a straight, Ten to Ace
Seat 2: pokkermon (big blind) showed [4d Ks] and won ($41.75) with a straight, Ten to Ace


PokerStars Hand #145542238451:  Hold'em Limit ($3/$6 USD) - 2015/12/18 14:13:24 ET
Table 'Anubis' 6-max Seat #2 is the button
Seat 1: Carl1891 ($79.92 in chips)
Seat 2: pokkermon ($124.49 in chips)
pokkermon: posts small blind $1
Carl1891: posts big blind $3
*** HOLE CARDS ***
pokkermon: raises $3 to $6
Carl1891: calls $3
*** FLOP *** [Kc Jc Tc]
Carl1891: checks
pokkermon: bets $3
Carl1891: calls $3
*** TURN *** [Kc Jc Tc] [7c]
Carl1891: checks
pokkermon: bets $6
Carl1891: folds
Uncalled bet ($6) returned to pokkermon
pokkermon collected $17.64 from pot
pokkermon: doesn't show hand
*** SUMMARY ***
Total pot $18 | Rake $0.36
Board [Kc Jc Tc 7c]
Seat 1: Carl1891 (big blind) folded on the Turn
Seat 2: pokkermon (button) (small blind) collected ($17.64)


PokerStars Hand #145542226759:  Hold'em Limit ($3/$6 USD) - 2015/12/18 14:13:10 ET
Table 'Anubis' 6-max Seat #1 is the button
Seat 1: Carl1891 ($65.42 in chips)
Seat 2: pokkermon ($139.49 in chips)
Carl1891: posts small blind $1
pokkermon: posts big blind $3
*** HOLE CARDS ***
Carl1891: raises $3 to $6
pokkermon: raises $3 to $9
Carl1891: calls $3
*** FLOP *** [3h Js 4d]
pokkermon: bets $3
Carl1891: raises $3 to $6
pokkermon: calls $3
*** TURN *** [3h Js 4d] [5d]
pokkermon: checks
Carl1891: bets $6
pokkermon: folds
Uncalled bet ($6) returned to Carl1891
Carl1891 collected $29.50 from pot
Carl1891: doesn't show hand
*** SUMMARY ***
Total pot $30 | Rake $0.50
Board [3h Js 4d 5d]
Seat 1: Carl1891 (button) (small blind) collected ($29.50)
Seat 2: pokkermon (big blind) folded on the Turn


PokerStars Hand #145542216141:  Hold'em Limit ($3/$6 USD) - 2015/12/18 14:12:58 ET
Table 'Anubis' 6-max Seat #2 is the button
Seat 1: Carl1891 ($56.78 in chips)
Seat 2: pokkermon ($148.49 in chips)
pokkermon: posts small blind $1
Carl1891: posts big blind $3
*** HOLE CARDS ***
pokkermon: raises $3 to $6
Carl1891: calls $3
*** FLOP *** [7c Qh 3h]
Carl1891: checks
pokkermon: bets $3
Carl1891: calls $3
*** TURN *** [7c Qh 3h] [Ac]
Carl1891: checks
pokkermon: checks
*** RIVER *** [7c Qh 3h Ac] [4c]
Carl1891: checks
pokkermon: checks
*** SHOW DOWN ***
Carl1891: shows [Jd 7s] (a pair of Sevens)
pokkermon: mucks hand
Carl1891 collected $17.64 from pot
*** SUMMARY ***
Total pot $18 | Rake $0.36
Board [7c Qh 3h Ac 4c]
Seat 1: Carl1891 (big blind) showed [Jd 7s] and won ($17.64) with a pair of Sevens
Seat 2: pokkermon (button) (small blind) mucked


PokerStars Hand #145542212169:  Hold'em Limit ($3/$6 USD) - 2015/12/18 14:12:53 ET
Table 'Anubis' 6-max Seat #1 is the button
Seat 1: Carl1891 ($57.78 in chips)
Seat 2: pokkermon ($147.49 in chips)
Carl1891: posts small blind $1
pokkermon: posts big blind $3
*** HOLE CARDS ***
Carl1891: folds
Uncalled bet ($2) returned to pokkermon
pokkermon collected $2 from pot
pokkermon: doesn't show hand
*** SUMMARY ***
Total pot $2 | Rake $0
Seat 1: Carl1891 (button) (small blind) folded before Flop
Seat 2: pokkermon (big blind) collected ($2)


PokerStars Hand #145542248108:  Hold'em Limit ($3/$6 USD) - 2015/12/18 14:13:35 ET
Table 'Anubis' 6-max Seat #1 is the button
Seat 1: Carl1891 ($70.92 in chips)
Seat 2: pokkermon ($133.13 in chips)
Carl1891: posts small blind $1
pokkermon: posts big blind $3
*** HOLE CARDS ***
Carl1891: raises $3 to $6
pokkermon: calls $3
*** FLOP *** [5d 4d 4h]
pokkermon: checks
Carl1891: checks
*** TURN *** [5d 4d 4h] [Jh]
pokkermon: checks
Carl1891: bets $6
pokkermon: calls $6
*** RIVER *** [5d 4d 4h Jh] [Kh]
pokkermon: checks
Carl1891: checks
*** SHOW DOWN ***
pokkermon: shows [7h Kc] (two pair, Kings and Fours)
Carl1891: mucks hand
pokkermon collected $23.52 from pot
*** SUMMARY ***
Total pot $24 | Rake $0.48
Board [5d 4d 4h Jh Kh]
Seat 1: Carl1891 (button) (small blind) mucked
Seat 2: pokkermon (big blind) showed [7h Kc] and won ($23.52) with two pair, Kings and Fours


PokerStars Hand #145542294617:  Hold'em Limit ($3/$6 USD) - 2015/12/18 14:14:29 ET
Table 'Anubis' 6-max Seat #2 is the button
Seat 1: Carl1891 ($72.06 in chips)
Seat 2: pokkermon ($130.15 in chips)
pokkermon: posts small blind $1
Carl1891: posts big blind $3
*** HOLE CARDS ***
pokkermon: raises $3 to $6
Carl1891: calls $3
*** FLOP *** [2s 2h 5s]
Carl1891: checks
pokkermon: bets $3
Carl1891: calls $3
*** TURN *** [2s 2h 5s] [As]
Carl1891: checks
pokkermon: checks
*** RIVER *** [2s 2h 5s As] [6h]
Carl1891: checks
pokkermon: bets $6
Carl1891: folds
Uncalled bet ($6) returned to pokkermon
pokkermon collected $17.64 from pot
pokkermon: doesn't show hand
*** SUMMARY ***
Total pot $18 | Rake $0.36
Board [2s 2h 5s As 6h]
Seat 1: Carl1891 (big blind) folded on the River
Seat 2: pokkermon (button) (small blind) collected ($17.64)


PokerStars Hand #145542290783:  Hold'em Limit ($3/$6 USD) - 2015/12/18 14:14:24 ET
Table 'Anubis' 6-max Seat #1 is the button
Seat 1: Carl1891 ($73.06 in chips)
Seat 2: pokkermon ($129.15 in chips)
Carl1891: posts small blind $1
pokkermon: posts big blind $3
*** HOLE CARDS ***
Carl1891: folds
Uncalled bet ($2) returned to pokkermon
pokkermon collected $2 from pot
pokkermon: doesn't show hand
*** SUMMARY ***
Total pot $2 | Rake $0
Seat 1: Carl1891 (button) (small blind) folded before Flop
Seat 2: pokkermon (big blind) collected ($2)


PokerStars Hand #145542308122:  Hold'em Limit ($3/$6 USD) - 2015/12/18 14:14:44 ET
Table 'Anubis' 6-max Seat #1 is the button
Seat 1: Carl1891 ($63.06 in chips)
Seat 2: pokkermon ($138.79 in chips)
Carl1891: posts small blind $1
pokkermon: posts big blind $3
*** HOLE CARDS ***
Carl1891: folds
Uncalled bet ($2) returned to pokkermon
pokkermon collected $2 from pot
pokkermon: doesn't show hand
*** SUMMARY ***
Total pot $2 | Rake $0
Seat 1: Carl1891 (button) (small blind) folded before Flop
Seat 2: pokkermon (big blind) collected ($2)


PokerStars Hand #145542279743:  Hold'em Limit ($3/$6 USD) - 2015/12/18 14:14:11 ET
Table 'Anubis' 6-max Seat #2 is the button
Seat 1: Carl1891 ($49.56 in chips)
Seat 2: pokkermon ($153.15 in chips)
pokkermon: posts small blind $1
Carl1891: posts big blind $3
*** HOLE CARDS ***
pokkermon: raises $3 to $6
Carl1891: raises $3 to $9
pokkermon: calls $3
*** FLOP *** [Jc 8s 2d]
Carl1891: bets $3
pokkermon: calls $3
*** TURN *** [Jc 8s 2d] [3s]
Carl1891: bets $6
pokkermon: calls $6
*** RIVER *** [Jc 8s 2d 3s] [3d]
Carl1891: bets $6
pokkermon: calls $6
*** SHOW DOWN ***
Carl1891: shows [Qc Jh] (two pair, Jacks and Threes)
pokkermon: mucks hand
Carl1891 collected $47.50 from pot
*** SUMMARY ***
Total pot $48 | Rake $0.50
Board [Jc 8s 2d 3s 3d]
Seat 1: Carl1891 (big blind) showed [Qc Jh] and won ($47.50) with two pair, Jacks and Threes
Seat 2: pokkermon (button) (small blind) mucked


PokerStars Hand #145542267607:  Hold'em Limit ($3/$6 USD) - 2015/12/18 14:13:57 ET
Table 'Anubis' 6-max Seat #1 is the button
Seat 1: Carl1891 ($67.56 in chips)
Seat 2: pokkermon ($135.65 in chips)
Carl1891: posts small blind $1
pokkermon: posts big blind $3
*** HOLE CARDS ***
Carl1891: raises $3 to $6
pokkermon: raises $3 to $9
Carl1891: calls $3
*** FLOP *** [6c Kh 2d]
pokkermon: bets $3
Carl1891: calls $3
*** TURN *** [6c Kh 2d] [Qc]
pokkermon: bets $6
Carl1891: calls $6
*** RIVER *** [6c Kh 2d Qc] [3h]
pokkermon: bets $6
Carl1891: folds
Uncalled bet ($6) returned to pokkermon
pokkermon collected $35.50 from pot
pokkermon: doesn't show hand
*** SUMMARY ***
Total pot $36 | Rake $0.50
Board [6c Kh 2d Qc 3h]
Seat 1: Carl1891 (button) (small blind) folded on the River
Seat 2: pokkermon (big blind) collected ($35.50)


PokerStars Hand #145542259189:  Hold'em Limit ($3/$6 USD) - 2015/12/18 14:13:48 ET
Table 'Anubis' 6-max Seat #2 is the button
Seat 1: Carl1891 ($58.92 in chips)
Seat 2: pokkermon ($144.65 in chips)
pokkermon: posts small blind $1
Carl1891: posts big blind $3
*** HOLE CARDS ***
pokkermon: raises $3 to $6
Carl1891: calls $3
*** FLOP *** [Ad 9c 3h]
Carl1891: checks
pokkermon: bets $3
Carl1891: raises $3 to $6
pokkermon: folds
Uncalled bet ($3) returned to Carl1891
Carl1891 collected $17.64 from pot
Carl1891: doesn't show hand
*** SUMMARY ***
Total pot $18 | Rake $0.36
Board [Ad 9c 3h]
Seat 1: Carl1891 (big blind) collected ($17.64)
Seat 2: pokkermon (button) (small blind) folded on the Flop


PokerStars Hand #145542365075:  Hold'em Limit ($3/$6 USD) - 2015/12/18 14:15:49 ET
Table 'Anubis' 6-max Seat #1 is the button
Seat 1: Carl1891 ($84.06 in chips)
Seat 2: pokkermon ($116.29 in chips)
Carl1891: posts small blind $1
pokkermon: posts big blind $3
*** HOLE CARDS ***
Carl1891: raises $3 to $6
pokkermon: folds
Uncalled bet ($3) returned to Carl1891
Carl1891 collected $6 from pot
Carl1891: doesn't show hand
*** SUMMARY ***
Total pot $6 | Rake $0
Seat 1: Carl1891 (button) (small blind) collected ($6)
Seat 2: pokkermon (big blind) folded before Flop


PokerStars Hand #145542360741:  Hold'em Limit ($3/$6 USD) - 2015/12/18 14:15:45 ET
Table 'Anubis' 6-max Seat #2 is the button
Seat 1: Carl1891 ($87.06 in chips)
Seat 2: pokkermon ($113.29 in chips)
pokkermon: posts small blind $1
Carl1891: posts big blind $3
*** HOLE CARDS ***
pokkermon: raises $3 to $6
Carl1891: folds
Uncalled bet ($3) returned to pokkermon
pokkermon collected $6 from pot
pokkermon: doesn't show hand
*** SUMMARY ***
Total pot $6 | Rake $0
Seat 1: Carl1891 (big blind) folded before Flop
Seat 2: pokkermon (button) (small blind) collected ($6)


PokerStars Hand #145542356942:  Hold'em Limit ($3/$6 USD) - 2015/12/18 14:15:40 ET
Table 'Anubis' 6-max Seat #1 is the button
Seat 1: Carl1891 ($88.06 in chips)
Seat 2: pokkermon ($112.29 in chips)
Carl1891: posts small blind $1
pokkermon: posts big blind $3
*** HOLE CARDS ***
Carl1891: folds
Uncalled bet ($2) returned to pokkermon
pokkermon collected $2 from pot
pokkermon: doesn't show hand
*** SUMMARY ***
Total pot $2 | Rake $0
Seat 1: Carl1891 (button) (small blind) folded before Flop
Seat 2: pokkermon (big blind) collected ($2)


PokerStars Hand #145542344274:  Hold'em Limit ($3/$6 USD) - 2015/12/18 14:15:25 ET
Table 'Anubis' 6-max Seat #2 is the button
Seat 1: Carl1891 ($61.56 in chips)
Seat 2: pokkermon ($139.29 in chips)
pokkermon: posts small blind $1
Carl1891: posts big blind $3
*** HOLE CARDS ***
pokkermon: raises $3 to $6
Carl1891: calls $3
*** FLOP *** [6c 8h 3h]
Carl1891: checks
pokkermon: bets $3
Carl1891: raises $3 to $6
pokkermon: raises $3 to $9
Carl1891: calls $3
*** TURN *** [6c 8h 3h] [5h]
Carl1891: bets $6
pokkermon: calls $6
*** RIVER *** [6c 8h 3h 5h] [2c]
Carl1891: bets $6
pokkermon: calls $6
*** SHOW DOWN ***
Carl1891: shows [Th 4h] (a flush, Ten high)
pokkermon: mucks hand
Carl1891 collected $53.50 from pot
*** SUMMARY ***
Total pot $54 | Rake $0.50
Board [6c 8h 3h 5h 2c]
Seat 1: Carl1891 (big blind) showed [Th 4h] and won ($53.50) with a flush, Ten high
Seat 2: pokkermon (button) (small blind) mucked


PokerStars Hand #145542332602:  Hold'em Limit ($3/$6 USD) - 2015/12/18 14:15:12 ET
Table 'Anubis' 6-max Seat #1 is the button
Seat 1: Carl1891 ($47.06 in chips)
Seat 2: pokkermon ($154.29 in chips)
Carl1891: posts small blind $1
pokkermon: posts big blind $3
*** HOLE CARDS ***
Carl1891: raises $3 to $6
pokkermon: calls $3
*** FLOP *** [Jd 5d 8c]
pokkermon: checks
Carl1891: bets $3
pokkermon: calls $3
*** TURN *** [Jd 5d 8c] [2c]
pokkermon: checks
Carl1891: bets $6
pokkermon: calls $6
*** RIVER *** [Jd 5d 8c 2c] [Tc]
pokkermon: checks
Carl1891: checks
*** SHOW DOWN ***
pokkermon: shows [6d Qd] (high card Queen)
Carl1891: shows [Jc 9s] (a pair of Jacks)
Carl1891 collected $29.50 from pot
*** SUMMARY ***
Total pot $30 | Rake $0.50
Board [Jd 5d 8c 2c Tc]
Seat 1: Carl1891 (button) (small blind) showed [Jc 9s] and won ($29.50) with a pair of Jacks
Seat 2: pokkermon (big blind) showed [6d Qd] and lost with high card Queen


PokerStars Hand #145542329182:  Hold'em Limit ($3/$6 USD) - 2015/12/18 14:15:08 ET
Table 'Anubis' 6-max Seat #2 is the button
Seat 1: Carl1891 ($46.06 in chips)
Seat 2: pokkermon ($155.29 in chips)
pokkermon: posts small blind $1
Carl1891: posts big blind $3
*** HOLE CARDS ***
pokkermon: folds
Uncalled bet ($2) returned to Carl1891
Carl1891 collected $2 from pot
Carl1891: doesn't show hand
*** SUMMARY ***
Total pot $2 | Rake $0
Seat 1: Carl1891 (big blind) collected ($2)
Seat 2: pokkermon (button) (small blind) folded before Flop


PokerStars Hand #145542325243:  Hold'em Limit ($3/$6 USD) - 2015/12/18 14:15:04 ET
Table 'Anubis' 6-max Seat #1 is the button
Seat 1: Carl1891 ($47.06 in chips)
Seat 2: pokkermon ($154.29 in chips)
Carl1891: posts small blind $1
pokkermon: posts big blind $3
*** HOLE CARDS ***
Carl1891: folds
Uncalled bet ($2) returned to pokkermon
pokkermon collected $2 from pot
pokkermon: doesn't show hand
*** SUMMARY ***
Total pot $2 | Rake $0
Seat 1: Carl1891 (button) (small blind) folded before Flop
Seat 2: pokkermon (big blind) collected ($2)


PokerStars Hand #145542311855:  Hold'em Limit ($3/$6 USD) - 2015/12/18 14:14:48 ET
Table 'Anubis' 6-max Seat #2 is the button
Seat 1: Carl1891 ($62.06 in chips)
Seat 2: pokkermon ($139.79 in chips)
pokkermon: posts small blind $1
Carl1891: posts big blind $3
*** HOLE CARDS ***
pokkermon: raises $3 to $6
Carl1891: raises $3 to $9
pokkermon: calls $3
*** FLOP *** [9s Ks 7d]
Carl1891: bets $3
pokkermon: raises $3 to $6
Carl1891: calls $3
*** TURN *** [9s Ks 7d] [8c]
Carl1891: checks
pokkermon: bets $6
Carl1891: folds
Uncalled bet ($6) returned to pokkermon
pokkermon collected $29.50 from pot
pokkermon: doesn't show hand
*** SUMMARY ***
Total pot $30 | Rake $0.50
Board [9s Ks 7d 8c]
Seat 1: Carl1891 (big blind) folded on the Turn
Seat 2: pokkermon (button) (small blind) collected ($29.50)


PokerStars Hand #145542388756:  Hold'em Limit ($3/$6 USD) - 2015/12/18 14:16:17 ET
Table 'Anubis' 6-max Seat #1 is the button
Seat 1: Carl1891 ($104.56 in chips)
Seat 2: pokkermon ($95.29 in chips)
Carl1891: posts small blind $1
pokkermon: posts big blind $3
*** HOLE CARDS ***
Carl1891: folds
Uncalled bet ($2) returned to pokkermon
pokkermon collected $2 from pot
pokkermon: doesn't show hand
*** SUMMARY ***
Total pot $2 | Rake $0
Seat 1: Carl1891 (button) (small blind) folded before Flop
Seat 2: pokkermon (big blind) collected ($2)


PokerStars Hand #145542385245:  Hold'em Limit ($3/$6 USD) - 2015/12/18 14:16:12 ET
Table 'Anubis' 6-max Seat #2 is the button
Seat 1: Carl1891 ($103.56 in chips)
Seat 2: pokkermon ($96.29 in chips)
pokkermon: posts small blind $1
Carl1891: posts big blind $3
*** HOLE CARDS ***
pokkermon: folds
Uncalled bet ($2) returned to Carl1891
Carl1891 collected $2 from pot
Carl1891: doesn't show hand
*** SUMMARY ***
Total pot $2 | Rake $0
Seat 1: Carl1891 (big blind) collected ($2)
Seat 2: pokkermon (button) (small blind) folded before Flop


PokerStars Hand #145542414740:  Hold'em Limit ($3/$6 USD) - 2015/12/18 14:16:46 ET
Table 'Anubis' 6-max Seat #1 is the button
Seat 1: Carl1891 ($112.20 in chips)
Seat 2: pokkermon ($87.29 in chips)
Carl1891: posts small blind $1
pokkermon: posts big blind $3
*** HOLE CARDS ***
Carl1891: raises $3 to $6
pokkermon: folds
Uncalled bet ($3) returned to Carl1891
Carl1891 collected $6 from pot
Carl1891: doesn't show hand
*** SUMMARY ***
Total pot $6 | Rake $0
Seat 1: Carl1891 (button) (small blind) collected ($6)
Seat 2: pokkermon (big blind) folded before Flop


PokerStars Hand #145542407418:  Hold'em Limit ($3/$6 USD) - 2015/12/18 14:16:38 ET
Table 'Anubis' 6-max Seat #2 is the button
Seat 1: Carl1891 ($111.20 in chips)
Seat 2: pokkermon ($88.29 in chips)
pokkermon: posts small blind $1
Carl1891: posts big blind $3
*** HOLE CARDS ***
pokkermon: folds
Uncalled bet ($2) returned to Carl1891
Carl1891 collected $2 from pot
Carl1891: doesn't show hand
*** SUMMARY ***
Total pot $2 | Rake $0
Seat 1: Carl1891 (big blind) collected ($2)
Seat 2: pokkermon (button) (small blind) folded before Flop


PokerStars Hand #145542381429:  Hold'em Limit ($3/$6 USD) - 2015/12/18 14:16:08 ET
Table 'Anubis' 6-max Seat #1 is the button
Seat 1: Carl1891 ($104.56 in chips)
Seat 2: pokkermon ($95.29 in chips)
Carl1891: posts small blind $1
pokkermon: posts big blind $3
*** HOLE CARDS ***
Carl1891: folds
Uncalled bet ($2) returned to pokkermon
pokkermon collected $2 from pot
pokkermon: doesn't show hand
*** SUMMARY ***
Total pot $2 | Rake $0
Seat 1: Carl1891 (button) (small blind) folded before Flop
Seat 2: pokkermon (big blind) collected ($2)


PokerStars Hand #145542369436:  Hold'em Limit ($3/$6 USD) - 2015/12/18 14:15:54 ET
Table 'Anubis' 6-max Seat #2 is the button
Seat 1: Carl1891 ($87.06 in chips)
Seat 2: pokkermon ($113.29 in chips)
pokkermon: posts small blind $1
Carl1891: posts big blind $3
*** HOLE CARDS ***
pokkermon: raises $3 to $6
Carl1891: raises $3 to $9
pokkermon: calls $3
*** FLOP *** [6h 4h Ac]
Carl1891: bets $3
pokkermon: calls $3
*** TURN *** [6h 4h Ac] [Js]
Carl1891: bets $6
pokkermon: calls $6
*** RIVER *** [6h 4h Ac Js] [4s]
Carl1891: checks
pokkermon: checks
*** SHOW DOWN ***
Carl1891: shows [Qc Jc] (two pair, Jacks and Fours)
pokkermon: mucks hand
Carl1891 collected $35.50 from pot
*** SUMMARY ***
Total pot $36 | Rake $0.50
Board [6h 4h Ac Js 4s]
Seat 1: Carl1891 (big blind) showed [Qc Jc] and won ($35.50) with two pair, Jacks and Fours
Seat 2: pokkermon (button) (small blind) mucked


PokerStars Hand #145542392705:  Hold'em Limit ($3/$6 USD) - 2015/12/18 14:16:21 ET
Table 'Anubis' 6-max Seat #2 is the button
Seat 1: Carl1891 ($103.56 in chips)
Seat 2: pokkermon ($96.29 in chips)
pokkermon: posts small blind $1
Carl1891: posts big blind $3
*** HOLE CARDS ***
pokkermon: raises $3 to $6
Carl1891: calls $3
*** FLOP *** [3c Ks Kh]
Carl1891: checks
pokkermon: bets $3
Carl1891: raises $3 to $6
pokkermon: folds
Uncalled bet ($3) returned to Carl1891
Carl1891 collected $17.64 from pot
Carl1891: doesn't show hand
*** SUMMARY ***
Total pot $18 | Rake $0.36
Board [3c Ks Kh]
Seat 1: Carl1891 (big blind) collected ($17.64)
Seat 2: pokkermon (button) (small blind) folded on the Flop


PokerStars Hand #145542403424:  Hold'em Limit ($3/$6 USD) - 2015/12/18 14:16:33 ET
Table 'Anubis' 6-max Seat #1 is the button
Seat 1: Carl1891 ($112.20 in chips)
Seat 2: pokkermon ($87.29 in chips)
Carl1891: posts small blind $1
pokkermon: posts big blind $3
*** HOLE CARDS ***
Carl1891: folds
Uncalled bet ($2) returned to pokkermon
pokkermon collected $2 from pot
pokkermon: doesn't show hand
*** SUMMARY ***
Total pot $2 | Rake $0
Seat 1: Carl1891 (button) (small blind) folded before Flop
Seat 2: pokkermon (big blind) collected ($2)


PokerStars Hand #145542462339:  Hold'em Limit ($3/$6 USD) - 2015/12/18 14:17:41 ET
Table 'Anubis' 6-max Seat #1 is the button
Seat 1: Carl1891 ($122.10 in chips)
Seat 2: pokkermon ($75.79 in chips)
Carl1891: posts small blind $1
pokkermon: posts big blind $3
*** HOLE CARDS ***
Carl1891: raises $3 to $6
pokkermon: calls $3
*** FLOP *** [2h 9h Jc]
pokkermon: checks
Carl1891: bets $3
pokkermon: folds
Uncalled bet ($3) returned to Carl1891
Carl1891 collected $11.76 from pot
Carl1891: doesn't show hand
*** SUMMARY ***
Total pot $12 | Rake $0.24
Board [2h 9h Jc]
Seat 1: Carl1891 (button) (small blind) collected ($11.76)
Seat 2: pokkermon (big blind) folded on the Flop


PokerStars Hand #145542419290:  Hold'em Limit ($3/$6 USD) - 2015/12/18 14:16:52 ET
Table 'Anubis' 6-max Seat #2 is the button
Seat 1: Carl1891 ($115.20 in chips)
Seat 2: pokkermon ($84.29 in chips)
pokkermon: posts small blind $1
Carl1891: posts big blind $3
*** HOLE CARDS ***
pokkermon: raises $3 to $6
Carl1891: calls $3
*** FLOP *** [Tc 6s 7d]
Carl1891: checks
pokkermon: bets $3
Carl1891: calls $3
*** TURN *** [Tc 6s 7d] [As]
Carl1891: checks
pokkermon: checks
*** RIVER *** [Tc 6s 7d As] [9d]
Carl1891: bets $6
pokkermon: folds
Uncalled bet ($6) returned to Carl1891
Carl1891 collected $17.64 from pot
Carl1891: doesn't show hand
*** SUMMARY ***
Total pot $18 | Rake $0.36
Board [Tc 6s 7d As 9d]
Seat 1: Carl1891 (big blind) collected ($17.64)
Seat 2: pokkermon (button) (small blind) folded on the River


PokerStars Hand #145542428871:  Hold'em Limit ($3/$6 USD) - 2015/12/18 14:17:03 ET
Table 'Anubis' 6-max Seat #1 is the button
Seat 1: Carl1891 ($123.84 in chips)
Seat 2: pokkermon ($75.29 in chips)
Carl1891: posts small blind $1
pokkermon: posts big blind $3
*** HOLE CARDS ***
Carl1891: raises $3 to $6
pokkermon: calls $3
*** FLOP *** [2d Jd 9d]
pokkermon: checks
Carl1891: bets $3
pokkermon: folds
Uncalled bet ($3) returned to Carl1891
Carl1891 collected $11.76 from pot
Carl1891: doesn't show hand
*** SUMMARY ***
Total pot $12 | Rake $0.24
Board [2d Jd 9d]
Seat 1: Carl1891 (button) (small blind) collected ($11.76)
Seat 2: pokkermon (big blind) folded on the Flop


PokerStars Hand #145542435373:  Hold'em Limit ($3/$6 USD) - 2015/12/18 14:17:10 ET
Table 'Anubis' 6-max Seat #2 is the button
Seat 1: Carl1891 ($129.60 in chips)
Seat 2: pokkermon ($69.29 in chips)
pokkermon: posts small blind $1
Carl1891: posts big blind $3
*** HOLE CARDS ***
pokkermon: raises $3 to $6
Carl1891: calls $3
*** FLOP *** [2h Ks 6s]
Carl1891: checks
pokkermon: bets $3
Carl1891: calls $3
*** TURN *** [2h Ks 6s] [9c]
Carl1891: checks
pokkermon: bets $6
Carl1891: calls $6
*** RIVER *** [2h Ks 6s 9c] [7d]
Carl1891: checks
pokkermon: bets $6
Carl1891: calls $6
*** SHOW DOWN ***
pokkermon: shows [Td 8c] (a straight, Six to Ten)
Carl1891: mucks hand
pokkermon collected $41.50 from pot
*** SUMMARY ***
Total pot $42 | Rake $0.50
Board [2h Ks 6s 9c 7d]
Seat 1: Carl1891 (big blind) mucked
Seat 2: pokkermon (button) (small blind) showed [Td 8c] and won ($41.50) with a straight, Six to Ten


PokerStars Hand #145542451600:  Hold'em Limit ($3/$6 USD) - 2015/12/18 14:17:29 ET
Table 'Anubis' 6-max Seat #2 is the button
Seat 1: Carl1891 ($107.60 in chips)
Seat 2: pokkermon ($90.79 in chips)
pokkermon: posts small blind $1
Carl1891: posts big blind $3
*** HOLE CARDS ***
pokkermon: raises $3 to $6
Carl1891: calls $3
*** FLOP *** [5s As 6h]
Carl1891: checks
pokkermon: bets $3
Carl1891: calls $3
*** TURN *** [5s As 6h] [6d]
Carl1891: checks
pokkermon: bets $6
Carl1891: calls $6
*** RIVER *** [5s As 6h 6d] [Td]
Carl1891: checks
pokkermon: checks
*** SHOW DOWN ***
Carl1891: shows [5h Kd] (two pair, Sixes and Fives)
pokkermon: mucks hand
Carl1891 collected $29.50 from pot
*** SUMMARY ***
Total pot $30 | Rake $0.50
Board [5s As 6h 6d Td]
Seat 1: Carl1891 (big blind) showed [5h Kd] and won ($29.50) with two pair, Sixes and Fives
Seat 2: pokkermon (button) (small blind) mucked


PokerStars Hand #145542447645:  Hold'em Limit ($3/$6 USD) - 2015/12/18 14:17:24 ET
Table 'Anubis' 6-max Seat #1 is the button
Seat 1: Carl1891 ($108.60 in chips)
Seat 2: pokkermon ($89.79 in chips)
Carl1891: posts small blind $1
pokkermon: posts big blind $3
*** HOLE CARDS ***
Carl1891: folds
Uncalled bet ($2) returned to pokkermon
pokkermon collected $2 from pot
pokkermon: doesn't show hand
*** SUMMARY ***
Total pot $2 | Rake $0
Seat 1: Carl1891 (button) (small blind) folded before Flop
Seat 2: pokkermon (big blind) collected ($2)


PokerStars Hand #145542471537:  Hold'em Limit ($3/$6 USD) - 2015/12/18 14:17:52 ET
Table 'Anubis' 6-max Seat #2 is the button
Seat 1: Carl1891 ($127.86 in chips)
Seat 2: pokkermon ($69.79 in chips)
pokkermon: posts small blind $1
Carl1891: posts big blind $3
*** HOLE CARDS ***
pokkermon: raises $3 to $6
Carl1891: calls $3
*** FLOP *** [Ts 7c Jc]
Carl1891: checks
pokkermon: bets $3
Carl1891: calls $3
*** TURN *** [Ts 7c Jc] [3h]
Carl1891: checks
pokkermon: bets $6
Carl1891: calls $6
*** RIVER *** [Ts 7c Jc 3h] [5c]
Carl1891: checks
pokkermon: checks
*** SHOW DOWN ***
Carl1891: shows [Th 9d] (a pair of Tens)
pokkermon: mucks hand
Carl1891 collected $29.50 from pot
*** SUMMARY ***
Total pot $30 | Rake $0.50
Board [Ts 7c Jc 3h 5c]
Seat 1: Carl1891 (big blind) showed [Th 9d] and won ($29.50) with a pair of Tens
Seat 2: pokkermon (button) (small blind) mucked


PokerStars Hand #145542518608:  Hold'em Limit ($3/$6 USD) - 2015/12/18 14:18:46 ET
Table 'Anubis' 6-max Seat #1 is the button
Seat 1: Carl1891 ($131.36 in chips)
Seat 2: pokkermon ($65.55 in chips)
Carl1891: posts small blind $1
pokkermon: posts big blind $3
*** HOLE CARDS ***
Carl1891: raises $3 to $6
pokkermon: folds
Uncalled bet ($3) returned to Carl1891
Carl1891 collected $6 from pot
Carl1891: doesn't show hand
*** SUMMARY ***
Total pot $6 | Rake $0
Seat 1: Carl1891 (button) (small blind) collected ($6)
Seat 2: pokkermon (big blind) folded before Flop


PokerStars Hand #145542514834:  Hold'em Limit ($3/$6 USD) - 2015/12/18 14:18:42 ET
Table 'Anubis' 6-max Seat #2 is the button
Seat 1: Carl1891 ($130.36 in chips)
Seat 2: pokkermon ($66.55 in chips)
pokkermon: posts small blind $1
Carl1891: posts big blind $3
*** HOLE CARDS ***
pokkermon: folds
Uncalled bet ($2) returned to Carl1891
Carl1891 collected $2 from pot
Carl1891: doesn't show hand
*** SUMMARY ***
Total pot $2 | Rake $0
Seat 1: Carl1891 (big blind) collected ($2)
Seat 2: pokkermon (button) (small blind) folded before Flop


PokerStars Hand #145542506530:  Hold'em Limit ($3/$6 USD) - 2015/12/18 14:18:32 ET
Table 'Anubis' 6-max Seat #2 is the button
Seat 1: Carl1891 ($134.36 in chips)
Seat 2: pokkermon ($62.55 in chips)
pokkermon: posts small blind $1
Carl1891: posts big blind $3
*** HOLE CARDS ***
pokkermon: raises $3 to $6
Carl1891: folds
Uncalled bet ($3) returned to pokkermon
pokkermon collected $6 from pot
pokkermon: doesn't show hand
*** SUMMARY ***
Total pot $6 | Rake $0
Seat 1: Carl1891 (big blind) folded before Flop
Seat 2: pokkermon (button) (small blind) collected ($6)


PokerStars Hand #145542482009:  Hold'em Limit ($3/$6 USD) - 2015/12/18 14:18:04 ET
Table 'Anubis' 6-max Seat #1 is the button
Seat 1: Carl1891 ($142.36 in chips)
Seat 2: pokkermon ($54.79 in chips)
Carl1891: posts small blind $1
pokkermon: posts big blind $3
*** HOLE CARDS ***
Carl1891: folds
Uncalled bet ($2) returned to pokkermon
pokkermon collected $2 from pot
pokkermon: doesn't show hand
*** SUMMARY ***
Total pot $2 | Rake $0
Seat 1: Carl1891 (button) (small blind) folded before Flop
Seat 2: pokkermon (big blind) collected ($2)


PokerStars Hand #145542493049:  Hold'em Limit ($3/$6 USD) - 2015/12/18 14:18:17 ET
Table 'Anubis' 6-max Seat #1 is the button
Seat 1: Carl1891 ($135.36 in chips)
Seat 2: pokkermon ($61.55 in chips)
Carl1891: posts small blind $1
pokkermon: posts big blind $3
*** HOLE CARDS ***
Carl1891: folds
Uncalled bet ($2) returned to pokkermon
pokkermon collected $2 from pot
pokkermon: doesn't show hand
*** SUMMARY ***
Total pot $2 | Rake $0
Seat 1: Carl1891 (button) (small blind) folded before Flop
Seat 2: pokkermon (big blind) collected ($2)


PokerStars Hand #145542485721:  Hold'em Limit ($3/$6 USD) - 2015/12/18 14:18:08 ET
Table 'Anubis' 6-max Seat #2 is the button
Seat 1: Carl1891 ($141.36 in chips)
Seat 2: pokkermon ($55.79 in chips)
pokkermon: posts small blind $1
Carl1891: posts big blind $3
*** HOLE CARDS ***
pokkermon: raises $3 to $6
Carl1891: calls $3
*** FLOP *** [4d 2s Tc]
Carl1891: checks
pokkermon: bets $3
Carl1891: folds
Uncalled bet ($3) returned to pokkermon
pokkermon collected $11.76 from pot
pokkermon: doesn't show hand
*** SUMMARY ***
Total pot $12 | Rake $0.24
Board [4d 2s Tc]
Seat 1: Carl1891 (big blind) folded on the Flop
Seat 2: pokkermon (button) (small blind) collected ($11.76)


PokerStars Hand #145542502750:  Hold'em Limit ($3/$6 USD) - 2015/12/18 14:18:28 ET
Table 'Anubis' 6-max Seat #1 is the button
Seat 1: Carl1891 ($135.36 in chips)
Seat 2: pokkermon ($61.55 in chips)
Carl1891: posts small blind $1
pokkermon: posts big blind $3
*** HOLE CARDS ***
Carl1891: folds
Uncalled bet ($2) returned to pokkermon
pokkermon collected $2 from pot
pokkermon: doesn't show hand
*** SUMMARY ***
Total pot $2 | Rake $0
Seat 1: Carl1891 (button) (small blind) folded before Flop
Seat 2: pokkermon (big blind) collected ($2)


PokerStars Hand #145542497898:  Hold'em Limit ($3/$6 USD) - 2015/12/18 14:18:22 ET
Table 'Anubis' 6-max Seat #2 is the button
Seat 1: Carl1891 ($134.36 in chips)
Seat 2: pokkermon ($62.55 in chips)
pokkermon: posts small blind $1
Carl1891: posts big blind $3
*** HOLE CARDS ***
pokkermon: folds
Uncalled bet ($2) returned to Carl1891
Carl1891 collected $2 from pot
Carl1891: doesn't show hand
*** SUMMARY ***
Total pot $2 | Rake $0
Seat 1: Carl1891 (big blind) collected ($2)
Seat 2: pokkermon (button) (small blind) folded before Flop


PokerStars Hand #145542522934:  Hold'em Limit ($3/$6 USD) - 2015/12/18 14:18:51 ET
Table 'Anubis' 6-max Seat #2 is the button
Seat 1: Carl1891 ($134.36 in chips)
Seat 2: pokkermon ($62.55 in chips)
pokkermon: posts small blind $1
Carl1891: posts big blind $3
*** HOLE CARDS ***
pokkermon: raises $3 to $6
Carl1891: calls $3
*** FLOP *** [2h Th 3d]
Carl1891: checks
pokkermon: bets $3
Carl1891: folds
Uncalled bet ($3) returned to pokkermon
pokkermon collected $11.76 from pot
pokkermon: doesn't show hand
*** SUMMARY ***
Total pot $12 | Rake $0.24
Board [2h Th 3d]
Seat 1: Carl1891 (big blind) folded on the Flop
Seat 2: pokkermon (button) (small blind) collected ($11.76)


PokerStars Hand #145542530269:  Hold'em Limit ($3/$6 USD) - 2015/12/18 14:19:00 ET
Table 'Anubis' 6-max Seat #1 is the button
Seat 1: Carl1891 ($128.36 in chips)
Seat 2: pokkermon ($68.31 in chips)
Carl1891: posts small blind $1
pokkermon: posts big blind $3
*** HOLE CARDS ***
Carl1891: raises $3 to $6
pokkermon: calls $3
*** FLOP *** [5d 6s 8d]
pokkermon: checks
Carl1891: checks
*** TURN *** [5d 6s 8d] [Td]
pokkermon: bets $6
Carl1891: folds
Uncalled bet ($6) returned to pokkermon
pokkermon collected $11.76 from pot
pokkermon: doesn't show hand
*** SUMMARY ***
Total pot $12 | Rake $0.24
Board [5d 6s 8d Td]
Seat 1: Carl1891 (button) (small blind) folded on the Turn
Seat 2: pokkermon (big blind) collected ($11.76)


PokerStars Hand #145542511113:  Hold'em Limit ($3/$6 USD) - 2015/12/18 14:18:37 ET
Table 'Anubis' 6-max Seat #1 is the button
Seat 1: Carl1891 ($131.36 in chips)
Seat 2: pokkermon ($65.55 in chips)
Carl1891: posts small blind $1
pokkermon: posts big blind $3
*** HOLE CARDS ***
Carl1891: folds
Uncalled bet ($2) returned to pokkermon
pokkermon collected $2 from pot
pokkermon: doesn't show hand
*** SUMMARY ***
Total pot $2 | Rake $0
Seat 1: Carl1891 (button) (small blind) folded before Flop
Seat 2: pokkermon (big blind) collected ($2)


