PokerStars Hand #156219771120:  Hold'em Limit ($3/$6 USD) - 2016/07/20 13:24:54 ET
Table 'Anubis' 6-max Seat #3 is the button
Seat 2: FabronxRJ ($203 in chips)
Seat 3: JoeHeaton ($117 in chips)
JoeHeaton: posts small blind $1
FabronxRJ: posts big blind $3
*** HOLE CARDS ***
JoeHeaton: raises $3 to $6
FabronxRJ: folds
Uncalled bet ($3) returned to JoeHeaton
JoeHeaton collected $6 from pot
*** SUMMARY ***
Total pot $6 | Rake $0
Seat 2: FabronxRJ (big blind) folded before Flop
Seat 3: JoeHeaton (button) (small blind) collected ($6)


PokerStars Hand #156219780073:  Hold'em Limit ($3/$6 USD) - 2016/07/20 13:25:07 ET
Table 'Anubis' 6-max Seat #2 is the button
Seat 2: FabronxRJ ($200 in chips)
Seat 3: JoeHeaton ($120 in chips)
FabronxRJ: posts small blind $1
JoeHeaton: posts big blind $3
*** HOLE CARDS ***
FabronxRJ: raises $3 to $6
JoeHeaton: raises $3 to $9
FabronxRJ: calls $3
*** FLOP *** [2s 4c 7c]
JoeHeaton: bets $3
FabronxRJ: raises $3 to $6
JoeHeaton: calls $3
*** TURN *** [2s 4c 7c] [Kd]
JoeHeaton: checks
FabronxRJ: bets $6
JoeHeaton: calls $6
*** RIVER *** [2s 4c 7c Kd] [6s]
JoeHeaton: checks
FabronxRJ: bets $6
JoeHeaton: calls $6
*** SHOW DOWN ***
FabronxRJ: shows [6d 3d] (a pair of Sixes)
JoeHeaton: mucks hand
FabronxRJ collected $53.50 from pot
*** SUMMARY ***
Total pot $54 | Rake $0.50
Board [2s 4c 7c Kd 6s]
Seat 2: FabronxRJ (button) (small blind) showed [6d 3d] and won ($53.50) with a pair of Sixes
Seat 3: JoeHeaton (big blind) mucked


PokerStars Hand #156219813584:  Hold'em Limit ($3/$6 USD) - 2016/07/20 13:25:54 ET
Table 'Anubis' 6-max Seat #3 is the button
Seat 2: FabronxRJ ($226.50 in chips)
Seat 3: JoeHeaton ($93 in chips)
JoeHeaton: posts small blind $1
FabronxRJ: posts big blind $3
*** HOLE CARDS ***
JoeHeaton: raises $3 to $6
FabronxRJ: calls $3
*** FLOP *** [4d Kc Jh]
FabronxRJ: checks
JoeHeaton: bets $3
FabronxRJ: folds
Uncalled bet ($3) returned to JoeHeaton
JoeHeaton collected $11.76 from pot
FabronxRJ leaves the table
*** SUMMARY ***
Total pot $12 | Rake $0.24
Board [4d Kc Jh]
Seat 2: FabronxRJ (big blind) folded on the Flop
Seat 3: JoeHeaton (button) (small blind) collected ($11.76)


