PokerStars Hand #167408041072:  Hold'em Limit ($3/$6 USD) - 2017/03/10 19:07:40 ET
Table 'Aoluta II' 6-max Seat #4 is the button
Seat 3: Goldvrn ($45.80 in chips)
Seat 4: Actionni13 ($170.26 in chips)
Actionni13: posts small blind $1
Goldvrn: posts big blind $3
*** HOLE CARDS ***
Actionni13: raises $3 to $6
Goldvrn: folds
Uncalled bet ($3) returned to Actionni13
Actionni13 collected $6 from pot
Actionni13: doesn't show hand
*** SUMMARY ***
Total pot $6 | Rake $0
Seat 3: Goldvrn (big blind) folded before Flop
Seat 4: Actionni13 (button) (small blind) collected ($6)


PokerStars Hand #167408062318:  Hold'em Limit ($3/$6 USD) - 2017/03/10 19:08:13 ET
Table 'Aoluta II' 6-max Seat #4 is the button
Seat 3: Goldvrn ($47.44 in chips)
Seat 4: Actionni13 ($168.26 in chips)
Actionni13: posts small blind $1
Goldvrn: posts big blind $3
*** HOLE CARDS ***
Actionni13: raises $3 to $6
Goldvrn: calls $3
*** FLOP *** [Kd 7d Jc]
Goldvrn: checks
Actionni13: bets $3
Goldvrn: folds
Uncalled bet ($3) returned to Actionni13
Actionni13 collected $11.76 from pot
Actionni13: doesn't show hand
*** SUMMARY ***
Total pot $12 | Rake $0.24
Board [Kd 7d Jc]
Seat 3: Goldvrn (big blind) folded on the Flop
Seat 4: Actionni13 (button) (small blind) collected ($11.76)


PokerStars Hand #167408068871:  Hold'em Limit ($3/$6 USD) - 2017/03/10 19:08:23 ET
Table 'Aoluta II' 6-max Seat #3 is the button
Seat 3: Goldvrn ($41.44 in chips)
Seat 4: Actionni13 ($174.02 in chips)
Goldvrn: posts small blind $1
Actionni13: posts big blind $3
*** HOLE CARDS ***
Goldvrn: raises $3 to $6
Actionni13: raises $3 to $9
Goldvrn: calls $3
*** FLOP *** [6s 4d 8s]
Actionni13: bets $3
Goldvrn: calls $3
*** TURN *** [6s 4d 8s] [8c]
Actionni13: bets $6
Goldvrn: calls $6
*** RIVER *** [6s 4d 8s 8c] [2d]
Actionni13: checks
Goldvrn: bets $6
Actionni13: calls $6
*** SHOW DOWN ***
Goldvrn: shows [Th Qc] (a pair of Eights)
Actionni13: shows [As 9d] (a pair of Eights - Ace kicker)
Actionni13 collected $47.50 from pot
*** SUMMARY ***
Total pot $48 | Rake $0.50
Board [6s 4d 8s 8c 2d]
Seat 3: Goldvrn (button) (small blind) showed [Th Qc] and lost with a pair of Eights
Seat 4: Actionni13 (big blind) showed [As 9d] and won ($47.50) with a pair of Eights


PokerStars Hand #167408055887:  Hold'em Limit ($3/$6 USD) - 2017/03/10 19:08:03 ET
Table 'Aoluta II' 6-max Seat #4 is the button
Seat 3: Goldvrn ($51.44 in chips)
Seat 4: Actionni13 ($164.26 in chips)
Actionni13: posts small blind $1
Goldvrn: posts big blind $3
*** HOLE CARDS ***
Actionni13: raises $3 to $6
Goldvrn: folds
Uncalled bet ($3) returned to Actionni13
Actionni13 collected $6 from pot
Actionni13: doesn't show hand
*** SUMMARY ***
Total pot $6 | Rake $0
Seat 3: Goldvrn (big blind) folded before Flop
Seat 4: Actionni13 (button) (small blind) collected ($6)


PokerStars Hand #167408044824:  Hold'em Limit ($3/$6 USD) - 2017/03/10 19:07:46 ET
Table 'Aoluta II' 6-max Seat #3 is the button
Seat 3: Goldvrn ($42.80 in chips)
Seat 4: Actionni13 ($173.26 in chips)
Goldvrn: posts small blind $1
Actionni13: posts big blind $3
*** HOLE CARDS ***
Goldvrn: raises $3 to $6
Actionni13: calls $3
*** FLOP *** [Qs 4h 7d]
Actionni13: checks
Goldvrn: bets $3
Actionni13: calls $3
*** TURN *** [Qs 4h 7d] [Jc]
Actionni13: checks
Goldvrn: bets $6
Actionni13: folds
Uncalled bet ($6) returned to Goldvrn
Goldvrn collected $17.64 from pot
*** SUMMARY ***
Total pot $18 | Rake $0.36
Board [Qs 4h 7d Jc]
Seat 3: Goldvrn (button) (small blind) collected ($17.64)
Seat 4: Actionni13 (big blind) folded on the Turn


PokerStars Hand #167408059388:  Hold'em Limit ($3/$6 USD) - 2017/03/10 19:08:08 ET
Table 'Aoluta II' 6-max Seat #3 is the button
Seat 3: Goldvrn ($48.44 in chips)
Seat 4: Actionni13 ($167.26 in chips)
Goldvrn: posts small blind $1
Actionni13: posts big blind $3
*** HOLE CARDS ***
Goldvrn: folds
Uncalled bet ($2) returned to Actionni13
Actionni13 collected $2 from pot
Actionni13: doesn't show hand
*** SUMMARY ***
Total pot $2 | Rake $0
Seat 3: Goldvrn (button) (small blind) folded before Flop
Seat 4: Actionni13 (big blind) collected ($2)


PokerStars Hand #167408092494:  Hold'em Limit ($3/$6 USD) - 2017/03/10 19:09:00 ET
Table 'Aoluta II' 6-max Seat #3 is the button
Seat 3: Goldvrn ($14.44 in chips)
Seat 4: Actionni13 ($200.52 in chips)
Goldvrn: posts small blind $1
Actionni13: posts big blind $3
*** HOLE CARDS ***
Goldvrn: raises $3 to $6
Actionni13: calls $3
*** FLOP *** [8h 5s Jh]
Actionni13: checks
Goldvrn: bets $3
Actionni13: calls $3
*** TURN *** [8h 5s Jh] [2c]
Actionni13: bets $6
Goldvrn: calls $5.44 and is all-in
Uncalled bet ($0.56) returned to Actionni13
*** RIVER *** [8h 5s Jh 2c] [5c]
*** SHOW DOWN ***
Actionni13: shows [Ah 5d] (three of a kind, Fives)
Goldvrn: shows [8c 8d] (a full house, Eights full of Fives)
Goldvrn collected $28.38 from pot
*** SUMMARY ***
Total pot $28.88 | Rake $0.50
Board [8h 5s Jh 2c 5c]
Seat 3: Goldvrn (button) (small blind) showed [8c 8d] and won ($28.38) with a full house, Eights full of Fives
Seat 4: Actionni13 (big blind) showed [Ah 5d] and lost with three of a kind, Fives


PokerStars Hand #167408083484:  Hold'em Limit ($3/$6 USD) - 2017/03/10 19:08:46 ET
Table 'Aoluta II' 6-max Seat #4 is the button
Seat 3: Goldvrn ($17.44 in chips)
Seat 4: Actionni13 ($197.52 in chips)
Actionni13: posts small blind $1
Goldvrn: posts big blind $3
*** HOLE CARDS ***
Actionni13: raises $3 to $6
Goldvrn: folds
Uncalled bet ($3) returned to Actionni13
jagnaras joins the table at seat #6
Actionni13 collected $6 from pot
Actionni13: doesn't show hand
*** SUMMARY ***
Total pot $6 | Rake $0
Seat 3: Goldvrn (big blind) folded before Flop
Seat 4: Actionni13 (button) (small blind) collected ($6)


PokerStars Hand #167408139623:  Hold'em Limit ($3/$6 USD) - 2017/03/10 19:10:14 ET
Table 'Aoluta II' 6-max Seat #3 is the button
Seat 3: Goldvrn ($48.06 in chips)
Seat 4: Actionni13 ($191.84 in chips)
Goldvrn: posts small blind $1
Actionni13: posts big blind $3
*** HOLE CARDS ***
Goldvrn: raises $3 to $6
Actionni13: folds
Uncalled bet ($3) returned to Goldvrn
Goldvrn collected $6 from pot
*** SUMMARY ***
Total pot $6 | Rake $0
Seat 3: Goldvrn (button) (small blind) collected ($6)
Seat 4: Actionni13 (big blind) folded before Flop


PokerStars Hand #167408133839:  Hold'em Limit ($3/$6 USD) - 2017/03/10 19:10:05 ET
Table 'Aoluta II' 6-max Seat #4 is the button
Seat 3: Goldvrn ($54.06 in chips)
Seat 4: Actionni13 ($186.08 in chips)
Actionni13: posts small blind $1
Goldvrn: posts big blind $3
*** HOLE CARDS ***
Actionni13: raises $3 to $6
Goldvrn: calls $3
*** FLOP *** [5h Jc 3s]
Goldvrn: checks
Actionni13: bets $3
Goldvrn: folds
Uncalled bet ($3) returned to Actionni13
Actionni13 collected $11.76 from pot
Actionni13: doesn't show hand
*** SUMMARY ***
Total pot $12 | Rake $0.24
Board [5h Jc 3s]
Seat 3: Goldvrn (big blind) folded on the Flop
Seat 4: Actionni13 (button) (small blind) collected ($11.76)


PokerStars Hand #167408143527:  Hold'em Limit ($3/$6 USD) - 2017/03/10 19:10:20 ET
Table 'Aoluta II' 6-max Seat #4 is the button
Seat 3: Goldvrn ($51.06 in chips)
Seat 4: Actionni13 ($188.84 in chips)
Actionni13: posts small blind $1
Goldvrn: posts big blind $3
*** HOLE CARDS ***
Actionni13: raises $3 to $6
Goldvrn: calls $3
*** FLOP *** [6s 3d 7h]
Goldvrn: checks
Actionni13: bets $3
Goldvrn: calls $3
*** TURN *** [6s 3d 7h] [As]
Goldvrn: checks
Actionni13: bets $6
Goldvrn: raises $6 to $12
Actionni13: folds
Uncalled bet ($6) returned to Goldvrn
Goldvrn collected $29.50 from pot
Goldvrn: doesn't show hand
*** SUMMARY ***
Total pot $30 | Rake $0.50
Board [6s 3d 7h As]
Seat 3: Goldvrn (big blind) collected ($29.50)
Seat 4: Actionni13 (button) (small blind) folded on the Turn


PokerStars Hand #167408158038:  Hold'em Limit ($3/$6 USD) - 2017/03/10 19:10:43 ET
Table 'Aoluta II' 6-max Seat #4 is the button
Seat 3: Goldvrn ($64.56 in chips)
Seat 4: Actionni13 ($174.84 in chips)
Actionni13: posts small blind $1
Goldvrn: posts big blind $3
*** HOLE CARDS ***
Actionni13: folds
Uncalled bet ($2) returned to Goldvrn
Goldvrn collected $2 from pot
*** SUMMARY ***
Total pot $2 | Rake $0
Seat 3: Goldvrn (big blind) collected ($2)
Seat 4: Actionni13 (button) (small blind) folded before Flop


PokerStars Hand #167408155221:  Hold'em Limit ($3/$6 USD) - 2017/03/10 19:10:39 ET
Table 'Aoluta II' 6-max Seat #3 is the button
Seat 3: Goldvrn ($65.56 in chips)
Seat 4: Actionni13 ($173.84 in chips)
Goldvrn: posts small blind $1
Actionni13: posts big blind $3
*** HOLE CARDS ***
Goldvrn: folds
Uncalled bet ($2) returned to Actionni13
Actionni13 collected $2 from pot
Actionni13: doesn't show hand
*** SUMMARY ***
Total pot $2 | Rake $0
Seat 3: Goldvrn (button) (small blind) folded before Flop
Seat 4: Actionni13 (big blind) collected ($2)


PokerStars Hand #167408130943:  Hold'em Limit ($3/$6 USD) - 2017/03/10 19:10:00 ET
Table 'Aoluta II' 6-max Seat #3 is the button
Seat 3: Goldvrn ($55.06 in chips)
Seat 4: Actionni13 ($185.08 in chips)
Goldvrn: posts small blind $1
Actionni13: posts big blind $3
*** HOLE CARDS ***
Goldvrn: folds
Uncalled bet ($2) returned to Actionni13
Actionni13 collected $2 from pot
Actionni13: doesn't show hand
jagnaras leaves the table
*** SUMMARY ***
Total pot $2 | Rake $0
Seat 3: Goldvrn (button) (small blind) folded before Flop
Seat 4: Actionni13 (big blind) collected ($2)


PokerStars Hand #167408175472:  Hold'em Limit ($3/$6 USD) - 2017/03/10 19:11:11 ET
Table 'Aoluta II' 6-max Seat #4 is the button
Seat 3: Goldvrn ($72.20 in chips)
Seat 4: Actionni13 ($166.84 in chips)
Actionni13: posts small blind $1
Goldvrn: posts big blind $3
*** HOLE CARDS ***
Actionni13: raises $3 to $6
Goldvrn: calls $3
*** FLOP *** [6d 5h Ks]
Goldvrn: checks
Actionni13: bets $3
Goldvrn: calls $3
*** TURN *** [6d 5h Ks] [Qs]
Goldvrn: checks
Actionni13: bets $6
Goldvrn: calls $6
*** RIVER *** [6d 5h Ks Qs] [8s]
Goldvrn: checks
Actionni13: bets $6
Goldvrn: calls $6
*** SHOW DOWN ***
Actionni13: shows [6c 5c] (two pair, Sixes and Fives)
Goldvrn: mucks hand
Actionni13 collected $41.50 from pot
*** SUMMARY ***
Total pot $42 | Rake $0.50
Board [6d 5h Ks Qs 8s]
Seat 3: Goldvrn (big blind) mucked
Seat 4: Actionni13 (button) (small blind) showed [6c 5c] and won ($41.50) with two pair, Sixes and Fives


PokerStars Hand #167408196799:  Hold'em Limit ($3/$6 USD) - 2017/03/10 19:11:44 ET
Table 'Aoluta II' 6-max Seat #4 is the button
Seat 3: Goldvrn ($56.96 in chips)
Seat 4: Actionni13 ($181.34 in chips)
Actionni13: posts small blind $1
Goldvrn: posts big blind $3
*** HOLE CARDS ***
Actionni13: folds
Uncalled bet ($2) returned to Goldvrn
Goldvrn collected $2 from pot
*** SUMMARY ***
Total pot $2 | Rake $0
Seat 3: Goldvrn (big blind) collected ($2)
Seat 4: Actionni13 (button) (small blind) folded before Flop


PokerStars Hand #167408187894:  Hold'em Limit ($3/$6 USD) - 2017/03/10 19:11:30 ET
Table 'Aoluta II' 6-max Seat #3 is the button
Seat 3: Goldvrn ($51.20 in chips)
Seat 4: Actionni13 ($187.34 in chips)
Goldvrn: posts small blind $1
Actionni13: posts big blind $3
*** HOLE CARDS ***
Goldvrn: raises $3 to $6
Actionni13: calls $3
*** FLOP *** [Kd Qd 5d]
Actionni13: checks
Goldvrn: bets $3
Actionni13: folds
Uncalled bet ($3) returned to Goldvrn
Goldvrn collected $11.76 from pot
Goldvrn: doesn't show hand
*** SUMMARY ***
Total pot $12 | Rake $0.24
Board [Kd Qd 5d]
Seat 3: Goldvrn (button) (small blind) collected ($11.76)
Seat 4: Actionni13 (big blind) folded on the Flop


PokerStars Hand #167408172501:  Hold'em Limit ($3/$6 USD) - 2017/03/10 19:11:06 ET
Table 'Aoluta II' 6-max Seat #3 is the button
Seat 3: Goldvrn ($73.20 in chips)
Seat 4: Actionni13 ($165.84 in chips)
Goldvrn: posts small blind $1
Actionni13: posts big blind $3
*** HOLE CARDS ***
Goldvrn: folds
Uncalled bet ($2) returned to Actionni13
Actionni13 collected $2 from pot
Actionni13: doesn't show hand
*** SUMMARY ***
Total pot $2 | Rake $0
Seat 3: Goldvrn (button) (small blind) folded before Flop
Seat 4: Actionni13 (big blind) collected ($2)


PokerStars Hand #167408163950:  Hold'em Limit ($3/$6 USD) - 2017/03/10 19:10:52 ET
Table 'Aoluta II' 6-max Seat #4 is the button
Seat 3: Goldvrn ($64.56 in chips)
Seat 4: Actionni13 ($174.84 in chips)
Actionni13: posts small blind $1
Goldvrn: posts big blind $3
*** HOLE CARDS ***
Actionni13: raises $3 to $6
Goldvrn: calls $3
*** FLOP *** [Ah Kh 9s]
Goldvrn: checks
Actionni13: bets $3
Goldvrn: calls $3
*** TURN *** [Ah Kh 9s] [Qd]
Goldvrn: checks
Actionni13: checks
*** RIVER *** [Ah Kh 9s Qd] [Tc]
Goldvrn: bets $6
Actionni13: folds
Uncalled bet ($6) returned to Goldvrn
Goldvrn collected $17.64 from pot
*** SUMMARY ***
Total pot $18 | Rake $0.36
Board [Ah Kh 9s Qd Tc]
Seat 3: Goldvrn (big blind) collected ($17.64)
Seat 4: Actionni13 (button) (small blind) folded on the River


PokerStars Hand #167408228130:  Hold'em Limit ($3/$6 USD) - 2017/03/10 19:12:33 ET
Table 'Aoluta II' 6-max Seat #3 is the button
Seat 3: Goldvrn ($78.46 in chips)
Seat 4: Actionni13 ($159.34 in chips)
Goldvrn: posts small blind $1
Actionni13: posts big blind $3
*** HOLE CARDS ***
Goldvrn: folds
Uncalled bet ($2) returned to Actionni13
Actionni13 collected $2 from pot
Actionni13: doesn't show hand
*** SUMMARY ***
Total pot $2 | Rake $0
Seat 3: Goldvrn (button) (small blind) folded before Flop
Seat 4: Actionni13 (big blind) collected ($2)


PokerStars Hand #167408216650:  Hold'em Limit ($3/$6 USD) - 2017/03/10 19:12:15 ET
Table 'Aoluta II' 6-max Seat #4 is the button
Seat 3: Goldvrn ($60.96 in chips)
Seat 4: Actionni13 ($177.34 in chips)
Actionni13: posts small blind $1
Goldvrn: posts big blind $3
*** HOLE CARDS ***
Actionni13: raises $3 to $6
Goldvrn: raises $3 to $9
Actionni13: calls $3
*** FLOP *** [9c Jd 3d]
Goldvrn: bets $3
Actionni13: calls $3
*** TURN *** [9c Jd 3d] [5s]
Goldvrn: bets $6
Actionni13: calls $6
*** RIVER *** [9c Jd 3d 5s] [Ac]
Yordan34b20 joins the table at seat #2
Goldvrn: bets $6
Actionni13: folds
Uncalled bet ($6) returned to Goldvrn
Goldvrn collected $35.50 from pot
*** SUMMARY ***
Total pot $36 | Rake $0.50
Board [9c Jd 3d 5s Ac]
Seat 3: Goldvrn (big blind) collected ($35.50)
Seat 4: Actionni13 (button) (small blind) folded on the River


PokerStars Hand #167408209690:  Hold'em Limit ($3/$6 USD) - 2017/03/10 19:12:04 ET
Table 'Aoluta II' 6-max Seat #4 is the button
Seat 3: Goldvrn ($56.96 in chips)
Seat 4: Actionni13 ($181.34 in chips)
Actionni13: posts small blind $1
Goldvrn: posts big blind $3
*** HOLE CARDS ***
Actionni13: folds
Uncalled bet ($2) returned to Goldvrn
Goldvrn collected $2 from pot
Goldvrn: doesn't show hand
*** SUMMARY ***
Total pot $2 | Rake $0
Seat 3: Goldvrn (big blind) collected ($2)
Seat 4: Actionni13 (button) (small blind) folded before Flop


PokerStars Hand #167408212919:  Hold'em Limit ($3/$6 USD) - 2017/03/10 19:12:10 ET
Table 'Aoluta II' 6-max Seat #3 is the button
Seat 3: Goldvrn ($57.96 in chips)
Seat 4: Actionni13 ($180.34 in chips)
Goldvrn: posts small blind $1
Actionni13: posts big blind $3
*** HOLE CARDS ***
Goldvrn: raises $3 to $6
Actionni13: folds
Uncalled bet ($3) returned to Goldvrn
Goldvrn collected $6 from pot
*** SUMMARY ***
Total pot $6 | Rake $0
Seat 3: Goldvrn (button) (small blind) collected ($6)
Seat 4: Actionni13 (big blind) folded before Flop


PokerStars Hand #167408203313:  Hold'em Limit ($3/$6 USD) - 2017/03/10 19:11:55 ET
Table 'Aoluta II' 6-max Seat #4 is the button
Seat 3: Goldvrn ($60.96 in chips)
Seat 4: Actionni13 ($177.34 in chips)
Actionni13: posts small blind $1
Goldvrn: posts big blind $3
*** HOLE CARDS ***
Actionni13: raises $3 to $6
Goldvrn: folds
Uncalled bet ($3) returned to Actionni13
Actionni13 collected $6 from pot
Actionni13: doesn't show hand
*** SUMMARY ***
Total pot $6 | Rake $0
Seat 3: Goldvrn (big blind) folded before Flop
Seat 4: Actionni13 (button) (small blind) collected ($6)


PokerStars Hand #167408415969:  Hold'em Limit ($3/$6 USD) - 2017/03/10 19:17:26 ET
Table 'Aoluta II' 6-max Seat #2 is the button
Seat 2: Yordan34b20 ($128.82 in chips)
Seat 5: ToDaFelt ($99 in chips)
Yordan34b20: posts small blind $1
Actionni13: is sitting out
ToDaFelt: posts big blind $3
*** HOLE CARDS ***
Yordan34b20: raises $3 to $6
GRAILKO joins the table at seat #3
ToDaFelt: calls $3
*** FLOP *** [5h Qs Td]
ToDaFelt: checks
Yordan34b20: bets $3
ToDaFelt: folds
Uncalled bet ($3) returned to Yordan34b20
Yordan34b20 collected $11.76 from pot
Yordan34b20: doesn't show hand
*** SUMMARY ***
Total pot $12 | Rake $0.24
Board [5h Qs Td]
Seat 2: Yordan34b20 (button) (small blind) collected ($11.76)
Seat 5: ToDaFelt (big blind) folded on the Flop


PokerStars Hand #167408441367:  Hold'em Limit ($3/$6 USD) - 2017/03/10 19:18:07 ET
Table 'Aoluta II' 6-max Seat #5 is the button
Seat 2: Yordan34b20 ($134.58 in chips)
Seat 5: ToDaFelt ($93 in chips)
ToDaFelt: posts small blind $1
Yordan34b20: posts big blind $3
*** HOLE CARDS ***
ToDaFelt: raises $3 to $6
Yordan34b20: folds
Uncalled bet ($3) returned to ToDaFelt
ToDaFelt collected $6 from pot
ToDaFelt: doesn't show hand
*** SUMMARY ***
Total pot $6 | Rake $0
Seat 2: Yordan34b20 (big blind) folded before Flop
Seat 5: ToDaFelt (button) (small blind) collected ($6)


PokerStars Hand #167408491215:  Hold'em Limit ($3/$6 USD) - 2017/03/10 19:19:26 ET
Table 'Aoluta II' 6-max Seat #2 is the button
Seat 2: Yordan34b20 ($184.58 in chips)
Seat 3: GRAILKO ($172 in chips)
Yordan34b20: posts small blind $1
GRAILKO: posts big blind $3
*** HOLE CARDS ***
Yordan34b20: raises $3 to $6
GRAILKO: calls $3
*** FLOP *** [3s 4s 8s]
GRAILKO: checks
Yordan34b20: bets $3
GRAILKO: raises $3 to $6
Yordan34b20: calls $3
*** TURN *** [3s 4s 8s] [8d]
GRAILKO: bets $6
Yordan34b20: calls $6
*** RIVER *** [3s 4s 8s 8d] [9d]
GRAILKO: bets $6
Yordan34b20: calls $6
*** SHOW DOWN ***
GRAILKO: shows [5c 6s] (a pair of Eights)
Yordan34b20: shows [Qd 8c] (three of a kind, Eights)
Yordan34b20 collected $47.50 from pot
*** SUMMARY ***
Total pot $48 | Rake $0.50
Board [3s 4s 8s 8d 9d]
Seat 2: Yordan34b20 (button) (small blind) showed [Qd 8c] and won ($47.50) with three of a kind, Eights
Seat 3: GRAILKO (big blind) showed [5c 6s] and lost with a pair of Eights


PokerStars Hand #167408488161:  Hold'em Limit ($3/$6 USD) - 2017/03/10 19:19:21 ET
Table 'Aoluta II' 6-max Seat #3 is the button
Seat 2: Yordan34b20 ($183.58 in chips)
Seat 3: GRAILKO ($173 in chips)
GRAILKO: posts small blind $1
ToDaFelt: is sitting out
Yordan34b20: posts big blind $3
*** HOLE CARDS ***
GRAILKO: folds
Uncalled bet ($2) returned to Yordan34b20
Yordan34b20 collected $2 from pot
ToDaFelt leaves the table
*** SUMMARY ***
Total pot $2 | Rake $0
Seat 2: Yordan34b20 (big blind) collected ($2)
Seat 3: GRAILKO (button) (small blind) folded before Flop


PokerStars Hand #167408507437:  Hold'em Limit ($3/$6 USD) - 2017/03/10 19:19:52 ET
Table 'Aoluta II' 6-max Seat #3 is the button
Seat 2: Yordan34b20 ($208.08 in chips)
Seat 3: GRAILKO ($148 in chips)
GRAILKO: posts small blind $1
Yordan34b20: posts big blind $3
*** HOLE CARDS ***
GRAILKO: raises $3 to $6
Yordan34b20: calls $3
*** FLOP *** [8d 6s 2h]
Yordan34b20: checks
GRAILKO: bets $3
Yordan34b20: calls $3
*** TURN *** [8d 6s 2h] [2c]
Yordan34b20: checks
GRAILKO: bets $6
Yordan34b20: folds
Uncalled bet ($6) returned to GRAILKO
GRAILKO collected $17.64 from pot
GRAILKO: doesn't show hand
*** SUMMARY ***
Total pot $18 | Rake $0.36
Board [8d 6s 2h 2c]
Seat 2: Yordan34b20 (big blind) folded on the Turn
Seat 3: GRAILKO (button) (small blind) collected ($17.64)


PokerStars Hand #167408524943:  Hold'em Limit ($3/$6 USD) - 2017/03/10 19:20:20 ET
Table 'Aoluta II' 6-max Seat #3 is the button
Seat 2: Yordan34b20 ($196.08 in chips)
Seat 3: GRAILKO ($159.52 in chips)
GRAILKO: posts small blind $1
Yordan34b20: posts big blind $3
*** HOLE CARDS ***
GRAILKO: raises $3 to $6
Yordan34b20: calls $3
*** FLOP *** [Th Jh Ks]
Yordan34b20: checks
GRAILKO: bets $3
Yordan34b20: calls $3
*** TURN *** [Th Jh Ks] [8d]
Yordan34b20: checks
GRAILKO: checks
*** RIVER *** [Th Jh Ks 8d] [7d]
Yordan34b20: checks
GRAILKO: checks
*** SHOW DOWN ***
Yordan34b20: shows [5s Ac] (high card Ace)
GRAILKO: shows [Qc 7h] (a pair of Sevens)
GRAILKO collected $17.64 from pot
*** SUMMARY ***
Total pot $18 | Rake $0.36
Board [Th Jh Ks 8d 7d]
Seat 2: Yordan34b20 (big blind) showed [5s Ac] and lost with high card Ace
Seat 3: GRAILKO (button) (small blind) showed [Qc 7h] and won ($17.64) with a pair of Sevens


PokerStars Hand #167408518409:  Hold'em Limit ($3/$6 USD) - 2017/03/10 19:20:10 ET
Table 'Aoluta II' 6-max Seat #2 is the button
Seat 2: Yordan34b20 ($199.08 in chips)
Seat 3: GRAILKO ($156.64 in chips)
Yordan34b20: posts small blind $1
GRAILKO: posts big blind $3
*** HOLE CARDS ***
Yordan34b20: calls $2
GRAILKO: checks
*** FLOP *** [Ad Qh 2h]
GRAILKO: bets $3
Yordan34b20: folds
Uncalled bet ($3) returned to GRAILKO
GRAILKO collected $5.88 from pot
GRAILKO: doesn't show hand
*** SUMMARY ***
Total pot $6 | Rake $0.12
Board [Ad Qh 2h]
Seat 2: Yordan34b20 (button) (small blind) folded on the Flop
Seat 3: GRAILKO (big blind) collected ($5.88)


PokerStars Hand #167408574757:  Hold'em Limit ($3/$6 USD) - 2017/03/10 19:21:41 ET
Table 'Aoluta II' 6-max Seat #3 is the button
Seat 2: Yordan34b20 ($180.96 in chips)
Seat 3: GRAILKO ($173.92 in chips)
GRAILKO: posts small blind $1
Yordan34b20: posts big blind $3
*** HOLE CARDS ***
GRAILKO: raises $3 to $6
Yordan34b20: folds
Uncalled bet ($3) returned to GRAILKO
GRAILKO collected $6 from pot
GRAILKO: doesn't show hand
*** SUMMARY ***
Total pot $6 | Rake $0
Seat 2: Yordan34b20 (big blind) folded before Flop
Seat 3: GRAILKO (button) (small blind) collected ($6)


PokerStars Hand #167408547628:  Hold'em Limit ($3/$6 USD) - 2017/03/10 19:20:57 ET
Table 'Aoluta II' 6-max Seat #3 is the button
Seat 2: Yordan34b20 ($189.96 in chips)
Seat 3: GRAILKO ($165.16 in chips)
GRAILKO: posts small blind $1
Yordan34b20: posts big blind $3
*** HOLE CARDS ***
GRAILKO: folds
Uncalled bet ($2) returned to Yordan34b20
Yordan34b20 collected $2 from pot
*** SUMMARY ***
Total pot $2 | Rake $0
Seat 2: Yordan34b20 (big blind) collected ($2)
Seat 3: GRAILKO (button) (small blind) folded before Flop


PokerStars Hand #167408550457:  Hold'em Limit ($3/$6 USD) - 2017/03/10 19:21:02 ET
Table 'Aoluta II' 6-max Seat #2 is the button
Seat 2: Yordan34b20 ($190.96 in chips)
Seat 3: GRAILKO ($164.16 in chips)
Yordan34b20: posts small blind $1
GRAILKO: posts big blind $3
*** HOLE CARDS ***
Yordan34b20: calls $2
GRAILKO: checks
*** FLOP *** [8d Th 9s]
GRAILKO: bets $3
Yordan34b20: calls $3
*** TURN *** [8d Th 9s] [Tc]
GRAILKO: bets $6
Yordan34b20: folds
Uncalled bet ($6) returned to GRAILKO
GRAILKO collected $11.76 from pot
GRAILKO: doesn't show hand
*** SUMMARY ***
Total pot $12 | Rake $0.24
Board [8d Th 9s Tc]
Seat 2: Yordan34b20 (button) (small blind) folded on the Turn
Seat 3: GRAILKO (big blind) collected ($11.76)


PokerStars Hand #167408571609:  Hold'em Limit ($3/$6 USD) - 2017/03/10 19:21:36 ET
Table 'Aoluta II' 6-max Seat #2 is the button
Seat 2: Yordan34b20 ($181.96 in chips)
Seat 3: GRAILKO ($172.92 in chips)
Yordan34b20: posts small blind $1
GRAILKO: posts big blind $3
*** HOLE CARDS ***
Yordan34b20: folds
Uncalled bet ($2) returned to GRAILKO
GRAILKO collected $2 from pot
GRAILKO: doesn't show hand
*** SUMMARY ***
Total pot $2 | Rake $0
Seat 2: Yordan34b20 (button) (small blind) folded before Flop
Seat 3: GRAILKO (big blind) collected ($2)


PokerStars Hand #167408588124:  Hold'em Limit ($3/$6 USD) - 2017/03/10 19:22:02 ET
Table 'Aoluta II' 6-max Seat #3 is the button
Seat 2: Yordan34b20 ($168.96 in chips)
Seat 3: GRAILKO ($185.56 in chips)
GRAILKO: posts small blind $1
Yordan34b20: posts big blind $3
*** HOLE CARDS ***
GRAILKO: raises $3 to $6
Yordan34b20: calls $3
*** FLOP *** [6s 2c 4d]
Yordan34b20: checks
GRAILKO: bets $3
Yordan34b20: raises $3 to $6
GRAILKO: calls $3
*** TURN *** [6s 2c 4d] [4h]
Yordan34b20: bets $6
GRAILKO: calls $6
*** RIVER *** [6s 2c 4d 4h] [5h]
Yordan34b20: bets $6
GRAILKO: calls $6
*** SHOW DOWN ***
Yordan34b20: shows [Qd 2d] (two pair, Fours and Deuces)
GRAILKO: shows [Jh 5c] (two pair, Fives and Fours)
GRAILKO collected $47.50 from pot
*** SUMMARY ***
Total pot $48 | Rake $0.50
Board [6s 2c 4d 4h 5h]
Seat 2: Yordan34b20 (big blind) showed [Qd 2d] and lost with two pair, Fours and Deuces
Seat 3: GRAILKO (button) (small blind) showed [Jh 5c] and won ($47.50) with two pair, Fives and Fours


PokerStars Hand #167408578329:  Hold'em Limit ($3/$6 USD) - 2017/03/10 19:21:46 ET
Table 'Aoluta II' 6-max Seat #2 is the button
Seat 2: Yordan34b20 ($177.96 in chips)
Seat 3: GRAILKO ($176.92 in chips)
Yordan34b20: posts small blind $1
GRAILKO: posts big blind $3
*** HOLE CARDS ***
Yordan34b20: calls $2
GRAILKO: raises $3 to $6
Yordan34b20: calls $3
*** FLOP *** [Ks 9c 6s]
GRAILKO: bets $3
Yordan34b20: calls $3
*** TURN *** [Ks 9c 6s] [Jc]
GRAILKO: bets $6
Yordan34b20: folds
Uncalled bet ($6) returned to GRAILKO
GRAILKO collected $17.64 from pot
GRAILKO: doesn't show hand
*** SUMMARY ***
Total pot $18 | Rake $0.36
Board [Ks 9c 6s Jc]
Seat 2: Yordan34b20 (button) (small blind) folded on the Turn
Seat 3: GRAILKO (big blind) collected ($17.64)


PokerStars Hand #167408600909:  Hold'em Limit ($3/$6 USD) - 2017/03/10 19:22:23 ET
Table 'Aoluta II' 6-max Seat #2 is the button
Seat 2: Yordan34b20 ($144.96 in chips)
Seat 3: GRAILKO ($209.06 in chips)
Yordan34b20: posts small blind $1
GRAILKO: posts big blind $3
*** HOLE CARDS ***
Yordan34b20: raises $3 to $6
GRAILKO: calls $3
*** FLOP *** [2c Qh Ks]
GRAILKO: checks
Yordan34b20: bets $3
GRAILKO: calls $3
*** TURN *** [2c Qh Ks] [9h]
GRAILKO: checks
Yordan34b20: bets $6
GRAILKO: calls $6
*** RIVER *** [2c Qh Ks 9h] [Jd]
GRAILKO: bets $6
Yordan34b20: folds
Uncalled bet ($6) returned to GRAILKO
GRAILKO collected $29.50 from pot
GRAILKO: doesn't show hand
*** SUMMARY ***
Total pot $30 | Rake $0.50
Board [2c Qh Ks 9h Jd]
Seat 2: Yordan34b20 (button) (small blind) folded on the River
Seat 3: GRAILKO (big blind) collected ($29.50)


PokerStars Hand #167408626352:  Hold'em Limit ($3/$6 USD) - 2017/03/10 19:23:04 ET
Table 'Aoluta II' 6-max Seat #2 is the button
Seat 2: Yordan34b20 ($150.46 in chips)
Seat 3: GRAILKO ($202.56 in chips)
Yordan34b20: posts small blind $1
GRAILKO: posts big blind $3
*** HOLE CARDS ***
Yordan34b20: folds
Uncalled bet ($2) returned to GRAILKO
GRAILKO collected $2 from pot
GRAILKO: doesn't show hand
*** SUMMARY ***
Total pot $2 | Rake $0
Seat 2: Yordan34b20 (button) (small blind) folded before Flop
Seat 3: GRAILKO (big blind) collected ($2)


PokerStars Hand #167408613812:  Hold'em Limit ($3/$6 USD) - 2017/03/10 19:22:44 ET
Table 'Aoluta II' 6-max Seat #3 is the button
Seat 2: Yordan34b20 ($129.96 in chips)
Seat 3: GRAILKO ($223.56 in chips)
GRAILKO: posts small blind $1
Yordan34b20: posts big blind $3
*** HOLE CARDS ***
GRAILKO: raises $3 to $6
Yordan34b20: calls $3
*** FLOP *** [7h 5s Qs]
Yordan34b20: checks
GRAILKO: bets $3
Yordan34b20: calls $3
*** TURN *** [7h 5s Qs] [3h]
cbarnes joins the table at seat #5
Yordan34b20: bets $6
GRAILKO: calls $6
*** RIVER *** [7h 5s Qs 3h] [4s]
Yordan34b20: bets $6
GRAILKO: calls $6
*** SHOW DOWN ***
Yordan34b20: shows [4d Td] (a pair of Fours)
GRAILKO: mucks hand
Yordan34b20 collected $41.50 from pot
*** SUMMARY ***
Total pot $42 | Rake $0.50
Board [7h 5s Qs 3h 4s]
Seat 2: Yordan34b20 (big blind) showed [4d Td] and won ($41.50) with a pair of Fours
Seat 3: GRAILKO (button) (small blind) mucked


PokerStars Hand #167411650005:  Hold'em Limit ($3/$6 USD) - 2017/03/10 20:55:31 ET
Table 'Aoluta II' 6-max Seat #2 is the button
Seat 2: Yordan34b20 ($223.75 in chips)
Seat 4: Actionni13 ($381.31 in chips)
Yordan34b20: posts small blind $1
wwwBTHEREcom: is sitting out
Actionni13: posts big blind $3
*** HOLE CARDS ***
Yordan34b20: raises $3 to $6
Actionni13: calls $3
*** FLOP *** [4s Ad 5d]
wwwBTHEREcom leaves the table
Actionni13: checks
Yordan34b20: checks
*** TURN *** [4s Ad 5d] [7d]
Actionni13: bets $6
Yordan34b20: folds
Uncalled bet ($6) returned to Actionni13
Actionni13 collected $11.76 from pot
Actionni13: doesn't show hand
*** SUMMARY ***
Total pot $12 | Rake $0.24
Board [4s Ad 5d 7d]
Seat 2: Yordan34b20 (button) (small blind) folded on the Turn
Seat 4: Actionni13 (big blind) collected ($11.76)


PokerStars Hand #167411659186:  Hold'em Limit ($3/$6 USD) - 2017/03/10 20:55:54 ET
Table 'Aoluta II' 6-max Seat #4 is the button
Seat 2: Yordan34b20 ($217.75 in chips)
Seat 4: Actionni13 ($387.07 in chips)
Actionni13: posts small blind $1
Yordan34b20: posts big blind $3
*** HOLE CARDS ***
Actionni13: folds
Uncalled bet ($2) returned to Yordan34b20
Actionni13 leaves the table
Yordan34b20 collected $2 from pot
Yordan34b20: doesn't show hand
*** SUMMARY ***
Total pot $2 | Rake $0
Seat 2: Yordan34b20 (big blind) collected ($2)
Seat 4: Actionni13 (button) (small blind) folded before Flop


