PokerStars Hand #167407625284:  Hold'em Limit ($3/$6 USD) - 2017/03/10 18:56:37 ET
Table 'Aoluta II' 6-max Seat #1 is the button
Seat 1: bubsski ($120 in chips)
Seat 4: Actionni13 ($150 in chips)
bubsski: posts small blind $1
Actionni13: posts big blind $3
*** HOLE CARDS ***
bubsski: raises $3 to $6
Actionni13: calls $3
*** FLOP *** [Ad 7s Kh]
Actionni13: checks
bubsski: bets $3
Actionni13: folds
Uncalled bet ($3) returned to bubsski
bubsski collected $11.76 from pot
bubsski: doesn't show hand
*** SUMMARY ***
Total pot $12 | Rake $0.24
Board [Ad 7s Kh]
Seat 1: bubsski (button) (small blind) collected ($11.76)
Seat 4: Actionni13 (big blind) folded on the Flop


PokerStars Hand #167407643769:  Hold'em Limit ($3/$6 USD) - 2017/03/10 18:57:09 ET
Table 'Aoluta II' 6-max Seat #1 is the button
Seat 1: bubsski ($119.76 in chips)
Seat 4: Actionni13 ($155.76 in chips)
bubsski: posts small blind $1
Actionni13: posts big blind $3
*** HOLE CARDS ***
bubsski: raises $3 to $6
Actionni13: calls $3
*** FLOP *** [7c 5s 4d]
Actionni13: bets $3
bubsski: calls $3
*** TURN *** [7c 5s 4d] [Td]
Actionni13: bets $6
bubsski: calls $6
*** RIVER *** [7c 5s 4d Td] [6s]
Actionni13: bets $6
bubsski: folds
Uncalled bet ($6) returned to Actionni13
bubsski leaves the table
Actionni13 collected $29.50 from pot
Actionni13: doesn't show hand
*** SUMMARY ***
Total pot $30 | Rake $0.50
Board [7c 5s 4d Td 6s]
Seat 1: bubsski (button) (small blind) folded on the River
Seat 4: Actionni13 (big blind) collected ($29.50)


PokerStars Hand #167407634976:  Hold'em Limit ($3/$6 USD) - 2017/03/10 18:56:54 ET
Table 'Aoluta II' 6-max Seat #4 is the button
Seat 1: bubsski ($125.76 in chips)
Seat 4: Actionni13 ($150 in chips)
Actionni13: posts small blind $1
bubsski: posts big blind $3
*** HOLE CARDS ***
Actionni13: raises $3 to $6
bubsski: calls $3
*** FLOP *** [Qh As 5h]
bubsski: checks
Actionni13: bets $3
bubsski: folds
Uncalled bet ($3) returned to Actionni13
Actionni13 collected $11.76 from pot
Actionni13: doesn't show hand
*** SUMMARY ***
Total pot $12 | Rake $0.24
Board [Qh As 5h]
Seat 1: bubsski (big blind) folded on the Flop
Seat 4: Actionni13 (button) (small blind) collected ($11.76)


