PokerStars Hand #152242263184:  Hold'em Limit ($3/$6 USD) - 2016/04/21 13:44:16 ET
Table 'Aphelion II' 6-max Seat #6 is the button
Seat 1: belik555 ($72 in chips)
Seat 6: desktop39 ($100 in chips)
desktop39: posts small blind $1
belik555: posts big blind $3
*** HOLE CARDS ***
desktop39: raises $3 to $6
belik555: raises $3 to $9
desktop39: calls $3
*** FLOP *** [Js Jd Ac]
belik555: bets $3
desktop39: folds
Uncalled bet ($3) returned to belik555
belik555 collected $17.64 from pot
belik555: doesn't show hand
*** SUMMARY ***
Total pot $18 | Rake $0.36
Board [Js Jd Ac]
Seat 1: belik555 (big blind) collected ($17.64)
Seat 6: desktop39 (button) (small blind) folded on the Flop


PokerStars Hand #152242326225:  Hold'em Limit ($3/$6 USD) - 2016/04/21 13:45:35 ET
Table 'Aphelion II' 6-max Seat #6 is the button
Seat 1: belik555 ($98.14 in chips)
Seat 6: desktop39 ($73 in chips)
desktop39: posts small blind $1
belik555: posts big blind $3
*** HOLE CARDS ***
desktop39: raises $3 to $6
belik555: calls $3
*** FLOP *** [7h 4d 5h]
belik555: checks
desktop39: bets $3
belik555: raises $3 to $6
desktop39: calls $3
*** TURN *** [7h 4d 5h] [3c]
belik555: checks
desktop39: checks
*** RIVER *** [7h 4d 5h 3c] [Ad]
belik555: checks
desktop39: checks
*** SHOW DOWN ***
belik555: shows [4c 8h] (a pair of Fours)
desktop39: shows [9s 4s] (a pair of Fours - Ace+Nine kicker)
desktop39 collected $23.52 from pot
*** SUMMARY ***
Total pot $24 | Rake $0.48
Board [7h 4d 5h 3c Ad]
Seat 1: belik555 (big blind) showed [4c 8h] and lost with a pair of Fours
Seat 6: desktop39 (button) (small blind) showed [9s 4s] and won ($23.52) with a pair of Fours


PokerStars Hand #152242295971:  Hold'em Limit ($3/$6 USD) - 2016/04/21 13:44:57 ET
Table 'Aphelion II' 6-max Seat #1 is the button
Seat 1: belik555 ($80.64 in chips)
Seat 6: desktop39 ($91 in chips)
belik555: posts small blind $1
desktop39: posts big blind $3
*** HOLE CARDS ***
belik555: raises $3 to $6
hooverr joins the table at seat #5
desktop39: calls $3
*** FLOP *** [5d 3s As]
desktop39: checks
belik555: bets $3
desktop39: raises $3 to $6
belik555: calls $3
*** TURN *** [5d 3s As] [8s]
LukaSteel joins the table at seat #2
desktop39: bets $6
belik555: calls $6
*** RIVER *** [5d 3s As 8s] [8d]
desktop39: checks
belik555: checks
*** SHOW DOWN ***
desktop39: shows [Qc Td] (a pair of Eights)
belik555: shows [Ks 4c] (a pair of Eights - Ace+King kicker)
belik555 collected $35.50 from pot
*** SUMMARY ***
Total pot $36 | Rake $0.50
Board [5d 3s As 8s 8d]
Seat 1: belik555 (button) (small blind) showed [Ks 4c] and won ($35.50) with a pair of Eights
Seat 6: desktop39 (big blind) showed [Qc Td] and lost with a pair of Eights


