PokerStars Hand #162277588902:  Hold'em Limit ($3/$6 USD) - 2016/12/02 2:39:23 ET
Table 'Apisaon' 6-max Seat #5 is the button
Seat 5: IhateacesAA ($136.78 in chips)
Seat 6: ToDaFelt ($155.44 in chips)
IhateacesAA: posts small blind $1
ToDaFelt: posts big blind $3
*** HOLE CARDS ***
IhateacesAA: folds
Uncalled bet ($2) returned to ToDaFelt
ToDaFelt collected $2 from pot
ToDaFelt: doesn't show hand
*** SUMMARY ***
Total pot $2 | Rake $0
Seat 5: IhateacesAA (button) (small blind) folded before Flop
Seat 6: ToDaFelt (big blind) collected ($2)


PokerStars Hand #162277581900:  Hold'em Limit ($3/$6 USD) - 2016/12/02 2:38:59 ET
Table 'Apisaon' 6-max Seat #6 is the button
Seat 5: IhateacesAA ($142.78 in chips)
Seat 6: ToDaFelt ($149.68 in chips)
ToDaFelt: posts small blind $1
B_loJkl: is sitting out
VolkovDmitri: is sitting out
IhateacesAA: posts big blind $3
*** HOLE CARDS ***
VolkovDmitri leaves the table
ToDaFelt: raises $3 to $6
IhateacesAA: calls $3
*** FLOP *** [9d Ah Kd]
IhateacesAA: checks
ToDaFelt: bets $3
IhateacesAA: folds
Uncalled bet ($3) returned to ToDaFelt
ToDaFelt collected $11.76 from pot
ToDaFelt: doesn't show hand
B_loJkl leaves the table
*** SUMMARY ***
Total pot $12 | Rake $0.24
Board [9d Ah Kd]
Seat 5: IhateacesAA (big blind) folded on the Flop
Seat 6: ToDaFelt (button) (small blind) collected ($11.76)


