PokerStars Hand #144359208686:  Hold'em Limit ($3/$6 USD) - 2015/11/25 9:06:13 ET
Table 'Apollo II' 2-max Seat #2 is the button
Seat 1: aruhtart ($167 in chips)
Seat 2: pokerjunk035 ($72 in chips)
pokerjunk035: posts small blind $1
aruhtart: posts big blind $3
*** HOLE CARDS ***
pokerjunk035: raises $3 to $6
aruhtart: calls $3
*** FLOP *** [5s 2d 3s]
aruhtart: checks
pokerjunk035: checks
*** TURN *** [5s 2d 3s] [8d]
aruhtart: checks
pokerjunk035: checks
*** RIVER *** [5s 2d 3s 8d] [4s]
aruhtart: checks
pokerjunk035: checks
*** SHOW DOWN ***
aruhtart: shows [4c Ts] (a pair of Fours)
pokerjunk035: mucks hand
aruhtart collected $11.76 from pot
*** SUMMARY ***
Total pot $12 | Rake $0.24
Board [5s 2d 3s 8d 4s]
Seat 1: aruhtart (big blind) showed [4c Ts] and won ($11.76) with a pair of Fours
Seat 2: pokerjunk035 (button) (small blind) mucked


PokerStars Hand #144359196386:  Hold'em Limit ($3/$6 USD) - 2015/11/25 9:05:53 ET
Table 'Apollo II' 2-max Seat #2 is the button
Seat 1: aruhtart ($146.50 in chips)
Seat 2: pokerjunk035 ($93 in chips)
pokerjunk035: posts small blind $1
aruhtart: posts big blind $3
*** HOLE CARDS ***
pokerjunk035: raises $3 to $6
aruhtart: folds
Uncalled bet ($3) returned to pokerjunk035
pokerjunk035 collected $6 from pot
*** SUMMARY ***
Total pot $6 | Rake $0
Seat 1: aruhtart (big blind) folded before Flop
Seat 2: pokerjunk035 (button) (small blind) collected ($6)


PokerStars Hand #144359199616:  Hold'em Limit ($3/$6 USD) - 2015/11/25 9:05:59 ET
Table 'Apollo II' 2-max Seat #1 is the button
Seat 1: aruhtart ($143.50 in chips)
Seat 2: pokerjunk035 ($96 in chips)
aruhtart: posts small blind $1
pokerjunk035: posts big blind $3
*** HOLE CARDS ***
aruhtart: raises $3 to $6
pokerjunk035: calls $3
*** FLOP *** [Ah 6d 6c]
pokerjunk035: checks
aruhtart: bets $3
pokerjunk035: raises $3 to $6
aruhtart: calls $3
*** TURN *** [Ah 6d 6c] [4d]
pokerjunk035: bets $6
aruhtart: calls $6
*** RIVER *** [Ah 6d 6c 4d] [Ad]
pokerjunk035: bets $6
aruhtart: calls $6
*** SHOW DOWN ***
pokerjunk035: shows [5c Jd] (two pair, Aces and Sixes)
aruhtart: shows [2c Ks] (two pair, Aces and Sixes - King kicker)
aruhtart collected $47.50 from pot
*** SUMMARY ***
Total pot $48 | Rake $0.50
Board [Ah 6d 6c 4d Ad]
Seat 1: aruhtart (button) (small blind) showed [2c Ks] and won ($47.50) with two pair, Aces and Sixes
Seat 2: pokerjunk035 (big blind) showed [5c Jd] and lost with two pair, Aces and Sixes


PokerStars Hand #144359229495:  Hold'em Limit ($3/$6 USD) - 2015/11/25 9:06:46 ET
Table 'Apollo II' 2-max Seat #2 is the button
Seat 1: aruhtart ($184.28 in chips)
Seat 2: pokerjunk035 ($54 in chips)
pokerjunk035: posts small blind $1
aruhtart: posts big blind $3
*** HOLE CARDS ***
pokerjunk035: raises $3 to $6
aruhtart: calls $3
*** FLOP *** [4s 6c Js]
aruhtart: checks
pokerjunk035: bets $3
aruhtart: calls $3
*** TURN *** [4s 6c Js] [Jh]
aruhtart: checks
pokerjunk035: bets $6
aruhtart: folds
Uncalled bet ($6) returned to pokerjunk035
pokerjunk035 collected $17.64 from pot
pokerjunk035: doesn't show hand
*** SUMMARY ***
Total pot $18 | Rake $0.36
Board [4s 6c Js Jh]
Seat 1: aruhtart (big blind) folded on the Turn
Seat 2: pokerjunk035 (button) (small blind) collected ($17.64)


PokerStars Hand #144359218063:  Hold'em Limit ($3/$6 USD) - 2015/11/25 9:06:28 ET
Table 'Apollo II' 2-max Seat #1 is the button
Seat 1: aruhtart ($172.76 in chips)
Seat 2: pokerjunk035 ($66 in chips)
aruhtart: posts small blind $1
pokerjunk035: posts big blind $3
*** HOLE CARDS ***
aruhtart: raises $3 to $6
pokerjunk035: calls $3
*** FLOP *** [8c 6c Th]
pokerjunk035: checks
aruhtart: checks
*** TURN *** [8c 6c Th] [2h]
pokerjunk035: bets $6
aruhtart: calls $6
*** RIVER *** [8c 6c Th 2h] [8d]
pokerjunk035: checks
aruhtart: bets $6
pokerjunk035: folds
Uncalled bet ($6) returned to aruhtart
aruhtart collected $23.52 from pot
aruhtart: doesn't show hand
*** SUMMARY ***
Total pot $24 | Rake $0.48
Board [8c 6c Th 2h 8d]
Seat 1: aruhtart (button) (small blind) collected ($23.52)
Seat 2: pokerjunk035 (big blind) folded on the River


PokerStars Hand #144359236598:  Hold'em Limit ($3/$6 USD) - 2015/11/25 9:06:57 ET
Table 'Apollo II' 2-max Seat #1 is the button
Seat 1: aruhtart ($175.28 in chips)
Seat 2: pokerjunk035 ($122.64 in chips)
aruhtart: posts small blind $1
pokerjunk035: posts big blind $3
*** HOLE CARDS ***
aruhtart: raises $3 to $6
pokerjunk035: calls $3
*** FLOP *** [8s 4h 9h]
pokerjunk035: checks
aruhtart: checks
*** TURN *** [8s 4h 9h] [Td]
pokerjunk035: checks
aruhtart: checks
*** RIVER *** [8s 4h 9h Td] [Qd]
pokerjunk035: bets $6
aruhtart: raises $6 to $12
pokerjunk035: calls $6
*** SHOW DOWN ***
aruhtart: shows [Jc Kc] (a straight, Nine to King)
pokerjunk035: mucks hand
aruhtart collected $35.50 from pot
*** SUMMARY ***
Total pot $36 | Rake $0.50
Board [8s 4h 9h Td Qd]
Seat 1: aruhtart (button) (small blind) showed [Jc Kc] and won ($35.50) with a straight, Nine to King
Seat 2: pokerjunk035 (big blind) mucked


PokerStars Hand #144359247325:  Hold'em Limit ($3/$6 USD) - 2015/11/25 9:07:14 ET
Table 'Apollo II' 2-max Seat #2 is the button
Seat 1: aruhtart ($192.78 in chips)
Seat 2: pokerjunk035 ($104.64 in chips)
pokerjunk035: posts small blind $1
aruhtart: posts big blind $3
*** HOLE CARDS ***
pokerjunk035: raises $3 to $6
aruhtart: calls $3
*** FLOP *** [3d 7h Js]
aruhtart: checks
pokerjunk035: bets $3
aruhtart: folds
Uncalled bet ($3) returned to pokerjunk035
pokerjunk035 collected $11.76 from pot
pokerjunk035: doesn't show hand
*** SUMMARY ***
Total pot $12 | Rake $0.24
Board [3d 7h Js]
Seat 1: aruhtart (big blind) folded on the Flop
Seat 2: pokerjunk035 (button) (small blind) collected ($11.76)


PokerStars Hand #144359253538:  Hold'em Limit ($3/$6 USD) - 2015/11/25 9:07:24 ET
Table 'Apollo II' 2-max Seat #1 is the button
Seat 1: aruhtart ($186.78 in chips)
Seat 2: pokerjunk035 ($110.40 in chips)
aruhtart: posts small blind $1
pokerjunk035: posts big blind $3
*** HOLE CARDS ***
aruhtart: raises $3 to $6
pokerjunk035: raises $3 to $9
aruhtart: calls $3
*** FLOP *** [4c 7c 5h]
pokerjunk035: bets $3
aruhtart: calls $3
*** TURN *** [4c 7c 5h] [5d]
pokerjunk035: bets $6
aruhtart: calls $6
*** RIVER *** [4c 7c 5h 5d] [7d]
pokerjunk035: bets $6
aruhtart: folds
Uncalled bet ($6) returned to pokerjunk035
pokerjunk035 collected $35.50 from pot
pokerjunk035: doesn't show hand
*** SUMMARY ***
Total pot $36 | Rake $0.50
Board [4c 7c 5h 5d 7d]
Seat 1: aruhtart (button) (small blind) folded on the River
Seat 2: pokerjunk035 (big blind) collected ($35.50)


PokerStars Hand #144359278631:  Hold'em Limit ($3/$6 USD) - 2015/11/25 9:08:04 ET
Table 'Apollo II' 2-max Seat #2 is the button
Seat 1: aruhtart ($192.04 in chips)
Seat 2: pokerjunk035 ($103.90 in chips)
pokerjunk035: posts small blind $1
aruhtart: posts big blind $3
*** HOLE CARDS ***
pokerjunk035: raises $3 to $6
aruhtart: calls $3
*** FLOP *** [2s 7s Jc]
aruhtart: checks
pokerjunk035: bets $3
aruhtart: folds
Uncalled bet ($3) returned to pokerjunk035
pokerjunk035 collected $11.76 from pot
pokerjunk035: doesn't show hand
*** SUMMARY ***
Total pot $12 | Rake $0.24
Board [2s 7s Jc]
Seat 1: aruhtart (big blind) folded on the Flop
Seat 2: pokerjunk035 (button) (small blind) collected ($11.76)


PokerStars Hand #144359273508:  Hold'em Limit ($3/$6 USD) - 2015/11/25 9:07:56 ET
Table 'Apollo II' 2-max Seat #1 is the button
Seat 1: aruhtart ($186.28 in chips)
Seat 2: pokerjunk035 ($109.90 in chips)
aruhtart: posts small blind $1
pokerjunk035: posts big blind $3
*** HOLE CARDS ***
aruhtart: raises $3 to $6
pokerjunk035: calls $3
*** FLOP *** [2d Qs 4d]
pokerjunk035: checks
aruhtart: bets $3
pokerjunk035: folds
Uncalled bet ($3) returned to aruhtart
aruhtart collected $11.76 from pot
aruhtart: doesn't show hand
*** SUMMARY ***
Total pot $12 | Rake $0.24
Board [2d Qs 4d]
Seat 1: aruhtart (button) (small blind) collected ($11.76)
Seat 2: pokerjunk035 (big blind) folded on the Flop


PokerStars Hand #144359263094:  Hold'em Limit ($3/$6 USD) - 2015/11/25 9:07:39 ET
Table 'Apollo II' 2-max Seat #2 is the button
Seat 1: aruhtart ($168.78 in chips)
Seat 2: pokerjunk035 ($127.90 in chips)
pokerjunk035: posts small blind $1
aruhtart: posts big blind $3
*** HOLE CARDS ***
pokerjunk035: raises $3 to $6
aruhtart: calls $3
*** FLOP *** [Tc Jd Ks]
aruhtart: checks
pokerjunk035: bets $3
aruhtart: raises $3 to $6
pokerjunk035: calls $3
*** TURN *** [Tc Jd Ks] [2s]
aruhtart: bets $6
pokerjunk035: calls $6
*** RIVER *** [Tc Jd Ks 2s] [Kc]
aruhtart: bets $6
pokerjunk035: folds
Uncalled bet ($6) returned to aruhtart
aruhtart collected $35.50 from pot
aruhtart: doesn't show hand
*** SUMMARY ***
Total pot $36 | Rake $0.50
Board [Tc Jd Ks 2s Kc]
Seat 1: aruhtart (big blind) collected ($35.50)
Seat 2: pokerjunk035 (button) (small blind) folded on the River


PokerStars Hand #144359288920:  Hold'em Limit ($3/$6 USD) - 2015/11/25 9:08:21 ET
Table 'Apollo II' 2-max Seat #2 is the button
Seat 1: aruhtart ($191.80 in chips)
Seat 2: pokerjunk035 ($103.66 in chips)
pokerjunk035: posts small blind $1
aruhtart: posts big blind $3
*** HOLE CARDS ***
pokerjunk035: raises $3 to $6
aruhtart: calls $3
*** FLOP *** [7c 2d Jd]
aruhtart: checks
pokerjunk035: checks
*** TURN *** [7c 2d Jd] [2c]
aruhtart: checks
pokerjunk035: checks
*** RIVER *** [7c 2d Jd 2c] [Qd]
aruhtart: checks
pokerjunk035: checks
*** SHOW DOWN ***
aruhtart: shows [As 9c] (a pair of Deuces)
pokerjunk035: mucks hand
aruhtart collected $11.76 from pot
*** SUMMARY ***
Total pot $12 | Rake $0.24
Board [7c 2d Jd 2c Qd]
Seat 1: aruhtart (big blind) showed [As 9c] and won ($11.76) with a pair of Deuces
Seat 2: pokerjunk035 (button) (small blind) mucked


PokerStars Hand #144359283714:  Hold'em Limit ($3/$6 USD) - 2015/11/25 9:08:12 ET
Table 'Apollo II' 2-max Seat #1 is the button
Seat 1: aruhtart ($186.04 in chips)
Seat 2: pokerjunk035 ($109.66 in chips)
aruhtart: posts small blind $1
pokerjunk035: posts big blind $3
*** HOLE CARDS ***
aruhtart: raises $3 to $6
pokerjunk035: calls $3
*** FLOP *** [Qh 4s Ac]
pokerjunk035: checks
aruhtart: bets $3
pokerjunk035: folds
Uncalled bet ($3) returned to aruhtart
aruhtart collected $11.76 from pot
aruhtart: doesn't show hand
*** SUMMARY ***
Total pot $12 | Rake $0.24
Board [Qh 4s Ac]
Seat 1: aruhtart (button) (small blind) collected ($11.76)
Seat 2: pokerjunk035 (big blind) folded on the Flop


PokerStars Hand #144359313292:  Hold'em Limit ($3/$6 USD) - 2015/11/25 9:08:59 ET
Table 'Apollo II' 2-max Seat #1 is the button
Seat 1: aruhtart ($200.06 in chips)
Seat 2: pokerjunk035 ($94.18 in chips)
aruhtart: posts small blind $1
pokerjunk035: posts big blind $3
*** HOLE CARDS ***
aruhtart: raises $3 to $6
pokerjunk035: calls $3
*** FLOP *** [6h Jc 7d]
pokerjunk035: checks
aruhtart: bets $3
pokerjunk035: raises $3 to $6
aruhtart: calls $3
*** TURN *** [6h Jc 7d] [8c]
pokerjunk035: bets $6
aruhtart: raises $6 to $12
pokerjunk035: folds
Uncalled bet ($6) returned to aruhtart
aruhtart collected $35.50 from pot
aruhtart: doesn't show hand
*** SUMMARY ***
Total pot $36 | Rake $0.50
Board [6h Jc 7d 8c]
Seat 1: aruhtart (button) (small blind) collected ($35.50)
Seat 2: pokerjunk035 (big blind) folded on the Turn


PokerStars Hand #144359303909:  Hold'em Limit ($3/$6 USD) - 2015/11/25 9:08:44 ET
Table 'Apollo II' 2-max Seat #2 is the button
Seat 1: aruhtart ($185.56 in chips)
Seat 2: pokerjunk035 ($109.18 in chips)
pokerjunk035: posts small blind $1
aruhtart: posts big blind $3
*** HOLE CARDS ***
pokerjunk035: raises $3 to $6
aruhtart: calls $3
*** FLOP *** [6h 7s Th]
aruhtart: checks
pokerjunk035: bets $3
aruhtart: calls $3
*** TURN *** [6h 7s Th] [Js]
aruhtart: checks
pokerjunk035: bets $6
aruhtart: calls $6
*** RIVER *** [6h 7s Th Js] [5s]
aruhtart: checks
pokerjunk035: checks
*** SHOW DOWN ***
aruhtart: shows [7h 5d] (two pair, Sevens and Fives)
pokerjunk035: mucks hand
aruhtart collected $29.50 from pot
*** SUMMARY ***
Total pot $30 | Rake $0.50
Board [6h 7s Th Js 5s]
Seat 1: aruhtart (big blind) showed [7h 5d] and won ($29.50) with two pair, Sevens and Fives
Seat 2: pokerjunk035 (button) (small blind) mucked


PokerStars Hand #144359323972:  Hold'em Limit ($3/$6 USD) - 2015/11/25 9:09:16 ET
Table 'Apollo II' 2-max Seat #2 is the button
Seat 1: aruhtart ($217.56 in chips)
Seat 2: pokerjunk035 ($76.18 in chips)
pokerjunk035: posts small blind $1
aruhtart: posts big blind $3
*** HOLE CARDS ***
pokerjunk035: raises $3 to $6
aruhtart: calls $3
*** FLOP *** [Qs Th Ad]
aruhtart: checks
pokerjunk035: bets $3
aruhtart: calls $3
*** TURN *** [Qs Th Ad] [5s]
aruhtart: checks
pokerjunk035: bets $6
aruhtart: calls $6
*** RIVER *** [Qs Th Ad 5s] [3h]
aruhtart: bets $6
pokerjunk035: folds
Uncalled bet ($6) returned to aruhtart
aruhtart collected $29.50 from pot
aruhtart: doesn't show hand
*** SUMMARY ***
Total pot $30 | Rake $0.50
Board [Qs Th Ad 5s 3h]
Seat 1: aruhtart (big blind) collected ($29.50)
Seat 2: pokerjunk035 (button) (small blind) folded on the River


PokerStars Hand #144359296806:  Hold'em Limit ($3/$6 USD) - 2015/11/25 9:08:33 ET
Table 'Apollo II' 2-max Seat #1 is the button
Seat 1: aruhtart ($197.56 in chips)
Seat 2: pokerjunk035 ($97.66 in chips)
aruhtart: posts small blind $1
pokerjunk035: posts big blind $3
*** HOLE CARDS ***
aruhtart: raises $3 to $6
pokerjunk035: raises $3 to $9
aruhtart: calls $3
*** FLOP *** [5s 3d 7s]
pokerjunk035: bets $3
aruhtart: calls $3
*** TURN *** [5s 3d 7s] [3s]
pokerjunk035: bets $6
aruhtart: folds
Uncalled bet ($6) returned to pokerjunk035
pokerjunk035 collected $23.52 from pot
pokerjunk035: doesn't show hand
*** SUMMARY ***
Total pot $24 | Rake $0.48
Board [5s 3d 7s 3s]
Seat 1: aruhtart (button) (small blind) folded on the Turn
Seat 2: pokerjunk035 (big blind) collected ($23.52)


