PokerStars Hand #156926064605:  Hold'em Limit ($3/$6 USD) - 2016/08/06 4:18:01 ET
Table 'Apollo' 6-max Seat #3 is the button
Seat 1: Airbag999 ($155.50 in chips)
Seat 3: fugu82 ($24 in chips)
fugu82: posts small blind $1
Airbag999: posts big blind $3
*** HOLE CARDS ***
fugu82: folds
Uncalled bet ($2) returned to Airbag999
Airbag999 collected $2 from pot
*** SUMMARY ***
Total pot $2 | Rake $0
Seat 1: Airbag999 (big blind) collected ($2)
Seat 3: fugu82 (button) (small blind) folded before Flop


PokerStars Hand #156926055519:  Hold'em Limit ($3/$6 USD) - 2016/08/06 4:17:32 ET
Table 'Apollo' 6-max Seat #1 is the button
Seat 1: Airbag999 ($120 in chips)
Seat 3: fugu82 ($60 in chips)
Airbag999: posts small blind $1
fugu82: posts big blind $3
*** HOLE CARDS ***
Airbag999: raises $3 to $6
fugu82: raises $3 to $9
Airbag999: calls $3
*** FLOP *** [6h Ac 5h]
fugu82: bets $3
Airbag999: calls $3
*** TURN *** [6h Ac 5h] [4c]
fugu82: bets $6
Airbag999: raises $6 to $12
fugu82: calls $6
*** RIVER *** [6h Ac 5h 4c] [Kh]
fugu82: bets $6
Airbag999: raises $6 to $12
fugu82: calls $6
*** SHOW DOWN ***
Airbag999: shows [7h 2h] (a flush, King high)
fugu82: mucks hand
Airbag999 collected $71.50 from pot
*** SUMMARY ***
Total pot $72 | Rake $0.50
Board [6h Ac 5h 4c Kh]
Seat 1: Airbag999 (button) (small blind) showed [7h 2h] and won ($71.50) with a flush, King high
Seat 3: fugu82 (big blind) mucked


PokerStars Hand #156926078470:  Hold'em Limit ($3/$6 USD) - 2016/08/06 4:18:45 ET
Table 'Apollo' 6-max Seat #3 is the button
Seat 1: Airbag999 ($136.50 in chips)
Seat 3: fugu82 ($47.02 in chips)
fugu82: posts small blind $1
Airbag999: posts big blind $3
*** HOLE CARDS ***
fugu82: folds
Uncalled bet ($2) returned to Airbag999
Airbag999 collected $2 from pot
Airbag999: doesn't show hand
*** SUMMARY ***
Total pot $2 | Rake $0
Seat 1: Airbag999 (big blind) collected ($2)
Seat 3: fugu82 (button) (small blind) folded before Flop


PokerStars Hand #156926073513:  Hold'em Limit ($3/$6 USD) - 2016/08/06 4:18:29 ET
Table 'Apollo' 6-max Seat #1 is the button
Seat 1: Airbag999 ($145.50 in chips)
Seat 3: fugu82 ($33.52 in chips)
Airbag999: posts small blind $1
fugu82: posts big blind $3
*** HOLE CARDS ***
Airbag999: raises $3 to $6
fugu82: raises $3 to $9
Airbag999: calls $3
*** FLOP *** [5d Qd Ah]
fugu82: bets $3
Airbag999: folds
Uncalled bet ($3) returned to fugu82
fugu82 collected $17.64 from pot
*** SUMMARY ***
Total pot $18 | Rake $0.36
Board [5d Qd Ah]
Seat 1: Airbag999 (button) (small blind) folded on the Flop
Seat 3: fugu82 (big blind) collected ($17.64)


PokerStars Hand #156926071822:  Hold'em Limit ($3/$6 USD) - 2016/08/06 4:18:24 ET
Table 'Apollo' 6-max Seat #3 is the button
Seat 1: Airbag999 ($144.50 in chips)
Seat 3: fugu82 ($34.52 in chips)
fugu82: posts small blind $1
Airbag999: posts big blind $3
*** HOLE CARDS ***
fugu82: folds
Uncalled bet ($2) returned to Airbag999
Airbag999 collected $2 from pot
Airbag999: doesn't show hand
*** SUMMARY ***
Total pot $2 | Rake $0
Seat 1: Airbag999 (big blind) collected ($2)
Seat 3: fugu82 (button) (small blind) folded before Flop


PokerStars Hand #156926066313:  Hold'em Limit ($3/$6 USD) - 2016/08/06 4:18:06 ET
Table 'Apollo' 6-max Seat #1 is the button
Seat 1: Airbag999 ($156.50 in chips)
Seat 3: fugu82 ($23 in chips)
Airbag999: posts small blind $1
fugu82: posts big blind $3
*** HOLE CARDS ***
Airbag999: raises $3 to $6
fugu82: calls $3
*** FLOP *** [7s 9d 8d]
Agrotait leaves the table
fugu82: checks
Airbag999: checks
*** TURN *** [7s 9d 8d] [3d]
fugu82: bets $6
Airbag999: calls $6
*** RIVER *** [7s 9d 8d 3d] [8c]
fugu82: bets $6
Airbag999: folds
Uncalled bet ($6) returned to fugu82
fugu82 collected $23.52 from pot
*** SUMMARY ***
Total pot $24 | Rake $0.48
Board [7s 9d 8d 3d 8c]
Seat 1: Airbag999 (button) (small blind) folded on the River
Seat 3: fugu82 (big blind) collected ($23.52)


PokerStars Hand #156926080025:  Hold'em Limit ($3/$6 USD) - 2016/08/06 4:18:50 ET
Table 'Apollo' 6-max Seat #1 is the button
Seat 1: Airbag999 ($137.50 in chips)
Seat 3: fugu82 ($46.02 in chips)
Airbag999: posts small blind $1
fugu82: posts big blind $3
*** HOLE CARDS ***
Airbag999: raises $3 to $6
fugu82: calls $3
*** FLOP *** [3s 3c 7c]
fugu82: checks
Airbag999: bets $3
fugu82: calls $3
*** TURN *** [3s 3c 7c] [2c]
fugu82: checks
Airbag999: bets $6
fugu82: calls $6
*** RIVER *** [3s 3c 7c 2c] [3d]
fugu82: bets $6
Airbag999: folds
Uncalled bet ($6) returned to fugu82
fugu82 collected $29.50 from pot
*** SUMMARY ***
Total pot $30 | Rake $0.50
Board [3s 3c 7c 2c 3d]
Seat 1: Airbag999 (button) (small blind) folded on the River
Seat 3: fugu82 (big blind) collected ($29.50)


PokerStars Hand #156926096311:  Hold'em Limit ($3/$6 USD) - 2016/08/06 4:19:42 ET
Table 'Apollo' 6-max Seat #1 is the button
Seat 1: Airbag999 ($137 in chips)
Seat 3: fugu82 ($45.52 in chips)
Airbag999: posts small blind $1
fugu82: posts big blind $3
*** HOLE CARDS ***
Airbag999: raises $3 to $6
fugu82: calls $3
*** FLOP *** [Kh 9c Qh]
fugu82: checks
Airbag999: bets $3
fugu82: folds
Uncalled bet ($3) returned to Airbag999
kolaz03 joins the table at seat #4
Airbag999 collected $11.76 from pot
Airbag999: doesn't show hand
*** SUMMARY ***
Total pot $12 | Rake $0.24
Board [Kh 9c Qh]
Seat 1: Airbag999 (button) (small blind) collected ($11.76)
Seat 3: fugu82 (big blind) folded on the Flop


PokerStars Hand #156926088669:  Hold'em Limit ($3/$6 USD) - 2016/08/06 4:19:18 ET
Table 'Apollo' 6-max Seat #3 is the button
Seat 1: Airbag999 ($122.50 in chips)
Seat 3: fugu82 ($60.52 in chips)
fugu82: posts small blind $1
Airbag999: posts big blind $3
*** HOLE CARDS ***
fugu82: raises $3 to $6
Airbag999: calls $3
*** FLOP *** [3s Ac Qc]
Airbag999: checks
fugu82: bets $3
Airbag999: calls $3
*** TURN *** [3s Ac Qc] [Tc]
Airbag999: checks
fugu82: checks
*** RIVER *** [3s Ac Qc Tc] [As]
Airbag999: bets $6
fugu82: calls $6
*** SHOW DOWN ***
Airbag999: shows [Qs 5h] (two pair, Aces and Queens)
fugu82: mucks hand
Airbag999 collected $29.50 from pot
*** SUMMARY ***
Total pot $30 | Rake $0.50
Board [3s Ac Qc Tc As]
Seat 1: Airbag999 (big blind) showed [Qs 5h] and won ($29.50) with two pair, Aces and Queens
Seat 3: fugu82 (button) (small blind) mucked


PokerStars Hand #156927199169:  Hold'em Limit ($3/$6 USD) - 2016/08/06 5:14:51 ET
Table 'Apollo' 6-max Seat #3 is the button
Seat 3: fugu82 ($213.91 in chips)
Seat 4: kolaz03 ($72 in chips)
fugu82: posts small blind $1
kolaz03: posts big blind $3
*** HOLE CARDS ***
fugu82: folds
Uncalled bet ($2) returned to kolaz03
kolaz03 collected $2 from pot
kolaz03: doesn't show hand
*** SUMMARY ***
Total pot $2 | Rake $0
Seat 3: fugu82 (button) (small blind) folded before Flop
Seat 4: kolaz03 (big blind) collected ($2)


PokerStars Hand #156927197011:  Hold'em Limit ($3/$6 USD) - 2016/08/06 5:14:45 ET
Table 'Apollo' 6-max Seat #4 is the button
Seat 3: fugu82 ($212.91 in chips)
Seat 4: kolaz03 ($72 in chips)
kolaz03: posts small blind $1
fugu82: posts big blind $3
*** HOLE CARDS ***
kolaz03: folds
Uncalled bet ($2) returned to fugu82
fugu82 collected $2 from pot
*** SUMMARY ***
Total pot $2 | Rake $0
Seat 3: fugu82 (big blind) collected ($2)
Seat 4: kolaz03 (button) (small blind) folded before Flop


PokerStars Hand #156928473271:  Hold'em Limit ($3/$6 USD) - 2016/08/06 6:11:35 ET
Table 'Apollo' 6-max Seat #5 is the button
Seat 3: fugu82 ($439.82 in chips)
Seat 5: Airbag999 ($127.76 in chips)
Airbag999: posts small blind $1
tufing: is sitting out
tufing leaves the table
fugu82: posts big blind $3
*** HOLE CARDS ***
Airbag999: raises $3 to $6
fugu82: calls $3
*** FLOP *** [Qs 6d 9d]
fugu82: checks
Airbag999: bets $3
fugu82: folds
Uncalled bet ($3) returned to Airbag999
Airbag999 collected $11.76 from pot
Airbag999: doesn't show hand
*** SUMMARY ***
Total pot $12 | Rake $0.24
Board [Qs 6d 9d]
Seat 3: fugu82 (big blind) folded on the Flop
Seat 5: Airbag999 (button) (small blind) collected ($11.76)


PokerStars Hand #156928479280:  Hold'em Limit ($3/$6 USD) - 2016/08/06 6:11:50 ET
Table 'Apollo' 6-max Seat #3 is the button
Seat 3: fugu82 ($433.82 in chips)
Seat 5: Airbag999 ($133.52 in chips)
fugu82: posts small blind $1
Airbag999: posts big blind $3
*** HOLE CARDS ***
fugu82: raises $3 to $6
Airbag999: calls $3
*** FLOP *** [9h 3d 7d]
Airbag999: checks
fugu82: bets $3
Airbag999: raises $3 to $6
fugu82: raises $3 to $9
Airbag999: calls $3
*** TURN *** [9h 3d 7d] [Qh]
Airbag999: checks
fugu82: bets $6
Airbag999: calls $6
*** RIVER *** [9h 3d 7d Qh] [3s]
Airbag999: checks
fugu82: bets $6
Airbag999: calls $6
*** SHOW DOWN ***
fugu82: shows [6d Td] (a pair of Threes)
Airbag999: shows [8d 7s] (two pair, Sevens and Threes)
Airbag999 collected $53.50 from pot
*** SUMMARY ***
Total pot $54 | Rake $0.50
Board [9h 3d 7d Qh 3s]
Seat 3: fugu82 (button) (small blind) showed [6d Td] and lost with a pair of Threes
Seat 5: Airbag999 (big blind) showed [8d 7s] and won ($53.50) with two pair, Sevens and Threes


PokerStars Hand #156928499131:  Hold'em Limit ($3/$6 USD) - 2016/08/06 6:12:41 ET
Table 'Apollo' 6-max Seat #3 is the button
Seat 3: fugu82 ($397.82 in chips)
Seat 5: Airbag999 ($168.66 in chips)
fugu82: posts small blind $1
Airbag999: posts big blind $3
*** HOLE CARDS ***
fugu82: folds
Uncalled bet ($2) returned to Airbag999
Airbag999 collected $2 from pot
Airbag999: doesn't show hand
*** SUMMARY ***
Total pot $2 | Rake $0
Seat 3: fugu82 (button) (small blind) folded before Flop
Seat 5: Airbag999 (big blind) collected ($2)


PokerStars Hand #156928491037:  Hold'em Limit ($3/$6 USD) - 2016/08/06 6:12:20 ET
Table 'Apollo' 6-max Seat #5 is the button
Seat 3: fugu82 ($406.82 in chips)
Seat 5: Airbag999 ($160.02 in chips)
Airbag999: posts small blind $1
fugu82: posts big blind $3
*** HOLE CARDS ***
Airbag999: raises $3 to $6
fugu82: calls $3
*** FLOP *** [4s 9s 7c]
fugu82: checks
Airbag999: bets $3
fugu82: calls $3
*** TURN *** [4s 9s 7c] [2h]
fugu82: checks
Airbag999: bets $6
fugu82: folds
Uncalled bet ($6) returned to Airbag999
Airbag999 collected $17.64 from pot
Airbag999: doesn't show hand
*** SUMMARY ***
Total pot $18 | Rake $0.36
Board [4s 9s 7c 2h]
Seat 3: fugu82 (big blind) folded on the Turn
Seat 5: Airbag999 (button) (small blind) collected ($17.64)


PokerStars Hand #156928501258:  Hold'em Limit ($3/$6 USD) - 2016/08/06 6:12:46 ET
Table 'Apollo' 6-max Seat #5 is the button
Seat 3: fugu82 ($396.82 in chips)
Seat 5: Airbag999 ($169.66 in chips)
Airbag999: posts small blind $1
fugu82: posts big blind $3
*** HOLE CARDS ***
Airbag999: raises $3 to $6
fugu82: calls $3
*** FLOP *** [Qd 5d 8c]
fugu82: checks
Airbag999: bets $3
fugu82: raises $3 to $6
Airbag999: calls $3
*** TURN *** [Qd 5d 8c] [Qs]
fugu82: bets $6
Airbag999: calls $6
*** RIVER *** [Qd 5d 8c Qs] [6s]
fugu82: bets $6
Airbag999: calls $6
*** SHOW DOWN ***
fugu82: shows [9d Js] (a pair of Queens)
Airbag999: shows [Kc 3d] (a pair of Queens - King kicker)
Airbag999 collected $47.50 from pot
*** SUMMARY ***
Total pot $48 | Rake $0.50
Board [Qd 5d 8c Qs 6s]
Seat 3: fugu82 (big blind) showed [9d Js] and lost with a pair of Queens
Seat 5: Airbag999 (button) (small blind) showed [Kc 3d] and won ($47.50) with a pair of Queens


PokerStars Hand #156928513789:  Hold'em Limit ($3/$6 USD) - 2016/08/06 6:13:18 ET
Table 'Apollo' 6-max Seat #5 is the button
Seat 3: fugu82 ($375.82 in chips)
Seat 5: Airbag999 ($190.16 in chips)
_fayzulllo_ joins the table at seat #1
Airbag999: posts small blind $1
fugu82: posts big blind $3
*** HOLE CARDS ***
Airbag999: folds
Uncalled bet ($2) returned to fugu82
fugu82 collected $2 from pot
*** SUMMARY ***
Total pot $2 | Rake $0
Seat 3: fugu82 (big blind) collected ($2)
Seat 5: Airbag999 (button) (small blind) folded before Flop


PokerStars Hand #156928510661:  Hold'em Limit ($3/$6 USD) - 2016/08/06 6:13:10 ET
Table 'Apollo' 6-max Seat #3 is the button
Seat 3: fugu82 ($372.82 in chips)
Seat 5: Airbag999 ($193.16 in chips)
fugu82: posts small blind $1
Airbag999: posts big blind $3
*** HOLE CARDS ***
fugu82: raises $3 to $6
Airbag999: folds
Uncalled bet ($3) returned to fugu82
fugu82 collected $6 from pot
*** SUMMARY ***
Total pot $6 | Rake $0
Seat 3: fugu82 (button) (small blind) collected ($6)
Seat 5: Airbag999 (big blind) folded before Flop


PokerStars Hand #156928516564:  Hold'em Limit ($3/$6 USD) - 2016/08/06 6:13:25 ET
Table 'Apollo' 6-max Seat #3 is the button
Seat 3: fugu82 ($376.82 in chips)
Seat 5: Airbag999 ($189.16 in chips)
fugu82: posts small blind $1
Airbag999: posts big blind $3
*** HOLE CARDS ***
fugu82: folds
Uncalled bet ($2) returned to Airbag999
Airbag999 collected $2 from pot
Airbag999: doesn't show hand
*** SUMMARY ***
Total pot $2 | Rake $0
Seat 3: fugu82 (button) (small blind) folded before Flop
Seat 5: Airbag999 (big blind) collected ($2)


PokerStars Hand #156929584522:  Hold'em Limit ($3/$6 USD) - 2016/08/06 6:56:59 ET
Table 'Apollo' 6-max Seat #6 is the button
Seat 1: _fayzulllo_ ($61.91 in chips)
Seat 6: VolkovDmitri ($146.47 in chips)
VolkovDmitri: posts small blind $1
_fayzulllo_: posts big blind $3
*** HOLE CARDS ***
VolkovDmitri: raises $3 to $6
_fayzulllo_: calls $3
*** FLOP *** [9c 4d Qh]
_fayzulllo_: checks
VolkovDmitri: bets $3
_fayzulllo_: calls $3
*** TURN *** [9c 4d Qh] [7h]
_fayzulllo_: checks
VolkovDmitri: checks
*** RIVER *** [9c 4d Qh 7h] [5d]
_fayzulllo_: bets $6
VolkovDmitri: calls $6
*** SHOW DOWN ***
_fayzulllo_: shows [Ah 5s] (a pair of Fives)
VolkovDmitri: mucks hand
_fayzulllo_ collected $29.50 from pot
*** SUMMARY ***
Total pot $30 | Rake $0.50
Board [9c 4d Qh 7h 5d]
Seat 1: _fayzulllo_ (big blind) showed [Ah 5s] and won ($29.50) with a pair of Fives
Seat 6: VolkovDmitri (button) (small blind) mucked


PokerStars Hand #156929650769:  Hold'em Limit ($3/$6 USD) - 2016/08/06 6:59:54 ET
Table 'Apollo' 6-max Seat #3 is the button
Seat 1: _fayzulllo_ ($62.41 in chips)
Seat 3: fugu82 ($486.34 in chips)
fugu82: posts small blind $1
Airbag999 was removed from the table for failing to post
_fayzulllo_: posts big blind $3
*** HOLE CARDS ***
fugu82: folds
Uncalled bet ($2) returned to _fayzulllo_
_fayzulllo_ collected $2 from pot
*** SUMMARY ***
Total pot $2 | Rake $0
Seat 1: _fayzulllo_ (big blind) collected ($2)
Seat 3: fugu82 (button) (small blind) folded before Flop


PokerStars Hand #156929648238:  Hold'em Limit ($3/$6 USD) - 2016/08/06 6:59:48 ET
Table 'Apollo' 6-max Seat #1 is the button
Seat 1: _fayzulllo_ ($63.41 in chips)
Seat 3: fugu82 ($485.34 in chips)
_fayzulllo_: posts small blind $1
fugu82: posts big blind $3
*** HOLE CARDS ***
_fayzulllo_: folds
Uncalled bet ($2) returned to fugu82
fugu82 collected $2 from pot
*** SUMMARY ***
Total pot $2 | Rake $0
Seat 1: _fayzulllo_ (button) (small blind) folded before Flop
Seat 3: fugu82 (big blind) collected ($2)


PokerStars Hand #156929652929:  Hold'em Limit ($3/$6 USD) - 2016/08/06 7:00:00 ET
Table 'Apollo' 6-max Seat #1 is the button
Seat 1: _fayzulllo_ ($63.41 in chips)
Seat 3: fugu82 ($485.34 in chips)
_fayzulllo_: posts small blind $1
fugu82: posts big blind $3
*** HOLE CARDS ***
_fayzulllo_: calls $2
fugu82: checks
*** FLOP *** [3s 9c 8d]
fugu82: bets $3
_fayzulllo_: calls $3
*** TURN *** [3s 9c 8d] [4h]
fugu82: bets $6
_fayzulllo_: calls $6
*** RIVER *** [3s 9c 8d 4h] [8s]
fugu82: bets $6
_fayzulllo_: calls $6
*** SHOW DOWN ***
fugu82: shows [9s 5c] (two pair, Nines and Eights)
_fayzulllo_: mucks hand
fugu82 collected $35.50 from pot
*** SUMMARY ***
Total pot $36 | Rake $0.50
Board [3s 9c 8d 4h 8s]
Seat 1: _fayzulllo_ (button) (small blind) mucked
Seat 3: fugu82 (big blind) showed [9s 5c] and won ($35.50) with two pair, Nines and Eights


PokerStars Hand #156929662939:  Hold'em Limit ($3/$6 USD) - 2016/08/06 7:00:26 ET
Table 'Apollo' 6-max Seat #1 is the button
Seat 1: _fayzulllo_ ($42.41 in chips)
Seat 3: fugu82 ($505.84 in chips)
_fayzulllo_: posts small blind $1
fugu82: posts big blind $3
*** HOLE CARDS ***
_fayzulllo_: folds
Uncalled bet ($2) returned to fugu82
fugu82 collected $2 from pot
*** SUMMARY ***
Total pot $2 | Rake $0
Seat 1: _fayzulllo_ (button) (small blind) folded before Flop
Seat 3: fugu82 (big blind) collected ($2)


PokerStars Hand #156929660629:  Hold'em Limit ($3/$6 USD) - 2016/08/06 7:00:20 ET
Table 'Apollo' 6-max Seat #3 is the button
Seat 1: _fayzulllo_ ($45.41 in chips)
Seat 3: fugu82 ($502.84 in chips)
fugu82: posts small blind $1
_fayzulllo_: posts big blind $3
*** HOLE CARDS ***
fugu82: raises $3 to $6
_fayzulllo_: folds
Uncalled bet ($3) returned to fugu82
fugu82 collected $6 from pot
*** SUMMARY ***
Total pot $6 | Rake $0
Seat 1: _fayzulllo_ (big blind) folded before Flop
Seat 3: fugu82 (button) (small blind) collected ($6)


PokerStars Hand #156929676741:  Hold'em Limit ($3/$6 USD) - 2016/08/06 7:01:01 ET
Table 'Apollo' 6-max Seat #1 is the button
Seat 1: _fayzulllo_ ($61.91 in chips)
Seat 3: fugu82 ($485.84 in chips)
_fayzulllo_: posts small blind $1
fugu82: posts big blind $3
*** HOLE CARDS ***
_fayzulllo_: folds
Uncalled bet ($2) returned to fugu82
fugu82 collected $2 from pot
*** SUMMARY ***
Total pot $2 | Rake $0
Seat 1: _fayzulllo_ (button) (small blind) folded before Flop
Seat 3: fugu82 (big blind) collected ($2)


PokerStars Hand #156929664735:  Hold'em Limit ($3/$6 USD) - 2016/08/06 7:00:31 ET
Table 'Apollo' 6-max Seat #3 is the button
Seat 1: _fayzulllo_ ($41.41 in chips)
Seat 3: fugu82 ($506.84 in chips)
fugu82: posts small blind $1
_fayzulllo_: posts big blind $3
*** HOLE CARDS ***
fugu82: raises $3 to $6
_fayzulllo_: calls $3
*** FLOP *** [5h 5s 8h]
_fayzulllo_: bets $3
fugu82: calls $3
*** TURN *** [5h 5s 8h] [6d]
_fayzulllo_: bets $6
fugu82: calls $6
*** RIVER *** [5h 5s 8h 6d] [Td]
_fayzulllo_: bets $6
fugu82: calls $6
*** SHOW DOWN ***
_fayzulllo_: shows [8d Qh] (two pair, Eights and Fives)
fugu82: mucks hand
_fayzulllo_ collected $41.50 from pot
*** SUMMARY ***
Total pot $42 | Rake $0.50
Board [5h 5s 8h 6d Td]
Seat 1: _fayzulllo_ (big blind) showed [8d Qh] and won ($41.50) with two pair, Eights and Fives
Seat 3: fugu82 (button) (small blind) mucked


PokerStars Hand #156929681050:  Hold'em Limit ($3/$6 USD) - 2016/08/06 7:01:11 ET
Table 'Apollo' 6-max Seat #3 is the button
Seat 1: _fayzulllo_ ($60.91 in chips)
Seat 3: fugu82 ($486.84 in chips)
fugu82: posts small blind $1
_fayzulllo_: posts big blind $3
*** HOLE CARDS ***
fugu82: folds
Uncalled bet ($2) returned to _fayzulllo_
_fayzulllo_ collected $2 from pot
*** SUMMARY ***
Total pot $2 | Rake $0
Seat 1: _fayzulllo_ (big blind) collected ($2)
Seat 3: fugu82 (button) (small blind) folded before Flop


PokerStars Hand #156929683255:  Hold'em Limit ($3/$6 USD) - 2016/08/06 7:01:16 ET
Table 'Apollo' 6-max Seat #1 is the button
Seat 1: _fayzulllo_ ($61.91 in chips)
Seat 3: fugu82 ($485.84 in chips)
_fayzulllo_: posts small blind $1
fugu82: posts big blind $3
*** HOLE CARDS ***
_fayzulllo_: raises $3 to $6
TbIP-TbIP 88 joins the table at seat #2
fugu82: calls $3
*** FLOP *** [4s Qs Ah]
fugu82: checks
_fayzulllo_: bets $3
fugu82: raises $3 to $6
_fayzulllo_: calls $3
*** TURN *** [4s Qs Ah] [Jh]
fugu82: bets $6
_fayzulllo_: calls $6
*** RIVER *** [4s Qs Ah Jh] [Jd]
fugu82: bets $6
_fayzulllo_: raises $6 to $12
fugu82: calls $6
*** SHOW DOWN ***
_fayzulllo_: shows [Jc Tc] (three of a kind, Jacks)
fugu82: shows [4h Ad] (two pair, Aces and Jacks)
_fayzulllo_ collected $59.50 from pot
*** SUMMARY ***
Total pot $60 | Rake $0.50
Board [4s Qs Ah Jh Jd]
Seat 1: _fayzulllo_ (button) (small blind) showed [Jc Tc] and won ($59.50) with three of a kind, Jacks
Seat 3: fugu82 (big blind) showed [4h Ad] and lost with two pair, Aces and Jacks


PokerStars Hand #156929692182:  Hold'em Limit ($3/$6 USD) - 2016/08/06 7:01:38 ET
Table 'Apollo' 6-max Seat #3 is the button
Seat 1: _fayzulllo_ ($91.41 in chips)
Seat 3: fugu82 ($455.84 in chips)
fugu82: posts small blind $1
_fayzulllo_: posts big blind $3
*** HOLE CARDS ***
fugu82: raises $3 to $6
_fayzulllo_: raises $3 to $9
fugu82: calls $3
*** FLOP *** [5h Jc 5d]
_fayzulllo_: bets $3
fugu82: raises $3 to $6
_fayzulllo_: calls $3
*** TURN *** [5h Jc 5d] [4c]
_fayzulllo_: bets $6
fugu82: calls $6
*** RIVER *** [5h Jc 5d 4c] [Qd]
_fayzulllo_: bets $6
fugu82: calls $6
*** SHOW DOWN ***
_fayzulllo_: shows [Kd Jh] (two pair, Jacks and Fives)
fugu82: shows [Js 6d] (two pair, Jacks and Fives - lower kicker)
_fayzulllo_ collected $53.50 from pot
*** SUMMARY ***
Total pot $54 | Rake $0.50
Board [5h Jc 5d 4c Qd]
Seat 1: _fayzulllo_ (big blind) showed [Kd Jh] and won ($53.50) with two pair, Jacks and Fives
Seat 3: fugu82 (button) (small blind) showed [Js 6d] and lost with two pair, Jacks and Fives


PokerStars Hand #156932230531:  Hold'em Limit ($3/$6 USD) - 2016/08/06 8:34:46 ET
Table 'Apollo' 6-max Seat #5 is the button
Seat 4: Hannibal2211 ($88.01 in chips)
Seat 5: Murrrr_@T ($333.62 in chips)
Murrrr_@T: posts small blind $1
Hannibal2211: posts big blind $3
*** HOLE CARDS ***
Murrrr_@T: raises $3 to $6
Hannibal2211: folds
Uncalled bet ($3) returned to Murrrr_@T
Murrrr_@T collected $6 from pot
Murrrr_@T: doesn't show hand
*** SUMMARY ***
Total pot $6 | Rake $0
Seat 4: Hannibal2211 (big blind) folded before Flop
Seat 5: Murrrr_@T (button) (small blind) collected ($6)


