PokerStars Hand #144744060420:  Hold'em Limit ($3/$6 USD) - 2015/12/02 23:38:46 ET
Table 'Appella III' 6-max Seat #3 is the button
Seat 3: scorpio04 ($91.55 in chips)
Seat 6: DirtyDouble2 ($84.24 in chips)
scorpio04: posts small blind $1
DirtyDouble2: posts big blind $3
*** HOLE CARDS ***
scorpio04: folds
Uncalled bet ($2) returned to DirtyDouble2
DirtyDouble2 collected $2 from pot
*** SUMMARY ***
Total pot $2 | Rake $0
Seat 3: scorpio04 (button) (small blind) folded before Flop
Seat 6: DirtyDouble2 (big blind) collected ($2)


PokerStars Hand #144744062587:  Hold'em Limit ($3/$6 USD) - 2015/12/02 23:38:54 ET
Table 'Appella III' 6-max Seat #6 is the button
Seat 3: scorpio04 ($90.55 in chips)
Seat 6: DirtyDouble2 ($85.24 in chips)
DirtyDouble2: posts small blind $1
scorpio04: posts big blind $3
*** HOLE CARDS ***
DirtyDouble2: raises $3 to $6
scorpio04: calls $3
*** FLOP *** [4d Qc 7c]
scorpio04: checks
DirtyDouble2: bets $3
scorpio04: raises $3 to $6
DirtyDouble2: calls $3
*** TURN *** [4d Qc 7c] [9c]
scorpio04: bets $6
DirtyDouble2: calls $6
*** RIVER *** [4d Qc 7c 9c] [Jd]
scorpio04: bets $6
DirtyDouble2: calls $6
*** SHOW DOWN ***
scorpio04: shows [3c 5c] (a flush, Queen high)
DirtyDouble2: mucks hand
scorpio04 collected $47.50 from pot
*** SUMMARY ***
Total pot $48 | Rake $0.50
Board [4d Qc 7c 9c Jd]
Seat 3: scorpio04 (big blind) showed [3c 5c] and won ($47.50) with a flush, Queen high
Seat 6: DirtyDouble2 (button) (small blind) mucked


PokerStars Hand #144748332399:  Hold'em Limit ($3/$6 USD) - 2015/12/03 4:04:50 ET
Table 'Appella III' 6-max Seat #3 is the button
Seat 3: belik555 ($118.46 in chips)
Seat 6: eurooppa50 ($215.63 in chips)
superYan3 will be allowed to play after the button
belik555: posts small blind $1
eurooppa50: posts big blind $3
*** HOLE CARDS ***
belik555: folds
Uncalled bet ($2) returned to eurooppa50
eurooppa50 collected $2 from pot
eurooppa50: doesn't show hand
*** SUMMARY ***
Total pot $2 | Rake $0
Seat 3: belik555 (button) (small blind) folded before Flop
Seat 6: eurooppa50 (big blind) collected ($2)


