PokerStars Hand #153310932170:  Hold'em Limit ($3/$6 USD) - 2016/05/14 14:52:38 ET
Table 'Appella' 6-max Seat #4 is the button
Seat 3: Jordanovvv ($119 in chips)
Seat 4: BuzovaPro ($73 in chips)
BuzovaPro: posts small blind $1
Jordanovvv: posts big blind $3
*** HOLE CARDS ***
BuzovaPro: raises $3 to $6
Jordanovvv: calls $3
*** FLOP *** [Qc Qd 7s]
Jordanovvv: checks
BuzovaPro: bets $3
Jordanovvv: folds
Uncalled bet ($3) returned to BuzovaPro
BuzovaPro collected $11.76 from pot
BuzovaPro: doesn't show hand
*** SUMMARY ***
Total pot $12 | Rake $0.24
Board [Qc Qd 7s]
Seat 3: Jordanovvv (big blind) folded on the Flop
Seat 4: BuzovaPro (button) (small blind) collected ($11.76)


PokerStars Hand #153310993254:  Hold'em Limit ($3/$6 USD) - 2016/05/14 14:53:51 ET
Table 'Appella' 6-max Seat #4 is the button
Seat 3: Jordanovvv ($118.76 in chips)
Seat 4: BuzovaPro ($72.76 in chips)
BuzovaPro: posts small blind $1
Jordanovvv: posts big blind $3
*** HOLE CARDS ***
BuzovaPro: raises $3 to $6
Jordanovvv: folds
Uncalled bet ($3) returned to BuzovaPro
BuzovaPro collected $6 from pot
BuzovaPro: doesn't show hand
*** SUMMARY ***
Total pot $6 | Rake $0
Seat 3: Jordanovvv (big blind) folded before Flop
Seat 4: BuzovaPro (button) (small blind) collected ($6)


PokerStars Hand #153310966126:  Hold'em Limit ($3/$6 USD) - 2016/05/14 14:53:18 ET
Table 'Appella' 6-max Seat #3 is the button
Seat 3: Jordanovvv ($113 in chips)
Seat 4: BuzovaPro ($78.76 in chips)
Jordanovvv: posts small blind $1
BuzovaPro: posts big blind $3
*** HOLE CARDS ***
Jordanovvv: raises $3 to $6
BuzovaPro: calls $3
*** FLOP *** [Jd 3d Kc]
BuzovaPro: checks
Jordanovvv: checks
*** TURN *** [Jd 3d Kc] [As]
BuzovaPro: checks
Jordanovvv: bets $6
BuzovaPro: folds
Uncalled bet ($6) returned to Jordanovvv
Jordanovvv collected $11.76 from pot
Jordanovvv: doesn't show hand
*** SUMMARY ***
Total pot $12 | Rake $0.24
Board [Jd 3d Kc As]
Seat 3: Jordanovvv (button) (small blind) collected ($11.76)
Seat 4: BuzovaPro (big blind) folded on the Turn


PokerStars Hand #153310962167:  Hold'em Limit ($3/$6 USD) - 2016/05/14 14:53:14 ET
Table 'Appella' 6-max Seat #4 is the button
Seat 3: Jordanovvv ($112 in chips)
Seat 4: BuzovaPro ($79.76 in chips)
BuzovaPro: posts small blind $1
Jordanovvv: posts big blind $3
*** HOLE CARDS ***
BuzovaPro: folds
Uncalled bet ($2) returned to Jordanovvv
Jordanovvv collected $2 from pot
Jordanovvv: doesn't show hand
*** SUMMARY ***
Total pot $2 | Rake $0
Seat 3: Jordanovvv (big blind) collected ($2)
Seat 4: BuzovaPro (button) (small blind) folded before Flop


PokerStars Hand #153310957475:  Hold'em Limit ($3/$6 USD) - 2016/05/14 14:53:08 ET
Table 'Appella' 6-max Seat #3 is the button
Seat 3: Jordanovvv ($113 in chips)
Seat 4: BuzovaPro ($78.76 in chips)
Jordanovvv: posts small blind $1
BuzovaPro: posts big blind $3
*** HOLE CARDS ***
Jordanovvv: folds
Uncalled bet ($2) returned to BuzovaPro
BuzovaPro collected $2 from pot
BuzovaPro: doesn't show hand
*** SUMMARY ***
Total pot $2 | Rake $0
Seat 3: Jordanovvv (button) (small blind) folded before Flop
Seat 4: BuzovaPro (big blind) collected ($2)


PokerStars Hand #153311021354:  Hold'em Limit ($3/$6 USD) - 2016/05/14 14:54:25 ET
Table 'Appella' 6-max Seat #4 is the button
Seat 3: Jordanovvv ($103.76 in chips)
Seat 4: BuzovaPro ($87.28 in chips)
BuzovaPro: posts small blind $1
Jordanovvv: posts big blind $3
*** HOLE CARDS ***
BuzovaPro: raises $3 to $6
Jordanovvv: raises $3 to $9
BuzovaPro: calls $3
*** FLOP *** [7c 9c Qs]
Jordanovvv: bets $3
BuzovaPro: folds
Uncalled bet ($3) returned to Jordanovvv
Jordanovvv collected $17.64 from pot
Jordanovvv: doesn't show hand
*** SUMMARY ***
Total pot $18 | Rake $0.36
Board [7c 9c Qs]
Seat 3: Jordanovvv (big blind) collected ($17.64)
Seat 4: BuzovaPro (button) (small blind) folded on the Flop


PokerStars Hand #153310997623:  Hold'em Limit ($3/$6 USD) - 2016/05/14 14:53:56 ET
Table 'Appella' 6-max Seat #3 is the button
Seat 3: Jordanovvv ($115.76 in chips)
Seat 4: BuzovaPro ($75.76 in chips)
Jordanovvv: posts small blind $1
BuzovaPro: posts big blind $3
*** HOLE CARDS ***
Jordanovvv: raises $3 to $6
BuzovaPro: calls $3
*** FLOP *** [Qh Jc Tc]
BuzovaPro: checks
Jordanovvv: checks
*** TURN *** [Qh Jc Tc] [Td]
BuzovaPro: checks
Jordanovvv: bets $6
BuzovaPro: raises $6 to $12
Jordanovvv: folds
Uncalled bet ($6) returned to BuzovaPro
BuzovaPro collected $23.52 from pot
BuzovaPro: doesn't show hand
*** SUMMARY ***
Total pot $24 | Rake $0.48
Board [Qh Jc Tc Td]
Seat 3: Jordanovvv (button) (small blind) folded on the Turn
Seat 4: BuzovaPro (big blind) collected ($23.52)


PokerStars Hand #153311076194:  Hold'em Limit ($3/$6 USD) - 2016/05/14 14:55:42 ET
Table 'Appella' 6-max Seat #3 is the button
Seat 3: Jordanovvv ($372.75 in chips)
Seat 4: BuzovaPro ($113.60 in chips)
Jordanovvv: posts small blind $1
BuzovaPro: posts big blind $3
*** HOLE CARDS ***
Jordanovvv: calls $2
Jordanovvv said, "lol"
BuzovaPro: checks
*** FLOP *** [Ah 8s Jd]
BuzovaPro: checks
Jordanovvv: checks
*** TURN *** [Ah 8s Jd] [2c]
BuzovaPro: checks
Jordanovvv: checks
*** RIVER *** [Ah 8s Jd 2c] [Ks]
BuzovaPro: checks
Jordanovvv: checks
*** SHOW DOWN ***
BuzovaPro: shows [3d Qs] (high card Ace)
Jordanovvv: mucks hand
BuzovaPro collected $5.88 from pot
*** SUMMARY ***
Total pot $6 | Rake $0.12
Board [Ah 8s Jd 2c Ks]
Seat 3: Jordanovvv (button) (small blind) mucked
Seat 4: BuzovaPro (big blind) showed [3d Qs] and won ($5.88) with high card Ace


PokerStars Hand #153311062207:  Hold'em Limit ($3/$6 USD) - 2016/05/14 14:55:19 ET
Table 'Appella' 6-max Seat #4 is the button
Seat 3: Jordanovvv ($408.75 in chips)
Seat 4: BuzovaPro ($78.10 in chips)
BuzovaPro: posts small blind $1
Jordanovvv: posts big blind $3
*** HOLE CARDS ***
BuzovaPro: raises $3 to $6
Jordanovvv: raises $3 to $9
BuzovaPro: calls $3
*** FLOP *** [Kd 6d As]
Jordanovvv: bets $3
BuzovaPro: calls $3
*** TURN *** [Kd 6d As] [4s]
Jordanovvv: checks
BuzovaPro: bets $6
Jordanovvv: raises $6 to $12
BuzovaPro: raises $6 to $18
Jordanovvv: calls $6
*** RIVER *** [Kd 6d As 4s] [2s]
Jordanovvv: checks
BuzovaPro: bets $6
Jordanovvv: calls $6
*** SHOW DOWN ***
BuzovaPro: shows [Qs Ac] (a pair of Aces)
Jordanovvv: mucks hand
BuzovaPro collected $71.50 from pot
*** SUMMARY ***
Total pot $72 | Rake $0.50
Board [Kd 6d As 4s 2s]
Seat 3: Jordanovvv (big blind) mucked
Seat 4: BuzovaPro (button) (small blind) showed [Qs Ac] and won ($71.50) with a pair of Aces


PokerStars Hand #153311036725:  Hold'em Limit ($3/$6 USD) - 2016/05/14 14:54:43 ET
Table 'Appella' 6-max Seat #3 is the button
Seat 3: Jordanovvv ($408.93 in chips)
Seat 4: BuzovaPro ($78.28 in chips)
Jordanovvv: posts small blind $1
BuzovaPro: posts big blind $3
*** HOLE CARDS ***
Jordanovvv: raises $3 to $6
BuzovaPro: calls $3
*** FLOP *** [Kd 2d Th]
BuzovaPro: checks
Jordanovvv: bets $3
BuzovaPro: calls $3
*** TURN *** [Kd 2d Th] [5d]
BuzovaPro: checks
Jordanovvv: checks
*** RIVER *** [Kd 2d Th 5d] [Tc]
BuzovaPro: checks
Jordanovvv: checks
*** SHOW DOWN ***
BuzovaPro: shows [7d Ah] (a pair of Tens)
Jordanovvv: shows [7s Ac] (a pair of Tens)
BuzovaPro collected $8.82 from pot
Jordanovvv collected $8.82 from pot
*** SUMMARY ***
Total pot $18 | Rake $0.36
Board [Kd 2d Th 5d Tc]
Seat 3: Jordanovvv (button) (small blind) showed [7s Ac] and won ($8.82) with a pair of Tens
Seat 4: BuzovaPro (big blind) showed [7d Ah] and won ($8.82) with a pair of Tens


PokerStars Hand #153311223129:  Hold'em Limit ($3/$6 USD) - 2016/05/14 14:59:46 ET
Table 'Appella' 6-max Seat #4 is the button
Seat 3: rttattar ($63.22 in chips)
Seat 4: BuzovaPro ($109.48 in chips)
BuzovaPro: posts small blind $1
rttattar: posts big blind $3
*** HOLE CARDS ***
BuzovaPro: raises $3 to $6
rttattar: folds
Uncalled bet ($3) returned to BuzovaPro
BuzovaPro collected $6 from pot
BuzovaPro: doesn't show hand
*** SUMMARY ***
Total pot $6 | Rake $0
Seat 3: rttattar (big blind) folded before Flop
Seat 4: BuzovaPro (button) (small blind) collected ($6)


PokerStars Hand #153311229708:  Hold'em Limit ($3/$6 USD) - 2016/05/14 14:59:57 ET
Table 'Appella' 6-max Seat #3 is the button
Seat 3: rttattar ($60.22 in chips)
Seat 4: BuzovaPro ($112.48 in chips)
rttattar: posts small blind $1
BuzovaPro: posts big blind $3
*** HOLE CARDS ***
rttattar: folds
Uncalled bet ($2) returned to BuzovaPro
rttattar leaves the table
BuzovaPro collected $2 from pot
BuzovaPro: doesn't show hand
*** SUMMARY ***
Total pot $2 | Rake $0
Seat 3: rttattar (button) (small blind) folded before Flop
Seat 4: BuzovaPro (big blind) collected ($2)


PokerStars Hand #153311704688:  Hold'em Limit ($3/$6 USD) - 2016/05/14 15:09:07 ET
Table 'Appella' 6-max Seat #3 is the button
Seat 3: NSN777 ($32.16 in chips)
Seat 4: BuzovaPro ($109.98 in chips)
NSN777: posts small blind $1
BuzovaPro: posts big blind $3
*** HOLE CARDS ***
NSN777: folds
Uncalled bet ($2) returned to BuzovaPro
BuzovaPro collected $2 from pot
BuzovaPro: doesn't show hand
*** SUMMARY ***
Total pot $2 | Rake $0
Seat 3: NSN777 (button) (small blind) folded before Flop
Seat 4: BuzovaPro (big blind) collected ($2)


PokerStars Hand #153311695559:  Hold'em Limit ($3/$6 USD) - 2016/05/14 15:08:57 ET
Table 'Appella' 6-max Seat #4 is the button
Seat 3: NSN777 ($23.52 in chips)
Seat 4: BuzovaPro ($118.98 in chips)
BuzovaPro: posts small blind $1
NSN777: posts big blind $3
*** HOLE CARDS ***
BuzovaPro: raises $3 to $6
NSN777: raises $3 to $9
BuzovaPro: calls $3
*** FLOP *** [3s Kc As]
NSN777: bets $3
BuzovaPro: folds
Uncalled bet ($3) returned to NSN777
NSN777 collected $17.64 from pot
NSN777: doesn't show hand
*** SUMMARY ***
Total pot $18 | Rake $0.36
Board [3s Kc As]
Seat 3: NSN777 (big blind) collected ($17.64)
Seat 4: BuzovaPro (button) (small blind) folded on the Flop


PokerStars Hand #153311682295:  Hold'em Limit ($3/$6 USD) - 2016/05/14 15:08:42 ET
Table 'Appella' 6-max Seat #3 is the button
Seat 3: NSN777 ($12 in chips)
Seat 4: BuzovaPro ($130.98 in chips)
NSN777: posts small blind $1
BuzovaPro: posts big blind $3
*** HOLE CARDS ***
NSN777: raises $3 to $6
BuzovaPro: calls $3
*** FLOP *** [2s 8h 2h]
BuzovaPro: checks
NSN777: bets $3
BuzovaPro: raises $3 to $6
NSN777: calls $3 and is all-in
*** TURN *** [2s 8h 2h] [5h]
*** RIVER *** [2s 8h 2h 5h] [9h]
*** SHOW DOWN ***
BuzovaPro: shows [7s Qd] (a pair of Deuces)
NSN777: shows [3s Ks] (a pair of Deuces - King kicker)
NSN777 collected $23.52 from pot
*** SUMMARY ***
Total pot $24 | Rake $0.48
Board [2s 8h 2h 5h 9h]
Seat 3: NSN777 (button) (small blind) showed [3s Ks] and won ($23.52) with a pair of Deuces
Seat 4: BuzovaPro (big blind) showed [7s Qd] and lost with a pair of Deuces


PokerStars Hand #153311747147:  Hold'em Limit ($3/$6 USD) - 2016/05/14 15:09:54 ET
Table 'Appella' 6-max Seat #4 is the button
Seat 3: rttattar ($53.52 in chips)
Seat 4: BuzovaPro ($110.98 in chips)
BuzovaPro: posts small blind $1
rttattar: posts big blind $3
*** HOLE CARDS ***
BuzovaPro: raises $3 to $6
rttattar: folds
Uncalled bet ($3) returned to BuzovaPro
BuzovaPro collected $6 from pot
BuzovaPro: doesn't show hand
*** SUMMARY ***
Total pot $6 | Rake $0
Seat 3: rttattar (big blind) folded before Flop
Seat 4: BuzovaPro (button) (small blind) collected ($6)


PokerStars Hand #153311735804:  Hold'em Limit ($3/$6 USD) - 2016/05/14 15:09:42 ET
Table 'Appella' 6-max Seat #3 is the button
Seat 3: rttattar ($54.52 in chips)
Seat 4: BuzovaPro ($109.98 in chips)
rttattar: posts small blind $1
BuzovaPro: posts big blind $3
*** HOLE CARDS ***
rttattar: folds
Uncalled bet ($2) returned to BuzovaPro
BuzovaPro collected $2 from pot
BuzovaPro: doesn't show hand
*** SUMMARY ***
Total pot $2 | Rake $0
Seat 3: rttattar (button) (small blind) folded before Flop
Seat 4: BuzovaPro (big blind) collected ($2)


PokerStars Hand #153311708576:  Hold'em Limit ($3/$6 USD) - 2016/05/14 15:09:11 ET
Table 'Appella' 6-max Seat #4 is the button
Seat 3: NSN777 ($31.16 in chips)
Seat 4: BuzovaPro ($110.98 in chips)
BuzovaPro: posts small blind $1
NSN777: posts big blind $3
*** HOLE CARDS ***
BuzovaPro: folds
Uncalled bet ($2) returned to NSN777
NSN777 collected $2 from pot
NSN777: doesn't show hand
*** SUMMARY ***
Total pot $2 | Rake $0
Seat 3: NSN777 (big blind) collected ($2)
Seat 4: BuzovaPro (button) (small blind) folded before Flop


PokerStars Hand #153311779144:  Hold'em Limit ($3/$6 USD) - 2016/05/14 15:10:31 ET
Table 'Appella' 6-max Seat #4 is the button
Seat 3: rttattar ($65.02 in chips)
Seat 4: BuzovaPro ($98.98 in chips)
BuzovaPro: posts small blind $1
Kajind joins the table at seat #5
rttattar: posts big blind $3
*** HOLE CARDS ***
BuzovaPro: raises $3 to $6
rttattar: calls $3
*** FLOP *** [4d 3h 3s]
rttattar: checks
BuzovaPro: bets $3
rttattar: calls $3
*** TURN *** [4d 3h 3s] [Qc]
rttattar: checks
BuzovaPro: bets $6
rttattar: folds
Uncalled bet ($6) returned to BuzovaPro
rttattar leaves the table
BuzovaPro collected $17.64 from pot
BuzovaPro: doesn't show hand
*** SUMMARY ***
Total pot $18 | Rake $0.36
Board [4d 3h 3s Qc]
Seat 3: rttattar (big blind) folded on the Turn
Seat 4: BuzovaPro (button) (small blind) collected ($17.64)


PokerStars Hand #153311752987:  Hold'em Limit ($3/$6 USD) - 2016/05/14 15:10:01 ET
Table 'Appella' 6-max Seat #3 is the button
Seat 3: rttattar ($50.52 in chips)
Seat 4: BuzovaPro ($113.98 in chips)
rttattar: posts small blind $1
BuzovaPro: posts big blind $3
*** HOLE CARDS ***
rttattar: raises $3 to $6
BuzovaPro: calls $3
*** FLOP *** [5s Ad 7h]
BuzovaPro: checks
rttattar: bets $3
BuzovaPro: calls $3
*** TURN *** [5s Ad 7h] [3d]
BuzovaPro: checks
rttattar: bets $6
BuzovaPro: calls $6
*** RIVER *** [5s Ad 7h 3d] [Ks]
BuzovaPro: checks
rttattar: checks
*** SHOW DOWN ***
BuzovaPro: shows [2h 2s] (a pair of Deuces)
rttattar: shows [Ac 8c] (a pair of Aces)
rttattar collected $29.50 from pot
*** SUMMARY ***
Total pot $30 | Rake $0.50
Board [5s Ad 7h 3d Ks]
Seat 3: rttattar (button) (small blind) showed [Ac 8c] and won ($29.50) with a pair of Aces
Seat 4: BuzovaPro (big blind) showed [2h 2s] and lost with a pair of Deuces


