PokerStars Hand #164525948082:  Hold'em Limit ($3/$6 USD) - 2017/01/13 16:48:00 ET
Table 'Appella II' 10-max Seat #7 is the button
Seat 1: asshair0815 ($134.50 in chips)
Seat 7: TinaTurner72 ($45 in chips)
TinaTurner72: posts small blind $1
asshair0815: posts big blind $3
*** HOLE CARDS ***
TinaTurner72: raises $3 to $6
asshair0815: raises $3 to $9
TinaTurner72: calls $3
*** FLOP *** [3d Ts 8c]
asshair0815: checks
TinaTurner72: checks
*** TURN *** [3d Ts 8c] [4d]
asshair0815: bets $6
TinaTurner72: calls $6
*** RIVER *** [3d Ts 8c 4d] [3h]
asshair0815: bets $6
TinaTurner72: calls $6
*** SHOW DOWN ***
asshair0815: shows [Kd Ad] (a pair of Threes)
TinaTurner72: shows [Js 4s] (two pair, Fours and Threes)
TinaTurner72 collected $41.50 from pot
*** SUMMARY ***
Total pot $42 | Rake $0.50
Board [3d Ts 8c 4d 3h]
Seat 1: asshair0815 (big blind) showed [Kd Ad] and lost with a pair of Threes
Seat 7: TinaTurner72 (button) (small blind) showed [Js 4s] and won ($41.50) with two pair, Fours and Threes


PokerStars Hand #164525886106:  Hold'em Limit ($3/$6 USD) - 2017/01/13 16:47:01 ET
Table 'Appella II' 10-max Seat #1 is the button
Seat 1: asshair0815 ($120 in chips)
Seat 7: TinaTurner72 ($60 in chips)
asshair0815: posts small blind $1
TinaTurner72: posts big blind $3
*** HOLE CARDS ***
asshair0815: raises $3 to $6
TinaTurner72: raises $3 to $9
asshair0815: calls $3
*** FLOP *** [4d Kd 3s]
TinaTurner72: bets $3
asshair0815: raises $3 to $6
TinaTurner72: calls $3
*** TURN *** [4d Kd 3s] [4h]
TinaTurner72: checks
asshair0815: bets $6
TinaTurner72: folds
Uncalled bet ($6) returned to asshair0815
asshair0815 collected $29.50 from pot
asshair0815: doesn't show hand
*** SUMMARY ***
Total pot $30 | Rake $0.50
Board [4d Kd 3s 4h]
Seat 1: asshair0815 (button) (small blind) collected ($29.50)
Seat 7: TinaTurner72 (big blind) folded on the Turn


PokerStars Hand #164526001049:  Hold'em Limit ($3/$6 USD) - 2017/01/13 16:48:49 ET
Table 'Appella II' 10-max Seat #7 is the button
Seat 1: asshair0815 ($112.50 in chips)
Seat 7: TinaTurner72 ($126.50 in chips)
TinaTurner72: posts small blind $1
asshair0815: posts big blind $3
*** HOLE CARDS ***
TinaTurner72: raises $3 to $6
asshair0815: calls $3
*** FLOP *** [7c 2c Jd]
asshair0815: checks
TinaTurner72: bets $3
asshair0815: calls $3
*** TURN *** [7c 2c Jd] [Js]
asshair0815: checks
TinaTurner72: bets $6
asshair0815: calls $6
*** RIVER *** [7c 2c Jd Js] [Kc]
asshair0815: checks
TinaTurner72: bets $6
asshair0815: calls $6
*** SHOW DOWN ***
TinaTurner72: shows [8d 4d] (a pair of Jacks)
asshair0815: shows [4s Kh] (two pair, Kings and Jacks)
kusznak joins the table at seat #6
asshair0815 collected $41.50 from pot
*** SUMMARY ***
Total pot $42 | Rake $0.50
Board [7c 2c Jd Js Kc]
Seat 1: asshair0815 (big blind) showed [4s Kh] and won ($41.50) with two pair, Kings and Jacks
Seat 7: TinaTurner72 (button) (small blind) showed [8d 4d] and lost with a pair of Jacks


PokerStars Hand #164525993118:  Hold'em Limit ($3/$6 USD) - 2017/01/13 16:48:42 ET
Table 'Appella II' 10-max Seat #1 is the button
Seat 1: asshair0815 ($113.50 in chips)
Seat 7: TinaTurner72 ($125.50 in chips)
asshair0815: posts small blind $1
TinaTurner72: posts big blind $3
*** HOLE CARDS ***
asshair0815: folds
Uncalled bet ($2) returned to TinaTurner72
TinaTurner72 collected $2 from pot
TinaTurner72: doesn't show hand
*** SUMMARY ***
Total pot $2 | Rake $0
Seat 1: asshair0815 (button) (small blind) folded before Flop
Seat 7: TinaTurner72 (big blind) collected ($2)


PokerStars Hand #164526562176:  Hold'em Limit ($3/$6 USD) - 2017/01/13 16:58:32 ET
Table 'Appella II' 10-max Seat #1 is the button
Seat 1: asshair0815 ($169.77 in chips)
Seat 6: kusznak ($112 in chips)
asshair0815: posts small blind $1
kusznak: posts big blind $3
*** HOLE CARDS ***
asshair0815: folds
Uncalled bet ($2) returned to kusznak
kusznak collected $2 from pot
kusznak: doesn't show hand
*** SUMMARY ***
Total pot $2 | Rake $0
Seat 1: asshair0815 (button) (small blind) folded before Flop
Seat 6: kusznak (big blind) collected ($2)


PokerStars Hand #164526570054:  Hold'em Limit ($3/$6 USD) - 2017/01/13 16:58:42 ET
Table 'Appella II' 10-max Seat #6 is the button
Seat 1: asshair0815 ($168.77 in chips)
Seat 6: kusznak ($113 in chips)
kusznak: posts small blind $1
asshair0815: posts big blind $3
*** HOLE CARDS ***
kusznak: raises $3 to $6
asshair0815: calls $3
*** FLOP *** [Jh 9h 4d]
asshair0815: checks
kusznak: checks
*** TURN *** [Jh 9h 4d] [Th]
asshair0815: checks
kusznak: bets $6
asshair0815: calls $6
*** RIVER *** [Jh 9h 4d Th] [Ac]
asshair0815: checks
kusznak: bets $6
asshair0815: folds
Uncalled bet ($6) returned to kusznak
kusznak collected $23.52 from pot
kusznak: doesn't show hand
*** SUMMARY ***
Total pot $24 | Rake $0.48
Board [Jh 9h 4d Th Ac]
Seat 1: asshair0815 (big blind) folded on the River
Seat 6: kusznak (button) (small blind) collected ($23.52)


PokerStars Hand #164531496263:  Hold'em Limit ($3/$6 USD) - 2017/01/13 18:28:36 ET
Table 'Appella II' 10-max Seat #8 is the button
Seat 6: juhraut ($125.76 in chips)
Seat 8: TinaTurner72 ($78 in chips)
TinaTurner72: posts small blind $1
juhraut: posts big blind $3
*** HOLE CARDS ***
TinaTurner72: raises $3 to $6
juhraut: folds
Uncalled bet ($3) returned to TinaTurner72
TinaTurner72 collected $6 from pot
TinaTurner72: doesn't show hand
*** SUMMARY ***
Total pot $6 | Rake $0
Seat 6: juhraut (big blind) folded before Flop
Seat 8: TinaTurner72 (button) (small blind) collected ($6)


PokerStars Hand #164531501673:  Hold'em Limit ($3/$6 USD) - 2017/01/13 18:28:42 ET
Table 'Appella II' 10-max Seat #6 is the button
Seat 6: juhraut ($122.76 in chips)
Seat 8: TinaTurner72 ($81 in chips)
juhraut: posts small blind $1
TinaTurner72: posts big blind $3
*** HOLE CARDS ***
juhraut: raises $3 to $6
TinaTurner72: raises $3 to $9
juhraut: calls $3
*** FLOP *** [2h 5h 8h]
TinaTurner72: bets $3
juhraut: calls $3
*** TURN *** [2h 5h 8h] [Qd]
TinaTurner72: bets $6
juhraut: calls $6
*** RIVER *** [2h 5h 8h Qd] [3c]
TinaTurner72: bets $6
juhraut: calls $6
*** SHOW DOWN ***
TinaTurner72: shows [Qh Kc] (a pair of Queens)
juhraut: mucks hand
TinaTurner72 collected $47.50 from pot
*** SUMMARY ***
Total pot $48 | Rake $0.50
Board [2h 5h 8h Qd 3c]
Seat 6: juhraut (button) (small blind) mucked
Seat 8: TinaTurner72 (big blind) showed [Qh Kc] and won ($47.50) with a pair of Queens


PokerStars Hand #164531520362:  Hold'em Limit ($3/$6 USD) - 2017/01/13 18:29:04 ET
Table 'Appella II' 10-max Seat #8 is the button
Seat 6: juhraut ($98.76 in chips)
Seat 8: TinaTurner72 ($104.50 in chips)
TinaTurner72: posts small blind $1
juhraut: posts big blind $3
*** HOLE CARDS ***
TinaTurner72: raises $3 to $6
juhraut: folds
Uncalled bet ($3) returned to TinaTurner72
TinaTurner72 collected $6 from pot
TinaTurner72: doesn't show hand
*** SUMMARY ***
Total pot $6 | Rake $0
Seat 6: juhraut (big blind) folded before Flop
Seat 8: TinaTurner72 (button) (small blind) collected ($6)


PokerStars Hand #164531526261:  Hold'em Limit ($3/$6 USD) - 2017/01/13 18:29:11 ET
Table 'Appella II' 10-max Seat #6 is the button
Seat 6: juhraut ($95.76 in chips)
Seat 8: TinaTurner72 ($107.50 in chips)
juhraut: posts small blind $1
TinaTurner72: posts big blind $3
*** HOLE CARDS ***
juhraut: raises $3 to $6
TinaTurner72: raises $3 to $9
juhraut: calls $3
*** FLOP *** [Th 3d 4h]
TinaTurner72: bets $3
Kikimor1220 joins the table at seat #9
juhraut: calls $3
*** TURN *** [Th 3d 4h] [3c]
TinaTurner72: bets $6
juhraut: folds
Uncalled bet ($6) returned to TinaTurner72
TinaTurner72 collected $23.52 from pot
TinaTurner72: doesn't show hand
*** SUMMARY ***
Total pot $24 | Rake $0.48
Board [Th 3d 4h 3c]
Seat 6: juhraut (button) (small blind) folded on the Turn
Seat 8: TinaTurner72 (big blind) collected ($23.52)


