PokerStars Hand #164533849199:  Hold'em Limit ($3/$6 USD) - 2017/01/13 19:18:43 ET
Table 'Appella II' 10-max Seat #5 is the button
Seat 5: Chessnok ($227.31 in chips)
Seat 9: Mischanny ($120 in chips)
Chessnok: posts small blind $1
Mischanny: posts big blind $3
*** HOLE CARDS ***
Chessnok: folds
Uncalled bet ($2) returned to Mischanny
Mischanny collected $2 from pot
Mischanny: doesn't show hand
*** SUMMARY ***
Total pot $2 | Rake $0
Seat 5: Chessnok (button) (small blind) folded before Flop
Seat 9: Mischanny (big blind) collected ($2)


PokerStars Hand #164533843928:  Hold'em Limit ($3/$6 USD) - 2017/01/13 19:18:36 ET
Table 'Appella II' 10-max Seat #7 is the button
Seat 5: Chessnok ($230.31 in chips)
Seat 7: aceduffy5 ($137.02 in chips)
aceduffy5: posts small blind $1
Chessnok: posts big blind $3
*** HOLE CARDS ***
aceduffy5: raises $3 to $6
Chessnok: folds
Uncalled bet ($3) returned to aceduffy5
aceduffy5 collected $6 from pot
aceduffy5: doesn't show hand
*** SUMMARY ***
Total pot $6 | Rake $0
Seat 5: Chessnok (big blind) folded before Flop
Seat 7: aceduffy5 (button) (small blind) collected ($6)


PokerStars Hand #164533874943:  Hold'em Limit ($3/$6 USD) - 2017/01/13 19:19:18 ET
Table 'Appella II' 10-max Seat #9 is the button
Seat 5: Chessnok ($219.31 in chips)
Seat 9: Mischanny ($127.76 in chips)
Mischanny: posts small blind $1
Chessnok: posts big blind $3
*** HOLE CARDS ***
Mischanny: raises $3 to $6
Chessnok: folds
Uncalled bet ($3) returned to Mischanny
Mischanny collected $6 from pot
Mischanny: doesn't show hand
*** SUMMARY ***
Total pot $6 | Rake $0
Seat 5: Chessnok (big blind) folded before Flop
Seat 9: Mischanny (button) (small blind) collected ($6)


PokerStars Hand #164533867425:  Hold'em Limit ($3/$6 USD) - 2017/01/13 19:19:08 ET
Table 'Appella II' 10-max Seat #5 is the button
Seat 5: Chessnok ($220.31 in chips)
Seat 9: Mischanny ($126.76 in chips)
Chessnok: posts small blind $1
Mischanny: posts big blind $3
*** HOLE CARDS ***
Chessnok: folds
Uncalled bet ($2) returned to Mischanny
Mischanny collected $2 from pot
Mischanny: doesn't show hand
*** SUMMARY ***
Total pot $2 | Rake $0
Seat 5: Chessnok (button) (small blind) folded before Flop
Seat 9: Mischanny (big blind) collected ($2)


PokerStars Hand #164533852548:  Hold'em Limit ($3/$6 USD) - 2017/01/13 19:18:48 ET
Table 'Appella II' 10-max Seat #9 is the button
Seat 5: Chessnok ($226.31 in chips)
Seat 9: Mischanny ($121 in chips)
Mischanny: posts small blind $1
Chessnok: posts big blind $3
*** HOLE CARDS ***
Mischanny: raises $3 to $6
Chessnok: calls $3
*** FLOP *** [Qd 7c Qs]
Chessnok: checks
Mischanny: bets $3
Chessnok: folds
Uncalled bet ($3) returned to Mischanny
Mischanny collected $11.76 from pot
Mischanny: doesn't show hand
*** SUMMARY ***
Total pot $12 | Rake $0.24
Board [Qd 7c Qs]
Seat 5: Chessnok (big blind) folded on the Flop
Seat 9: Mischanny (button) (small blind) collected ($11.76)


PokerStars Hand #164533882738:  Hold'em Limit ($3/$6 USD) - 2017/01/13 19:19:29 ET
Table 'Appella II' 10-max Seat #5 is the button
Seat 5: Chessnok ($216.31 in chips)
Seat 9: Mischanny ($130.76 in chips)
Chessnok: posts small blind $1
Mischanny: posts big blind $3
*** HOLE CARDS ***
Chessnok: calls $2
Mischanny: raises $3 to $6
Chessnok: calls $3
*** FLOP *** [2d 5s Ad]
Mischanny: bets $3
Chessnok: calls $3
*** TURN *** [2d 5s Ad] [2c]
Mischanny: bets $6
Chessnok: raises $6 to $12
Mischanny: calls $6
*** RIVER *** [2d 5s Ad 2c] [6h]
Mischanny: checks
Chessnok: bets $6
Mischanny: calls $6
*** SHOW DOWN ***
Chessnok: shows [Jd 2h] (three of a kind, Deuces)
Mischanny: mucks hand
Chessnok collected $53.50 from pot
*** SUMMARY ***
Total pot $54 | Rake $0.50
Board [2d 5s Ad 2c 6h]
Seat 5: Chessnok (button) (small blind) showed [Jd 2h] and won ($53.50) with three of a kind, Deuces
Seat 9: Mischanny (big blind) mucked


PokerStars Hand #164533954592:  Hold'em Limit ($3/$6 USD) - 2017/01/13 19:21:06 ET
Table 'Appella II' 10-max Seat #9 is the button
Seat 5: Chessnok ($245.57 in chips)
Seat 9: Mischanny ($100.76 in chips)
Mischanny: posts small blind $1
Chessnok: posts big blind $3
*** HOLE CARDS ***
Mischanny: raises $3 to $6
Chessnok: calls $3
*** FLOP *** [8c 5h Kh]
Chessnok: bets $3
Mischanny: calls $3
*** TURN *** [8c 5h Kh] [Qc]
Chessnok: bets $6
Mischanny: folds
Uncalled bet ($6) returned to Chessnok
Chessnok collected $17.64 from pot
Chessnok: doesn't show hand
*** SUMMARY ***
Total pot $18 | Rake $0.36
Board [8c 5h Kh Qc]
Seat 5: Chessnok (big blind) collected ($17.64)
Seat 9: Mischanny (button) (small blind) folded on the Turn


PokerStars Hand #164533931413:  Hold'em Limit ($3/$6 USD) - 2017/01/13 19:20:35 ET
Table 'Appella II' 10-max Seat #5 is the button
Seat 5: Chessnok ($239.81 in chips)
Seat 9: Mischanny ($106.76 in chips)
Chessnok: posts small blind $1
Mischanny: posts big blind $3
*** HOLE CARDS ***
Chessnok: raises $3 to $6
Mischanny: calls $3
*** FLOP *** [Js Jd 6h]
Mischanny: checks
Chessnok: bets $3
Mischanny: folds
Uncalled bet ($3) returned to Chessnok
Chessnok collected $11.76 from pot
Chessnok: doesn't show hand
*** SUMMARY ***
Total pot $12 | Rake $0.24
Board [Js Jd 6h]
Seat 5: Chessnok (button) (small blind) collected ($11.76)
Seat 9: Mischanny (big blind) folded on the Flop


PokerStars Hand #164533977768:  Hold'em Limit ($3/$6 USD) - 2017/01/13 19:21:37 ET
Table 'Appella II' 10-max Seat #9 is the button
Seat 5: Chessnok ($253.21 in chips)
Seat 9: Mischanny ($92.76 in chips)
kusznak joins the table at seat #10
Mischanny: posts small blind $1
Chessnok: posts big blind $3
*** HOLE CARDS ***
Mischanny: raises $3 to $6
Chessnok: folds
Uncalled bet ($3) returned to Mischanny
Mischanny collected $6 from pot
Mischanny: doesn't show hand
*** SUMMARY ***
Total pot $6 | Rake $0
Seat 5: Chessnok (big blind) folded before Flop
Seat 9: Mischanny (button) (small blind) collected ($6)


PokerStars Hand #164533974560:  Hold'em Limit ($3/$6 USD) - 2017/01/13 19:21:33 ET
Table 'Appella II' 10-max Seat #5 is the button
Seat 5: Chessnok ($254.21 in chips)
Seat 9: Mischanny ($91.76 in chips)
Chessnok: posts small blind $1
Mischanny: posts big blind $3
*** HOLE CARDS ***
Chessnok: folds
Uncalled bet ($2) returned to Mischanny
Mischanny collected $2 from pot
Mischanny: doesn't show hand
*** SUMMARY ***
Total pot $2 | Rake $0
Seat 5: Chessnok (button) (small blind) folded before Flop
Seat 9: Mischanny (big blind) collected ($2)


PokerStars Hand #164533986293:  Hold'em Limit ($3/$6 USD) - 2017/01/13 19:21:49 ET
Table 'Appella II' 10-max Seat #5 is the button
Seat 5: Chessnok ($250.21 in chips)
Seat 9: Mischanny ($95.76 in chips)
Chessnok: posts small blind $1
Mischanny: posts big blind $3
*** HOLE CARDS ***
Chessnok: raises $3 to $6
Mischanny: raises $3 to $9
Chessnok: calls $3
*** FLOP *** [2d Th Jh]
Mischanny: checks
Chessnok: bets $3
Mischanny: raises $3 to $6
Chessnok: calls $3
*** TURN *** [2d Th Jh] [Qs]
Mischanny: bets $6
Chessnok: raises $6 to $12
Mischanny: calls $6
*** RIVER *** [2d Th Jh Qs] [Qh]
Mischanny: checks
Chessnok: bets $6
Mischanny: folds
Uncalled bet ($6) returned to Chessnok
Chessnok collected $53.50 from pot
Chessnok: doesn't show hand
*** SUMMARY ***
Total pot $54 | Rake $0.50
Board [2d Th Jh Qs Qh]
Seat 5: Chessnok (button) (small blind) collected ($53.50)
Seat 9: Mischanny (big blind) folded on the River


PokerStars Hand #164538602767:  Hold'em Limit ($3/$6 USD) - 2017/01/13 21:28:02 ET
Table 'Appella II' 10-max Seat #10 is the button
Seat 9: Mischanny ($83.30 in chips)
Seat 10: kusznak ($247.32 in chips)
kusznak: posts small blind $1
Chessnok: is sitting out
Mischanny: posts big blind $3
*** HOLE CARDS ***
kusznak: raises $3 to $6
Mischanny: folds
Uncalled bet ($3) returned to kusznak
kusznak collected $6 from pot
kusznak: doesn't show hand
*** SUMMARY ***
Total pot $6 | Rake $0
Seat 9: Mischanny (big blind) folded before Flop
Seat 10: kusznak (button) (small blind) collected ($6)


PokerStars Hand #164546066154:  Hold'em Limit ($3/$6 USD) - 2017/01/14 3:30:06 ET
Table 'Appella II' 10-max Seat #6 is the button
Seat 6: sim5sim5 ($77.76 in chips)
Seat 10: kirste78 ($105.35 in chips)
sim5sim5: posts small blind $1
kirste78: posts big blind $3
*** HOLE CARDS ***
sim5sim5: folds
Uncalled bet ($2) returned to kirste78
kirste78 collected $2 from pot
*** SUMMARY ***
Total pot $2 | Rake $0
Seat 6: sim5sim5 (button) (small blind) folded before Flop
Seat 10: kirste78 (big blind) collected ($2)


PokerStars Hand #164546060430:  Hold'em Limit ($3/$6 USD) - 2017/01/14 3:29:49 ET
Table 'Appella II' 10-max Seat #10 is the button
Seat 6: sim5sim5 ($72 in chips)
Seat 10: kirste78 ($111.35 in chips)
kirste78: posts small blind $1
sim5sim5: posts big blind $3
*** HOLE CARDS ***
kirste78: calls $2
sim5sim5: raises $3 to $6
kirste78: calls $3
*** FLOP *** [4d 5s 9h]
sim5sim5: bets $3
kirste78: folds
Uncalled bet ($3) returned to sim5sim5
sim5sim5 collected $11.76 from pot
sim5sim5: doesn't show hand
*** SUMMARY ***
Total pot $12 | Rake $0.24
Board [4d 5s 9h]
Seat 6: sim5sim5 (big blind) collected ($11.76)
Seat 10: kirste78 (button) (small blind) folded on the Flop


PokerStars Hand #164546068497:  Hold'em Limit ($3/$6 USD) - 2017/01/14 3:30:13 ET
Table 'Appella II' 10-max Seat #10 is the button
Seat 6: sim5sim5 ($76.76 in chips)
Seat 10: kirste78 ($106.35 in chips)
kirste78: posts small blind $1
sim5sim5: posts big blind $3
*** HOLE CARDS ***
kirste78: raises $3 to $6
sim5sim5: calls $3
*** FLOP *** [Qh 9c 9d]
sim5sim5: checks
kirste78: bets $3
sim5sim5: calls $3
*** TURN *** [Qh 9c 9d] [8s]
sim5sim5: checks
kirste78: bets $6
sim5sim5: calls $6
*** RIVER *** [Qh 9c 9d 8s] [7d]
sim5sim5: checks
kirste78: bets $6
sim5sim5: folds
Uncalled bet ($6) returned to kirste78
kirste78 collected $29.50 from pot
*** SUMMARY ***
Total pot $30 | Rake $0.50
Board [Qh 9c 9d 8s 7d]
Seat 6: sim5sim5 (big blind) folded on the River
Seat 10: kirste78 (button) (small blind) collected ($29.50)


PokerStars Hand #164546084921:  Hold'em Limit ($3/$6 USD) - 2017/01/14 3:31:02 ET
Table 'Appella II' 10-max Seat #6 is the button
Seat 6: sim5sim5 ($72 in chips)
Seat 10: kirste78 ($120.85 in chips)
sim5sim5: posts small blind $1
kirste78: posts big blind $3
*** HOLE CARDS ***
sim5sim5: folds
Uncalled bet ($2) returned to kirste78
kirste78 collected $2 from pot
*** SUMMARY ***
Total pot $2 | Rake $0
Seat 6: sim5sim5 (button) (small blind) folded before Flop
Seat 10: kirste78 (big blind) collected ($2)


PokerStars Hand #164546087267:  Hold'em Limit ($3/$6 USD) - 2017/01/14 3:31:10 ET
Table 'Appella II' 10-max Seat #10 is the button
Seat 6: sim5sim5 ($72 in chips)
Seat 10: kirste78 ($121.85 in chips)
kirste78: posts small blind $1
sim5sim5: posts big blind $3
*** HOLE CARDS ***
kirste78: calls $2
sim5sim5: checks
*** FLOP *** [5c 3s Kd]
sim5sim5: bets $3
kirste78: calls $3
*** TURN *** [5c 3s Kd] [Qs]
sim5sim5: bets $6
kirste78: calls $6
*** RIVER *** [5c 3s Kd Qs] [Qc]
sim5sim5: bets $6
kirste78: folds
Uncalled bet ($6) returned to sim5sim5
sim5sim5 collected $23.52 from pot
sim5sim5: doesn't show hand
*** SUMMARY ***
Total pot $24 | Rake $0.48
Board [5c 3s Kd Qs Qc]
Seat 6: sim5sim5 (big blind) collected ($23.52)
Seat 10: kirste78 (button) (small blind) folded on the River


PokerStars Hand #164546110474:  Hold'em Limit ($3/$6 USD) - 2017/01/14 3:32:18 ET
Table 'Appella II' 10-max Seat #10 is the button
Seat 6: sim5sim5 ($72 in chips)
Seat 10: kirste78 ($123.25 in chips)
kirste78: posts small blind $1
sim5sim5: posts big blind $3
*** HOLE CARDS ***
kirste78: calls $2
sim5sim5: checks
*** FLOP *** [6h Td 8s]
sim5sim5: checks
kirste78: checks
*** TURN *** [6h Td 8s] [4c]
sim5sim5: checks
kirste78: checks
*** RIVER *** [6h Td 8s 4c] [Kh]
nashasila joins the table at seat #1
sim5sim5: checks
kirste78: checks
*** SHOW DOWN ***
sim5sim5: shows [Qc 7d] (high card King)
kirste78: shows [5h 7h] (a straight, Four to Eight)
kirste78 collected $5.88 from pot
*** SUMMARY ***
Total pot $6 | Rake $0.12
Board [6h Td 8s 4c Kh]
Seat 6: sim5sim5 (big blind) showed [Qc 7d] and lost with high card King
Seat 10: kirste78 (button) (small blind) showed [5h 7h] and won ($5.88) with a straight, Four to Eight


PokerStars Hand #164546104016:  Hold'em Limit ($3/$6 USD) - 2017/01/14 3:31:59 ET
Table 'Appella II' 10-max Seat #10 is the button
Seat 6: sim5sim5 ($74.52 in chips)
Seat 10: kirste78 ($118.49 in chips)
kirste78: posts small blind $1
sim5sim5: posts big blind $3
*** HOLE CARDS ***
kirste78: folds
Uncalled bet ($2) returned to sim5sim5
sim5sim5 collected $2 from pot
sim5sim5: doesn't show hand
*** SUMMARY ***
Total pot $2 | Rake $0
Seat 6: sim5sim5 (big blind) collected ($2)
Seat 10: kirste78 (button) (small blind) folded before Flop


PokerStars Hand #164546097682:  Hold'em Limit ($3/$6 USD) - 2017/01/14 3:31:40 ET
Table 'Appella II' 10-max Seat #6 is the button
Seat 6: sim5sim5 ($83.52 in chips)
Seat 10: kirste78 ($109.85 in chips)
sim5sim5: posts small blind $1
kirste78: posts big blind $3
*** HOLE CARDS ***
sim5sim5: raises $3 to $6
kirste78: raises $3 to $9
sim5sim5: calls $3
*** FLOP *** [Qd Td Jc]
kirste78: bets $3
sim5sim5: folds
Uncalled bet ($3) returned to kirste78
kirste78 collected $17.64 from pot
*** SUMMARY ***
Total pot $18 | Rake $0.36
Board [Qd Td Jc]
Seat 6: sim5sim5 (button) (small blind) folded on the Flop
Seat 10: kirste78 (big blind) collected ($17.64)


PokerStars Hand #164546105931:  Hold'em Limit ($3/$6 USD) - 2017/01/14 3:32:05 ET
Table 'Appella II' 10-max Seat #6 is the button
Seat 6: sim5sim5 ($75.52 in chips)
Seat 10: kirste78 ($117.49 in chips)
sim5sim5: posts small blind $1
kirste78: posts big blind $3
*** HOLE CARDS ***
sim5sim5: raises $3 to $6
kirste78: calls $3
*** FLOP *** [Ks Qc Td]
kirste78: bets $3
sim5sim5: folds
Uncalled bet ($3) returned to kirste78
kirste78 collected $11.76 from pot
*** SUMMARY ***
Total pot $12 | Rake $0.24
Board [Ks Qc Td]
Seat 6: sim5sim5 (button) (small blind) folded on the Flop
Seat 10: kirste78 (big blind) collected ($11.76)


PokerStars Hand #164546121624:  Hold'em Limit ($3/$6 USD) - 2017/01/14 3:32:51 ET
Table 'Appella II' 10-max Seat #6 is the button
Seat 6: sim5sim5 ($72 in chips)
Seat 10: kirste78 ($126.13 in chips)
sim5sim5: posts small blind $1
kirste78: posts big blind $3
*** HOLE CARDS ***
sim5sim5: folds
Uncalled bet ($2) returned to kirste78
kirste78 collected $2 from pot
*** SUMMARY ***
Total pot $2 | Rake $0
Seat 6: sim5sim5 (button) (small blind) folded before Flop
Seat 10: kirste78 (big blind) collected ($2)


PokerStars Hand #164546604584:  Hold'em Limit ($3/$6 USD) - 2017/01/14 3:55:34 ET
Table 'Appella II' 10-max Seat #2 is the button
Seat 2: beng_51 ($209.69 in chips)
Seat 4: kusznak ($151.37 in chips)
beng_51: posts small blind $1
kusznak: posts big blind $3
*** HOLE CARDS ***
beng_51: folds
Uncalled bet ($2) returned to kusznak
kusznak collected $2 from pot
kusznak: doesn't show hand
*** SUMMARY ***
Total pot $2 | Rake $0
Seat 2: beng_51 (button) (small blind) folded before Flop
Seat 4: kusznak (big blind) collected ($2)


