PokerStars Hand #144730471450:  Hold'em Limit ($3/$6 USD) - 2015/12/02 16:49:46 ET
Table 'Appella III' 6-max Seat #3 is the button
Seat 2: TinaTurner72 ($123 in chips)
Seat 3: DeKirov ($117 in chips)
DeKirov: posts small blind $1
TinaTurner72: posts big blind $3
*** HOLE CARDS ***
DeKirov: raises $3 to $6
TinaTurner72: calls $3
*** FLOP *** [Qs 5d 3d]
TinaTurner72: checks
DeKirov: checks
*** TURN *** [Qs 5d 3d] [Td]
karambakilla joins the table at seat #4
TinaTurner72: bets $6
DeKirov: calls $6
*** RIVER *** [Qs 5d 3d Td] [7h]
TinaTurner72: bets $6
DeKirov: folds
Uncalled bet ($6) returned to TinaTurner72
TinaTurner72 collected $23.52 from pot
TinaTurner72: doesn't show hand
*** SUMMARY ***
Total pot $24 | Rake $0.48
Board [Qs 5d 3d Td 7h]
Seat 2: TinaTurner72 (big blind) collected ($23.52)
Seat 3: DeKirov (button) (small blind) folded on the River


PokerStars Hand #144730813460:  Hold'em Limit ($3/$6 USD) - 2015/12/02 16:56:04 ET
Table 'Appella III' 6-max Seat #6 is the button
Seat 4: karambakilla ($99.76 in chips)
Seat 6: Brama Br ($137.07 in chips)
Brama Br: posts small blind $1
karambakilla: posts big blind $3
*** HOLE CARDS ***
Brama Br: raises $3 to $6
karambakilla: folds
Uncalled bet ($3) returned to Brama Br
Brama Br collected $6 from pot
*** SUMMARY ***
Total pot $6 | Rake $0
Seat 4: karambakilla (big blind) folded before Flop
Seat 6: Brama Br (button) (small blind) collected ($6)


PokerStars Hand #144730794517:  Hold'em Limit ($3/$6 USD) - 2015/12/02 16:55:38 ET
Table 'Appella III' 6-max Seat #4 is the button
Seat 4: karambakilla ($126.76 in chips)
Seat 6: Brama Br ($110.57 in chips)
karambakilla: posts small blind $1
Brama Br: posts big blind $3
*** HOLE CARDS ***
karambakilla: raises $3 to $6
Brama Br: calls $3
*** FLOP *** [Jh 8c Jc]
Brama Br: checks
karambakilla: bets $3
Brama Br: calls $3
*** TURN *** [Jh 8c Jc] [4h]
Brama Br: checks
karambakilla: bets $6
Brama Br: raises $6 to $12
karambakilla: calls $6
*** RIVER *** [Jh 8c Jc 4h] [6c]
Brama Br: bets $6
karambakilla: calls $6
*** SHOW DOWN ***
Brama Br: shows [Js 7d] (three of a kind, Jacks)
karambakilla: mucks hand
Brama Br collected $53.50 from pot
*** SUMMARY ***
Total pot $54 | Rake $0.50
Board [Jh 8c Jc 4h 6c]
Seat 4: karambakilla (button) (small blind) mucked
Seat 6: Brama Br (big blind) showed [Js 7d] and won ($53.50) with three of a kind, Jacks


PokerStars Hand #144730790113:  Hold'em Limit ($3/$6 USD) - 2015/12/02 16:55:32 ET
Table 'Appella III' 6-max Seat #6 is the button
Seat 4: karambakilla ($125.76 in chips)
Seat 6: Brama Br ($111.57 in chips)
Brama Br: posts small blind $1
karambakilla: posts big blind $3
*** HOLE CARDS ***
Brama Br: folds
Uncalled bet ($2) returned to karambakilla
karambakilla collected $2 from pot
karambakilla: doesn't show hand
*** SUMMARY ***
Total pot $2 | Rake $0
Seat 4: karambakilla (big blind) collected ($2)
Seat 6: Brama Br (button) (small blind) folded before Flop


PokerStars Hand #144730778208:  Hold'em Limit ($3/$6 USD) - 2015/12/02 16:55:16 ET
Table 'Appella III' 6-max Seat #4 is the button
Seat 4: karambakilla ($120 in chips)
Seat 6: Brama Br ($117.57 in chips)
karambakilla: posts small blind $1
Brama Br: posts big blind $3
*** HOLE CARDS ***
karambakilla: raises $3 to $6
Brama Br: calls $3
*** FLOP *** [5c Ad Qd]
Brama Br: checks
karambakilla: bets $3
Brama Br: folds
Uncalled bet ($3) returned to karambakilla
karambakilla collected $11.76 from pot
karambakilla: doesn't show hand
*** SUMMARY ***
Total pot $12 | Rake $0.24
Board [5c Ad Qd]
Seat 4: karambakilla (button) (small blind) collected ($11.76)
Seat 6: Brama Br (big blind) folded on the Flop


PokerStars Hand #144730834694:  Hold'em Limit ($3/$6 USD) - 2015/12/02 16:56:33 ET
Table 'Appella III' 6-max Seat #4 is the button
Seat 4: karambakilla ($82.76 in chips)
Seat 6: Brama Br ($153.57 in chips)
karambakilla: posts small blind $1
Brama Br: posts big blind $3
*** HOLE CARDS ***
karambakilla: raises $3 to $6
Arketypen leaves the table
Brama Br: calls $3
*** FLOP *** [8d Qs 3s]
Fess7791 joins the table at seat #1
Brama Br: checks
karambakilla: bets $3
Brama Br: calls $3
*** TURN *** [8d Qs 3s] [Js]
Brama Br: checks
karambakilla: checks
*** RIVER *** [8d Qs 3s Js] [Jh]
Brama Br: checks
karambakilla: checks
*** SHOW DOWN ***
Brama Br: shows [4d 3d] (two pair, Jacks and Threes)
karambakilla: mucks hand
Brama Br collected $17.64 from pot
*** SUMMARY ***
Total pot $18 | Rake $0.36
Board [8d Qs 3s Js Jh]
Seat 4: karambakilla (button) (small blind) mucked
Seat 6: Brama Br (big blind) showed [4d 3d] and won ($17.64) with two pair, Jacks and Threes


PokerStars Hand #144730831102:  Hold'em Limit ($3/$6 USD) - 2015/12/02 16:56:28 ET
Table 'Appella III' 6-max Seat #6 is the button
Seat 4: karambakilla ($81.76 in chips)
Seat 6: Brama Br ($154.57 in chips)
Brama Br: posts small blind $1
karambakilla: posts big blind $3
*** HOLE CARDS ***
Brama Br: folds
Uncalled bet ($2) returned to karambakilla
karambakilla collected $2 from pot
karambakilla: doesn't show hand
*** SUMMARY ***
Total pot $2 | Rake $0
Seat 4: karambakilla (big blind) collected ($2)
Seat 6: Brama Br (button) (small blind) folded before Flop


PokerStars Hand #144732523349:  Hold'em Limit ($3/$6 USD) - 2015/12/02 17:28:15 ET
Table 'Appella III' 6-max Seat #4 is the button
Seat 1: Fess7791 ($119.95 in chips)
Seat 4: karambakilla ($280.33 in chips)
Brama Br has timed out while being disconnected
Brama Br: is sitting out
karambakilla: posts small blind $1
Fess7791: posts big blind $3
*** HOLE CARDS ***
karambakilla: folds
Uncalled bet ($2) returned to Fess7791
Fess7791 collected $2 from pot
Fess7791: doesn't show hand
*** SUMMARY ***
Total pot $2 | Rake $0
Seat 1: Fess7791 (big blind) collected ($2)
Seat 4: karambakilla (button) (small blind) folded before Flop


