PokerStars Hand #144909595839:  Hold'em Limit ($3/$6 USD) - 2015/12/06 9:28:50 ET
Table 'Apus II' 6-max Seat #3 is the button
Seat 3: frgt\10river ($74.98 in chips)
Seat 4: TbIP-TbIP 88 ($95.26 in chips)
frgt\10river: posts small blind $1
TbIP-TbIP 88: posts big blind $3
*** HOLE CARDS ***
frgt\10river: raises $3 to $6
ME HAPPYBEE joins the table at seat #5
TbIP-TbIP 88: folds
Uncalled bet ($3) returned to frgt\10river
frgt\10river collected $6 from pot
frgt\10river: doesn't show hand
*** SUMMARY ***
Total pot $6 | Rake $0
Seat 3: frgt\10river (button) (small blind) collected ($6)
Seat 4: TbIP-TbIP 88 (big blind) folded before Flop


PokerStars Hand #144909583813:  Hold'em Limit ($3/$6 USD) - 2015/12/06 9:28:34 ET
Table 'Apus II' 6-max Seat #4 is the button
Seat 3: frgt\10river ($80.98 in chips)
Seat 4: TbIP-TbIP 88 ($89.50 in chips)
TbIP-TbIP 88: posts small blind $1
frgt\10river: posts big blind $3
*** HOLE CARDS ***
TbIP-TbIP 88: raises $3 to $6
frgt\10river: calls $3
*** FLOP *** [5c Jc 9s]
frgt\10river: checks
TbIP-TbIP 88: bets $3
frgt\10river: folds
Uncalled bet ($3) returned to TbIP-TbIP 88
TbIP-TbIP 88 collected $11.76 from pot
TbIP-TbIP 88: doesn't show hand
*** SUMMARY ***
Total pot $12 | Rake $0.24
Board [5c Jc 9s]
Seat 3: frgt\10river (big blind) folded on the Flop
Seat 4: TbIP-TbIP 88 (button) (small blind) collected ($11.76)


PokerStars Hand #144910237044:  Hold'em Limit ($3/$6 USD) - 2015/12/06 9:42:46 ET
Table 'Apus II' 6-max Seat #1 is the button
Seat 1: SashaYuvelir ($72 in chips)
Seat 6: fluit83 ($66 in chips)
SashaYuvelir: posts small blind $1
TbIP-TbIP 88: is sitting out
TbIP-TbIP 88 leaves the table
fluit83: posts big blind $3
*** HOLE CARDS ***
SashaYuvelir: raises $3 to $6
fluit83: calls $3
*** FLOP *** [4c 7d As]
fluit83: checks
SashaYuvelir: bets $3
fluit83: folds
Uncalled bet ($3) returned to SashaYuvelir
SashaYuvelir collected $11.76 from pot
SashaYuvelir: doesn't show hand
*** SUMMARY ***
Total pot $12 | Rake $0.24
Board [4c 7d As]
Seat 1: SashaYuvelir (button) (small blind) collected ($11.76)
Seat 6: fluit83 (big blind) folded on the Flop


PokerStars Hand #144910256041:  Hold'em Limit ($3/$6 USD) - 2015/12/06 9:43:10 ET
Table 'Apus II' 6-max Seat #6 is the button
Seat 1: SashaYuvelir ($77.76 in chips)
Seat 6: fluit83 ($60 in chips)
fluit83: posts small blind $1
SashaYuvelir: posts big blind $3
*** HOLE CARDS ***
fluit83: calls $2
SashaYuvelir: checks
*** FLOP *** [Jh 8h 2h]
SashaYuvelir: checks
fluit83: checks
*** TURN *** [Jh 8h 2h] [Ks]
SashaYuvelir: checks
fluit83: checks
*** RIVER *** [Jh 8h 2h Ks] [Qc]
SashaYuvelir: checks
fluit83: checks
*** SHOW DOWN ***
SashaYuvelir: shows [4s 6s] (high card King)
fluit83: shows [7s 6h] (high card King - Queen+Jack+Eight+Seven kicker)
fluit83 collected $5.88 from pot
*** SUMMARY ***
Total pot $6 | Rake $0.12
Board [Jh 8h 2h Ks Qc]
Seat 1: SashaYuvelir (big blind) showed [4s 6s] and lost with high card King
Seat 6: fluit83 (button) (small blind) showed [7s 6h] and won ($5.88) with high card King


PokerStars Hand #144910289229:  Hold'em Limit ($3/$6 USD) - 2015/12/06 9:43:53 ET
Table 'Apus II' 6-max Seat #6 is the button
Seat 1: SashaYuvelir ($77.76 in chips)
Seat 6: fluit83 ($59.88 in chips)
fluit83: posts small blind $1
SashaYuvelir: posts big blind $3
*** HOLE CARDS ***
fluit83: folds
Uncalled bet ($2) returned to SashaYuvelir
SashaYuvelir collected $2 from pot
SashaYuvelir: doesn't show hand
*** SUMMARY ***
Total pot $2 | Rake $0
Seat 1: SashaYuvelir (big blind) collected ($2)
Seat 6: fluit83 (button) (small blind) folded before Flop


PokerStars Hand #144910275581:  Hold'em Limit ($3/$6 USD) - 2015/12/06 9:43:36 ET
Table 'Apus II' 6-max Seat #1 is the button
Seat 1: SashaYuvelir ($74.76 in chips)
Seat 6: fluit83 ($62.88 in chips)
SashaYuvelir: posts small blind $1
fluit83: posts big blind $3
*** HOLE CARDS ***
SashaYuvelir: raises $3 to $6
fluit83: folds
Uncalled bet ($3) returned to SashaYuvelir
SashaYuvelir collected $6 from pot
SashaYuvelir: doesn't show hand
*** SUMMARY ***
Total pot $6 | Rake $0
Seat 1: SashaYuvelir (button) (small blind) collected ($6)
Seat 6: fluit83 (big blind) folded before Flop


PokerStars Hand #144910293564:  Hold'em Limit ($3/$6 USD) - 2015/12/06 9:43:59 ET
Table 'Apus II' 6-max Seat #1 is the button
Seat 1: SashaYuvelir ($78.76 in chips)
Seat 6: fluit83 ($58.88 in chips)
SashaYuvelir: posts small blind $1
fluit83: posts big blind $3
*** HOLE CARDS ***
SashaYuvelir: raises $3 to $6
fluit83: raises $3 to $9
SashaYuvelir: raises $3 to $12
Betting is capped
fluit83: calls $3
*** FLOP *** [6s Jh Ah]
fluit83: bets $3
SashaYuvelir: calls $3
*** TURN *** [6s Jh Ah] [6d]
fluit83: bets $6
SashaYuvelir: calls $6
*** RIVER *** [6s Jh Ah 6d] [2h]
fluit83: bets $6
SashaYuvelir: calls $6
*** SHOW DOWN ***
fluit83: shows [Ac Ts] (two pair, Aces and Sixes)
SashaYuvelir: mucks hand
fluit83 collected $53.50 from pot
*** SUMMARY ***
Total pot $54 | Rake $0.50
Board [6s Jh Ah 6d 2h]
Seat 1: SashaYuvelir (button) (small blind) mucked
Seat 6: fluit83 (big blind) showed [Ac Ts] and won ($53.50) with two pair, Aces and Sixes


PokerStars Hand #144910318826:  Hold'em Limit ($3/$6 USD) - 2015/12/06 9:44:32 ET
Table 'Apus II' 6-max Seat #6 is the button
Seat 1: SashaYuvelir ($72 in chips)
Seat 6: fluit83 ($85.38 in chips)
fluit83: posts small blind $1
SashaYuvelir: posts big blind $3
*** HOLE CARDS ***
fluit83: folds
Uncalled bet ($2) returned to SashaYuvelir
SashaYuvelir collected $2 from pot
SashaYuvelir: doesn't show hand
*** SUMMARY ***
Total pot $2 | Rake $0
Seat 1: SashaYuvelir (big blind) collected ($2)
Seat 6: fluit83 (button) (small blind) folded before Flop


PokerStars Hand #144910325003:  Hold'em Limit ($3/$6 USD) - 2015/12/06 9:44:40 ET
Table 'Apus II' 6-max Seat #1 is the button
Seat 1: SashaYuvelir ($73 in chips)
Seat 6: fluit83 ($84.38 in chips)
SashaYuvelir: posts small blind $1
fluit83: posts big blind $3
*** HOLE CARDS ***
SashaYuvelir: raises $3 to $6
fluit83: calls $3
*** FLOP *** [9d 7c Ah]
fluit83: checks
SashaYuvelir: bets $3
fluit83: calls $3
*** TURN *** [9d 7c Ah] [Qd]
fluit83: checks
SashaYuvelir: bets $6
fluit83: calls $6
*** RIVER *** [9d 7c Ah Qd] [7h]
fluit83: checks
SashaYuvelir: checks
*** SHOW DOWN ***
fluit83: shows [Jh 8c] (a pair of Sevens)
SashaYuvelir: shows [Qh 9c] (two pair, Queens and Nines)
SashaYuvelir collected $29.50 from pot
*** SUMMARY ***
Total pot $30 | Rake $0.50
Board [9d 7c Ah Qd 7h]
Seat 1: SashaYuvelir (button) (small blind) showed [Qh 9c] and won ($29.50) with two pair, Queens and Nines
Seat 6: fluit83 (big blind) showed [Jh 8c] and lost with a pair of Sevens


PokerStars Hand #144910339432:  Hold'em Limit ($3/$6 USD) - 2015/12/06 9:44:59 ET
Table 'Apus II' 6-max Seat #6 is the button
Seat 1: SashaYuvelir ($87.50 in chips)
Seat 6: fluit83 ($69.38 in chips)
fluit83: posts small blind $1
SashaYuvelir: posts big blind $3
*** HOLE CARDS ***
fluit83: raises $3 to $6
SashaYuvelir: calls $3
*** FLOP *** [9d 6c 2c]
SashaYuvelir: checks
fluit83: bets $3
SashaYuvelir: calls $3
*** TURN *** [9d 6c 2c] [Tc]
SashaYuvelir: checks
fluit83: checks
*** RIVER *** [9d 6c 2c Tc] [5c]
SashaYuvelir: checks
fluit83: checks
*** SHOW DOWN ***
SashaYuvelir: shows [Js 2s] (a pair of Deuces)
fluit83: shows [4c As] (a flush, Ten high)
fluit83 collected $17.64 from pot
*** SUMMARY ***
Total pot $18 | Rake $0.36
Board [9d 6c 2c Tc 5c]
Seat 1: SashaYuvelir (big blind) showed [Js 2s] and lost with a pair of Deuces
Seat 6: fluit83 (button) (small blind) showed [4c As] and won ($17.64) with a flush, Ten high


PokerStars Hand #144910353230:  Hold'em Limit ($3/$6 USD) - 2015/12/06 9:45:17 ET
Table 'Apus II' 6-max Seat #1 is the button
Seat 1: SashaYuvelir ($78.50 in chips)
Seat 6: fluit83 ($78.02 in chips)
SashaYuvelir: posts small blind $1
fluit83: posts big blind $3
*** HOLE CARDS ***
SashaYuvelir: raises $3 to $6
fluit83: calls $3
*** FLOP *** [7c 5h 9s]
fluit83: checks
siliciom joins the table at seat #3
SashaYuvelir: bets $3
fluit83: calls $3
*** TURN *** [7c 5h 9s] [7h]
fluit83: checks
SashaYuvelir: checks
*** RIVER *** [7c 5h 9s 7h] [3d]
fluit83: bets $6
SashaYuvelir: folds
Uncalled bet ($6) returned to fluit83
fluit83 collected $17.64 from pot
fluit83: doesn't show hand
*** SUMMARY ***
Total pot $18 | Rake $0.36
Board [7c 5h 9s 7h 3d]
Seat 1: SashaYuvelir (button) (small blind) folded on the River
Seat 6: fluit83 (big blind) collected ($17.64)


PokerStars Hand #144910367989:  Hold'em Limit ($3/$6 USD) - 2015/12/06 9:45:36 ET
Table 'Apus II' 6-max Seat #6 is the button
Seat 1: SashaYuvelir ($72 in chips)
Seat 6: fluit83 ($86.66 in chips)
fluit83: posts small blind $1
SashaYuvelir: posts big blind $3
*** HOLE CARDS ***
fluit83: calls $2
SashaYuvelir: checks
*** FLOP *** [3d 8c 7c]
SashaYuvelir: checks
fluit83: checks
*** TURN *** [3d 8c 7c] [6s]
SashaYuvelir: checks
fluit83: checks
*** RIVER *** [3d 8c 7c 6s] [8d]
SashaYuvelir: checks
fluit83: checks
*** SHOW DOWN ***
SashaYuvelir: shows [2d Js] (a pair of Eights)
fluit83: shows [Kd 5s] (a pair of Eights - King kicker)
fluit83 collected $5.88 from pot
*** SUMMARY ***
Total pot $6 | Rake $0.12
Board [3d 8c 7c 6s 8d]
Seat 1: SashaYuvelir (big blind) showed [2d Js] and lost with a pair of Eights
Seat 6: fluit83 (button) (small blind) showed [Kd 5s] and won ($5.88) with a pair of Eights


PokerStars Hand #144917101804:  Hold'em Limit ($3/$6 USD) - 2015/12/06 11:59:41 ET
Table 'Apus II' 6-max Seat #3 is the button
Seat 3: siliciom ($261.87 in chips)
Seat 5: Velbor107 ($333.11 in chips)
boogi will be allowed to play after the button
siliciom: posts small blind $1
bAAchi: is sitting out
Velbor107: posts big blind $3
*** HOLE CARDS ***
siliciom: raises $3 to $6
bAAchi leaves the table
Velbor107: calls $3
*** FLOP *** [Kc Qc 3h]
Velbor107: checks
siliciom: bets $3
Velbor107: raises $3 to $6
siliciom: folds
Uncalled bet ($3) returned to Velbor107
Velbor107 collected $17.64 from pot
*** SUMMARY ***
Total pot $18 | Rake $0.36
Board [Kc Qc 3h]
Seat 3: siliciom (button) (small blind) folded on the Flop
Seat 5: Velbor107 (big blind) collected ($17.64)


