PokerStars Hand #154976991294:  Hold'em Limit ($3/$6 USD) - 2016/06/20 10:32:20 ET
Table 'Apus II' 6-max Seat #1 is the button
Seat 1: Ag3r0n ($72 in chips)
Seat 6: NathsApril ($73.93 in chips)
Ag3r0n: posts small blind $1
NathsApril: posts big blind $3
*** HOLE CARDS ***
Ag3r0n: raises $3 to $6
NathsApril: calls $3
*** FLOP *** [5d 9s 4d]
NathsApril: bets $3
Ag3r0n: calls $3
*** TURN *** [5d 9s 4d] [8h]
NathsApril: bets $6
Ag3r0n: folds
Uncalled bet ($6) returned to NathsApril
NathsApril collected $17.64 from pot
NathsApril: doesn't show hand
*** SUMMARY ***
Total pot $18 | Rake $0.36
Board [5d 9s 4d 8h]
Seat 1: Ag3r0n (button) (small blind) folded on the Turn
Seat 6: NathsApril (big blind) collected ($17.64)


PokerStars Hand #154976998518:  Hold'em Limit ($3/$6 USD) - 2016/06/20 10:32:33 ET
Table 'Apus II' 6-max Seat #6 is the button
Seat 1: Ag3r0n ($72 in chips)
Seat 6: NathsApril ($82.57 in chips)
NathsApril: posts small blind $1
Ag3r0n: posts big blind $3
*** HOLE CARDS ***
NathsApril: raises $3 to $6
Ag3r0n: calls $3
*** FLOP *** [7s 5c Jc]
Ag3r0n: checks
NathsApril: bets $3
Ag3r0n: folds
Uncalled bet ($3) returned to NathsApril
NathsApril collected $11.76 from pot
*** SUMMARY ***
Total pot $12 | Rake $0.24
Board [7s 5c Jc]
Seat 1: Ag3r0n (big blind) folded on the Flop
Seat 6: NathsApril (button) (small blind) collected ($11.76)


PokerStars Hand #154977005326:  Hold'em Limit ($3/$6 USD) - 2016/06/20 10:32:45 ET
Table 'Apus II' 6-max Seat #1 is the button
Seat 1: Ag3r0n ($72 in chips)
Seat 6: NathsApril ($88.33 in chips)
Ag3r0n: posts small blind $1
NathsApril: posts big blind $3
*** HOLE CARDS ***
Ag3r0n: raises $3 to $6
NathsApril: calls $3
*** FLOP *** [9c Td 3c]
NathsApril: checks
Ag3r0n: checks
*** TURN *** [9c Td 3c] [2h]
NathsApril: bets $6
Ag3r0n: calls $6
*** RIVER *** [9c Td 3c 2h] [Qh]
NathsApril: bets $6
Ag3r0n: calls $6
*** SHOW DOWN ***
NathsApril: shows [Jd 8s] (a straight, Eight to Queen)
Ag3r0n: mucks hand
NathsApril collected $35.50 from pot
*** SUMMARY ***
Total pot $36 | Rake $0.50
Board [9c Td 3c 2h Qh]
Seat 1: Ag3r0n (button) (small blind) mucked
Seat 6: NathsApril (big blind) showed [Jd 8s] and won ($35.50) with a straight, Eight to Queen


PokerStars Hand #154977013980:  Hold'em Limit ($3/$6 USD) - 2016/06/20 10:33:00 ET
Table 'Apus II' 6-max Seat #6 is the button
Seat 1: Ag3r0n ($72 in chips)
Seat 6: NathsApril ($105.83 in chips)
NathsApril: posts small blind $1
Ag3r0n: posts big blind $3
*** HOLE CARDS ***
NathsApril: raises $3 to $6
Ag3r0n: calls $3
*** FLOP *** [7d 7h Jh]
Ag3r0n: checks
NathsApril: bets $3
Ag3r0n: folds
Uncalled bet ($3) returned to NathsApril
NathsApril collected $11.76 from pot
*** SUMMARY ***
Total pot $12 | Rake $0.24
Board [7d 7h Jh]
Seat 1: Ag3r0n (big blind) folded on the Flop
Seat 6: NathsApril (button) (small blind) collected ($11.76)


PokerStars Hand #154977019241:  Hold'em Limit ($3/$6 USD) - 2016/06/20 10:33:09 ET
Table 'Apus II' 6-max Seat #1 is the button
Seat 1: Ag3r0n ($72 in chips)
Seat 6: NathsApril ($111.59 in chips)
Ag3r0n: posts small blind $1
NathsApril: posts big blind $3
*** HOLE CARDS ***
Ag3r0n: raises $3 to $6
NathsApril: calls $3
*** FLOP *** [Ts Qc 3h]
NathsApril: checks
Ag3r0n: bets $3
NathsApril: calls $3
*** TURN *** [Ts Qc 3h] [6c]
NathsApril: checks
Ag3r0n: checks
*** RIVER *** [Ts Qc 3h 6c] [Jh]
NathsApril: checks
Ag3r0n: checks
*** SHOW DOWN ***
NathsApril: shows [Kd 7c] (high card King)
Ag3r0n: mucks hand
NathsApril collected $17.64 from pot
*** SUMMARY ***
Total pot $18 | Rake $0.36
Board [Ts Qc 3h 6c Jh]
Seat 1: Ag3r0n (button) (small blind) mucked
Seat 6: NathsApril (big blind) showed [Kd 7c] and won ($17.64) with high card King


PokerStars Hand #154977029038:  Hold'em Limit ($3/$6 USD) - 2016/06/20 10:33:27 ET
Table 'Apus II' 6-max Seat #6 is the button
Seat 1: Ag3r0n ($72 in chips)
Seat 6: NathsApril ($120.23 in chips)
NathsApril: posts small blind $1
Ag3r0n: posts big blind $3
*** HOLE CARDS ***
NathsApril: folds
Uncalled bet ($2) returned to Ag3r0n
Ag3r0n collected $2 from pot
*** SUMMARY ***
Total pot $2 | Rake $0
Seat 1: Ag3r0n (big blind) collected ($2)
Seat 6: NathsApril (button) (small blind) folded before Flop


PokerStars Hand #154977031749:  Hold'em Limit ($3/$6 USD) - 2016/06/20 10:33:32 ET
Table 'Apus II' 6-max Seat #1 is the button
Seat 1: Ag3r0n ($73 in chips)
Seat 6: NathsApril ($119.23 in chips)
Ag3r0n: posts small blind $1
NathsApril: posts big blind $3
*** HOLE CARDS ***
Ag3r0n: raises $3 to $6
NathsApril: raises $3 to $9
Ag3r0n: calls $3
*** FLOP *** [4c 5h As]
NathsApril: bets $3
Ag3r0n: calls $3
*** TURN *** [4c 5h As] [2c]
NathsApril: bets $6
Ag3r0n: calls $6
*** RIVER *** [4c 5h As 2c] [4h]
NathsApril: bets $6
Ag3r0n: calls $6
*** SHOW DOWN ***
NathsApril: shows [Qs Qc] (two pair, Queens and Fours)
Ag3r0n: shows [Ah 7s] (two pair, Aces and Fours)
Ag3r0n collected $47.50 from pot
*** SUMMARY ***
Total pot $48 | Rake $0.50
Board [4c 5h As 2c 4h]
Seat 1: Ag3r0n (button) (small blind) showed [Ah 7s] and won ($47.50) with two pair, Aces and Fours
Seat 6: NathsApril (big blind) showed [Qs Qc] and lost with two pair, Queens and Fours


PokerStars Hand #154977042243:  Hold'em Limit ($3/$6 USD) - 2016/06/20 10:33:50 ET
Table 'Apus II' 6-max Seat #6 is the button
Seat 1: Ag3r0n ($96.50 in chips)
Seat 6: NathsApril ($95.23 in chips)
NathsApril: posts small blind $1
Ag3r0n: posts big blind $3
*** HOLE CARDS ***
NathsApril: raises $3 to $6
Ag3r0n: calls $3
*** FLOP *** [8c Ah As]
Ag3r0n: checks
NathsApril: bets $3
Ag3r0n: calls $3
*** TURN *** [8c Ah As] [8s]
Ag3r0n: checks
NathsApril: bets $6
Ag3r0n: calls $6
*** RIVER *** [8c Ah As 8s] [5c]
Ag3r0n: checks
NathsApril: bets $6
Ag3r0n: calls $6
*** SHOW DOWN ***
NathsApril: shows [Kh 8h] (a full house, Eights full of Aces)
Ag3r0n: mucks hand
NathsApril collected $41.50 from pot
Lankypants joins the table at seat #3
*** SUMMARY ***
Total pot $42 | Rake $0.50
Board [8c Ah As 8s 5c]
Seat 1: Ag3r0n (big blind) mucked
Seat 6: NathsApril (button) (small blind) showed [Kh 8h] and won ($41.50) with a full house, Eights full of Aces


PokerStars Hand #154977662584:  Hold'em Limit ($3/$6 USD) - 2016/06/20 10:51:56 ET
Table 'Apus II' 6-max Seat #6 is the button
Seat 1: Ag3r0n ($82.38 in chips)
Seat 6: iskambil ($49 in chips)
iskambil: posts small blind $1
Ag3r0n: posts big blind $3
*** HOLE CARDS ***
iskambil: raises $3 to $6
Ag3r0n: calls $3
*** FLOP *** [5c Ts Ad]
Ag3r0n: checks
iskambil: bets $3
Ag3r0n: folds
Uncalled bet ($3) returned to iskambil
iskambil collected $11.76 from pot
*** SUMMARY ***
Total pot $12 | Rake $0.24
Board [5c Ts Ad]
Seat 1: Ag3r0n (big blind) folded on the Flop
Seat 6: iskambil (button) (small blind) collected ($11.76)


PokerStars Hand #154977640774:  Hold'em Limit ($3/$6 USD) - 2016/06/20 10:51:18 ET
Table 'Apus II' 6-max Seat #1 is the button
Seat 1: Ag3r0n ($76.62 in chips)
Seat 6: iskambil ($55 in chips)
Ag3r0n: posts small blind $1
iskambil: posts big blind $3
*** HOLE CARDS ***
Ag3r0n: raises $3 to $6
BrownieSpy leaves the table
iskambil: calls $3
*** FLOP *** [3c As 7c]
iskambil: checks
Ag3r0n: bets $3
iskambil: folds
Uncalled bet ($3) returned to Ag3r0n
Ag3r0n collected $11.76 from pot
*** SUMMARY ***
Total pot $12 | Rake $0.24
Board [3c As 7c]
Seat 1: Ag3r0n (button) (small blind) collected ($11.76)
Seat 6: iskambil (big blind) folded on the Flop


