PokerStars Hand #145786701466:  Hold'em Limit ($3/$6 USD) - 2015/12/23 7:18:57 ET
Table 'Apus' 6-max Seat #4 is the button
Seat 4: Actionni13 ($150 in chips)
Seat 5: SONCKG ($120 in chips)
Actionni13: posts small blind $1
SONCKG: posts big blind $3
*** HOLE CARDS ***
Actionni13 has timed out
Actionni13: folds
Uncalled bet ($2) returned to SONCKG
SONCKG collected $2 from pot
*** SUMMARY ***
Total pot $2 | Rake $0
Seat 4: Actionni13 (button) (small blind) folded before Flop
Seat 5: SONCKG (big blind) collected ($2)


PokerStars Hand #145786742464:  Hold'em Limit ($3/$6 USD) - 2015/12/23 7:20:14 ET
Table 'Apus' 6-max Seat #5 is the button
Seat 5: SONCKG ($121 in chips)
Seat 6: movie a ($90 in chips)
SONCKG: posts small blind $1
movie a: posts big blind $3
*** HOLE CARDS ***
SONCKG: folds
Uncalled bet ($2) returned to movie a
movie a collected $2 from pot
movie a: doesn't show hand
*** SUMMARY ***
Total pot $2 | Rake $0
Seat 5: SONCKG (button) (small blind) folded before Flop
Seat 6: movie a (big blind) collected ($2)


PokerStars Hand #145786746855:  Hold'em Limit ($3/$6 USD) - 2015/12/23 7:20:22 ET
Table 'Apus' 6-max Seat #6 is the button
Seat 5: SONCKG ($120 in chips)
Seat 6: movie a ($91 in chips)
movie a: posts small blind $1
SONCKG: posts big blind $3
*** HOLE CARDS ***
movie a: raises $3 to $6
SONCKG: calls $3
*** FLOP *** [9d 9s Ac]
SONCKG: checks
movie a: bets $3
SONCKG: calls $3
*** TURN *** [9d 9s Ac] [Qd]
SONCKG: checks
movie a: checks
*** RIVER *** [9d 9s Ac Qd] [5h]
SONCKG: bets $6
movie a: folds
Uncalled bet ($6) returned to SONCKG
SONCKG collected $17.64 from pot
*** SUMMARY ***
Total pot $18 | Rake $0.36
Board [9d 9s Ac Qd 5h]
Seat 5: SONCKG (big blind) collected ($17.64)
Seat 6: movie a (button) (small blind) folded on the River


PokerStars Hand #145786759474:  Hold'em Limit ($3/$6 USD) - 2015/12/23 7:20:46 ET
Table 'Apus' 6-max Seat #5 is the button
Seat 5: SONCKG ($128.64 in chips)
Seat 6: movie a ($82 in chips)
SONCKG: posts small blind $1
movie a: posts big blind $3
*** HOLE CARDS ***
SONCKG: raises $3 to $6
movie a: folds
Uncalled bet ($3) returned to SONCKG
SONCKG collected $6 from pot
*** SUMMARY ***
Total pot $6 | Rake $0
Seat 5: SONCKG (button) (small blind) collected ($6)
Seat 6: movie a (big blind) folded before Flop


PokerStars Hand #145786768341:  Hold'em Limit ($3/$6 USD) - 2015/12/23 7:21:02 ET
Table 'Apus' 6-max Seat #6 is the button
Seat 5: SONCKG ($127.64 in chips)
Seat 6: movie a ($83 in chips)
movie a: posts small blind $1
SONCKG: posts big blind $3
*** HOLE CARDS ***
movie a: raises $3 to $6
SONCKG: folds
Uncalled bet ($3) returned to movie a
movie a collected $6 from pot
movie a: doesn't show hand
*** SUMMARY ***
Total pot $6 | Rake $0
Seat 5: SONCKG (big blind) folded before Flop
Seat 6: movie a (button) (small blind) collected ($6)


PokerStars Hand #145786766123:  Hold'em Limit ($3/$6 USD) - 2015/12/23 7:20:58 ET
Table 'Apus' 6-max Seat #5 is the button
Seat 5: SONCKG ($128.64 in chips)
Seat 6: movie a ($82 in chips)
SONCKG: posts small blind $1
movie a: posts big blind $3
*** HOLE CARDS ***
SONCKG: folds
Uncalled bet ($2) returned to movie a
movie a collected $2 from pot
movie a: doesn't show hand
*** SUMMARY ***
Total pot $2 | Rake $0
Seat 5: SONCKG (button) (small blind) folded before Flop
Seat 6: movie a (big blind) collected ($2)


PokerStars Hand #145786762455:  Hold'em Limit ($3/$6 USD) - 2015/12/23 7:20:51 ET
Table 'Apus' 6-max Seat #6 is the button
Seat 5: SONCKG ($131.64 in chips)
Seat 6: movie a ($79 in chips)
movie a: posts small blind $1
SONCKG: posts big blind $3
*** HOLE CARDS ***
movie a: raises $3 to $6
SONCKG: folds
Uncalled bet ($3) returned to movie a
movie a collected $6 from pot
movie a: doesn't show hand
*** SUMMARY ***
Total pot $6 | Rake $0
Seat 5: SONCKG (big blind) folded before Flop
Seat 6: movie a (button) (small blind) collected ($6)


PokerStars Hand #145786773084:  Hold'em Limit ($3/$6 USD) - 2015/12/23 7:21:11 ET
Table 'Apus' 6-max Seat #6 is the button
Seat 5: SONCKG ($123.64 in chips)
Seat 6: movie a ($87 in chips)
movie a: posts small blind $1
SONCKG: posts big blind $3
*** HOLE CARDS ***
movie a: raises $3 to $6
SONCKG: folds
Uncalled bet ($3) returned to movie a
movie a collected $6 from pot
movie a: doesn't show hand
*** SUMMARY ***
Total pot $6 | Rake $0
Seat 5: SONCKG (big blind) folded before Flop
Seat 6: movie a (button) (small blind) collected ($6)


PokerStars Hand #145786770997:  Hold'em Limit ($3/$6 USD) - 2015/12/23 7:21:07 ET
Table 'Apus' 6-max Seat #5 is the button
Seat 5: SONCKG ($124.64 in chips)
Seat 6: movie a ($86 in chips)
SONCKG: posts small blind $1
movie a: posts big blind $3
*** HOLE CARDS ***
SONCKG: folds
Uncalled bet ($2) returned to movie a
movie a collected $2 from pot
movie a: doesn't show hand
*** SUMMARY ***
Total pot $2 | Rake $0
Seat 5: SONCKG (button) (small blind) folded before Flop
Seat 6: movie a (big blind) collected ($2)


PokerStars Hand #145786798717:  Hold'em Limit ($3/$6 USD) - 2015/12/23 7:21:59 ET
Table 'Apus' 6-max Seat #6 is the button
Seat 5: SONCKG ($101.64 in chips)
Seat 6: movie a ($108.50 in chips)
movie a: posts small blind $1
SONCKG: posts big blind $3
*** HOLE CARDS ***
movie a: folds
Uncalled bet ($2) returned to SONCKG
SONCKG collected $2 from pot
*** SUMMARY ***
Total pot $2 | Rake $0
Seat 5: SONCKG (big blind) collected ($2)
Seat 6: movie a (button) (small blind) folded before Flop


PokerStars Hand #145786795854:  Hold'em Limit ($3/$6 USD) - 2015/12/23 7:21:54 ET
Table 'Apus' 6-max Seat #5 is the button
Seat 5: SONCKG ($102.64 in chips)
Seat 6: movie a ($107.50 in chips)
SONCKG: posts small blind $1
movie a: posts big blind $3
*** HOLE CARDS ***
SONCKG: folds
Uncalled bet ($2) returned to movie a
movie a collected $2 from pot
movie a: doesn't show hand
*** SUMMARY ***
Total pot $2 | Rake $0
Seat 5: SONCKG (button) (small blind) folded before Flop
Seat 6: movie a (big blind) collected ($2)


PokerStars Hand #145786792187:  Hold'em Limit ($3/$6 USD) - 2015/12/23 7:21:47 ET
Table 'Apus' 6-max Seat #6 is the button
Seat 5: SONCKG ($105.64 in chips)
Seat 6: movie a ($104.50 in chips)
movie a: posts small blind $1
SONCKG: posts big blind $3
*** HOLE CARDS ***
movie a: raises $3 to $6
SONCKG: folds
Uncalled bet ($3) returned to movie a
movie a collected $6 from pot
movie a: doesn't show hand
*** SUMMARY ***
Total pot $6 | Rake $0
Seat 5: SONCKG (big blind) folded before Flop
Seat 6: movie a (button) (small blind) collected ($6)


PokerStars Hand #145786789535:  Hold'em Limit ($3/$6 USD) - 2015/12/23 7:21:42 ET
Table 'Apus' 6-max Seat #5 is the button
Seat 5: SONCKG ($106.64 in chips)
Seat 6: movie a ($103.50 in chips)
SONCKG: posts small blind $1
movie a: posts big blind $3
*** HOLE CARDS ***
SONCKG: folds
Uncalled bet ($2) returned to movie a
movie a collected $2 from pot
movie a: doesn't show hand
*** SUMMARY ***
Total pot $2 | Rake $0
Seat 5: SONCKG (button) (small blind) folded before Flop
Seat 6: movie a (big blind) collected ($2)


PokerStars Hand #145786786865:  Hold'em Limit ($3/$6 USD) - 2015/12/23 7:21:37 ET
Table 'Apus' 6-max Seat #6 is the button
Seat 5: SONCKG ($105.64 in chips)
Seat 6: movie a ($104.50 in chips)
movie a: posts small blind $1
SONCKG: posts big blind $3
*** HOLE CARDS ***
movie a: folds
Uncalled bet ($2) returned to SONCKG
SONCKG collected $2 from pot
*** SUMMARY ***
Total pot $2 | Rake $0
Seat 5: SONCKG (big blind) collected ($2)
Seat 6: movie a (button) (small blind) folded before Flop


PokerStars Hand #145786775774:  Hold'em Limit ($3/$6 USD) - 2015/12/23 7:21:16 ET
Table 'Apus' 6-max Seat #5 is the button
Seat 5: SONCKG ($120.64 in chips)
Seat 6: movie a ($90 in chips)
SONCKG: posts small blind $1
movie a: posts big blind $3
*** HOLE CARDS ***
SONCKG: raises $3 to $6
movie a: calls $3
*** FLOP *** [7s Kh 3h]
movie a: checks
SONCKG: bets $3
movie a: calls $3
*** TURN *** [7s Kh 3h] [5c]
movie a: checks
SONCKG: bets $6
movie a: calls $6
*** RIVER *** [7s Kh 3h 5c] [4h]
movie a: checks
SONCKG: checks
*** SHOW DOWN ***
movie a: shows [2c Ks] (a pair of Kings)
SONCKG: mucks hand
movie a collected $29.50 from pot
*** SUMMARY ***
Total pot $30 | Rake $0.50
Board [7s Kh 3h 5c 4h]
Seat 5: SONCKG (button) (small blind) mucked
Seat 6: movie a (big blind) showed [2c Ks] and won ($29.50) with a pair of Kings


PokerStars Hand #145786807513:  Hold'em Limit ($3/$6 USD) - 2015/12/23 7:22:15 ET
Table 'Apus' 6-max Seat #5 is the button
Seat 5: SONCKG ($98.64 in chips)
Seat 6: movie a ($111.50 in chips)
SONCKG: posts small blind $1
movie a: posts big blind $3
*** HOLE CARDS ***
SONCKG: folds
Uncalled bet ($2) returned to movie a
movie a collected $2 from pot
movie a: doesn't show hand
*** SUMMARY ***
Total pot $2 | Rake $0
Seat 5: SONCKG (button) (small blind) folded before Flop
Seat 6: movie a (big blind) collected ($2)


PokerStars Hand #145786804427:  Hold'em Limit ($3/$6 USD) - 2015/12/23 7:22:10 ET
Table 'Apus' 6-max Seat #6 is the button
Seat 5: SONCKG ($101.64 in chips)
Seat 6: movie a ($108.50 in chips)
movie a: posts small blind $1
SONCKG: posts big blind $3
*** HOLE CARDS ***
movie a: raises $3 to $6
SONCKG: folds
Uncalled bet ($3) returned to movie a
movie a collected $6 from pot
movie a: doesn't show hand
*** SUMMARY ***
Total pot $6 | Rake $0
Seat 5: SONCKG (big blind) folded before Flop
Seat 6: movie a (button) (small blind) collected ($6)


PokerStars Hand #145786802047:  Hold'em Limit ($3/$6 USD) - 2015/12/23 7:22:05 ET
Table 'Apus' 6-max Seat #5 is the button
Seat 5: SONCKG ($102.64 in chips)
Seat 6: movie a ($107.50 in chips)
SONCKG: posts small blind $1
movie a: posts big blind $3
*** HOLE CARDS ***
SONCKG: folds
Uncalled bet ($2) returned to movie a
movie a collected $2 from pot
movie a: doesn't show hand
*** SUMMARY ***
Total pot $2 | Rake $0
Seat 5: SONCKG (button) (small blind) folded before Flop
Seat 6: movie a (big blind) collected ($2)


PokerStars Hand #145786818211:  Hold'em Limit ($3/$6 USD) - 2015/12/23 7:22:35 ET
Table 'Apus' 6-max Seat #5 is the button
Seat 5: SONCKG ($73.64 in chips)
Seat 6: movie a ($136 in chips)
SONCKG: posts small blind $1
movie a: posts big blind $3
*** HOLE CARDS ***
SONCKG: raises $3 to $6
movie a: folds
Uncalled bet ($3) returned to SONCKG
SONCKG collected $6 from pot
*** SUMMARY ***
Total pot $6 | Rake $0
Seat 5: SONCKG (button) (small blind) collected ($6)
Seat 6: movie a (big blind) folded before Flop


PokerStars Hand #145786810106:  Hold'em Limit ($3/$6 USD) - 2015/12/23 7:22:20 ET
Table 'Apus' 6-max Seat #6 is the button
Seat 5: SONCKG ($97.64 in chips)
Seat 6: movie a ($112.50 in chips)
movie a: posts small blind $1
SONCKG: posts big blind $3
*** HOLE CARDS ***
movie a: raises $3 to $6
SONCKG: raises $3 to $9
movie a: calls $3
*** FLOP *** [Th Ad 3c]
saut731 joins the table at seat #3
SONCKG: bets $3
movie a: calls $3
*** TURN *** [Th Ad 3c] [Qh]
SONCKG: bets $6
movie a: calls $6
*** RIVER *** [Th Ad 3c Qh] [Tc]
SONCKG: bets $6
movie a: calls $6
*** SHOW DOWN ***
SONCKG: shows [9h 9d] (two pair, Tens and Nines)
movie a: shows [9s Ac] (two pair, Aces and Tens)
movie a collected $47.50 from pot
*** SUMMARY ***
Total pot $48 | Rake $0.50
Board [Th Ad 3c Qh Tc]
Seat 5: SONCKG (big blind) showed [9h 9d] and lost with two pair, Tens and Nines
Seat 6: movie a (button) (small blind) showed [9s Ac] and won ($47.50) with two pair, Aces and Tens


PokerStars Hand #145789316155:  Hold'em Limit ($3/$6 USD) - 2015/12/23 8:34:34 ET
Table 'Apus' 6-max Seat #1 is the button
Seat 1: manly70 ($366.97 in chips)
Seat 2: BusTim ($201.93 in chips)
manly70: posts small blind $1
BusTim: posts big blind $3
*** HOLE CARDS ***
manly70: raises $3 to $6
BusTim: raises $3 to $9
manly70: calls $3
*** FLOP *** [2h 5c Th]
BusTim: bets $3
manly70: calls $3
*** TURN *** [2h 5c Th] [4s]
BusTim: bets $6
manly70: calls $6
*** RIVER *** [2h 5c Th 4s] [3h]
BusTim: checks
manly70: bets $6
BusTim: calls $6
*** SHOW DOWN ***
manly70: shows [As 5s] (a straight, Ace to Five)
BusTim: mucks hand
manly70 collected $47.50 from pot
*** SUMMARY ***
Total pot $48 | Rake $0.50
Board [2h 5c Th 4s 3h]
Seat 1: manly70 (button) (small blind) showed [As 5s] and won ($47.50) with a straight, Ace to Five
Seat 2: BusTim (big blind) mucked


PokerStars Hand #145789366654:  Hold'em Limit ($3/$6 USD) - 2015/12/23 8:35:52 ET
Table 'Apus' 6-max Seat #1 is the button
Seat 1: manly70 ($387.47 in chips)
Seat 2: BusTim ($183 in chips)
manly70: posts small blind $1
BusTim: posts big blind $3
*** HOLE CARDS ***
manly70: raises $3 to $6
BusTim: calls $3
*** FLOP *** [Kd 4h 8d]
BusTim: checks
manly70: bets $3
BusTim: calls $3
*** TURN *** [Kd 4h 8d] [7d]
BusTim: checks
manly70: checks
*** RIVER *** [Kd 4h 8d 7d] [8c]
BusTim: checks
manly70: checks
*** SHOW DOWN ***
BusTim: shows [9s Qh] (a pair of Eights)
manly70: shows [4s Ac] (two pair, Eights and Fours)
manly70 collected $17.64 from pot
*** SUMMARY ***
Total pot $18 | Rake $0.36
Board [Kd 4h 8d 7d 8c]
Seat 1: manly70 (button) (small blind) showed [4s Ac] and won ($17.64) with two pair, Eights and Fours
Seat 2: BusTim (big blind) showed [9s Qh] and lost with a pair of Eights


PokerStars Hand #145789330908:  Hold'em Limit ($3/$6 USD) - 2015/12/23 8:34:56 ET
Table 'Apus' 6-max Seat #2 is the button
Seat 1: manly70 ($390.47 in chips)
Seat 2: BusTim ($180 in chips)
BusTim: posts small blind $1
manly70: posts big blind $3
*** HOLE CARDS ***
BusTim: raises $3 to $6
manly70: folds
Uncalled bet ($3) returned to BusTim
BusTim collected $6 from pot
BusTim: doesn't show hand
*** SUMMARY ***
Total pot $6 | Rake $0
Seat 1: manly70 (big blind) folded before Flop
Seat 2: BusTim (button) (small blind) collected ($6)


PokerStars Hand #145789382636:  Hold'em Limit ($3/$6 USD) - 2015/12/23 8:36:16 ET
Table 'Apus' 6-max Seat #2 is the button
Seat 1: manly70 ($396.11 in chips)
Seat 2: BusTim ($180 in chips)
BusTim: posts small blind $1
manly70: posts big blind $3
*** HOLE CARDS ***
BusTim: raises $3 to $6
manly70: calls $3
*** FLOP *** [Qs 5c Js]
manly70: checks
BusTim: bets $3
manly70: calls $3
*** TURN *** [Qs 5c Js] [8s]
manly70: checks
BusTim: checks
*** RIVER *** [Qs 5c Js 8s] [5s]
manly70: checks
BusTim: checks
*** SHOW DOWN ***
manly70: shows [6h Ah] (a pair of Fives)
BusTim: shows [Ad 4c] (a pair of Fives)
manly70 collected $8.82 from pot
BusTim collected $8.82 from pot
*** SUMMARY ***
Total pot $18 | Rake $0.36
Board [Qs 5c Js 8s 5s]
Seat 1: manly70 (big blind) showed [6h Ah] and won ($8.82) with a pair of Fives
Seat 2: BusTim (button) (small blind) showed [Ad 4c] and won ($8.82) with a pair of Fives


PokerStars Hand #145789411321:  Hold'em Limit ($3/$6 USD) - 2015/12/23 8:37:01 ET
Table 'Apus' 6-max Seat #1 is the button
Seat 1: manly70 ($383.93 in chips)
Seat 2: BusTim ($191.64 in chips)
manly70: posts small blind $1
BusTim: posts big blind $3
*** HOLE CARDS ***
manly70: raises $3 to $6
BusTim: raises $3 to $9
manly70: calls $3
*** FLOP *** [Qh Kh 4h]
BusTim: bets $3
manly70: folds
Uncalled bet ($3) returned to BusTim
BusTim collected $17.64 from pot
BusTim: doesn't show hand
*** SUMMARY ***
Total pot $18 | Rake $0.36
Board [Qh Kh 4h]
Seat 1: manly70 (button) (small blind) folded on the Flop
Seat 2: BusTim (big blind) collected ($17.64)


PokerStars Hand #145789419857:  Hold'em Limit ($3/$6 USD) - 2015/12/23 8:37:14 ET
Table 'Apus' 6-max Seat #2 is the button
Seat 1: manly70 ($374.93 in chips)
Seat 2: BusTim ($200.28 in chips)
BusTim: posts small blind $1
manly70: posts big blind $3
*** HOLE CARDS ***
BusTim: raises $3 to $6
manly70: calls $3
*** FLOP *** [3c Kh 2s]
manly70: checks
BusTim: bets $3
manly70: folds
Uncalled bet ($3) returned to BusTim
BusTim collected $11.76 from pot
BusTim: doesn't show hand
*** SUMMARY ***
Total pot $12 | Rake $0.24
Board [3c Kh 2s]
Seat 1: manly70 (big blind) folded on the Flop
Seat 2: BusTim (button) (small blind) collected ($11.76)


PokerStars Hand #145789407222:  Hold'em Limit ($3/$6 USD) - 2015/12/23 8:36:55 ET
Table 'Apus' 6-max Seat #2 is the button
Seat 1: manly70 ($386.93 in chips)
Seat 2: BusTim ($188.64 in chips)
BusTim: posts small blind $1
manly70: posts big blind $3
*** HOLE CARDS ***
BusTim: raises $3 to $6
manly70: folds
Uncalled bet ($3) returned to BusTim
BusTim collected $6 from pot
BusTim: doesn't show hand
*** SUMMARY ***
Total pot $6 | Rake $0
Seat 1: manly70 (big blind) folded before Flop
Seat 2: BusTim (button) (small blind) collected ($6)


PokerStars Hand #145789395327:  Hold'em Limit ($3/$6 USD) - 2015/12/23 8:36:36 ET
Table 'Apus' 6-max Seat #1 is the button
Seat 1: manly70 ($395.93 in chips)
Seat 2: BusTim ($180 in chips)
manly70: posts small blind $1
BusTim: posts big blind $3
*** HOLE CARDS ***
manly70: calls $2
BusTim: raises $3 to $6
manly70: calls $3
*** FLOP *** [Qs Jh 7s]
BusTim: bets $3
manly70: calls $3
*** TURN *** [Qs Jh 7s] [5d]
BusTim: bets $6
manly70: folds
Uncalled bet ($6) returned to BusTim
BusTim collected $17.64 from pot
BusTim: doesn't show hand
*** SUMMARY ***
Total pot $18 | Rake $0.36
Board [Qs Jh 7s 5d]
Seat 1: manly70 (button) (small blind) folded on the Turn
Seat 2: BusTim (big blind) collected ($17.64)


PokerStars Hand #145789447049:  Hold'em Limit ($3/$6 USD) - 2015/12/23 8:37:57 ET
Table 'Apus' 6-max Seat #2 is the button
Seat 1: manly70 ($368.68 in chips)
Seat 2: BusTim ($205.79 in chips)
BusTim: posts small blind $1
manly70: posts big blind $3
*** HOLE CARDS ***
BusTim: raises $3 to $6
manly70: raises $3 to $9
BusTim: calls $3
*** FLOP *** [8d Qh 4s]
manly70: bets $3
BusTim: calls $3
*** TURN *** [8d Qh 4s] [8c]
manly70: bets $6
BusTim: folds
Uncalled bet ($6) returned to manly70
manly70 collected $23.52 from pot
manly70: doesn't show hand
*** SUMMARY ***
Total pot $24 | Rake $0.48
Board [8d Qh 4s 8c]
Seat 1: manly70 (big blind) collected ($23.52)
Seat 2: BusTim (button) (small blind) folded on the Turn


PokerStars Hand #145789428512:  Hold'em Limit ($3/$6 USD) - 2015/12/23 8:37:28 ET
Table 'Apus' 6-max Seat #1 is the button
Seat 1: manly70 ($368.93 in chips)
Seat 2: BusTim ($206.04 in chips)
manly70: posts small blind $1
BusTim: posts big blind $3
*** HOLE CARDS ***
manly70: raises $3 to $6
BusTim: calls $3
*** FLOP *** [Jd 8s 7h]
BusTim: checks
manly70: bets $3
BusTim: raises $3 to $6
manly70: calls $3
*** TURN *** [Jd 8s 7h] [Kh]
BusTim: checks
manly70: checks
*** RIVER *** [Jd 8s 7h Kh] [9c]
BusTim: bets $6
manly70: raises $6 to $12
BusTim: calls $6
*** SHOW DOWN ***
manly70: shows [Ad Ts] (a straight, Seven to Jack)
BusTim: shows [6d Th] (a straight, Seven to Jack)
BusTim collected $23.75 from pot
manly70 collected $23.75 from pot
*** SUMMARY ***
Total pot $48 | Rake $0.50
Board [Jd 8s 7h Kh 9c]
Seat 1: manly70 (button) (small blind) showed [Ad Ts] and won ($23.75) with a straight, Seven to Jack
Seat 2: BusTim (big blind) showed [6d Th] and won ($23.75) with a straight, Seven to Jack


PokerStars Hand #145789490202:  Hold'em Limit ($3/$6 USD) - 2015/12/23 8:39:04 ET
Table 'Apus' 6-max Seat #1 is the button
Seat 1: manly70 ($388.72 in chips)
Seat 2: BusTim ($184.79 in chips)
manly70: posts small blind $1
BusTim: posts big blind $3
*** HOLE CARDS ***
manly70: raises $3 to $6
BusTim: folds
Uncalled bet ($3) returned to manly70
manly70 collected $6 from pot
manly70: doesn't show hand
*** SUMMARY ***
Total pot $6 | Rake $0
Seat 1: manly70 (button) (small blind) collected ($6)
Seat 2: BusTim (big blind) folded before Flop


PokerStars Hand #145789485608:  Hold'em Limit ($3/$6 USD) - 2015/12/23 8:38:57 ET
Table 'Apus' 6-max Seat #2 is the button
Seat 1: manly70 ($391.72 in chips)
Seat 2: BusTim ($181.79 in chips)
BusTim: posts small blind $1
manly70: posts big blind $3
*** HOLE CARDS ***
BusTim: raises $3 to $6
manly70: folds
Uncalled bet ($3) returned to BusTim
BusTim collected $6 from pot
BusTim: doesn't show hand
*** SUMMARY ***
Total pot $6 | Rake $0
Seat 1: manly70 (big blind) folded before Flop
Seat 2: BusTim (button) (small blind) collected ($6)


PokerStars Hand #145789509579:  Hold'em Limit ($3/$6 USD) - 2015/12/23 8:39:35 ET
Table 'Apus' 6-max Seat #1 is the button
Seat 1: manly70 ($400.36 in chips)
Seat 2: BusTim ($180 in chips)
manly70: posts small blind $1
BusTim: posts big blind $3
*** HOLE CARDS ***
manly70: folds
Uncalled bet ($2) returned to BusTim
BusTim collected $2 from pot
BusTim: doesn't show hand
*** SUMMARY ***
Total pot $2 | Rake $0
Seat 1: manly70 (button) (small blind) folded before Flop
Seat 2: BusTim (big blind) collected ($2)


PokerStars Hand #145789495292:  Hold'em Limit ($3/$6 USD) - 2015/12/23 8:39:13 ET
Table 'Apus' 6-max Seat #2 is the button
Seat 1: manly70 ($391.72 in chips)
Seat 2: BusTim ($181.79 in chips)
BusTim: posts small blind $1
manly70: posts big blind $3
*** HOLE CARDS ***
BusTim: raises $3 to $6
manly70: calls $3
*** FLOP *** [9h 5h 7d]
manly70: checks
BusTim: bets $3
manly70: calls $3
*** TURN *** [9h 5h 7d] [Js]
manly70: checks
BusTim: checks
*** RIVER *** [9h 5h 7d Js] [6h]
manly70: bets $6
BusTim: folds
Uncalled bet ($6) returned to manly70
manly70 collected $17.64 from pot
manly70: doesn't show hand
*** SUMMARY ***
Total pot $18 | Rake $0.36
Board [9h 5h 7d Js 6h]
Seat 1: manly70 (big blind) collected ($17.64)
Seat 2: BusTim (button) (small blind) folded on the River


PokerStars Hand #145789478424:  Hold'em Limit ($3/$6 USD) - 2015/12/23 8:38:46 ET
Table 'Apus' 6-max Seat #2 is the button
Seat 1: manly70 ($391.72 in chips)
Seat 2: BusTim ($181.79 in chips)
BusTim: posts small blind $1
manly70: posts big blind $3
*** HOLE CARDS ***
BusTim: folds
Uncalled bet ($2) returned to manly70
manly70 collected $2 from pot
manly70: doesn't show hand
*** SUMMARY ***
Total pot $2 | Rake $0
Seat 1: manly70 (big blind) collected ($2)
Seat 2: BusTim (button) (small blind) folded before Flop


PokerStars Hand #145789461362:  Hold'em Limit ($3/$6 USD) - 2015/12/23 8:38:19 ET
Table 'Apus' 6-max Seat #1 is the button
Seat 1: manly70 ($380.20 in chips)
Seat 2: BusTim ($193.79 in chips)
manly70: posts small blind $1
BusTim: posts big blind $3
*** HOLE CARDS ***
manly70: raises $3 to $6
BusTim: calls $3
*** FLOP *** [Qs Ad 3h]
BusTim: checks
manly70: bets $3
BusTim: raises $3 to $6
manly70: calls $3
*** TURN *** [Qs Ad 3h] [5c]
BusTim: checks
manly70: checks
*** RIVER *** [Qs Ad 3h 5c] [Jh]
BusTim: checks
manly70: checks
*** SHOW DOWN ***
BusTim: shows [4c 5h] (a pair of Fives)
manly70: shows [Tc Ts] (a pair of Tens)
manly70 collected $23.52 from pot
*** SUMMARY ***
Total pot $24 | Rake $0.48
Board [Qs Ad 3h 5c Jh]
Seat 1: manly70 (button) (small blind) showed [Tc Ts] and won ($23.52) with a pair of Tens
Seat 2: BusTim (big blind) showed [4c 5h] and lost with a pair of Fives


PokerStars Hand #145789481291:  Hold'em Limit ($3/$6 USD) - 2015/12/23 8:38:51 ET
Table 'Apus' 6-max Seat #1 is the button
Seat 1: manly70 ($392.72 in chips)
Seat 2: BusTim ($180.79 in chips)
manly70: posts small blind $1
BusTim: posts big blind $3
*** HOLE CARDS ***
manly70: folds
Uncalled bet ($2) returned to BusTim
BusTim collected $2 from pot
BusTim: doesn't show hand
*** SUMMARY ***
Total pot $2 | Rake $0
Seat 1: manly70 (button) (small blind) folded before Flop
Seat 2: BusTim (big blind) collected ($2)


PokerStars Hand #145789513471:  Hold'em Limit ($3/$6 USD) - 2015/12/23 8:39:41 ET
Table 'Apus' 6-max Seat #2 is the button
Seat 1: manly70 ($399.36 in chips)
Seat 2: BusTim ($181 in chips)
BusTim: posts small blind $1
manly70: posts big blind $3
*** HOLE CARDS ***
BusTim: raises $3 to $6
manly70: calls $3
*** FLOP *** [7c Jd Ac]
manly70: checks
BusTim: bets $3
manly70: calls $3
*** TURN *** [7c Jd Ac] [Ks]
manly70: checks
BusTim: bets $6
manly70: folds
Uncalled bet ($6) returned to BusTim
BusTim collected $17.64 from pot
BusTim: doesn't show hand
*** SUMMARY ***
Total pot $18 | Rake $0.36
Board [7c Jd Ac Ks]
Seat 1: manly70 (big blind) folded on the Turn
Seat 2: BusTim (button) (small blind) collected ($17.64)


PokerStars Hand #145789525405:  Hold'em Limit ($3/$6 USD) - 2015/12/23 8:40:00 ET
Table 'Apus' 6-max Seat #1 is the button
Seat 1: manly70 ($390.36 in chips)
Seat 2: BusTim ($189.64 in chips)
manly70: posts small blind $1
BusTim: posts big blind $3
*** HOLE CARDS ***
manly70: calls $2
BusTim: checks
*** FLOP *** [9h 9d Ts]
BusTim: checks
manly70: bets $3
BusTim: folds
Uncalled bet ($3) returned to manly70
manly70 collected $5.88 from pot
manly70: doesn't show hand
*** SUMMARY ***
Total pot $6 | Rake $0.12
Board [9h 9d Ts]
Seat 1: manly70 (button) (small blind) collected ($5.88)
Seat 2: BusTim (big blind) folded on the Flop


PokerStars Hand #145789536422:  Hold'em Limit ($3/$6 USD) - 2015/12/23 8:40:17 ET
Table 'Apus' 6-max Seat #2 is the button
Seat 1: manly70 ($393.24 in chips)
Seat 2: BusTim ($186.64 in chips)
BusTim: posts small blind $1
manly70: posts big blind $3
*** HOLE CARDS ***
BusTim: raises $3 to $6
manly70: calls $3
*** FLOP *** [Ah Kd Ks]
manly70: checks
BusTim: bets $3
manly70: folds
Uncalled bet ($3) returned to BusTim
BusTim collected $11.76 from pot
BusTim: doesn't show hand
*** SUMMARY ***
Total pot $12 | Rake $0.24
Board [Ah Kd Ks]
Seat 1: manly70 (big blind) folded on the Flop
Seat 2: BusTim (button) (small blind) collected ($11.76)


PokerStars Hand #145789544007:  Hold'em Limit ($3/$6 USD) - 2015/12/23 8:40:29 ET
Table 'Apus' 6-max Seat #1 is the button
Seat 1: manly70 ($387.24 in chips)
Seat 2: BusTim ($192.40 in chips)
manly70: posts small blind $1
BusTim: posts big blind $3
*** HOLE CARDS ***
manly70: calls $2
BusTim: raises $3 to $6
manly70: calls $3
*** FLOP *** [Js 6s Ad]
BusTim: bets $3
manly70: folds
Uncalled bet ($3) returned to BusTim
BusTim collected $11.76 from pot
BusTim: doesn't show hand
*** SUMMARY ***
Total pot $12 | Rake $0.24
Board [Js 6s Ad]
Seat 1: manly70 (button) (small blind) folded on the Flop
Seat 2: BusTim (big blind) collected ($11.76)


PokerStars Hand #145789555063:  Hold'em Limit ($3/$6 USD) - 2015/12/23 8:40:47 ET
Table 'Apus' 6-max Seat #1 is the button
Seat 1: manly70 ($382.24 in chips)
Seat 2: BusTim ($197.16 in chips)
manly70: posts small blind $1
BusTim: posts big blind $3
*** HOLE CARDS ***
manly70: folds
Uncalled bet ($2) returned to BusTim
BusTim collected $2 from pot
BusTim: doesn't show hand
*** SUMMARY ***
Total pot $2 | Rake $0
Seat 1: manly70 (button) (small blind) folded before Flop
Seat 2: BusTim (big blind) collected ($2)


PokerStars Hand #145789551778:  Hold'em Limit ($3/$6 USD) - 2015/12/23 8:40:42 ET
Table 'Apus' 6-max Seat #2 is the button
Seat 1: manly70 ($381.24 in chips)
Seat 2: BusTim ($198.16 in chips)
BusTim: posts small blind $1
manly70: posts big blind $3
*** HOLE CARDS ***
BusTim: folds
Uncalled bet ($2) returned to manly70
manly70 collected $2 from pot
manly70: doesn't show hand
*** SUMMARY ***
Total pot $2 | Rake $0
Seat 1: manly70 (big blind) collected ($2)
Seat 2: BusTim (button) (small blind) folded before Flop


PokerStars Hand #145789571397:  Hold'em Limit ($3/$6 USD) - 2015/12/23 8:41:13 ET
Table 'Apus' 6-max Seat #1 is the button
Seat 1: manly70 ($389.88 in chips)
Seat 2: BusTim ($189.16 in chips)
manly70: posts small blind $1
BusTim: posts big blind $3
*** HOLE CARDS ***
manly70: folds
Uncalled bet ($2) returned to BusTim
BusTim collected $2 from pot
BusTim: doesn't show hand
*** SUMMARY ***
Total pot $2 | Rake $0
Seat 1: manly70 (button) (small blind) folded before Flop
Seat 2: BusTim (big blind) collected ($2)


PokerStars Hand #145789558871:  Hold'em Limit ($3/$6 USD) - 2015/12/23 8:40:53 ET
Table 'Apus' 6-max Seat #2 is the button
Seat 1: manly70 ($381.24 in chips)
Seat 2: BusTim ($198.16 in chips)
BusTim: posts small blind $1
manly70: posts big blind $3
*** HOLE CARDS ***
BusTim: raises $3 to $6
manly70: calls $3
*** FLOP *** [Td 6d 3s]
manly70: checks
BusTim: bets $3
manly70: calls $3
*** TURN *** [Td 6d 3s] [2d]
manly70: checks
BusTim: checks
*** RIVER *** [Td 6d 3s 2d] [Ts]
manly70: checks
BusTim: checks
*** SHOW DOWN ***
manly70: shows [4h Qh] (a pair of Tens)
BusTim: mucks hand
manly70 collected $17.64 from pot
*** SUMMARY ***
Total pot $18 | Rake $0.36
Board [Td 6d 3s 2d Ts]
Seat 1: manly70 (big blind) showed [4h Qh] and won ($17.64) with a pair of Tens
Seat 2: BusTim (button) (small blind) mucked


PokerStars Hand #145789579626:  Hold'em Limit ($3/$6 USD) - 2015/12/23 8:41:26 ET
Table 'Apus' 6-max Seat #1 is the button
Seat 1: manly70 ($385.88 in chips)
Seat 2: BusTim ($193.16 in chips)
manly70: posts small blind $1
BusTim: posts big blind $3
*** HOLE CARDS ***
manly70: calls $2
BusTim: checks
*** FLOP *** [5h Kc Qh]
BusTim: checks
manly70: bets $3
BusTim: calls $3
*** TURN *** [5h Kc Qh] [Ad]
BusTim: checks
manly70: bets $6
BusTim: calls $6
*** RIVER *** [5h Kc Qh Ad] [7c]
BusTim: checks
manly70: checks
*** SHOW DOWN ***
BusTim: shows [Js 5d] (a pair of Fives)
manly70: shows [Ks 6c] (a pair of Kings)
manly70 collected $23.52 from pot
*** SUMMARY ***
Total pot $24 | Rake $0.48
Board [5h Kc Qh Ad 7c]
Seat 1: manly70 (button) (small blind) showed [Ks 6c] and won ($23.52) with a pair of Kings
Seat 2: BusTim (big blind) showed [Js 5d] and lost with a pair of Fives


PokerStars Hand #145789594767:  Hold'em Limit ($3/$6 USD) - 2015/12/23 8:41:50 ET
Table 'Apus' 6-max Seat #2 is the button
Seat 1: manly70 ($397.40 in chips)
Seat 2: BusTim ($181.16 in chips)
BusTim: posts small blind $1
manly70: posts big blind $3
*** HOLE CARDS ***
BusTim: raises $3 to $6
manly70: calls $3
*** FLOP *** [Ac 2c 8d]
manly70: checks
BusTim: bets $3
manly70: folds
Uncalled bet ($3) returned to BusTim
BusTim collected $11.76 from pot
BusTim: doesn't show hand
*** SUMMARY ***
Total pot $12 | Rake $0.24
Board [Ac 2c 8d]
Seat 1: manly70 (big blind) folded on the Flop
Seat 2: BusTim (button) (small blind) collected ($11.76)


PokerStars Hand #145789602816:  Hold'em Limit ($3/$6 USD) - 2015/12/23 8:42:02 ET
Table 'Apus' 6-max Seat #1 is the button
Seat 1: manly70 ($391.40 in chips)
Seat 2: BusTim ($186.92 in chips)
manly70: posts small blind $1
BusTim: posts big blind $3
*** HOLE CARDS ***
manly70: folds
Uncalled bet ($2) returned to BusTim
BusTim collected $2 from pot
BusTim: doesn't show hand
*** SUMMARY ***
Total pot $2 | Rake $0
Seat 1: manly70 (button) (small blind) folded before Flop
Seat 2: BusTim (big blind) collected ($2)


PokerStars Hand #145789648514:  Hold'em Limit ($3/$6 USD) - 2015/12/23 8:43:10 ET
Table 'Apus' 6-max Seat #1 is the button
Seat 1: manly70 ($398.90 in chips)
Seat 2: BusTim ($183 in chips)
manly70: posts small blind $1
BusTim: posts big blind $3
*** HOLE CARDS ***
manly70: calls $2
BusTim: raises $3 to $6
manly70: calls $3
*** FLOP *** [Kh 4d Jh]
BusTim: bets $3
manly70: calls $3
*** TURN *** [Kh 4d Jh] [2s]
BusTim: bets $6
manly70: calls $6
*** RIVER *** [Kh 4d Jh 2s] [8s]
BusTim: checks
manly70: bets $6
BusTim: raises $6 to $12
manly70: calls $6
*** SHOW DOWN ***
BusTim: shows [2d 8d] (two pair, Eights and Deuces)
manly70: mucks hand
BusTim collected $53.50 from pot
*** SUMMARY ***
Total pot $54 | Rake $0.50
Board [Kh 4d Jh 2s 8s]
Seat 1: manly70 (button) (small blind) mucked
Seat 2: BusTim (big blind) showed [2d 8d] and won ($53.50) with two pair, Eights and Deuces


PokerStars Hand #145789636450:  Hold'em Limit ($3/$6 USD) - 2015/12/23 8:42:52 ET
Table 'Apus' 6-max Seat #2 is the button
Seat 1: manly70 ($401.90 in chips)
Seat 2: BusTim ($180 in chips)
BusTim: posts small blind $1
manly70: posts big blind $3
*** HOLE CARDS ***
BusTim: raises $3 to $6
manly70: folds
Uncalled bet ($3) returned to BusTim
BusTim collected $6 from pot
BusTim: doesn't show hand
*** SUMMARY ***
Total pot $6 | Rake $0
Seat 1: manly70 (big blind) folded before Flop
Seat 2: BusTim (button) (small blind) collected ($6)


PokerStars Hand #145789611996:  Hold'em Limit ($3/$6 USD) - 2015/12/23 8:42:14 ET
Table 'Apus' 6-max Seat #1 is the button
Seat 1: manly70 ($387.40 in chips)
Seat 2: BusTim ($190.92 in chips)
manly70: posts small blind $1
BusTim: posts big blind $3
*** HOLE CARDS ***
manly70: raises $3 to $6
BusTim: calls $3
*** FLOP *** [6h Js 9s]
BusTim: checks
manly70: bets $3
BusTim: calls $3
*** TURN *** [6h Js 9s] [4c]
BusTim: checks
manly70: bets $6
BusTim: calls $6
*** RIVER *** [6h Js 9s 4c] [8s]
BusTim: checks
manly70: bets $6
BusTim: folds
Uncalled bet ($6) returned to manly70
manly70 collected $29.50 from pot
manly70: doesn't show hand
*** SUMMARY ***
Total pot $30 | Rake $0.50
Board [6h Js 9s 4c 8s]
Seat 1: manly70 (button) (small blind) collected ($29.50)
Seat 2: BusTim (big blind) folded on the River


PokerStars Hand #145789645119:  Hold'em Limit ($3/$6 USD) - 2015/12/23 8:43:05 ET
Table 'Apus' 6-max Seat #2 is the button
Seat 1: manly70 ($397.90 in chips)
Seat 2: BusTim ($184 in chips)
BusTim: posts small blind $1
manly70: posts big blind $3
*** HOLE CARDS ***
BusTim: folds
Uncalled bet ($2) returned to manly70
manly70 collected $2 from pot
manly70: doesn't show hand
*** SUMMARY ***
Total pot $2 | Rake $0
Seat 1: manly70 (big blind) collected ($2)
Seat 2: BusTim (button) (small blind) folded before Flop


PokerStars Hand #145789641540:  Hold'em Limit ($3/$6 USD) - 2015/12/23 8:42:59 ET
Table 'Apus' 6-max Seat #1 is the button
Seat 1: manly70 ($398.90 in chips)
Seat 2: BusTim ($183 in chips)
manly70: posts small blind $1
BusTim: posts big blind $3
*** HOLE CARDS ***
manly70: folds
Uncalled bet ($2) returned to BusTim
BusTim collected $2 from pot
BusTim: doesn't show hand
*** SUMMARY ***
Total pot $2 | Rake $0
Seat 1: manly70 (button) (small blind) folded before Flop
Seat 2: BusTim (big blind) collected ($2)


PokerStars Hand #145789693879:  Hold'em Limit ($3/$6 USD) - 2015/12/23 8:44:18 ET
Table 'Apus' 6-max Seat #2 is the button
Seat 1: manly70 ($362.54 in chips)
Seat 2: BusTim ($218 in chips)
BusTim: posts small blind $1
manly70: posts big blind $3
*** HOLE CARDS ***
BusTim: folds
Uncalled bet ($2) returned to manly70
manly70 collected $2 from pot
manly70: doesn't show hand
*** SUMMARY ***
Total pot $2 | Rake $0
Seat 1: manly70 (big blind) collected ($2)
Seat 2: BusTim (button) (small blind) folded before Flop


PokerStars Hand #145789677600:  Hold'em Limit ($3/$6 USD) - 2015/12/23 8:43:54 ET
Table 'Apus' 6-max Seat #1 is the button
Seat 1: manly70 ($380.54 in chips)
Seat 2: BusTim ($200.50 in chips)
manly70: posts small blind $1
BusTim: posts big blind $3
*** HOLE CARDS ***
manly70: raises $3 to $6
BusTim: calls $3
*** FLOP *** [5h Qc Qh]
BusTim: checks
manly70: bets $3
BusTim: raises $3 to $6
manly70: calls $3
*** TURN *** [5h Qc Qh] [9d]
BusTim: bets $6
manly70: calls $6
*** RIVER *** [5h Qc Qh 9d] [6c]
BusTim: checks
manly70: checks
*** SHOW DOWN ***
BusTim: shows [Jc 5c] (two pair, Queens and Fives)
manly70: mucks hand
BusTim collected $35.50 from pot
*** SUMMARY ***
Total pot $36 | Rake $0.50
Board [5h Qc Qh 9d 6c]
Seat 1: manly70 (button) (small blind) mucked
Seat 2: BusTim (big blind) showed [Jc 5c] and won ($35.50) with two pair, Queens and Fives


PokerStars Hand #145789667011:  Hold'em Limit ($3/$6 USD) - 2015/12/23 8:43:38 ET
Table 'Apus' 6-max Seat #2 is the button
Seat 1: manly70 ($371.90 in chips)
Seat 2: BusTim ($209.50 in chips)
BusTim: posts small blind $1
manly70: posts big blind $3
*** HOLE CARDS ***
BusTim: raises $3 to $6
manly70: calls $3
*** FLOP *** [2c 6c Qd]
manly70: checks
BusTim: bets $3
manly70: raises $3 to $6
BusTim: folds
Uncalled bet ($3) returned to manly70
manly70 collected $17.64 from pot
manly70: doesn't show hand
*** SUMMARY ***
Total pot $18 | Rake $0.36
Board [2c 6c Qd]
Seat 1: manly70 (big blind) collected ($17.64)
Seat 2: BusTim (button) (small blind) folded on the Flop


PokerStars Hand #145789697141:  Hold'em Limit ($3/$6 USD) - 2015/12/23 8:44:23 ET
Table 'Apus' 6-max Seat #1 is the button
Seat 1: manly70 ($363.54 in chips)
Seat 2: BusTim ($217 in chips)
manly70: posts small blind $1
BusTim: posts big blind $3
*** HOLE CARDS ***
manly70: raises $3 to $6
BusTim: calls $3
*** FLOP *** [2s 8h As]
BusTim: checks
manly70: bets $3
BusTim: calls $3
*** TURN *** [2s 8h As] [Kh]
BusTim: checks
manly70: bets $6
BusTim: calls $6
*** RIVER *** [2s 8h As Kh] [Qc]
BusTim: checks
manly70: bets $6
BusTim: calls $6
*** SHOW DOWN ***
manly70: shows [Kc Ad] (two pair, Aces and Kings)
BusTim: mucks hand
manly70 collected $41.50 from pot
*** SUMMARY ***
Total pot $42 | Rake $0.50
Board [2s 8h As Kh Qc]
Seat 1: manly70 (button) (small blind) showed [Kc Ad] and won ($41.50) with two pair, Aces and Kings
Seat 2: BusTim (big blind) mucked


PokerStars Hand #145789728551:  Hold'em Limit ($3/$6 USD) - 2015/12/23 8:45:10 ET
Table 'Apus' 6-max Seat #1 is the button
Seat 1: manly70 ($375.04 in chips)
Seat 2: BusTim ($204.64 in chips)
manly70: posts small blind $1
BusTim: posts big blind $3
*** HOLE CARDS ***
manly70: calls $2
BusTim: checks
*** FLOP *** [4s 3d 7h]
BusTim: bets $3
manly70: calls $3
*** TURN *** [4s 3d 7h] [8c]
BusTim: bets $6
manly70: calls $6
*** RIVER *** [4s 3d 7h 8c] [Ac]
BusTim: checks
manly70: checks
*** SHOW DOWN ***
BusTim: shows [8s 4h] (two pair, Eights and Fours)
manly70: mucks hand
BusTim collected $23.52 from pot
*** SUMMARY ***
Total pot $24 | Rake $0.48
Board [4s 3d 7h 8c Ac]
Seat 1: manly70 (button) (small blind) mucked
Seat 2: BusTim (big blind) showed [8s 4h] and won ($23.52) with two pair, Eights and Fours


PokerStars Hand #145789715582:  Hold'em Limit ($3/$6 USD) - 2015/12/23 8:44:51 ET
Table 'Apus' 6-max Seat #2 is the button
Seat 1: manly70 ($384.04 in chips)
Seat 2: BusTim ($196 in chips)
BusTim: posts small blind $1
manly70: posts big blind $3
*** HOLE CARDS ***
BusTim: raises $3 to $6
manly70: calls $3
*** FLOP *** [Jc 7s Js]
manly70: checks
BusTim: bets $3
manly70: calls $3
*** TURN *** [Jc 7s Js] [6d]
manly70: checks
BusTim: bets $6
manly70: folds
Uncalled bet ($6) returned to BusTim
BusTim collected $17.64 from pot
BusTim: doesn't show hand
*** SUMMARY ***
Total pot $18 | Rake $0.36
Board [Jc 7s Js 6d]
Seat 1: manly70 (big blind) folded on the Turn
Seat 2: BusTim (button) (small blind) collected ($17.64)


PokerStars Hand #145789755385:  Hold'em Limit ($3/$6 USD) - 2015/12/23 8:45:50 ET
Table 'Apus' 6-max Seat #1 is the button
Seat 1: manly70 ($354.04 in chips)
Seat 2: BusTim ($224.80 in chips)
manly70: posts small blind $1
BusTim: posts big blind $3
*** HOLE CARDS ***
manly70: raises $3 to $6
BusTim: calls $3
*** FLOP *** [9c Ac 9s]
BusTim: checks
manly70: bets $3
BusTim: calls $3
*** TURN *** [9c Ac 9s] [6s]
BusTim: checks
manly70: bets $6
BusTim: calls $6
*** RIVER *** [9c Ac 9s 6s] [2d]
BusTim: checks
manly70: checks
*** SHOW DOWN ***
BusTim: shows [Ah 3h] (two pair, Aces and Nines)
manly70: mucks hand
BusTim collected $29.50 from pot
*** SUMMARY ***
Total pot $30 | Rake $0.50
Board [9c Ac 9s 6s 2d]
Seat 1: manly70 (button) (small blind) mucked
Seat 2: BusTim (big blind) showed [Ah 3h] and won ($29.50) with two pair, Aces and Nines


PokerStars Hand #145789785574:  Hold'em Limit ($3/$6 USD) - 2015/12/23 8:46:36 ET
Table 'Apus' 6-max Seat #1 is the button
Seat 1: manly70 ($324.04 in chips)
Seat 2: BusTim ($253.80 in chips)
manly70: posts small blind $1
BusTim: posts big blind $3
*** HOLE CARDS ***
manly70: folds
Uncalled bet ($2) returned to BusTim
BusTim collected $2 from pot
BusTim: doesn't show hand
*** SUMMARY ***
Total pot $2 | Rake $0
Seat 1: manly70 (button) (small blind) folded before Flop
Seat 2: BusTim (big blind) collected ($2)


PokerStars Hand #145789769925:  Hold'em Limit ($3/$6 USD) - 2015/12/23 8:46:12 ET
Table 'Apus' 6-max Seat #2 is the button
Seat 1: manly70 ($339.04 in chips)
Seat 2: BusTim ($239.30 in chips)
BusTim: posts small blind $1
manly70: posts big blind $3
*** HOLE CARDS ***
BusTim: raises $3 to $6
manly70: calls $3
*** FLOP *** [9c 7c 3c]
manly70: checks
BusTim: bets $3
manly70: calls $3
*** TURN *** [9c 7c 3c] [8s]
manly70: checks
BusTim: bets $6
manly70: calls $6
*** RIVER *** [9c 7c 3c 8s] [Ad]
manly70: checks
BusTim: checks
*** SHOW DOWN ***
manly70: shows [2h 2c] (a pair of Deuces)
BusTim: shows [Qh Qc] (a pair of Queens)
BusTim collected $29.50 from pot
*** SUMMARY ***
Total pot $30 | Rake $0.50
Board [9c 7c 3c 8s Ad]
Seat 1: manly70 (big blind) showed [2h 2c] and lost with a pair of Deuces
Seat 2: BusTim (button) (small blind) showed [Qh Qc] and won ($29.50) with a pair of Queens


PokerStars Hand #145789741908:  Hold'em Limit ($3/$6 USD) - 2015/12/23 8:45:30 ET
Table 'Apus' 6-max Seat #2 is the button
Seat 1: manly70 ($363.04 in chips)
Seat 2: BusTim ($216.16 in chips)
BusTim: posts small blind $1
manly70: posts big blind $3
*** HOLE CARDS ***
BusTim: raises $3 to $6
manly70: calls $3
*** FLOP *** [Ac 5h 3h]
manly70: checks
BusTim: bets $3
manly70: calls $3
*** TURN *** [Ac 5h 3h] [Ah]
manly70: checks
BusTim: bets $6
manly70: folds
Uncalled bet ($6) returned to BusTim
BusTim collected $17.64 from pot
BusTim: doesn't show hand
*** SUMMARY ***
Total pot $18 | Rake $0.36
Board [Ac 5h 3h Ah]
Seat 1: manly70 (big blind) folded on the Turn
Seat 2: BusTim (button) (small blind) collected ($17.64)


PokerStars Hand #145789799755:  Hold'em Limit ($3/$6 USD) - 2015/12/23 8:46:57 ET
Table 'Apus' 6-max Seat #2 is the button
Seat 1: manly70 ($327.04 in chips)
Seat 2: BusTim ($250.80 in chips)
BusTim: posts small blind $1
manly70: posts big blind $3
*** HOLE CARDS ***
BusTim: raises $3 to $6
manly70: calls $3
*** FLOP *** [Kc 3c Ah]
manly70: checks
BusTim: bets $3
manly70: folds
Uncalled bet ($3) returned to BusTim
BusTim collected $11.76 from pot
BusTim: doesn't show hand
*** SUMMARY ***
Total pot $12 | Rake $0.24
Board [Kc 3c Ah]
Seat 1: manly70 (big blind) folded on the Flop
Seat 2: BusTim (button) (small blind) collected ($11.76)


PokerStars Hand #145789813251:  Hold'em Limit ($3/$6 USD) - 2015/12/23 8:47:18 ET
Table 'Apus' 6-max Seat #2 is the button
Seat 1: manly70 ($324.04 in chips)
Seat 2: BusTim ($253.56 in chips)
BusTim: posts small blind $1
manly70: posts big blind $3
*** HOLE CARDS ***
BusTim: folds
Uncalled bet ($2) returned to manly70
manly70 collected $2 from pot
manly70: doesn't show hand
*** SUMMARY ***
Total pot $2 | Rake $0
Seat 1: manly70 (big blind) collected ($2)
Seat 2: BusTim (button) (small blind) folded before Flop


PokerStars Hand #145789807564:  Hold'em Limit ($3/$6 USD) - 2015/12/23 8:47:09 ET
Table 'Apus' 6-max Seat #1 is the button
Seat 1: manly70 ($321.04 in chips)
Seat 2: BusTim ($256.56 in chips)
manly70: posts small blind $1
BusTim: posts big blind $3
*** HOLE CARDS ***
manly70: raises $3 to $6
BusTim: folds
Uncalled bet ($3) returned to manly70
manly70 collected $6 from pot
manly70: doesn't show hand
*** SUMMARY ***
Total pot $6 | Rake $0
Seat 1: manly70 (button) (small blind) collected ($6)
Seat 2: BusTim (big blind) folded before Flop


PokerStars Hand #145789816466:  Hold'em Limit ($3/$6 USD) - 2015/12/23 8:47:23 ET
Table 'Apus' 6-max Seat #1 is the button
Seat 1: manly70 ($325.04 in chips)
Seat 2: BusTim ($252.56 in chips)
manly70: posts small blind $1
BusTim: posts big blind $3
*** HOLE CARDS ***
manly70: folds
Uncalled bet ($2) returned to BusTim
BusTim collected $2 from pot
BusTim: doesn't show hand
*** SUMMARY ***
Total pot $2 | Rake $0
Seat 1: manly70 (button) (small blind) folded before Flop
Seat 2: BusTim (big blind) collected ($2)


PokerStars Hand #145789825862:  Hold'em Limit ($3/$6 USD) - 2015/12/23 8:47:37 ET
Table 'Apus' 6-max Seat #1 is the button
Seat 1: manly70 ($321.04 in chips)
Seat 2: BusTim ($256.56 in chips)
manly70: posts small blind $1
BusTim: posts big blind $3
*** HOLE CARDS ***
manly70: folds
Uncalled bet ($2) returned to BusTim
BusTim collected $2 from pot
BusTim: doesn't show hand
*** SUMMARY ***
Total pot $2 | Rake $0
Seat 1: manly70 (button) (small blind) folded before Flop
Seat 2: BusTim (big blind) collected ($2)


PokerStars Hand #145789820479:  Hold'em Limit ($3/$6 USD) - 2015/12/23 8:47:29 ET
Table 'Apus' 6-max Seat #2 is the button
Seat 1: manly70 ($324.04 in chips)
Seat 2: BusTim ($253.56 in chips)
BusTim: posts small blind $1
manly70: posts big blind $3
*** HOLE CARDS ***
BusTim: raises $3 to $6
manly70: folds
Uncalled bet ($3) returned to BusTim
BusTim collected $6 from pot
BusTim: doesn't show hand
*** SUMMARY ***
Total pot $6 | Rake $0
Seat 1: manly70 (big blind) folded before Flop
Seat 2: BusTim (button) (small blind) collected ($6)


PokerStars Hand #145789789924:  Hold'em Limit ($3/$6 USD) - 2015/12/23 8:46:42 ET
Table 'Apus' 6-max Seat #2 is the button
Seat 1: manly70 ($323.04 in chips)
Seat 2: BusTim ($254.80 in chips)
BusTim: posts small blind $1
manly70: posts big blind $3
*** HOLE CARDS ***
BusTim: folds
Uncalled bet ($2) returned to manly70
manly70 collected $2 from pot
manly70: doesn't show hand
*** SUMMARY ***
Total pot $2 | Rake $0
Seat 1: manly70 (big blind) collected ($2)
Seat 2: BusTim (button) (small blind) folded before Flop


PokerStars Hand #145789793593:  Hold'em Limit ($3/$6 USD) - 2015/12/23 8:46:48 ET
Table 'Apus' 6-max Seat #1 is the button
Seat 1: manly70 ($324.04 in chips)
Seat 2: BusTim ($253.80 in chips)
manly70: posts small blind $1
BusTim: posts big blind $3
*** HOLE CARDS ***
manly70: raises $3 to $6
BusTim: folds
Uncalled bet ($3) returned to manly70
manly70 collected $6 from pot
manly70: doesn't show hand
*** SUMMARY ***
Total pot $6 | Rake $0
Seat 1: manly70 (button) (small blind) collected ($6)
Seat 2: BusTim (big blind) folded before Flop


PokerStars Hand #145789858536:  Hold'em Limit ($3/$6 USD) - 2015/12/23 8:48:26 ET
Table 'Apus' 6-max Seat #1 is the button
Seat 1: manly70 ($336.54 in chips)
Seat 2: BusTim ($240.56 in chips)
manly70: posts small blind $1
BusTim: posts big blind $3
*** HOLE CARDS ***
manly70: folds
Uncalled bet ($2) returned to BusTim
BusTim collected $2 from pot
BusTim: doesn't show hand
*** SUMMARY ***
Total pot $2 | Rake $0
Seat 1: manly70 (button) (small blind) folded before Flop
Seat 2: BusTim (big blind) collected ($2)


PokerStars Hand #145789840580:  Hold'em Limit ($3/$6 USD) - 2015/12/23 8:47:59 ET
Table 'Apus' 6-max Seat #2 is the button
Seat 1: manly70 ($316.04 in chips)
Seat 2: BusTim ($261.56 in chips)
BusTim: posts small blind $1
manly70: posts big blind $3
*** HOLE CARDS ***
BusTim: raises $3 to $6
manly70: calls $3
*** FLOP *** [3c 2s 8h]
manly70: checks
BusTim: bets $3
manly70: calls $3
*** TURN *** [3c 2s 8h] [2d]
manly70: checks
BusTim: bets $6
manly70: calls $6
*** RIVER *** [3c 2s 8h 2d] [Js]
manly70: checks
BusTim: bets $6
manly70: calls $6
*** SHOW DOWN ***
BusTim: shows [Qc 4h] (a pair of Deuces)
manly70: shows [Ks Ah] (a pair of Deuces - Ace kicker)
manly70 collected $41.50 from pot
*** SUMMARY ***
Total pot $42 | Rake $0.50
Board [3c 2s 8h 2d Js]
Seat 1: manly70 (big blind) showed [Ks Ah] and won ($41.50) with a pair of Deuces
Seat 2: BusTim (button) (small blind) showed [Qc 4h] and lost with a pair of Deuces


PokerStars Hand #145789834226:  Hold'em Limit ($3/$6 USD) - 2015/12/23 8:47:49 ET
Table 'Apus' 6-max Seat #1 is the button
Seat 1: manly70 ($317.04 in chips)
Seat 2: BusTim ($260.56 in chips)
manly70: posts small blind $1
BusTim: posts big blind $3
*** HOLE CARDS ***
manly70: folds
Uncalled bet ($2) returned to BusTim
BusTim collected $2 from pot
BusTim: doesn't show hand
*** SUMMARY ***
Total pot $2 | Rake $0
Seat 1: manly70 (button) (small blind) folded before Flop
Seat 2: BusTim (big blind) collected ($2)


PokerStars Hand #145789829503:  Hold'em Limit ($3/$6 USD) - 2015/12/23 8:47:43 ET
Table 'Apus' 6-max Seat #2 is the button
Seat 1: manly70 ($320.04 in chips)
Seat 2: BusTim ($257.56 in chips)
BusTim: posts small blind $1
manly70: posts big blind $3
*** HOLE CARDS ***
BusTim: raises $3 to $6
manly70: folds
Uncalled bet ($3) returned to BusTim
BusTim collected $6 from pot
BusTim: doesn't show hand
*** SUMMARY ***
Total pot $6 | Rake $0
Seat 1: manly70 (big blind) folded before Flop
Seat 2: BusTim (button) (small blind) collected ($6)


PokerStars Hand #145789878096:  Hold'em Limit ($3/$6 USD) - 2015/12/23 8:48:56 ET
Table 'Apus' 6-max Seat #1 is the button
Seat 1: manly70 ($350.04 in chips)
Seat 2: BusTim ($226.56 in chips)
manly70: posts small blind $1
BusTim: posts big blind $3
*** HOLE CARDS ***
manly70: raises $3 to $6
BusTim: calls $3
*** FLOP *** [Kh Qs Jh]
BusTim: checks
manly70: bets $3
BusTim: calls $3
*** TURN *** [Kh Qs Jh] [4d]
BusTim: checks
manly70: bets $6
BusTim: folds
Uncalled bet ($6) returned to manly70
manly70 collected $17.64 from pot
manly70: doesn't show hand
*** SUMMARY ***
Total pot $18 | Rake $0.36
Board [Kh Qs Jh 4d]
Seat 1: manly70 (button) (small blind) collected ($17.64)
Seat 2: BusTim (big blind) folded on the Turn


PokerStars Hand #145789890263:  Hold'em Limit ($3/$6 USD) - 2015/12/23 8:49:15 ET
Table 'Apus' 6-max Seat #2 is the button
Seat 1: manly70 ($358.68 in chips)
Seat 2: BusTim ($217.56 in chips)
BusTim: posts small blind $1
manly70: posts big blind $3
*** HOLE CARDS ***
BusTim: raises $3 to $6
manly70: folds
Uncalled bet ($3) returned to BusTim
BusTim collected $6 from pot
BusTim: doesn't show hand
*** SUMMARY ***
Total pot $6 | Rake $0
Seat 1: manly70 (big blind) folded before Flop
Seat 2: BusTim (button) (small blind) collected ($6)


PokerStars Hand #145789862473:  Hold'em Limit ($3/$6 USD) - 2015/12/23 8:48:33 ET
Table 'Apus' 6-max Seat #2 is the button
Seat 1: manly70 ($335.54 in chips)
Seat 2: BusTim ($241.56 in chips)
BusTim: posts small blind $1
manly70: posts big blind $3
*** HOLE CARDS ***
BusTim: raises $3 to $6
manly70: calls $3
*** FLOP *** [Qc 5h 9h]
manly70: checks
BusTim: bets $3
manly70: calls $3
*** TURN *** [Qc 5h 9h] [Kc]
manly70: checks
BusTim: bets $6
manly70: raises $6 to $12
BusTim: folds
Uncalled bet ($6) returned to manly70
manly70 collected $29.50 from pot
manly70: doesn't show hand
*** SUMMARY ***
Total pot $30 | Rake $0.50
Board [Qc 5h 9h Kc]
Seat 1: manly70 (big blind) collected ($29.50)
Seat 2: BusTim (button) (small blind) folded on the Turn


PokerStars Hand #145789899185:  Hold'em Limit ($3/$6 USD) - 2015/12/23 8:49:29 ET
Table 'Apus' 6-max Seat #2 is the button
Seat 1: manly70 ($354.68 in chips)
Seat 2: BusTim ($221.56 in chips)
BusTim: posts small blind $1
manly70: posts big blind $3
*** HOLE CARDS ***
BusTim: folds
Uncalled bet ($2) returned to manly70
manly70 collected $2 from pot
manly70: doesn't show hand
*** SUMMARY ***
Total pot $2 | Rake $0
Seat 1: manly70 (big blind) collected ($2)
Seat 2: BusTim (button) (small blind) folded before Flop


PokerStars Hand #145789895373:  Hold'em Limit ($3/$6 USD) - 2015/12/23 8:49:23 ET
Table 'Apus' 6-max Seat #1 is the button
Seat 1: manly70 ($355.68 in chips)
Seat 2: BusTim ($220.56 in chips)
manly70: posts small blind $1
BusTim: posts big blind $3
*** HOLE CARDS ***
manly70: folds
Uncalled bet ($2) returned to BusTim
BusTim collected $2 from pot
BusTim: doesn't show hand
*** SUMMARY ***
Total pot $2 | Rake $0
Seat 1: manly70 (button) (small blind) folded before Flop
Seat 2: BusTim (big blind) collected ($2)


PokerStars Hand #145789917432:  Hold'em Limit ($3/$6 USD) - 2015/12/23 8:49:56 ET
Table 'Apus' 6-max Seat #2 is the button
Seat 1: manly70 ($355.43 in chips)
Seat 2: BusTim ($220.31 in chips)
BusTim: posts small blind $1
manly70: posts big blind $3
*** HOLE CARDS ***
BusTim: raises $3 to $6
manly70: calls $3
*** FLOP *** [Ac 9s 3d]
manly70: checks
BusTim: bets $3
manly70: calls $3
*** TURN *** [Ac 9s 3d] [5c]
manly70: checks
BusTim: checks
*** RIVER *** [Ac 9s 3d 5c] [2s]
manly70: checks
BusTim: checks
*** SHOW DOWN ***
manly70: shows [Ks 7c] (high card Ace)
BusTim: mucks hand
manly70 collected $17.64 from pot
*** SUMMARY ***
Total pot $18 | Rake $0.36
Board [Ac 9s 3d 5c 2s]
Seat 1: manly70 (big blind) showed [Ks 7c] and won ($17.64) with high card Ace
Seat 2: BusTim (button) (small blind) mucked


PokerStars Hand #145789902107:  Hold'em Limit ($3/$6 USD) - 2015/12/23 8:49:33 ET
Table 'Apus' 6-max Seat #1 is the button
Seat 1: manly70 ($355.68 in chips)
Seat 2: BusTim ($220.56 in chips)
manly70: posts small blind $1
BusTim: posts big blind $3
*** HOLE CARDS ***
manly70: calls $2
BusTim: raises $3 to $6
manly70: calls $3
*** FLOP *** [3c 8h 5c]
BusTim: bets $3
manly70: calls $3
*** TURN *** [3c 8h 5c] [9d]
BusTim: checks
manly70: bets $6
BusTim: calls $6
*** RIVER *** [3c 8h 5c 9d] [Kh]
BusTim: checks
manly70: checks
*** SHOW DOWN ***
BusTim: shows [6h 5s] (a pair of Fives)
manly70: shows [5d 6s] (a pair of Fives)
BusTim collected $14.75 from pot
manly70 collected $14.75 from pot
*** SUMMARY ***
Total pot $30 | Rake $0.50
Board [3c 8h 5c 9d Kh]
Seat 1: manly70 (button) (small blind) showed [5d 6s] and won ($14.75) with a pair of Fives
Seat 2: BusTim (big blind) showed [6h 5s] and won ($14.75) with a pair of Fives


PokerStars Hand #145789927945:  Hold'em Limit ($3/$6 USD) - 2015/12/23 8:50:13 ET
Table 'Apus' 6-max Seat #1 is the button
Seat 1: manly70 ($364.07 in chips)
Seat 2: BusTim ($211.31 in chips)
manly70: posts small blind $1
BusTim: posts big blind $3
*** HOLE CARDS ***
manly70: calls $2
hooverr joins the table at seat #6
BusTim: raises $3 to $6
manly70: calls $3
*** FLOP *** [6d Kh 6s]
BusTim: bets $3
manly70: calls $3
*** TURN *** [6d Kh 6s] [5d]
BusTim: checks
manly70: bets $6
BusTim: calls $6
*** RIVER *** [6d Kh 6s 5d] [Qs]
BusTim: checks
manly70: bets $6
BusTim: calls $6
*** SHOW DOWN ***
manly70: shows [Js 4s] (a pair of Sixes)
BusTim: shows [Ad 3c] (a pair of Sixes - Ace kicker)
BusTim collected $41.50 from pot
*** SUMMARY ***
Total pot $42 | Rake $0.50
Board [6d Kh 6s 5d Qs]
Seat 1: manly70 (button) (small blind) showed [Js 4s] and lost with a pair of Sixes
Seat 2: BusTim (big blind) showed [Ad 3c] and won ($41.50) with a pair of Sixes


PokerStars Hand #145797767555:  Hold'em Limit ($3/$6 USD) - 2015/12/23 11:51:55 ET
Table 'Apus' 6-max Seat #4 is the button
Seat 2: scorpio04 ($376.94 in chips)
Seat 4: pokkermon ($157.27 in chips)
pokkermon: posts small blind $1
scorpio04: posts big blind $3
*** HOLE CARDS ***
pokkermon: folds
Uncalled bet ($2) returned to scorpio04
scorpio04 collected $2 from pot
scorpio04: doesn't show hand
*** SUMMARY ***
Total pot $2 | Rake $0
Seat 2: scorpio04 (big blind) collected ($2)
Seat 4: pokkermon (button) (small blind) folded before Flop


