PokerStars Hand #160674205341:  Hold'em Limit ($3/$6 USD) - 2016/10/30 20:32:38 ET
Table 'Apus' 6-max Seat #6 is the button
Seat 2: TinaTurner72 ($120 in chips)
Seat 6: kaypoker619 ($87 in chips)
kaypoker619: posts small blind $1
TinaTurner72: posts big blind $3
*** HOLE CARDS ***
kaypoker619: calls $2
TinaTurner72: raises $3 to $6
kaypoker619: calls $3
*** FLOP *** [4d 6s 9s]
TinaTurner72: bets $3
kaypoker619: calls $3
*** TURN *** [4d 6s 9s] [7h]
aade1ante joins the table at seat #1
TinaTurner72: bets $6
kaypoker619: folds
Uncalled bet ($6) returned to TinaTurner72
TinaTurner72 collected $17.64 from pot
TinaTurner72: doesn't show hand
*** SUMMARY ***
Total pot $18 | Rake $0.36
Board [4d 6s 9s 7h]
Seat 2: TinaTurner72 (big blind) collected ($17.64)
Seat 6: kaypoker619 (button) (small blind) folded on the Turn


PokerStars Hand #160674221828:  Hold'em Limit ($3/$6 USD) - 2016/10/30 20:33:07 ET
Table 'Apus' 6-max Seat #2 is the button
Seat 2: TinaTurner72 ($128.64 in chips)
Seat 6: kaypoker619 ($78 in chips)
TinaTurner72: posts small blind $1
kaypoker619: posts big blind $3
*** HOLE CARDS ***
TinaTurner72: raises $3 to $6
kaypoker619: calls $3
*** FLOP *** [3h Ks As]
MysteryMarc joins the table at seat #3
kaypoker619: checks
TinaTurner72: bets $3
kaypoker619: calls $3
*** TURN *** [3h Ks As] [Jh]
kaypoker619: checks
TinaTurner72: checks
*** RIVER *** [3h Ks As Jh] [9c]
kaypoker619: bets $6
TinaTurner72: calls $6
*** SHOW DOWN ***
kaypoker619: shows [9s Js] (two pair, Jacks and Nines)
TinaTurner72: mucks hand
kaypoker619 collected $29.50 from pot
*** SUMMARY ***
Total pot $30 | Rake $0.50
Board [3h Ks As Jh 9c]
Seat 2: TinaTurner72 (button) (small blind) mucked
Seat 6: kaypoker619 (big blind) showed [9s Js] and won ($29.50) with two pair, Jacks and Nines


PokerStars Hand #160674241341:  Hold'em Limit ($3/$6 USD) - 2016/10/30 20:33:42 ET
Table 'Apus' 6-max Seat #6 is the button
Seat 2: TinaTurner72 ($113.64 in chips)
Seat 6: kaypoker619 ($92.50 in chips)
kaypoker619: posts small blind $1
TinaTurner72: posts big blind $3
*** HOLE CARDS ***
kaypoker619: calls $2
TinaTurner72: raises $3 to $6
kaypoker619: calls $3
*** FLOP *** [Ks Ad 4d]
TinaTurner72: checks
kaypoker619: bets $3
TinaTurner72: folds
Uncalled bet ($3) returned to kaypoker619
kaypoker619 collected $11.76 from pot
*** SUMMARY ***
Total pot $12 | Rake $0.24
Board [Ks Ad 4d]
Seat 2: TinaTurner72 (big blind) folded on the Flop
Seat 6: kaypoker619 (button) (small blind) collected ($11.76)


PokerStars Hand #160674248934:  Hold'em Limit ($3/$6 USD) - 2016/10/30 20:33:56 ET
Table 'Apus' 6-max Seat #2 is the button
Seat 2: TinaTurner72 ($107.64 in chips)
Seat 6: kaypoker619 ($98.26 in chips)
TinaTurner72: posts small blind $1
kaypoker619: posts big blind $3
*** HOLE CARDS ***
TinaTurner72: raises $3 to $6
kaypoker619: calls $3
*** FLOP *** [3s 5s 8d]
kaypoker619: checks
TinaTurner72: bets $3
kaypoker619: calls $3
*** TURN *** [3s 5s 8d] [8c]
kaypoker619: bets $6
TinaTurner72: calls $6
*** RIVER *** [3s 5s 8d 8c] [3h]
kaypoker619: bets $6
Rodysnow joins the table at seat #4
TinaTurner72: folds
Uncalled bet ($6) returned to kaypoker619
kaypoker619 collected $29.50 from pot
*** SUMMARY ***
Total pot $30 | Rake $0.50
Board [3s 5s 8d 8c 3h]
Seat 2: TinaTurner72 (button) (small blind) folded on the River
Seat 6: kaypoker619 (big blind) collected ($29.50)


PokerStars Hand #160674703816:  Hold'em Limit ($3/$6 USD) - 2016/10/30 20:47:42 ET
Table 'Apus' 6-max Seat #4 is the button
Seat 2: TinaTurner72 ($113.54 in chips)
Seat 4: Rodysnow ($313.44 in chips)
Rodysnow: posts small blind $1
aade1ante: is sitting out
TinaTurner72: posts big blind $3
*** HOLE CARDS ***
Rodysnow: raises $3 to $6
TinaTurner72: folds
Uncalled bet ($3) returned to Rodysnow
Rodysnow collected $6 from pot
Rodysnow: doesn't show hand
*** SUMMARY ***
Total pot $6 | Rake $0
Seat 2: TinaTurner72 (big blind) folded before Flop
Seat 4: Rodysnow (button) (small blind) collected ($6)


PokerStars Hand #160674733364:  Hold'em Limit ($3/$6 USD) - 2016/10/30 20:48:38 ET
Table 'Apus' 6-max Seat #2 is the button
Seat 2: TinaTurner72 ($99.54 in chips)
Seat 4: Rodysnow ($326.96 in chips)
TinaTurner72: posts small blind $1
Rodysnow: posts big blind $3
*** HOLE CARDS ***
TinaTurner72: raises $3 to $6
Rodysnow: calls $3
*** FLOP *** [Qd Kh 6c]
Rodysnow: checks
TinaTurner72: bets $3
Rodysnow: folds
Uncalled bet ($3) returned to TinaTurner72
TinaTurner72 collected $11.76 from pot
TinaTurner72: doesn't show hand
*** SUMMARY ***
Total pot $12 | Rake $0.24
Board [Qd Kh 6c]
Seat 2: TinaTurner72 (button) (small blind) collected ($11.76)
Seat 4: Rodysnow (big blind) folded on the Flop


PokerStars Hand #160674723292:  Hold'em Limit ($3/$6 USD) - 2016/10/30 20:48:19 ET
Table 'Apus' 6-max Seat #4 is the button
Seat 2: TinaTurner72 ($98.54 in chips)
Seat 4: Rodysnow ($327.96 in chips)
Rodysnow: posts small blind $1
TinaTurner72: posts big blind $3
*** HOLE CARDS ***
aade1ante leaves the table
Rodysnow: folds
Uncalled bet ($2) returned to TinaTurner72
TinaTurner72 collected $2 from pot
TinaTurner72: doesn't show hand
*** SUMMARY ***
Total pot $2 | Rake $0
Seat 2: TinaTurner72 (big blind) collected ($2)
Seat 4: Rodysnow (button) (small blind) folded before Flop


PokerStars Hand #160674711395:  Hold'em Limit ($3/$6 USD) - 2016/10/30 20:47:57 ET
Table 'Apus' 6-max Seat #2 is the button
Seat 2: TinaTurner72 ($110.54 in chips)
Seat 4: Rodysnow ($316.44 in chips)
TinaTurner72: posts small blind $1
Rodysnow: posts big blind $3
*** HOLE CARDS ***
TinaTurner72: raises $3 to $6
Rodysnow: raises $3 to $9
TinaTurner72: calls $3
*** FLOP *** [Qc 7d Th]
Rodysnow: bets $3
TinaTurner72: calls $3
*** TURN *** [Qc 7d Th] [6c]
Rodysnow: bets $6
TinaTurner72: folds
Uncalled bet ($6) returned to Rodysnow
Rodysnow collected $23.52 from pot
Rodysnow: doesn't show hand
*** SUMMARY ***
Total pot $24 | Rake $0.48
Board [Qc 7d Th 6c]
Seat 2: TinaTurner72 (button) (small blind) folded on the Turn
Seat 4: Rodysnow (big blind) collected ($23.52)


PokerStars Hand #160674743428:  Hold'em Limit ($3/$6 USD) - 2016/10/30 20:48:57 ET
Table 'Apus' 6-max Seat #4 is the button
Seat 2: TinaTurner72 ($105.30 in chips)
Seat 4: Rodysnow ($320.96 in chips)
Rodysnow: posts small blind $1
TinaTurner72: posts big blind $3
*** HOLE CARDS ***
Rodysnow: folds
Uncalled bet ($2) returned to TinaTurner72
TinaTurner72 collected $2 from pot
TinaTurner72: doesn't show hand
*** SUMMARY ***
Total pot $2 | Rake $0
Seat 2: TinaTurner72 (big blind) collected ($2)
Seat 4: Rodysnow (button) (small blind) folded before Flop


PokerStars Hand #160674762434:  Hold'em Limit ($3/$6 USD) - 2016/10/30 20:49:34 ET
Table 'Apus' 6-max Seat #2 is the button
Seat 2: TinaTurner72 ($118.82 in chips)
Seat 4: Rodysnow ($306.96 in chips)
TinaTurner72: posts small blind $1
Rodysnow: posts big blind $3
*** HOLE CARDS ***
TinaTurner72: raises $3 to $6
Rodysnow: raises $3 to $9
TinaTurner72: calls $3
*** FLOP *** [5d 4s 6s]
Rodysnow: bets $3
TinaTurner72: raises $3 to $6
Rodysnow: folds
Uncalled bet ($3) returned to TinaTurner72
TinaTurner72 collected $23.52 from pot
TinaTurner72: doesn't show hand
*** SUMMARY ***
Total pot $24 | Rake $0.48
Board [5d 4s 6s]
Seat 2: TinaTurner72 (button) (small blind) collected ($23.52)
Seat 4: Rodysnow (big blind) folded on the Flop


PokerStars Hand #160674746796:  Hold'em Limit ($3/$6 USD) - 2016/10/30 20:49:04 ET
Table 'Apus' 6-max Seat #2 is the button
Seat 2: TinaTurner72 ($106.30 in chips)
Seat 4: Rodysnow ($319.96 in chips)
TinaTurner72: posts small blind $1
Rodysnow: posts big blind $3
*** HOLE CARDS ***
TinaTurner72: raises $3 to $6
Rodysnow: raises $3 to $9
TinaTurner72: calls $3
*** FLOP *** [5d 3s 8h]
Rodysnow: bets $3
TinaTurner72: calls $3
*** TURN *** [5d 3s 8h] [Ad]
Rodysnow: checks
TinaTurner72: bets $6
Rodysnow: folds
Uncalled bet ($6) returned to TinaTurner72
TinaTurner72 collected $23.52 from pot
TinaTurner72: doesn't show hand
*** SUMMARY ***
Total pot $24 | Rake $0.48
Board [5d 3s 8h Ad]
Seat 2: TinaTurner72 (button) (small blind) collected ($23.52)
Seat 4: Rodysnow (big blind) folded on the Turn


PokerStars Hand #160674758892:  Hold'em Limit ($3/$6 USD) - 2016/10/30 20:49:27 ET
Table 'Apus' 6-max Seat #4 is the button
Seat 2: TinaTurner72 ($117.82 in chips)
Seat 4: Rodysnow ($307.96 in chips)
Rodysnow: posts small blind $1
TinaTurner72: posts big blind $3
*** HOLE CARDS ***
Rodysnow: folds
Uncalled bet ($2) returned to TinaTurner72
TinaTurner72 collected $2 from pot
TinaTurner72: doesn't show hand
*** SUMMARY ***
Total pot $2 | Rake $0
Seat 2: TinaTurner72 (big blind) collected ($2)
Seat 4: Rodysnow (button) (small blind) folded before Flop


PokerStars Hand #160674785399:  Hold'em Limit ($3/$6 USD) - 2016/10/30 20:50:18 ET
Table 'Apus' 6-max Seat #2 is the button
Seat 2: TinaTurner72 ($103.34 in chips)
Seat 4: Rodysnow ($321.46 in chips)
TinaTurner72: posts small blind $1
Rodysnow: posts big blind $3
*** HOLE CARDS ***
TinaTurner72: folds
Uncalled bet ($2) returned to Rodysnow
Rodysnow collected $2 from pot
Rodysnow: doesn't show hand
*** SUMMARY ***
Total pot $2 | Rake $0
Seat 2: TinaTurner72 (button) (small blind) folded before Flop
Seat 4: Rodysnow (big blind) collected ($2)


PokerStars Hand #160674789313:  Hold'em Limit ($3/$6 USD) - 2016/10/30 20:50:25 ET
Table 'Apus' 6-max Seat #4 is the button
Seat 2: TinaTurner72 ($102.34 in chips)
Seat 4: Rodysnow ($322.46 in chips)
Rodysnow: posts small blind $1
TinaTurner72: posts big blind $3
*** HOLE CARDS ***
Rodysnow: raises $3 to $6
TinaTurner72: folds
Uncalled bet ($3) returned to Rodysnow
Rodysnow collected $6 from pot
Rodysnow: doesn't show hand
*** SUMMARY ***
Total pot $6 | Rake $0
Seat 2: TinaTurner72 (big blind) folded before Flop
Seat 4: Rodysnow (button) (small blind) collected ($6)


PokerStars Hand #160674793700:  Hold'em Limit ($3/$6 USD) - 2016/10/30 20:50:34 ET
Table 'Apus' 6-max Seat #2 is the button
Seat 2: TinaTurner72 ($99.34 in chips)
Seat 4: Rodysnow ($325.46 in chips)
TinaTurner72: posts small blind $1
Rodysnow: posts big blind $3
*** HOLE CARDS ***
TinaTurner72: raises $3 to $6
Rodysnow: calls $3
*** FLOP *** [Ah 3d Ad]
Rodysnow: checks
TinaTurner72: bets $3
Rodysnow: folds
Uncalled bet ($3) returned to TinaTurner72
TinaTurner72 collected $11.76 from pot
TinaTurner72: doesn't show hand
*** SUMMARY ***
Total pot $12 | Rake $0.24
Board [Ah 3d Ad]
Seat 2: TinaTurner72 (button) (small blind) collected ($11.76)
Seat 4: Rodysnow (big blind) folded on the Flop


PokerStars Hand #160674769720:  Hold'em Limit ($3/$6 USD) - 2016/10/30 20:49:48 ET
Table 'Apus' 6-max Seat #4 is the button
Seat 2: TinaTurner72 ($130.34 in chips)
Seat 4: Rodysnow ($294.96 in chips)
Rodysnow: posts small blind $1
TinaTurner72: posts big blind $3
*** HOLE CARDS ***
Rodysnow: raises $3 to $6
TinaTurner72: calls $3
*** FLOP *** [2s Jh 8h]
TinaTurner72: checks
Rodysnow: bets $3
TinaTurner72: raises $3 to $6
Rodysnow: raises $3 to $9
TinaTurner72: calls $3
*** TURN *** [2s Jh 8h] [4d]
TinaTurner72: checks
Rodysnow: bets $6
TinaTurner72: calls $6
*** RIVER *** [2s Jh 8h 4d] [Td]
TinaTurner72: checks
Rodysnow: bets $6
TinaTurner72: calls $6
*** SHOW DOWN ***
Rodysnow: shows [9s Jc] (a pair of Jacks)
TinaTurner72: mucks hand
Rodysnow collected $53.50 from pot
*** SUMMARY ***
Total pot $54 | Rake $0.50
Board [2s Jh 8h 4d Td]
Seat 2: TinaTurner72 (big blind) mucked
Seat 4: Rodysnow (button) (small blind) showed [9s Jc] and won ($53.50) with a pair of Jacks


PokerStars Hand #160674801068:  Hold'em Limit ($3/$6 USD) - 2016/10/30 20:50:48 ET
Table 'Apus' 6-max Seat #4 is the button
Seat 2: TinaTurner72 ($105.10 in chips)
Seat 4: Rodysnow ($319.46 in chips)
Rodysnow: posts small blind $1
TinaTurner72: posts big blind $3
*** HOLE CARDS ***
Rodysnow: raises $3 to $6
TinaTurner72: calls $3
*** FLOP *** [Kh Js 8s]
TinaTurner72: checks
Rodysnow: bets $3
TinaTurner72: folds
Uncalled bet ($3) returned to Rodysnow
Rodysnow collected $11.76 from pot
Rodysnow: doesn't show hand
*** SUMMARY ***
Total pot $12 | Rake $0.24
Board [Kh Js 8s]
Seat 2: TinaTurner72 (big blind) folded on the Flop
Seat 4: Rodysnow (button) (small blind) collected ($11.76)


PokerStars Hand #160674813390:  Hold'em Limit ($3/$6 USD) - 2016/10/30 20:51:12 ET
Table 'Apus' 6-max Seat #4 is the button
Seat 2: TinaTurner72 ($98.10 in chips)
Seat 4: Rodysnow ($326.22 in chips)
Rodysnow: posts small blind $1
TinaTurner72: posts big blind $3
*** HOLE CARDS ***
Rodysnow: calls $2
TinaTurner72: checks
*** FLOP *** [7c 8d Js]
TinaTurner72: checks
Rodysnow: checks
*** TURN *** [7c 8d Js] [Ah]
TinaTurner72: checks
Rodysnow: bets $6
TinaTurner72: folds
Uncalled bet ($6) returned to Rodysnow
Rodysnow collected $5.88 from pot
Rodysnow: doesn't show hand
*** SUMMARY ***
Total pot $6 | Rake $0.12
Board [7c 8d Js Ah]
Seat 2: TinaTurner72 (big blind) folded on the Turn
Seat 4: Rodysnow (button) (small blind) collected ($5.88)


PokerStars Hand #160674820429:  Hold'em Limit ($3/$6 USD) - 2016/10/30 20:51:25 ET
Table 'Apus' 6-max Seat #2 is the button
Seat 2: TinaTurner72 ($95.10 in chips)
Seat 4: Rodysnow ($329.10 in chips)
TinaTurner72: posts small blind $1
Rodysnow: posts big blind $3
*** HOLE CARDS ***
TinaTurner72: raises $3 to $6
Rodysnow: calls $3
*** FLOP *** [6c 7s 9h]
Rodysnow: checks
TinaTurner72: bets $3
Rodysnow: calls $3
*** TURN *** [6c 7s 9h] [8c]
Rodysnow: checks
TinaTurner72: bets $6
Rodysnow: calls $6
*** RIVER *** [6c 7s 9h 8c] [3h]
Rodysnow: checks
TinaTurner72: bets $6
Rodysnow: calls $6
*** SHOW DOWN ***
TinaTurner72: shows [Ad Tc] (a straight, Six to Ten)
Rodysnow: mucks hand
TinaTurner72 collected $41.50 from pot
*** SUMMARY ***
Total pot $42 | Rake $0.50
Board [6c 7s 9h 8c 3h]
Seat 2: TinaTurner72 (button) (small blind) showed [Ad Tc] and won ($41.50) with a straight, Six to Ten
Seat 4: Rodysnow (big blind) mucked


PokerStars Hand #160674810663:  Hold'em Limit ($3/$6 USD) - 2016/10/30 20:51:06 ET
Table 'Apus' 6-max Seat #2 is the button
Seat 2: TinaTurner72 ($99.10 in chips)
Seat 4: Rodysnow ($325.22 in chips)
TinaTurner72: posts small blind $1
Rodysnow: posts big blind $3
*** HOLE CARDS ***
TinaTurner72: folds
Uncalled bet ($2) returned to Rodysnow
Rodysnow collected $2 from pot
Rodysnow: doesn't show hand
*** SUMMARY ***
Total pot $2 | Rake $0
Seat 2: TinaTurner72 (button) (small blind) folded before Flop
Seat 4: Rodysnow (big blind) collected ($2)


PokerStars Hand #160674853243:  Hold'em Limit ($3/$6 USD) - 2016/10/30 20:52:29 ET
Table 'Apus' 6-max Seat #4 is the button
Seat 2: TinaTurner72 ($88.60 in chips)
Seat 4: Rodysnow ($334.24 in chips)
Rodysnow: posts small blind $1
TinaTurner72: posts big blind $3
*** HOLE CARDS ***
Rodysnow: raises $3 to $6
TinaTurner72: calls $3
*** FLOP *** [2d 6h Qh]
TinaTurner72: checks
Rodysnow: bets $3
TinaTurner72: raises $3 to $6
Rodysnow: calls $3
*** TURN *** [2d 6h Qh] [Jh]
TinaTurner72: bets $6
Rodysnow: calls $6
*** RIVER *** [2d 6h Qh Jh] [As]
TinaTurner72: bets $6
Rodysnow: calls $6
*** SHOW DOWN ***
TinaTurner72: shows [3c 4c] (high card Ace)
Rodysnow: shows [Ac Kc] (a pair of Aces)
Rodysnow collected $47.50 from pot
danny32209 joins the table at seat #6
*** SUMMARY ***
Total pot $48 | Rake $0.50
Board [2d 6h Qh Jh As]
Seat 2: TinaTurner72 (big blind) showed [3c 4c] and lost with high card Ace
Seat 4: Rodysnow (button) (small blind) showed [Ac Kc] and won ($47.50) with a pair of Aces


PokerStars Hand #160674832258:  Hold'em Limit ($3/$6 USD) - 2016/10/30 20:51:48 ET
Table 'Apus' 6-max Seat #4 is the button
Seat 2: TinaTurner72 ($115.60 in chips)
Seat 4: Rodysnow ($308.10 in chips)
Rodysnow: posts small blind $1
TinaTurner72: posts big blind $3
*** HOLE CARDS ***
Rodysnow: raises $3 to $6
TinaTurner72: calls $3
*** FLOP *** [Kc Td Kh]
TinaTurner72: checks
Rodysnow: bets $3
TinaTurner72: raises $3 to $6
Rodysnow: calls $3
*** TURN *** [Kc Td Kh] [4h]
TinaTurner72: checks
Rodysnow: bets $6
TinaTurner72: calls $6
*** RIVER *** [Kc Td Kh 4h] [Qh]
TinaTurner72: checks
Rodysnow: bets $6
TinaTurner72: folds
Uncalled bet ($6) returned to Rodysnow
Rodysnow collected $35.50 from pot
Rodysnow: doesn't show hand
*** SUMMARY ***
Total pot $36 | Rake $0.50
Board [Kc Td Kh 4h Qh]
Seat 2: TinaTurner72 (big blind) folded on the River
Seat 4: Rodysnow (button) (small blind) collected ($35.50)


PokerStars Hand #160674848018:  Hold'em Limit ($3/$6 USD) - 2016/10/30 20:52:19 ET
Table 'Apus' 6-max Seat #2 is the button
Seat 2: TinaTurner72 ($97.60 in chips)
Seat 4: Rodysnow ($325.60 in chips)
TinaTurner72: posts small blind $1
Rodysnow: posts big blind $3
*** HOLE CARDS ***
TinaTurner72: raises $3 to $6
Rodysnow: raises $3 to $9
TinaTurner72: calls $3
*** FLOP *** [Kh Th 8s]
Rodysnow: bets $3
TinaTurner72: folds
Uncalled bet ($3) returned to Rodysnow
Rodysnow collected $17.64 from pot
Rodysnow: doesn't show hand
*** SUMMARY ***
Total pot $18 | Rake $0.36
Board [Kh Th 8s]
Seat 2: TinaTurner72 (button) (small blind) folded on the Flop
Seat 4: Rodysnow (big blind) collected ($17.64)


PokerStars Hand #160674869250:  Hold'em Limit ($3/$6 USD) - 2016/10/30 20:53:00 ET
Table 'Apus' 6-max Seat #2 is the button
Seat 2: TinaTurner72 ($124.60 in chips)
Seat 4: Rodysnow ($357.74 in chips)
TinaTurner72: posts small blind $1
Rodysnow: posts big blind $3
*** HOLE CARDS ***
TinaTurner72: raises $3 to $6
Rodysnow: calls $3
*** FLOP *** [7h Ac 5c]
Rodysnow: checks
TinaTurner72: bets $3
Rodysnow: folds
Uncalled bet ($3) returned to TinaTurner72
TinaTurner72 collected $11.76 from pot
TinaTurner72: doesn't show hand
*** SUMMARY ***
Total pot $12 | Rake $0.24
Board [7h Ac 5c]
Seat 2: TinaTurner72 (button) (small blind) collected ($11.76)
Seat 4: Rodysnow (big blind) folded on the Flop


