PokerStars Hand #145354402833:  Hold'em Limit ($3/$6 USD) - 2015/12/14 17:47:07 ET
Table 'Aquarius II' 6-max Seat #4 is the button
Seat 3: Humtum81 ($57.16 in chips)
Seat 4: Great_Kang ($120 in chips)
Great_Kang: posts small blind $1
Humtum81: posts big blind $3
*** HOLE CARDS ***
Great_Kang: folds
Uncalled bet ($2) returned to Humtum81
Humtum81 collected $2 from pot
Humtum81: doesn't show hand
*** SUMMARY ***
Total pot $2 | Rake $0
Seat 3: Humtum81 (big blind) collected ($2)
Seat 4: Great_Kang (button) (small blind) folded before Flop


PokerStars Hand #145354381946:  Hold'em Limit ($3/$6 USD) - 2015/12/14 17:46:43 ET
Table 'Aquarius II' 6-max Seat #3 is the button
Seat 3: Humtum81 ($51.40 in chips)
Seat 4: Great_Kang ($120 in chips)
Humtum81: posts small blind $1
Great_Kang: posts big blind $3
*** HOLE CARDS ***
Humtum81: raises $3 to $6
Great_Kang: calls $3
*** FLOP *** [5h 7s 8s]
Great_Kang: checks
Humtum81: bets $3
Great_Kang: folds
Uncalled bet ($3) returned to Humtum81
Humtum81 collected $11.76 from pot
Humtum81: doesn't show hand
*** SUMMARY ***
Total pot $12 | Rake $0.24
Board [5h 7s 8s]
Seat 3: Humtum81 (button) (small blind) collected ($11.76)
Seat 4: Great_Kang (big blind) folded on the Flop


PokerStars Hand #145354362584:  Hold'em Limit ($3/$6 USD) - 2015/12/14 17:46:21 ET
Table 'Aquarius II' 6-max Seat #4 is the button
Seat 3: Humtum81 ($42.76 in chips)
Seat 4: Great_Kang ($120 in chips)
Great_Kang: posts small blind $1
Humtum81: posts big blind $3
*** HOLE CARDS ***
Great_Kang: raises $3 to $6
Humtum81: calls $3
*** FLOP *** [2d Qc Kd]
Humtum81: checks
Great_Kang: bets $3
Humtum81: calls $3
*** TURN *** [2d Qc Kd] [4c]
Humtum81: checks
Great_Kang: checks
*** RIVER *** [2d Qc Kd 4c] [Th]
Humtum81: bets $6
Great_Kang: folds
Uncalled bet ($6) returned to Humtum81
Humtum81 collected $17.64 from pot
Humtum81: doesn't show hand
*** SUMMARY ***
Total pot $18 | Rake $0.36
Board [2d Qc Kd 4c Th]
Seat 3: Humtum81 (big blind) collected ($17.64)
Seat 4: Great_Kang (button) (small blind) folded on the River


PokerStars Hand #145354434225:  Hold'em Limit ($3/$6 USD) - 2015/12/14 17:47:42 ET
Table 'Aquarius II' 6-max Seat #4 is the button
Seat 3: Humtum81 ($66.80 in chips)
Seat 4: Great_Kang ($120 in chips)
Great_Kang: posts small blind $1
Humtum81: posts big blind $3
*** HOLE CARDS ***
Great_Kang: raises $3 to $6
Humtum81: calls $3
*** FLOP *** [3h Tc 7c]
Humtum81: checks
Great_Kang: bets $3
Humtum81: folds
Uncalled bet ($3) returned to Great_Kang
Great_Kang collected $11.76 from pot
Great_Kang: doesn't show hand
*** SUMMARY ***
Total pot $12 | Rake $0.24
Board [3h Tc 7c]
Seat 3: Humtum81 (big blind) folded on the Flop
Seat 4: Great_Kang (button) (small blind) collected ($11.76)


PokerStars Hand #145354407079:  Hold'em Limit ($3/$6 USD) - 2015/12/14 17:47:11 ET
Table 'Aquarius II' 6-max Seat #3 is the button
Seat 3: Humtum81 ($58.16 in chips)
Seat 4: Great_Kang ($120 in chips)
Humtum81: posts small blind $1
Great_Kang: posts big blind $3
*** HOLE CARDS ***
Humtum81: raises $3 to $6
Great_Kang: calls $3
*** FLOP *** [2s 8h 2d]
Great_Kang: checks
Humtum81: bets $3
Great_Kang: calls $3
*** TURN *** [2s 8h 2d] [3c]
Great_Kang: checks
Humtum81: bets $6
Great_Kang: folds
Uncalled bet ($6) returned to Humtum81
Humtum81 collected $17.64 from pot
Humtum81: doesn't show hand
*** SUMMARY ***
Total pot $18 | Rake $0.36
Board [2s 8h 2d 3c]
Seat 3: Humtum81 (button) (small blind) collected ($17.64)
Seat 4: Great_Kang (big blind) folded on the Turn


PokerStars Hand #145354444844:  Hold'em Limit ($3/$6 USD) - 2015/12/14 17:47:54 ET
Table 'Aquarius II' 6-max Seat #3 is the button
Seat 3: Humtum81 ($60.80 in chips)
Seat 4: Great_Kang ($125.76 in chips)
Humtum81: posts small blind $1
Great_Kang: posts big blind $3
*** HOLE CARDS ***
Humtum81: raises $3 to $6
Great_Kang: raises $3 to $9
Humtum81: raises $3 to $12
Betting is capped
Great_Kang: calls $3
*** FLOP *** [6h 3h Tc]
Great_Kang: checks
Humtum81: bets $3
Great_Kang: calls $3
*** TURN *** [6h 3h Tc] [Jc]
Great_Kang: checks
Humtum81: bets $6
Great_Kang: folds
Uncalled bet ($6) returned to Humtum81
Humtum81 collected $29.50 from pot
Humtum81: doesn't show hand
*** SUMMARY ***
Total pot $30 | Rake $0.50
Board [6h 3h Tc Jc]
Seat 3: Humtum81 (button) (small blind) collected ($29.50)
Seat 4: Great_Kang (big blind) folded on the Turn


PokerStars Hand #145354534561:  Hold'em Limit ($3/$6 USD) - 2015/12/14 17:49:36 ET
Table 'Aquarius II' 6-max Seat #4 is the button
Seat 3: Humtum81 ($63.30 in chips)
Seat 4: Great_Kang ($131.64 in chips)
Great_Kang: posts small blind $1
Humtum81: posts big blind $3
*** HOLE CARDS ***
Great_Kang: raises $3 to $6
Humtum81: raises $3 to $9
Great_Kang: raises $3 to $12
Betting is capped
Humtum81: calls $3
*** FLOP *** [5h 8s 3s]
Humtum81: bets $3
Great_Kang: calls $3
*** TURN *** [5h 8s 3s] [Qd]
Humtum81: bets $6
Great_Kang: calls $6
*** RIVER *** [5h 8s 3s Qd] [9s]
Humtum81: bets $6
Great_Kang: calls $6
*** SHOW DOWN ***
Humtum81: shows [Jh Ad] (high card Ace)
Great_Kang: shows [Ac Kd] (high card Ace - King kicker)
Great_Kang collected $53.50 from pot
*** SUMMARY ***
Total pot $54 | Rake $0.50
Board [5h 8s 3s Qd 9s]
Seat 3: Humtum81 (big blind) showed [Jh Ad] and lost with high card Ace
Seat 4: Great_Kang (button) (small blind) showed [Ac Kd] and won ($53.50) with high card Ace


PokerStars Hand #145354524168:  Hold'em Limit ($3/$6 USD) - 2015/12/14 17:49:25 ET
Table 'Aquarius II' 6-max Seat #3 is the button
Seat 3: Humtum81 ($72.30 in chips)
Seat 4: Great_Kang ($123 in chips)
Humtum81: posts small blind $1
Great_Kang: posts big blind $3
*** HOLE CARDS ***
Humtum81: raises $3 to $6
Great_Kang: calls $3
*** FLOP *** [Qc Jc Th]
Great_Kang: checks
Humtum81: bets $3
Great_Kang: raises $3 to $6
Humtum81: folds
Uncalled bet ($3) returned to Great_Kang
Great_Kang collected $17.64 from pot
Great_Kang: doesn't show hand
*** SUMMARY ***
Total pot $18 | Rake $0.36
Board [Qc Jc Th]
Seat 3: Humtum81 (button) (small blind) folded on the Flop
Seat 4: Great_Kang (big blind) collected ($17.64)


PokerStars Hand #145354508098:  Hold'em Limit ($3/$6 USD) - 2015/12/14 17:49:06 ET
Table 'Aquarius II' 6-max Seat #4 is the button
Seat 3: Humtum81 ($75.30 in chips)
Seat 4: Great_Kang ($120 in chips)
Great_Kang: posts small blind $1
Humtum81: posts big blind $3
*** HOLE CARDS ***
Great_Kang: raises $3 to $6
Humtum81: folds
Uncalled bet ($3) returned to Great_Kang
Great_Kang collected $6 from pot
Great_Kang: doesn't show hand
*** SUMMARY ***
Total pot $6 | Rake $0
Seat 3: Humtum81 (big blind) folded before Flop
Seat 4: Great_Kang (button) (small blind) collected ($6)


PokerStars Hand #145354554901:  Hold'em Limit ($3/$6 USD) - 2015/12/14 17:50:00 ET
Table 'Aquarius II' 6-max Seat #3 is the button
Seat 3: Humtum81 ($36.30 in chips)
Seat 4: Great_Kang ($158.14 in chips)
Humtum81: posts small blind $1
Great_Kang: posts big blind $3
*** HOLE CARDS ***
Humtum81: raises $3 to $6
_fayzulllo_ joins the table at seat #2
SmellyToes4u joins the table at seat #5
Great_Kang: calls $3
*** FLOP *** [Qd Ts Ks]
Great_Kang: checks
Humtum81: bets $3
Great_Kang: raises $3 to $6
Humtum81: raises $3 to $9
Great_Kang: calls $3
*** TURN *** [Qd Ts Ks] [Kc]
Great_Kang: checks
Humtum81: bets $6
Great_Kang: folds
Uncalled bet ($6) returned to Humtum81
Humtum81 collected $29.50 from pot
Humtum81: doesn't show hand
*** SUMMARY ***
Total pot $30 | Rake $0.50
Board [Qd Ts Ks Kc]
Seat 3: Humtum81 (button) (small blind) collected ($29.50)
Seat 4: Great_Kang (big blind) folded on the Turn


