PokerStars Hand #173608203225:  Hold'em Limit ($3/$6 USD) - 2017/07/28 5:10:22 ET
Table 'Aquitania' 6-max Seat #3 is the button
Seat 3: SongOnur ($69.50 in chips)
Seat 4: VolkovDmitri ($120 in chips)
SongOnur: posts small blind $1
VolkovDmitri: posts big blind $3
*** HOLE CARDS ***
SongOnur: raises $3 to $6
VolkovDmitri: calls $3
*** FLOP *** [2c 8h 3s]
VolkovDmitri: checks
SongOnur: checks
*** TURN *** [2c 8h 3s] [6s]
VolkovDmitri: bets $6
SongOnur: calls $6
*** RIVER *** [2c 8h 3s 6s] [Qh]
VolkovDmitri: checks
SongOnur: bets $6
VolkovDmitri: calls $6
*** SHOW DOWN ***
SongOnur: shows [Ks Qc] (a pair of Queens)
VolkovDmitri: mucks hand
SongOnur collected $35.50 from pot
*** SUMMARY ***
Total pot $36 | Rake $0.50
Board [2c 8h 3s 6s Qh]
Seat 3: SongOnur (button) (small blind) showed [Ks Qc] and won ($35.50) with a pair of Queens
Seat 4: VolkovDmitri (big blind) mucked


PokerStars Hand #173608195160:  Hold'em Limit ($3/$6 USD) - 2017/07/28 5:09:59 ET
Table 'Aquitania' 6-max Seat #4 is the button
Seat 3: SongOnur ($49 in chips)
Seat 4: VolkovDmitri ($121 in chips)
VolkovDmitri: posts small blind $1
SongOnur: posts big blind $3
*** HOLE CARDS ***
VolkovDmitri: raises $3 to $6
SongOnur: calls $3
*** FLOP *** [2d 4h Kd]
SongOnur: checks
VolkovDmitri: bets $3
SongOnur: calls $3
*** TURN *** [2d 4h Kd] [6c]
SongOnur: checks
VolkovDmitri: bets $6
SongOnur: calls $6
*** RIVER *** [2d 4h Kd 6c] [Jc]
SongOnur: checks
VolkovDmitri: bets $6
SongOnur: calls $6
*** SHOW DOWN ***
VolkovDmitri: shows [Ac 4s] (a pair of Fours)
SongOnur: shows [5d Kh] (a pair of Kings)
SongOnur collected $41.50 from pot
*** SUMMARY ***
Total pot $42 | Rake $0.50
Board [2d 4h Kd 6c Jc]
Seat 3: SongOnur (big blind) showed [5d Kh] and won ($41.50) with a pair of Kings
Seat 4: VolkovDmitri (button) (small blind) showed [Ac 4s] and lost with a pair of Fours


PokerStars Hand #173608210481:  Hold'em Limit ($3/$6 USD) - 2017/07/28 5:10:44 ET
Table 'Aquitania' 6-max Seat #4 is the button
Seat 3: SongOnur ($87 in chips)
Seat 4: VolkovDmitri ($120 in chips)
VolkovDmitri: posts small blind $1
SongOnur: posts big blind $3
*** HOLE CARDS ***
VolkovDmitri: raises $3 to $6
SongOnur: calls $3
*** FLOP *** [Td 3d Ac]
SongOnur: checks
VolkovDmitri: bets $3
SongOnur: folds
Uncalled bet ($3) returned to VolkovDmitri
VolkovDmitri collected $11.76 from pot
VolkovDmitri: doesn't show hand
*** SUMMARY ***
Total pot $12 | Rake $0.24
Board [Td 3d Ac]
Seat 3: SongOnur (big blind) folded on the Flop
Seat 4: VolkovDmitri (button) (small blind) collected ($11.76)


PokerStars Hand #173608215407:  Hold'em Limit ($3/$6 USD) - 2017/07/28 5:10:58 ET
Table 'Aquitania' 6-max Seat #3 is the button
Seat 3: SongOnur ($81 in chips)
Seat 4: VolkovDmitri ($125.76 in chips)
SongOnur: posts small blind $1
VolkovDmitri: posts big blind $3
*** HOLE CARDS ***
SongOnur: raises $3 to $6
VolkovDmitri: calls $3
*** FLOP *** [8h 6h 2c]
VolkovDmitri: checks
SongOnur: bets $3
VolkovDmitri: raises $3 to $6
SongOnur: raises $3 to $9
VolkovDmitri: calls $3
*** TURN *** [8h 6h 2c] [6d]
VolkovDmitri: checks
SongOnur: bets $6
VolkovDmitri: calls $6
*** RIVER *** [8h 6h 2c 6d] [5s]
VolkovDmitri: checks
SongOnur: bets $6
VolkovDmitri: folds
Uncalled bet ($6) returned to SongOnur
SongOnur collected $41.50 from pot
*** SUMMARY ***
Total pot $42 | Rake $0.50
Board [8h 6h 2c 6d 5s]
Seat 3: SongOnur (button) (small blind) collected ($41.50)
Seat 4: VolkovDmitri (big blind) folded on the River


PokerStars Hand #173608236794:  Hold'em Limit ($3/$6 USD) - 2017/07/28 5:12:00 ET
Table 'Aquitania' 6-max Seat #4 is the button
Seat 3: SongOnur ($109.14 in chips)
Seat 4: VolkovDmitri ($121 in chips)
VolkovDmitri: posts small blind $1
SongOnur: posts big blind $3
*** HOLE CARDS ***
VolkovDmitri: raises $3 to $6
SongOnur: raises $3 to $9
VolkovDmitri: calls $3
*** FLOP *** [7s 9c Th]
SongOnur: checks
VolkovDmitri: checks
*** TURN *** [7s 9c Th] [Ah]
SongOnur: checks
VolkovDmitri: checks
*** RIVER *** [7s 9c Th Ah] [2c]
SongOnur: bets $6
VolkovDmitri: folds
Uncalled bet ($6) returned to SongOnur
SongOnur collected $17.64 from pot
*** SUMMARY ***
Total pot $18 | Rake $0.36
Board [7s 9c Th Ah 2c]
Seat 3: SongOnur (big blind) collected ($17.64)
Seat 4: VolkovDmitri (button) (small blind) folded on the River


PokerStars Hand #173608235096:  Hold'em Limit ($3/$6 USD) - 2017/07/28 5:11:55 ET
Table 'Aquitania' 6-max Seat #3 is the button
Seat 3: SongOnur ($110.14 in chips)
Seat 4: VolkovDmitri ($120 in chips)
SongOnur: posts small blind $1
VolkovDmitri: posts big blind $3
*** HOLE CARDS ***
SongOnur: folds
Uncalled bet ($2) returned to VolkovDmitri
VolkovDmitri collected $2 from pot
VolkovDmitri: doesn't show hand
*** SUMMARY ***
Total pot $2 | Rake $0
Seat 3: SongOnur (button) (small blind) folded before Flop
Seat 4: VolkovDmitri (big blind) collected ($2)


PokerStars Hand #173608229033:  Hold'em Limit ($3/$6 USD) - 2017/07/28 5:11:38 ET
Table 'Aquitania' 6-max Seat #4 is the button
Seat 3: SongOnur ($101.50 in chips)
Seat 4: VolkovDmitri ($120 in chips)
VolkovDmitri: posts small blind $1
SongOnur: posts big blind $3
*** HOLE CARDS ***
VolkovDmitri: raises $3 to $6
SongOnur: raises $3 to $9
VolkovDmitri: calls $3
*** FLOP *** [6s Jd Kd]
SongOnur: bets $3
VolkovDmitri: folds
Uncalled bet ($3) returned to SongOnur
SongOnur collected $17.64 from pot
*** SUMMARY ***
Total pot $18 | Rake $0.36
Board [6s Jd Kd]
Seat 3: SongOnur (big blind) collected ($17.64)
Seat 4: VolkovDmitri (button) (small blind) folded on the Flop


PokerStars Hand #173608265160:  Hold'em Limit ($3/$6 USD) - 2017/07/28 5:13:23 ET
Table 'Aquitania' 6-max Seat #3 is the button
Seat 3: SongOnur ($87.42 in chips)
Seat 4: VolkovDmitri ($148.90 in chips)
SongOnur: posts small blind $1
VolkovDmitri: posts big blind $3
*** HOLE CARDS ***
SongOnur: raises $3 to $6
VolkovDmitri: calls $3
*** FLOP *** [9s Jd 8h]
VolkovDmitri: checks
SongOnur: bets $3
VolkovDmitri: folds
Uncalled bet ($3) returned to SongOnur
SongOnur collected $11.76 from pot
*** SUMMARY ***
Total pot $12 | Rake $0.24
Board [9s Jd 8h]
Seat 3: SongOnur (button) (small blind) collected ($11.76)
Seat 4: VolkovDmitri (big blind) folded on the Flop


PokerStars Hand #173608260895:  Hold'em Limit ($3/$6 USD) - 2017/07/28 5:13:11 ET
Table 'Aquitania' 6-max Seat #4 is the button
Seat 3: SongOnur ($78.78 in chips)
Seat 4: VolkovDmitri ($157.90 in chips)
VolkovDmitri: posts small blind $1
SongOnur: posts big blind $3
*** HOLE CARDS ***
VolkovDmitri: raises $3 to $6
SongOnur: raises $3 to $9
VolkovDmitri: calls $3
*** FLOP *** [5d 4h Tc]
SongOnur: bets $3
VolkovDmitri: folds
Uncalled bet ($3) returned to SongOnur
SongOnur collected $17.64 from pot
*** SUMMARY ***
Total pot $18 | Rake $0.36
Board [5d 4h Tc]
Seat 3: SongOnur (big blind) collected ($17.64)
Seat 4: VolkovDmitri (button) (small blind) folded on the Flop


PokerStars Hand #173608256634:  Hold'em Limit ($3/$6 USD) - 2017/07/28 5:12:58 ET
Table 'Aquitania' 6-max Seat #3 is the button
Seat 3: SongOnur ($87.78 in chips)
Seat 4: VolkovDmitri ($149.26 in chips)
SongOnur: posts small blind $1
VolkovDmitri: posts big blind $3
*** HOLE CARDS ***
SongOnur: raises $3 to $6
VolkovDmitri: calls $3
*** FLOP *** [4h Js 2s]
VolkovDmitri: checks
SongOnur: bets $3
VolkovDmitri: raises $3 to $6
SongOnur: folds
Uncalled bet ($3) returned to VolkovDmitri
VolkovDmitri collected $17.64 from pot
VolkovDmitri: doesn't show hand
*** SUMMARY ***
Total pot $18 | Rake $0.36
Board [4h Js 2s]
Seat 3: SongOnur (button) (small blind) folded on the Flop
Seat 4: VolkovDmitri (big blind) collected ($17.64)


PokerStars Hand #173608244631:  Hold'em Limit ($3/$6 USD) - 2017/07/28 5:12:23 ET
Table 'Aquitania' 6-max Seat #3 is the button
Seat 3: SongOnur ($117.78 in chips)
Seat 4: VolkovDmitri ($120 in chips)
SongOnur: posts small blind $1
VolkovDmitri: posts big blind $3
*** HOLE CARDS ***
SongOnur: raises $3 to $6
VolkovDmitri: raises $3 to $9
SongOnur: calls $3
*** FLOP *** [2d 9s 8h]
VolkovDmitri: bets $3
SongOnur: calls $3
*** TURN *** [2d 9s 8h] [6c]
VolkovDmitri: bets $6
SongOnur: calls $6
*** RIVER *** [2d 9s 8h 6c] [Kd]
VolkovDmitri: bets $6
SongOnur: calls $6
*** SHOW DOWN ***
VolkovDmitri: shows [6d 6s] (three of a kind, Sixes)
SongOnur: mucks hand
VolkovDmitri collected $47.50 from pot
*** SUMMARY ***
Total pot $48 | Rake $0.50
Board [2d 9s 8h 6c Kd]
Seat 3: SongOnur (button) (small blind) mucked
Seat 4: VolkovDmitri (big blind) showed [6d 6s] and won ($47.50) with three of a kind, Sixes


PokerStars Hand #173608268982:  Hold'em Limit ($3/$6 USD) - 2017/07/28 5:13:34 ET
Table 'Aquitania' 6-max Seat #4 is the button
Seat 3: SongOnur ($93.18 in chips)
Seat 4: VolkovDmitri ($142.90 in chips)
VolkovDmitri: posts small blind $1
SongOnur: posts big blind $3
*** HOLE CARDS ***
VolkovDmitri: raises $3 to $6
SongOnur: calls $3
*** FLOP *** [Tc Ac Qs]
SongOnur: checks
VolkovDmitri: bets $3
SongOnur: folds
Uncalled bet ($3) returned to VolkovDmitri
VolkovDmitri collected $11.76 from pot
VolkovDmitri: doesn't show hand
*** SUMMARY ***
Total pot $12 | Rake $0.24
Board [Tc Ac Qs]
Seat 3: SongOnur (big blind) folded on the Flop
Seat 4: VolkovDmitri (button) (small blind) collected ($11.76)


PokerStars Hand #173608296128:  Hold'em Limit ($3/$6 USD) - 2017/07/28 5:14:53 ET
Table 'Aquitania' 6-max Seat #3 is the button
Seat 3: SongOnur ($39.18 in chips)
Seat 4: VolkovDmitri ($195.66 in chips)
SongOnur: posts small blind $1
VolkovDmitri: posts big blind $3
*** HOLE CARDS ***
SongOnur: raises $3 to $6
VolkovDmitri: folds
Uncalled bet ($3) returned to SongOnur
oliwan joins the table at seat #5
SongOnur collected $6 from pot
*** SUMMARY ***
Total pot $6 | Rake $0
Seat 3: SongOnur (button) (small blind) collected ($6)
Seat 4: VolkovDmitri (big blind) folded before Flop


PokerStars Hand #173608282806:  Hold'em Limit ($3/$6 USD) - 2017/07/28 5:14:15 ET
Table 'Aquitania' 6-max Seat #4 is the button
Seat 3: SongOnur ($66.18 in chips)
Seat 4: VolkovDmitri ($169.16 in chips)
VolkovDmitri: posts small blind $1
SongOnur: posts big blind $3
*** HOLE CARDS ***
VolkovDmitri: raises $3 to $6
SongOnur: raises $3 to $9
VolkovDmitri: raises $3 to $12
Betting is capped
SongOnur: calls $3
*** FLOP *** [Ah 2h 7c]
SongOnur: checks
VolkovDmitri: bets $3
SongOnur: calls $3
*** TURN *** [Ah 2h 7c] [5d]
SongOnur: checks
VolkovDmitri: bets $6
SongOnur: calls $6
*** RIVER *** [Ah 2h 7c 5d] [Jh]
SongOnur: checks
VolkovDmitri: bets $6
SongOnur: calls $6
*** SHOW DOWN ***
VolkovDmitri: shows [Kc As] (a pair of Aces)
SongOnur: mucks hand
VolkovDmitri collected $53.50 from pot
*** SUMMARY ***
Total pot $54 | Rake $0.50
Board [Ah 2h 7c 5d Jh]
Seat 3: SongOnur (big blind) mucked
Seat 4: VolkovDmitri (button) (small blind) showed [Kc As] and won ($53.50) with a pair of Aces


