PokerStars Hand #159208827932:  Hold'em Limit ($3/$6 USD) - 2016/09/28 12:50:24 ET
Table 'Aquilegia II' 6-max Seat #3 is the button
Seat 3: BranzanM ($132.65 in chips)
Seat 4: Great_Kang ($120 in chips)
BranzanM: posts small blind $1
Great_Kang: posts big blind $3
*** HOLE CARDS ***
BranzanM: raises $3 to $6
Great_Kang: calls $3
*** FLOP *** [3d Th 8d]
Great_Kang: checks
BranzanM: bets $3
Great_Kang: folds
Uncalled bet ($3) returned to BranzanM
BranzanM collected $11.76 from pot
*** SUMMARY ***
Total pot $12 | Rake $0.24
Board [3d Th 8d]
Seat 3: BranzanM (button) (small blind) collected ($11.76)
Seat 4: Great_Kang (big blind) folded on the Flop


PokerStars Hand #159208886923:  Hold'em Limit ($3/$6 USD) - 2016/09/28 12:51:46 ET
Table 'Aquilegia II' 6-max Seat #4 is the button
Seat 3: BranzanM ($131.91 in chips)
Seat 4: Great_Kang ($125.50 in chips)
Great_Kang: posts small blind $1
BranzanM: posts big blind $3
*** HOLE CARDS ***
Great_Kang: raises $3 to $6
BranzanM: calls $3
*** FLOP *** [4h Jh As]
BranzanM: checks
Great_Kang: bets $3
BranzanM: folds
Uncalled bet ($3) returned to Great_Kang
Great_Kang collected $11.76 from pot
Great_Kang: doesn't show hand
*** SUMMARY ***
Total pot $12 | Rake $0.24
Board [4h Jh As]
Seat 3: BranzanM (big blind) folded on the Flop
Seat 4: Great_Kang (button) (small blind) collected ($11.76)


PokerStars Hand #159208866667:  Hold'em Limit ($3/$6 USD) - 2016/09/28 12:51:18 ET
Table 'Aquilegia II' 6-max Seat #3 is the button
Seat 3: BranzanM ($108.41 in chips)
Seat 4: Great_Kang ($149.50 in chips)
BranzanM: posts small blind $1
Great_Kang: posts big blind $3
*** HOLE CARDS ***
BranzanM: raises $3 to $6
Great_Kang: calls $3
*** FLOP *** [Qc 7c Ad]
Great_Kang: checks
BranzanM: bets $3
Great_Kang: raises $3 to $6
BranzanM: calls $3
*** TURN *** [Qc 7c Ad] [6h]
Great_Kang: bets $6
BranzanM: calls $6
*** RIVER *** [Qc 7c Ad 6h] [Kd]
Great_Kang: checks
BranzanM: bets $6
Great_Kang: calls $6
*** SHOW DOWN ***
BranzanM: shows [4h As] (a pair of Aces)
Great_Kang: mucks hand
BranzanM collected $47.50 from pot
*** SUMMARY ***
Total pot $48 | Rake $0.50
Board [Qc 7c Ad 6h Kd]
Seat 3: BranzanM (button) (small blind) showed [4h As] and won ($47.50) with a pair of Aces
Seat 4: Great_Kang (big blind) mucked


PokerStars Hand #159208842516:  Hold'em Limit ($3/$6 USD) - 2016/09/28 12:50:44 ET
Table 'Aquilegia II' 6-max Seat #4 is the button
Seat 3: BranzanM ($138.41 in chips)
Seat 4: Great_Kang ($120 in chips)
Great_Kang: posts small blind $1
BranzanM: posts big blind $3
*** HOLE CARDS ***
Great_Kang: raises $3 to $6
BranzanM: calls $3
*** FLOP *** [2s 6h 5d]
BranzanM: checks
Great_Kang: bets $3
BranzanM: raises $3 to $6
Great_Kang: calls $3
*** TURN *** [2s 6h 5d] [8d]
BranzanM: bets $6
Great_Kang: raises $6 to $12
BranzanM: calls $6
*** RIVER *** [2s 6h 5d 8d] [5s]
BranzanM: checks
Great_Kang: bets $6
BranzanM: calls $6
*** SHOW DOWN ***
Great_Kang: shows [8s 5h] (a full house, Fives full of Eights)
BranzanM: mucks hand
Great_Kang collected $59.50 from pot
*** SUMMARY ***
Total pot $60 | Rake $0.50
Board [2s 6h 5d 8d 5s]
Seat 3: BranzanM (big blind) mucked
Seat 4: Great_Kang (button) (small blind) showed [8s 5h] and won ($59.50) with a full house, Fives full of Eights


PokerStars Hand #159208899022:  Hold'em Limit ($3/$6 USD) - 2016/09/28 12:52:03 ET
Table 'Aquilegia II' 6-max Seat #3 is the button
Seat 3: BranzanM ($125.91 in chips)
Seat 4: Great_Kang ($131.26 in chips)
BranzanM: posts small blind $1
Great_Kang: posts big blind $3
*** HOLE CARDS ***
BranzanM: folds
Uncalled bet ($2) returned to Great_Kang
Great_Kang collected $2 from pot
Great_Kang: doesn't show hand
*** SUMMARY ***
Total pot $2 | Rake $0
Seat 3: BranzanM (button) (small blind) folded before Flop
Seat 4: Great_Kang (big blind) collected ($2)


PokerStars Hand #159208935114:  Hold'em Limit ($3/$6 USD) - 2016/09/28 12:52:52 ET
Table 'Aquilegia II' 6-max Seat #4 is the button
Seat 3: BranzanM ($108.91 in chips)
Seat 4: Great_Kang ($147.76 in chips)
Great_Kang: posts small blind $1
BranzanM: posts big blind $3
*** HOLE CARDS ***
Great_Kang: raises $3 to $6
BranzanM: calls $3
*** FLOP *** [2c Ad 5s]
BranzanM: checks
Great_Kang: bets $3
BranzanM: calls $3
*** TURN *** [2c Ad 5s] [4d]
BranzanM: checks
Great_Kang: checks
*** RIVER *** [2c Ad 5s 4d] [6d]
BranzanM: bets $6
Great_Kang: calls $6
*** SHOW DOWN ***
BranzanM: shows [3s Kd] (a straight, Deuce to Six)
Great_Kang: mucks hand
BranzanM collected $29.50 from pot
*** SUMMARY ***
Total pot $30 | Rake $0.50
Board [2c Ad 5s 4d 6d]
Seat 3: BranzanM (big blind) showed [3s Kd] and won ($29.50) with a straight, Deuce to Six
Seat 4: Great_Kang (button) (small blind) mucked


PokerStars Hand #159208931701:  Hold'em Limit ($3/$6 USD) - 2016/09/28 12:52:47 ET
Table 'Aquilegia II' 6-max Seat #3 is the button
Seat 3: BranzanM ($109.91 in chips)
Seat 4: Great_Kang ($146.76 in chips)
BranzanM: posts small blind $1
Great_Kang: posts big blind $3
*** HOLE CARDS ***
BranzanM: folds
Uncalled bet ($2) returned to Great_Kang
Great_Kang collected $2 from pot
Great_Kang: doesn't show hand
*** SUMMARY ***
Total pot $2 | Rake $0
Seat 3: BranzanM (button) (small blind) folded before Flop
Seat 4: Great_Kang (big blind) collected ($2)


PokerStars Hand #159208904920:  Hold'em Limit ($3/$6 USD) - 2016/09/28 12:52:11 ET
Table 'Aquilegia II' 6-max Seat #4 is the button
Seat 3: BranzanM ($124.91 in chips)
Seat 4: Great_Kang ($132.26 in chips)
Great_Kang: posts small blind $1
BranzanM: posts big blind $3
*** HOLE CARDS ***
Great_Kang: raises $3 to $6
BranzanM: calls $3
*** FLOP *** [As 8d Jd]
BranzanM: bets $3
Great_Kang: calls $3
*** TURN *** [As 8d Jd] [2h]
BranzanM: bets $6
Great_Kang: raises $6 to $12
BranzanM: folds
Uncalled bet ($6) returned to Great_Kang
Great_Kang collected $29.50 from pot
Great_Kang: doesn't show hand
*** SUMMARY ***
Total pot $30 | Rake $0.50
Board [As 8d Jd 2h]
Seat 3: BranzanM (big blind) folded on the Turn
Seat 4: Great_Kang (button) (small blind) collected ($29.50)


PokerStars Hand #159208969496:  Hold'em Limit ($3/$6 USD) - 2016/09/28 12:53:39 ET
Table 'Aquilegia II' 6-max Seat #3 is the button
Seat 3: BranzanM ($101.41 in chips)
Seat 4: Great_Kang ($154.26 in chips)
BranzanM: posts small blind $1
Great_Kang: posts big blind $3
*** HOLE CARDS ***
BranzanM: raises $3 to $6
Great_Kang: calls $3
*** FLOP *** [6c Ts 2d]
Great_Kang: checks
BranzanM: checks
*** TURN *** [6c Ts 2d] [3c]
Great_Kang: checks
BranzanM: bets $6
Great_Kang: calls $6
*** RIVER *** [6c Ts 2d 3c] [2h]
Great_Kang: checks
BranzanM: bets $6
Great_Kang: calls $6
*** SHOW DOWN ***
BranzanM: shows [Kd 5h] (a pair of Deuces)
Great_Kang: shows [Ac 4d] (a pair of Deuces - Ace kicker)
Great_Kang collected $35.50 from pot
*** SUMMARY ***
Total pot $36 | Rake $0.50
Board [6c Ts 2d 3c 2h]
Seat 3: BranzanM (button) (small blind) showed [Kd 5h] and lost with a pair of Deuces
Seat 4: Great_Kang (big blind) showed [Ac 4d] and won ($35.50) with a pair of Deuces


PokerStars Hand #159208951574:  Hold'em Limit ($3/$6 USD) - 2016/09/28 12:53:14 ET
Table 'Aquilegia II' 6-max Seat #4 is the button
Seat 3: BranzanM ($122.41 in chips)
Seat 4: Great_Kang ($133.76 in chips)
Great_Kang: posts small blind $1
BranzanM: posts big blind $3
*** HOLE CARDS ***
Great_Kang: raises $3 to $6
BranzanM: calls $3
*** FLOP *** [3h 7d Qh]
BranzanM: checks
Great_Kang: bets $3
BranzanM: calls $3
*** TURN *** [3h 7d Qh] [Js]
BranzanM: checks
Great_Kang: bets $6
BranzanM: calls $6
*** RIVER *** [3h 7d Qh Js] [5d]
BranzanM: checks
Great_Kang: bets $6
BranzanM: calls $6
*** SHOW DOWN ***
Great_Kang: shows [Jh 4h] (a pair of Jacks)
BranzanM: mucks hand
Great_Kang collected $41.50 from pot
*** SUMMARY ***
Total pot $42 | Rake $0.50
Board [3h 7d Qh Js 5d]
Seat 3: BranzanM (big blind) mucked
Seat 4: Great_Kang (button) (small blind) showed [Jh 4h] and won ($41.50) with a pair of Jacks


PokerStars Hand #159208947304:  Hold'em Limit ($3/$6 USD) - 2016/09/28 12:53:08 ET
Table 'Aquilegia II' 6-max Seat #3 is the button
Seat 3: BranzanM ($123.41 in chips)
Seat 4: Great_Kang ($132.76 in chips)
BranzanM: posts small blind $1
Great_Kang: posts big blind $3
*** HOLE CARDS ***
BranzanM: folds
Uncalled bet ($2) returned to Great_Kang
Great_Kang collected $2 from pot
Great_Kang: doesn't show hand
*** SUMMARY ***
Total pot $2 | Rake $0
Seat 3: BranzanM (button) (small blind) folded before Flop
Seat 4: Great_Kang (big blind) collected ($2)


PokerStars Hand #159208998254:  Hold'em Limit ($3/$6 USD) - 2016/09/28 12:54:18 ET
Table 'Aquilegia II' 6-max Seat #3 is the button
Seat 3: BranzanM ($97.91 in chips)
Seat 4: Great_Kang ($156.76 in chips)
BranzanM: posts small blind $1
Great_Kang: posts big blind $3
*** HOLE CARDS ***
BranzanM: folds
Uncalled bet ($2) returned to Great_Kang
Great_Kang collected $2 from pot
Great_Kang: doesn't show hand
*** SUMMARY ***
Total pot $2 | Rake $0
Seat 3: BranzanM (button) (small blind) folded before Flop
Seat 4: Great_Kang (big blind) collected ($2)


PokerStars Hand #159208985225:  Hold'em Limit ($3/$6 USD) - 2016/09/28 12:54:01 ET
Table 'Aquilegia II' 6-max Seat #4 is the button
Seat 3: BranzanM ($83.41 in chips)
Seat 4: Great_Kang ($171.76 in chips)
Great_Kang: posts small blind $1
BranzanM: posts big blind $3
*** HOLE CARDS ***
Great_Kang: raises $3 to $6
BranzanM: calls $3
*** FLOP *** [Ks 5s 9d]
BranzanM: bets $3
Great_Kang: calls $3
*** TURN *** [Ks 5s 9d] [4h]
BranzanM: bets $6
Great_Kang: calls $6
*** RIVER *** [Ks 5s 9d 4h] [Js]
BranzanM: bets $6
Great_Kang: folds
Uncalled bet ($6) returned to BranzanM
BranzanM collected $29.50 from pot
*** SUMMARY ***
Total pot $30 | Rake $0.50
Board [Ks 5s 9d 4h Js]
Seat 3: BranzanM (big blind) collected ($29.50)
Seat 4: Great_Kang (button) (small blind) folded on the River


PokerStars Hand #159209009178:  Hold'em Limit ($3/$6 USD) - 2016/09/28 12:54:33 ET
Table 'Aquilegia II' 6-max Seat #3 is the button
Seat 3: BranzanM ($90.91 in chips)
Seat 4: Great_Kang ($163.52 in chips)
BranzanM: posts small blind $1
Great_Kang: posts big blind $3
*** HOLE CARDS ***
BranzanM: calls $2
Great_Kang: checks
*** FLOP *** [Jc 2c Qd]
Great_Kang: checks
BranzanM: bets $3
Great_Kang: calls $3
*** TURN *** [Jc 2c Qd] [9h]
Great_Kang: checks
BranzanM: bets $6
Great_Kang: raises $6 to $12
BranzanM: calls $6
*** RIVER *** [Jc 2c Qd 9h] [2d]
Great_Kang: bets $6
BranzanM: raises $6 to $12
Great_Kang: raises $6 to $18
BranzanM: calls $6
*** SHOW DOWN ***
Great_Kang: shows [Jd 2h] (a full house, Deuces full of Jacks)
BranzanM: mucks hand
Great_Kang collected $71.50 from pot
*** SUMMARY ***
Total pot $72 | Rake $0.50
Board [Jc 2c Qd 9h 2d]
Seat 3: BranzanM (button) (small blind) mucked
Seat 4: Great_Kang (big blind) showed [Jd 2h] and won ($71.50) with a full house, Deuces full of Jacks


PokerStars Hand #159209001754:  Hold'em Limit ($3/$6 USD) - 2016/09/28 12:54:23 ET
Table 'Aquilegia II' 6-max Seat #4 is the button
Seat 3: BranzanM ($96.91 in chips)
Seat 4: Great_Kang ($157.76 in chips)
Great_Kang: posts small blind $1
BranzanM: posts big blind $3
*** HOLE CARDS ***
Great_Kang: raises $3 to $6
BranzanM: calls $3
*** FLOP *** [Th Ad 7h]
BranzanM: checks
Great_Kang: bets $3
BranzanM: folds
Uncalled bet ($3) returned to Great_Kang
Great_Kang collected $11.76 from pot
Great_Kang: doesn't show hand
*** SUMMARY ***
Total pot $12 | Rake $0.24
Board [Th Ad 7h]
Seat 3: BranzanM (big blind) folded on the Flop
Seat 4: Great_Kang (button) (small blind) collected ($11.76)


PokerStars Hand #159209032634:  Hold'em Limit ($3/$6 USD) - 2016/09/28 12:55:05 ET
Table 'Aquilegia II' 6-max Seat #4 is the button
Seat 3: BranzanM ($54.91 in chips)
Seat 4: Great_Kang ($199.02 in chips)
Great_Kang: posts small blind $1
BranzanM: posts big blind $3
*** HOLE CARDS ***
Great_Kang: raises $3 to $6
BranzanM: calls $3
*** FLOP *** [9d 4h 9h]
BranzanM: checks
Great_Kang: checks
*** TURN *** [9d 4h 9h] [Jc]
BranzanM: bets $6
Great_Kang: calls $6
*** RIVER *** [9d 4h 9h Jc] [8c]
BranzanM: bets $6
Great_Kang: folds
Uncalled bet ($6) returned to BranzanM
BranzanM collected $23.52 from pot
*** SUMMARY ***
Total pot $24 | Rake $0.48
Board [9d 4h 9h Jc 8c]
Seat 3: BranzanM (big blind) collected ($23.52)
Seat 4: Great_Kang (button) (small blind) folded on the River


PokerStars Hand #159209050653:  Hold'em Limit ($3/$6 USD) - 2016/09/28 12:55:35 ET
Table 'Aquilegia II' 6-max Seat #4 is the button
Seat 3: BranzanM ($72.19 in chips)
Seat 4: Great_Kang ($181.02 in chips)
Great_Kang: posts small blind $1
BranzanM: posts big blind $3
*** HOLE CARDS ***
Great_Kang: raises $3 to $6
BranzanM: calls $3
*** FLOP *** [6d 2d Jc]
BranzanM: checks
Great_Kang: checks
*** TURN *** [6d 2d Jc] [6h]
BranzanM: checks
Great_Kang: checks
*** RIVER *** [6d 2d Jc 6h] [5s]
BranzanM: checks
Great_Kang: bets $6
BranzanM: folds
Uncalled bet ($6) returned to Great_Kang
Great_Kang collected $11.76 from pot
Great_Kang: doesn't show hand
*** SUMMARY ***
Total pot $12 | Rake $0.24
Board [6d 2d Jc 6h 5s]
Seat 3: BranzanM (big blind) folded on the River
Seat 4: Great_Kang (button) (small blind) collected ($11.76)


PokerStars Hand #159209041332:  Hold'em Limit ($3/$6 USD) - 2016/09/28 12:55:19 ET
Table 'Aquilegia II' 6-max Seat #3 is the button
Seat 3: BranzanM ($66.43 in chips)
Seat 4: Great_Kang ($187.02 in chips)
BranzanM: posts small blind $1
Great_Kang: posts big blind $3
*** HOLE CARDS ***
BranzanM: calls $2
Great_Kang: checks
*** FLOP *** [6c Jd 3d]
Great_Kang: checks
BranzanM: bets $3
Great_Kang: calls $3
*** TURN *** [6c Jd 3d] [Jc]
Great_Kang: checks
BranzanM: bets $6
Great_Kang: folds
Uncalled bet ($6) returned to BranzanM
BranzanM collected $11.76 from pot
*** SUMMARY ***
Total pot $12 | Rake $0.24
Board [6c Jd 3d Jc]
Seat 3: BranzanM (button) (small blind) collected ($11.76)
Seat 4: Great_Kang (big blind) folded on the Turn


PokerStars Hand #159209095593:  Hold'em Limit ($3/$6 USD) - 2016/09/28 12:56:52 ET
Table 'Aquilegia II' 6-max Seat #4 is the button
Seat 3: BranzanM ($41.95 in chips)
Seat 4: Great_Kang ($210.04 in chips)
Great_Kang: posts small blind $1
BranzanM: posts big blind $3
*** HOLE CARDS ***
Great_Kang: raises $3 to $6
BranzanM: calls $3
*** FLOP *** [Ts 5h 3h]
BranzanM: checks
Great_Kang: bets $3
BranzanM: calls $3
*** TURN *** [Ts 5h 3h] [6d]
BranzanM: checks
Great_Kang: bets $6
BranzanM: folds
Uncalled bet ($6) returned to Great_Kang
Great_Kang collected $17.64 from pot
Great_Kang: doesn't show hand
*** SUMMARY ***
Total pot $18 | Rake $0.36
Board [Ts 5h 3h 6d]
Seat 3: BranzanM (big blind) folded on the Turn
Seat 4: Great_Kang (button) (small blind) collected ($17.64)


PokerStars Hand #159209074332:  Hold'em Limit ($3/$6 USD) - 2016/09/28 12:56:16 ET
Table 'Aquilegia II' 6-max Seat #4 is the button
Seat 3: BranzanM ($71.95 in chips)
Seat 4: Great_Kang ($180.78 in chips)
Great_Kang: posts small blind $1
BranzanM: posts big blind $3
*** HOLE CARDS ***
Great_Kang: raises $3 to $6
BranzanM: calls $3
*** FLOP *** [Jd 6h Tc]
BranzanM: checks
Great_Kang: bets $3
BranzanM: folds
Uncalled bet ($3) returned to Great_Kang
Great_Kang collected $11.76 from pot
Great_Kang: doesn't show hand
*** SUMMARY ***
Total pot $12 | Rake $0.24
Board [Jd 6h Tc]
Seat 3: BranzanM (big blind) folded on the Flop
Seat 4: Great_Kang (button) (small blind) collected ($11.76)


PokerStars Hand #159209081350:  Hold'em Limit ($3/$6 USD) - 2016/09/28 12:56:28 ET
Table 'Aquilegia II' 6-max Seat #3 is the button
Seat 3: BranzanM ($65.95 in chips)
Seat 4: Great_Kang ($186.54 in chips)
BranzanM: posts small blind $1
Great_Kang: posts big blind $3
*** HOLE CARDS ***
BranzanM: raises $3 to $6
Great_Kang: calls $3
*** FLOP *** [5d Qc Jh]
Great_Kang: checks
BranzanM: bets $3
Great_Kang: raises $3 to $6
BranzanM: calls $3
*** TURN *** [5d Qc Jh] [3h]
Great_Kang: bets $6
BranzanM: calls $6
*** RIVER *** [5d Qc Jh 3h] [Tc]
Great_Kang: bets $6
BranzanM: calls $6
*** SHOW DOWN ***
Great_Kang: shows [Qd 4c] (a pair of Queens)
BranzanM: mucks hand
Great_Kang collected $47.50 from pot
*** SUMMARY ***
Total pot $48 | Rake $0.50
Board [5d Qc Jh 3h Tc]
Seat 3: BranzanM (button) (small blind) mucked
Seat 4: Great_Kang (big blind) showed [Qd 4c] and won ($47.50) with a pair of Queens


PokerStars Hand #159209065980:  Hold'em Limit ($3/$6 USD) - 2016/09/28 12:56:01 ET
Table 'Aquilegia II' 6-max Seat #3 is the button
Seat 3: BranzanM ($66.19 in chips)
Seat 4: Great_Kang ($186.78 in chips)
BranzanM: posts small blind $1
Great_Kang: posts big blind $3
*** HOLE CARDS ***
BranzanM: raises $3 to $6
Great_Kang: calls $3
*** FLOP *** [3d 6h Js]
Great_Kang: checks
BranzanM: checks
*** TURN *** [3d 6h Js] [3c]
Great_Kang: checks
BranzanM: checks
*** RIVER *** [3d 6h Js 3c] [Jd]
Great_Kang: checks
BranzanM: checks
*** SHOW DOWN ***
Great_Kang: shows [Kc 5h] (two pair, Jacks and Threes)
BranzanM: shows [Ac 2s] (two pair, Jacks and Threes - Ace kicker)
BranzanM collected $11.76 from pot
*** SUMMARY ***
Total pot $12 | Rake $0.24
Board [3d 6h Js 3c Jd]
Seat 3: BranzanM (button) (small blind) showed [Ac 2s] and won ($11.76) with two pair, Jacks and Threes
Seat 4: Great_Kang (big blind) showed [Kc 5h] and lost with two pair, Jacks and Threes


PokerStars Hand #159209113489:  Hold'em Limit ($3/$6 USD) - 2016/09/28 12:57:23 ET
Table 'Aquilegia II' 6-max Seat #4 is the button
Seat 3: BranzanM ($38.71 in chips)
Seat 4: Great_Kang ($212.68 in chips)
Great_Kang: posts small blind $1
BranzanM: posts big blind $3
*** HOLE CARDS ***
Great_Kang: raises $3 to $6
BranzanM: calls $3
*** FLOP *** [3s 7c 8c]
BranzanM: checks
Great_Kang: bets $3
BranzanM: folds
Uncalled bet ($3) returned to Great_Kang
Great_Kang collected $11.76 from pot
Great_Kang: doesn't show hand
*** SUMMARY ***
Total pot $12 | Rake $0.24
Board [3s 7c 8c]
Seat 3: BranzanM (big blind) folded on the Flop
Seat 4: Great_Kang (button) (small blind) collected ($11.76)


PokerStars Hand #159209106086:  Hold'em Limit ($3/$6 USD) - 2016/09/28 12:57:10 ET
Table 'Aquilegia II' 6-max Seat #3 is the button
Seat 3: BranzanM ($32.95 in chips)
Seat 4: Great_Kang ($218.68 in chips)
BranzanM: posts small blind $1
Great_Kang: posts big blind $3
*** HOLE CARDS ***
BranzanM: raises $3 to $6
Great_Kang: calls $3
*** FLOP *** [Kc Kh Ad]
Great_Kang: checks
BranzanM: bets $3
Great_Kang: folds
Uncalled bet ($3) returned to BranzanM
BranzanM collected $11.76 from pot
*** SUMMARY ***
Total pot $12 | Rake $0.24
Board [Kc Kh Ad]
Seat 3: BranzanM (button) (small blind) collected ($11.76)
Seat 4: Great_Kang (big blind) folded on the Flop


PokerStars Hand #159209129276:  Hold'em Limit ($3/$6 USD) - 2016/09/28 12:57:50 ET
Table 'Aquilegia II' 6-max Seat #3 is the button
Seat 3: BranzanM ($32.71 in chips)
Seat 4: Great_Kang ($218.44 in chips)
BranzanM: posts small blind $1
Great_Kang: posts big blind $3
*** HOLE CARDS ***
BranzanM: calls $2
Great_Kang: checks
*** FLOP *** [Qh 8s 8d]
Great_Kang: checks
BranzanM: bets $3
Great_Kang: folds
Uncalled bet ($3) returned to BranzanM
BranzanM collected $5.88 from pot
*** SUMMARY ***
Total pot $6 | Rake $0.12
Board [Qh 8s 8d]
Seat 3: BranzanM (button) (small blind) collected ($5.88)
Seat 4: Great_Kang (big blind) folded on the Flop


PokerStars Hand #159209148826:  Hold'em Limit ($3/$6 USD) - 2016/09/28 12:58:23 ET
Table 'Aquilegia II' 6-max Seat #4 is the button
Seat 3: BranzanM ($35.59 in chips)
Seat 4: Great_Kang ($215.44 in chips)
Great_Kang: posts small blind $1
BranzanM: posts big blind $3
*** HOLE CARDS ***
Great_Kang: raises $3 to $6
BranzanM: raises $3 to $9
Great_Kang: raises $3 to $12
Betting is capped
BranzanM: calls $3
*** FLOP *** [Ac 2c 7h]
BranzanM: checks
Great_Kang: checks
*** TURN *** [Ac 2c 7h] [5s]
BranzanM: bets $6
Great_Kang: calls $6
*** RIVER *** [Ac 2c 7h 5s] [9d]
BranzanM: bets $6
Great_Kang: calls $6
*** SHOW DOWN ***
BranzanM: shows [8c 8s] (a pair of Eights)
Great_Kang: mucks hand
BranzanM collected $47.50 from pot
*** SUMMARY ***
Total pot $48 | Rake $0.50
Board [Ac 2c 7h 5s 9d]
Seat 3: BranzanM (big blind) showed [8c 8s] and won ($47.50) with a pair of Eights
Seat 4: Great_Kang (button) (small blind) mucked


PokerStars Hand #159209167462:  Hold'em Limit ($3/$6 USD) - 2016/09/28 12:58:44 ET
Table 'Aquilegia II' 6-max Seat #3 is the button
Seat 3: BranzanM ($59.09 in chips)
Seat 4: Great_Kang ($191.44 in chips)
BranzanM: posts small blind $1
Great_Kang: posts big blind $3
*** HOLE CARDS ***
BranzanM: calls $2
Great_Kang: raises $3 to $6
BranzanM: calls $3
*** FLOP *** [2c Tc 4h]
Great_Kang: bets $3
BranzanM: calls $3
*** TURN *** [2c Tc 4h] [Ah]
Great_Kang: bets $6
BranzanM: folds
Uncalled bet ($6) returned to Great_Kang
Great_Kang collected $17.64 from pot
Great_Kang: doesn't show hand
*** SUMMARY ***
Total pot $18 | Rake $0.36
Board [2c Tc 4h Ah]
Seat 3: BranzanM (button) (small blind) folded on the Turn
Seat 4: Great_Kang (big blind) collected ($17.64)


PokerStars Hand #159209175969:  Hold'em Limit ($3/$6 USD) - 2016/09/28 12:58:59 ET
Table 'Aquilegia II' 6-max Seat #4 is the button
Seat 3: BranzanM ($50.09 in chips)
Seat 4: Great_Kang ($200.08 in chips)
Great_Kang: posts small blind $1
BranzanM: posts big blind $3
*** HOLE CARDS ***
Great_Kang: raises $3 to $6
BranzanM: calls $3
*** FLOP *** [Kd 7c Tc]
BranzanM: checks
Great_Kang: bets $3
BranzanM: folds
Uncalled bet ($3) returned to Great_Kang
Great_Kang collected $11.76 from pot
Great_Kang: doesn't show hand
*** SUMMARY ***
Total pot $12 | Rake $0.24
Board [Kd 7c Tc]
Seat 3: BranzanM (big blind) folded on the Flop
Seat 4: Great_Kang (button) (small blind) collected ($11.76)


PokerStars Hand #159209181990:  Hold'em Limit ($3/$6 USD) - 2016/09/28 12:59:09 ET
Table 'Aquilegia II' 6-max Seat #3 is the button
Seat 3: BranzanM ($44.09 in chips)
Seat 4: Great_Kang ($205.84 in chips)
BranzanM: posts small blind $1
Great_Kang: posts big blind $3
*** HOLE CARDS ***
BranzanM: raises $3 to $6
Great_Kang: calls $3
*** FLOP *** [Qs 9s Tc]
Great_Kang: checks
BranzanM: bets $3
Great_Kang: calls $3
*** TURN *** [Qs 9s Tc] [3c]
Great_Kang: checks
BranzanM: checks
*** RIVER *** [Qs 9s Tc 3c] [Qc]
Great_Kang: bets $6
BranzanM: folds
Uncalled bet ($6) returned to Great_Kang
Great_Kang collected $17.64 from pot
Great_Kang: doesn't show hand
*** SUMMARY ***
Total pot $18 | Rake $0.36
Board [Qs 9s Tc 3c Qc]
Seat 3: BranzanM (button) (small blind) folded on the River
Seat 4: Great_Kang (big blind) collected ($17.64)


PokerStars Hand #159209203168:  Hold'em Limit ($3/$6 USD) - 2016/09/28 12:59:45 ET
Table 'Aquilegia II' 6-max Seat #4 is the button
Seat 3: BranzanM ($35.09 in chips)
Seat 4: Great_Kang ($214.48 in chips)
Great_Kang: posts small blind $1
BranzanM: posts big blind $3
*** HOLE CARDS ***
Great_Kang: raises $3 to $6
BranzanM: calls $3
*** FLOP *** [8d 6c 3h]
BranzanM: bets $3
Great_Kang: calls $3
*** TURN *** [8d 6c 3h] [6s]
BranzanM: bets $6
Great_Kang: folds
Uncalled bet ($6) returned to BranzanM
BranzanM collected $17.64 from pot
*** SUMMARY ***
Total pot $18 | Rake $0.36
Board [8d 6c 3h 6s]
Seat 3: BranzanM (big blind) collected ($17.64)
Seat 4: Great_Kang (button) (small blind) folded on the Turn


PokerStars Hand #159209213337:  Hold'em Limit ($3/$6 USD) - 2016/09/28 13:00:02 ET
Table 'Aquilegia II' 6-max Seat #3 is the button
Seat 3: BranzanM ($43.73 in chips)
Seat 4: Great_Kang ($205.48 in chips)
BranzanM: posts small blind $1
Great_Kang: posts big blind $3
*** HOLE CARDS ***
BranzanM: raises $3 to $6
Great_Kang: calls $3
*** FLOP *** [4s 7s 7d]
Great_Kang: checks
BranzanM: bets $3
Great_Kang: raises $3 to $6
BranzanM: calls $3
*** TURN *** [4s 7s 7d] [6d]
Great_Kang: bets $6
BranzanM: calls $6
*** RIVER *** [4s 7s 7d 6d] [Js]
Great_Kang: bets $6
BranzanM: calls $6
*** SHOW DOWN ***
Great_Kang: shows [Kc 7h] (three of a kind, Sevens)
BranzanM: mucks hand
Great_Kang collected $47.50 from pot
*** SUMMARY ***
Total pot $48 | Rake $0.50
Board [4s 7s 7d 6d Js]
Seat 3: BranzanM (button) (small blind) mucked
Seat 4: Great_Kang (big blind) showed [Kc 7h] and won ($47.50) with three of a kind, Sevens


PokerStars Hand #159209238243:  Hold'em Limit ($3/$6 USD) - 2016/09/28 13:00:43 ET
Table 'Aquilegia II' 6-max Seat #4 is the button
Seat 3: BranzanM ($19.73 in chips)
Seat 4: Great_Kang ($228.98 in chips)
Great_Kang: posts small blind $1
BranzanM: posts big blind $3
*** HOLE CARDS ***
Great_Kang: raises $3 to $6
BranzanM: folds
Uncalled bet ($3) returned to Great_Kang
Great_Kang collected $6 from pot
Great_Kang: doesn't show hand
*** SUMMARY ***
Total pot $6 | Rake $0
Seat 3: BranzanM (big blind) folded before Flop
Seat 4: Great_Kang (button) (small blind) collected ($6)


PokerStars Hand #159209243168:  Hold'em Limit ($3/$6 USD) - 2016/09/28 13:00:51 ET
Table 'Aquilegia II' 6-max Seat #3 is the button
Seat 3: BranzanM ($16.73 in chips)
Seat 4: Great_Kang ($231.98 in chips)
BranzanM: posts small blind $1
Great_Kang: posts big blind $3
*** HOLE CARDS ***
BranzanM: folds
Uncalled bet ($2) returned to Great_Kang
Great_Kang collected $2 from pot
Great_Kang: doesn't show hand
*** SUMMARY ***
Total pot $2 | Rake $0
Seat 3: BranzanM (button) (small blind) folded before Flop
Seat 4: Great_Kang (big blind) collected ($2)


PokerStars Hand #159209247160:  Hold'em Limit ($3/$6 USD) - 2016/09/28 13:00:57 ET
Table 'Aquilegia II' 6-max Seat #4 is the button
Seat 3: BranzanM ($15.73 in chips)
Seat 4: Great_Kang ($232.98 in chips)
Great_Kang: posts small blind $1
BranzanM: posts big blind $3
*** HOLE CARDS ***
Great_Kang: raises $3 to $6
BranzanM: raises $3 to $9
Great_Kang: calls $3
*** FLOP *** [6c 8c 7d]
BranzanM: bets $3
Great_Kang: calls $3
*** TURN *** [6c 8c 7d] [9h]
BranzanM: bets $3.73 and is all-in
Great_Kang: calls $3.73
*** RIVER *** [6c 8c 7d 9h] [Ad]
*** SHOW DOWN ***
BranzanM: shows [9s Ah] (two pair, Aces and Nines)
Great_Kang: shows [Qs 5h] (a straight, Five to Nine)
Great_Kang collected $30.96 from pot
*** SUMMARY ***
Total pot $31.46 | Rake $0.50
Board [6c 8c 7d 9h Ad]
Seat 3: BranzanM (big blind) showed [9s Ah] and lost with two pair, Aces and Nines
Seat 4: Great_Kang (button) (small blind) showed [Qs 5h] and won ($30.96) with a straight, Five to Nine


