PokerStars Hand #169669176835:  Hold'em Limit ($3/$6 USD) - 2017/04/28 9:51:21 ET
Table 'Aquitania II' 6-max Seat #1 is the button
Seat 1: anebodil ($140.03 in chips)
Seat 2: kolaz03 ($75 in chips)
anebodil: posts small blind $1
kolaz03: posts big blind $3
*** HOLE CARDS ***
deluxe joins the table at seat #5
anebodil: folds
Uncalled bet ($2) returned to kolaz03
kolaz03 collected $2 from pot
kolaz03: doesn't show hand
*** SUMMARY ***
Total pot $2 | Rake $0
Seat 1: anebodil (button) (small blind) folded before Flop
Seat 2: kolaz03 (big blind) collected ($2)


PokerStars Hand #169669164761:  Hold'em Limit ($3/$6 USD) - 2017/04/28 9:51:00 ET
Table 'Aquitania II' 6-max Seat #2 is the button
Seat 1: anebodil ($143.03 in chips)
Seat 2: kolaz03 ($72 in chips)
kolaz03: posts small blind $1
TbIP-TbIP 88: is sitting out
TbIP-TbIP 88 leaves the table
anebodil: posts big blind $3
*** HOLE CARDS ***
B_loJkl joins the table at seat #3
kolaz03: raises $3 to $6
anebodil: folds
Uncalled bet ($3) returned to kolaz03
kolaz03 collected $6 from pot
*** SUMMARY ***
Total pot $6 | Rake $0
Seat 1: anebodil (big blind) folded before Flop
Seat 2: kolaz03 (button) (small blind) collected ($6)


PokerStars Hand #169669536203:  Hold'em Limit ($3/$6 USD) - 2017/04/28 10:02:41 ET
Table 'Aquitania II' 6-max Seat #6 is the button
Seat 5: deluxe ($105.66 in chips)
Seat 6: RockKillerTY ($117 in chips)
RockKillerTY: posts small blind $1
kolaz03: is sitting out
B_loJkl: is sitting out
deluxe: posts big blind $3
*** HOLE CARDS ***
kolaz03 leaves the table
RockKillerTY: raises $3 to $6
B_loJkl leaves the table
deluxe: calls $3
*** FLOP *** [8c 8h 2s]
deluxe: checks
RockKillerTY: bets $3
deluxe: folds
Uncalled bet ($3) returned to RockKillerTY
RockKillerTY collected $11.76 from pot
RockKillerTY: doesn't show hand
*** SUMMARY ***
Total pot $12 | Rake $0.24
Board [8c 8h 2s]
Seat 5: deluxe (big blind) folded on the Flop
Seat 6: RockKillerTY (button) (small blind) collected ($11.76)


PokerStars Hand #169669550476:  Hold'em Limit ($3/$6 USD) - 2017/04/28 10:03:06 ET
Table 'Aquitania II' 6-max Seat #5 is the button
Seat 5: deluxe ($99.66 in chips)
Seat 6: RockKillerTY ($122.76 in chips)
deluxe: posts small blind $1
RockKillerTY: posts big blind $3
*** HOLE CARDS ***
deluxe: raises $3 to $6
RockKillerTY: calls $3
*** FLOP *** [Th Kd 4s]
RockKillerTY: checks
deluxe: bets $3
RockKillerTY: raises $3 to $6
deluxe: folds
Uncalled bet ($3) returned to RockKillerTY
RockKillerTY collected $17.64 from pot
RockKillerTY: doesn't show hand
*** SUMMARY ***
Total pot $18 | Rake $0.36
Board [Th Kd 4s]
Seat 5: deluxe (button) (small blind) folded on the Flop
Seat 6: RockKillerTY (big blind) collected ($17.64)


