PokerStars Hand #167031722949:  Hold'em Limit ($3/$6 USD) - 2017/03/02 22:32:59 ET
Table 'Aquilegia' 6-max Seat #1 is the button
Seat 1: huracan mdp ($42 in chips)
Seat 4: Actionni13 ($150 in chips)
huracan mdp: posts small blind $1
Actionni13: posts big blind $3
*** HOLE CARDS ***
huracan mdp: folds
Uncalled bet ($2) returned to Actionni13
Actionni13 collected $2 from pot
Actionni13: doesn't show hand
*** SUMMARY ***
Total pot $2 | Rake $0
Seat 1: huracan mdp (button) (small blind) folded before Flop
Seat 4: Actionni13 (big blind) collected ($2)


PokerStars Hand #167031737977:  Hold'em Limit ($3/$6 USD) - 2017/03/02 22:33:41 ET
Table 'Aquilegia' 6-max Seat #4 is the button
Seat 1: huracan mdp ($54.50 in chips)
Seat 4: Actionni13 ($151 in chips)
Actionni13: posts small blind $1
huracan mdp: posts big blind $3
*** HOLE CARDS ***
Actionni13: raises $3 to $6
huracan mdp: folds
Uncalled bet ($3) returned to Actionni13
Actionni13 collected $6 from pot
Actionni13: doesn't show hand
*** SUMMARY ***
Total pot $6 | Rake $0
Seat 1: huracan mdp (big blind) folded before Flop
Seat 4: Actionni13 (button) (small blind) collected ($6)


PokerStars Hand #167031736105:  Hold'em Limit ($3/$6 USD) - 2017/03/02 22:33:36 ET
Table 'Aquilegia' 6-max Seat #1 is the button
Seat 1: huracan mdp ($55.50 in chips)
Seat 4: Actionni13 ($150 in chips)
huracan mdp: posts small blind $1
Actionni13: posts big blind $3
*** HOLE CARDS ***
huracan mdp: folds
Uncalled bet ($2) returned to Actionni13
Actionni13 collected $2 from pot
Actionni13: doesn't show hand
*** SUMMARY ***
Total pot $2 | Rake $0
Seat 1: huracan mdp (button) (small blind) folded before Flop
Seat 4: Actionni13 (big blind) collected ($2)


PokerStars Hand #167031725109:  Hold'em Limit ($3/$6 USD) - 2017/03/02 22:33:05 ET
Table 'Aquilegia' 6-max Seat #4 is the button
Seat 1: huracan mdp ($41 in chips)
Seat 4: Actionni13 ($151 in chips)
Actionni13: posts small blind $1
huracan mdp: posts big blind $3
*** HOLE CARDS ***
Actionni13: raises $3 to $6
huracan mdp: raises $3 to $9
Actionni13: calls $3
*** FLOP *** [Ts Js As]
huracan mdp: bets $3
Actionni13: raises $3 to $6
huracan mdp: calls $3
*** TURN *** [Ts Js As] [4c]
huracan mdp: checks
Actionni13: checks
*** RIVER *** [Ts Js As 4c] [Jc]
huracan mdp: checks
Actionni13: checks
*** SHOW DOWN ***
huracan mdp: shows [6h 6s] (two pair, Jacks and Sixes)
Actionni13: mucks hand
huracan mdp collected $29.50 from pot
*** SUMMARY ***
Total pot $30 | Rake $0.50
Board [Ts Js As 4c Jc]
Seat 1: huracan mdp (big blind) showed [6h 6s] and won ($29.50) with two pair, Jacks and Sixes
Seat 4: Actionni13 (button) (small blind) mucked


PokerStars Hand #167031742773:  Hold'em Limit ($3/$6 USD) - 2017/03/02 22:33:54 ET
Table 'Aquilegia' 6-max Seat #4 is the button
Seat 1: huracan mdp ($54.50 in chips)
Seat 4: Actionni13 ($151 in chips)
Actionni13: posts small blind $1
huracan mdp: posts big blind $3
*** HOLE CARDS ***
Actionni13: raises $3 to $6
huracan mdp: folds
Uncalled bet ($3) returned to Actionni13
Actionni13 collected $6 from pot
Actionni13: doesn't show hand
*** SUMMARY ***
Total pot $6 | Rake $0
Seat 1: huracan mdp (big blind) folded before Flop
Seat 4: Actionni13 (button) (small blind) collected ($6)


PokerStars Hand #167031740254:  Hold'em Limit ($3/$6 USD) - 2017/03/02 22:33:47 ET
Table 'Aquilegia' 6-max Seat #1 is the button
Seat 1: huracan mdp ($51.50 in chips)
Seat 4: Actionni13 ($154 in chips)
huracan mdp: posts small blind $1
Actionni13: posts big blind $3
*** HOLE CARDS ***
huracan mdp: raises $3 to $6
Actionni13: folds
Uncalled bet ($3) returned to huracan mdp
huracan mdp collected $6 from pot
*** SUMMARY ***
Total pot $6 | Rake $0
Seat 1: huracan mdp (button) (small blind) collected ($6)
Seat 4: Actionni13 (big blind) folded before Flop


PokerStars Hand #167031753800:  Hold'em Limit ($3/$6 USD) - 2017/03/02 22:34:25 ET
Table 'Aquilegia' 6-max Seat #4 is the button
Seat 1: huracan mdp ($75 in chips)
Seat 4: Actionni13 ($150 in chips)
Actionni13: posts small blind $1
huracan mdp: posts big blind $3
*** HOLE CARDS ***
Actionni13: raises $3 to $6
huracan mdp: calls $3
*** FLOP *** [Td Qs As]
huracan mdp: bets $3
Actionni13: calls $3
*** TURN *** [Td Qs As] [9s]
huracan mdp: bets $6
Actionni13: calls $6
*** RIVER *** [Td Qs As 9s] [8d]
huracan mdp: bets $6
Actionni13: raises $6 to $12
huracan mdp: raises $6 to $18
Actionni13: calls $6
*** SHOW DOWN ***
huracan mdp: shows [Kh Jd] (a straight, Ten to Ace)
Actionni13: mucks hand
huracan mdp collected $65.50 from pot
*** SUMMARY ***
Total pot $66 | Rake $0.50
Board [Td Qs As 9s 8d]
Seat 1: huracan mdp (big blind) showed [Kh Jd] and won ($65.50) with a straight, Ten to Ace
Seat 4: Actionni13 (button) (small blind) mucked


PokerStars Hand #167031762670:  Hold'em Limit ($3/$6 USD) - 2017/03/02 22:34:50 ET
Table 'Aquilegia' 6-max Seat #1 is the button
Seat 1: huracan mdp ($107.50 in chips)
Seat 4: Actionni13 ($150 in chips)
huracan mdp: posts small blind $1
Actionni13: posts big blind $3
*** HOLE CARDS ***
huracan mdp: folds
Uncalled bet ($2) returned to Actionni13
Actionni13 collected $2 from pot
Actionni13: doesn't show hand
*** SUMMARY ***
Total pot $2 | Rake $0
Seat 1: huracan mdp (button) (small blind) folded before Flop
Seat 4: Actionni13 (big blind) collected ($2)


PokerStars Hand #167031745702:  Hold'em Limit ($3/$6 USD) - 2017/03/02 22:34:02 ET
Table 'Aquilegia' 6-max Seat #1 is the button
Seat 1: huracan mdp ($51.50 in chips)
Seat 4: Actionni13 ($154 in chips)
huracan mdp: posts small blind $1
Actionni13: posts big blind $3
*** HOLE CARDS ***
huracan mdp: raises $3 to $6
Actionni13: raises $3 to $9
huracan mdp: calls $3
*** FLOP *** [2c 6s 5d]
Actionni13: bets $3
huracan mdp: calls $3
*** TURN *** [2c 6s 5d] [Ah]
Actionni13: bets $6
huracan mdp: raises $6 to $12
Actionni13: calls $6
*** RIVER *** [2c 6s 5d Ah] [Qc]
Actionni13: checks
huracan mdp: bets $6
Actionni13: folds
Uncalled bet ($6) returned to huracan mdp
huracan mdp collected $47.50 from pot
*** SUMMARY ***
Total pot $48 | Rake $0.50
Board [2c 6s 5d Ah Qc]
Seat 1: huracan mdp (button) (small blind) collected ($47.50)
Seat 4: Actionni13 (big blind) folded on the River


PokerStars Hand #167031774767:  Hold'em Limit ($3/$6 USD) - 2017/03/02 22:35:24 ET
Table 'Aquilegia' 6-max Seat #4 is the button
Seat 1: huracan mdp ($114.14 in chips)
Seat 4: Actionni13 ($151 in chips)
Actionni13: posts small blind $1
huracan mdp: posts big blind $3
*** HOLE CARDS ***
Actionni13: raises $3 to $6
huracan mdp: raises $3 to $9
Actionni13: calls $3
*** FLOP *** [Jh 5d 9c]
huracan mdp: bets $3
Actionni13: folds
Uncalled bet ($3) returned to huracan mdp
huracan mdp collected $17.64 from pot
*** SUMMARY ***
Total pot $18 | Rake $0.36
Board [Jh 5d 9c]
Seat 1: huracan mdp (big blind) collected ($17.64)
Seat 4: Actionni13 (button) (small blind) folded on the Flop


PokerStars Hand #167031786784:  Hold'em Limit ($3/$6 USD) - 2017/03/02 22:35:58 ET
Table 'Aquilegia' 6-max Seat #1 is the button
Seat 1: huracan mdp ($138.28 in chips)
Seat 4: Actionni13 ($150 in chips)
huracan mdp: posts small blind $1
Actionni13: posts big blind $3
*** HOLE CARDS ***
huracan mdp: folds
Uncalled bet ($2) returned to Actionni13
Actionni13 collected $2 from pot
Actionni13: doesn't show hand
*** SUMMARY ***
Total pot $2 | Rake $0
Seat 1: huracan mdp (button) (small blind) folded before Flop
Seat 4: Actionni13 (big blind) collected ($2)


PokerStars Hand #167031764415:  Hold'em Limit ($3/$6 USD) - 2017/03/02 22:34:55 ET
Table 'Aquilegia' 6-max Seat #4 is the button
Seat 1: huracan mdp ($106.50 in chips)
Seat 4: Actionni13 ($151 in chips)
Actionni13: posts small blind $1
huracan mdp: posts big blind $3
*** HOLE CARDS ***
Actionni13: raises $3 to $6
huracan mdp: calls $3
*** FLOP *** [6s 4d Th]
huracan mdp: checks
Actionni13: bets $3
huracan mdp: calls $3
*** TURN *** [6s 4d Th] [9c]
huracan mdp: checks
Actionni13: checks
*** RIVER *** [6s 4d Th 9c] [Kh]
huracan mdp: bets $6
Actionni13: folds
Uncalled bet ($6) returned to huracan mdp
huracan mdp collected $17.64 from pot
*** SUMMARY ***
Total pot $18 | Rake $0.36
Board [6s 4d Th 9c Kh]
Seat 1: huracan mdp (big blind) collected ($17.64)
Seat 4: Actionni13 (button) (small blind) folded on the River


PokerStars Hand #167031784980:  Hold'em Limit ($3/$6 USD) - 2017/03/02 22:35:53 ET
Table 'Aquilegia' 6-max Seat #4 is the button
Seat 1: huracan mdp ($137.28 in chips)
Seat 4: Actionni13 ($150 in chips)
Actionni13: posts small blind $1
huracan mdp: posts big blind $3
*** HOLE CARDS ***
Actionni13: folds
Uncalled bet ($2) returned to huracan mdp
huracan mdp collected $2 from pot
*** SUMMARY ***
Total pot $2 | Rake $0
Seat 1: huracan mdp (big blind) collected ($2)
Seat 4: Actionni13 (button) (small blind) folded before Flop


PokerStars Hand #167031778912:  Hold'em Limit ($3/$6 USD) - 2017/03/02 22:35:36 ET
Table 'Aquilegia' 6-max Seat #1 is the button
Seat 1: huracan mdp ($122.78 in chips)
Seat 4: Actionni13 ($150 in chips)
huracan mdp: posts small blind $1
Actionni13: posts big blind $3
*** HOLE CARDS ***
huracan mdp: raises $3 to $6
Actionni13: raises $3 to $9
huracan mdp: raises $3 to $12
Betting is capped
Actionni13: calls $3
*** FLOP *** [3s 8c 6c]
Actionni13: checks
huracan mdp: bets $3
Actionni13: calls $3
*** TURN *** [3s 8c 6c] [5h]
Actionni13: checks
huracan mdp: bets $6
Actionni13: folds
Uncalled bet ($6) returned to huracan mdp
huracan mdp collected $29.50 from pot
huracan mdp: shows [7h 7s] (a pair of Sevens)
*** SUMMARY ***
Total pot $30 | Rake $0.50
Board [3s 8c 6c 5h]
Seat 1: huracan mdp (button) (small blind) collected ($29.50)
Seat 4: Actionni13 (big blind) folded on the Turn


PokerStars Hand #167031772439:  Hold'em Limit ($3/$6 USD) - 2017/03/02 22:35:18 ET
Table 'Aquilegia' 6-max Seat #1 is the button
Seat 1: huracan mdp ($115.14 in chips)
Seat 4: Actionni13 ($150 in chips)
huracan mdp: posts small blind $1
Actionni13: posts big blind $3
*** HOLE CARDS ***
huracan mdp: folds
Uncalled bet ($2) returned to Actionni13
Actionni13 collected $2 from pot
Actionni13: doesn't show hand
*** SUMMARY ***
Total pot $2 | Rake $0
Seat 1: huracan mdp (button) (small blind) folded before Flop
Seat 4: Actionni13 (big blind) collected ($2)


PokerStars Hand #167031810778:  Hold'em Limit ($3/$6 USD) - 2017/03/02 22:37:05 ET
Table 'Aquilegia' 6-max Seat #4 is the button
Seat 1: huracan mdp ($115.04 in chips)
Seat 4: Actionni13 ($177.50 in chips)
Actionni13: posts small blind $1
huracan mdp: posts big blind $3
*** HOLE CARDS ***
Actionni13: raises $3 to $6
huracan mdp: folds
Uncalled bet ($3) returned to Actionni13
Actionni13 collected $6 from pot
Actionni13: doesn't show hand
*** SUMMARY ***
Total pot $6 | Rake $0
Seat 1: huracan mdp (big blind) folded before Flop
Seat 4: Actionni13 (button) (small blind) collected ($6)


PokerStars Hand #167031803085:  Hold'em Limit ($3/$6 USD) - 2017/03/02 22:36:43 ET
Table 'Aquilegia' 6-max Seat #1 is the button
Seat 1: huracan mdp ($139.04 in chips)
Seat 4: Actionni13 ($154 in chips)
huracan mdp: posts small blind $1
Actionni13: posts big blind $3
*** HOLE CARDS ***
huracan mdp: raises $3 to $6
Actionni13: raises $3 to $9
huracan mdp: calls $3
*** FLOP *** [Qd 6h Qh]
Actionni13: bets $3
huracan mdp: calls $3
*** TURN *** [Qd 6h Qh] [9s]
Actionni13: bets $6
huracan mdp: calls $6
*** RIVER *** [Qd 6h Qh 9s] [As]
Actionni13: bets $6
huracan mdp: calls $6
*** SHOW DOWN ***
Actionni13: shows [Ac Kd] (two pair, Aces and Queens)
huracan mdp: mucks hand
Actionni13 collected $47.50 from pot
*** SUMMARY ***
Total pot $48 | Rake $0.50
Board [Qd 6h Qh 9s As]
Seat 1: huracan mdp (button) (small blind) mucked
Seat 4: Actionni13 (big blind) showed [Ac Kd] and won ($47.50) with two pair, Aces and Queens


PokerStars Hand #167031799060:  Hold'em Limit ($3/$6 USD) - 2017/03/02 22:36:32 ET
Table 'Aquilegia' 6-max Seat #4 is the button
Seat 1: huracan mdp ($142.04 in chips)
Seat 4: Actionni13 ($151 in chips)
Actionni13: posts small blind $1
huracan mdp: posts big blind $3
*** HOLE CARDS ***
Actionni13: raises $3 to $6
huracan mdp: folds
Uncalled bet ($3) returned to Actionni13
Actionni13 collected $6 from pot
Actionni13: doesn't show hand
*** SUMMARY ***
Total pot $6 | Rake $0
Seat 1: huracan mdp (big blind) folded before Flop
Seat 4: Actionni13 (button) (small blind) collected ($6)


PokerStars Hand #167031797165:  Hold'em Limit ($3/$6 USD) - 2017/03/02 22:36:26 ET
Table 'Aquilegia' 6-max Seat #1 is the button
Seat 1: huracan mdp ($143.04 in chips)
Seat 4: Actionni13 ($150 in chips)
huracan mdp: posts small blind $1
Actionni13: posts big blind $3
*** HOLE CARDS ***
huracan mdp: folds
Uncalled bet ($2) returned to Actionni13
Actionni13 collected $2 from pot
Actionni13: doesn't show hand
*** SUMMARY ***
Total pot $2 | Rake $0
Seat 1: huracan mdp (button) (small blind) folded before Flop
Seat 4: Actionni13 (big blind) collected ($2)


PokerStars Hand #167031789172:  Hold'em Limit ($3/$6 USD) - 2017/03/02 22:36:04 ET
Table 'Aquilegia' 6-max Seat #4 is the button
Seat 1: huracan mdp ($137.28 in chips)
Seat 4: Actionni13 ($151 in chips)
Actionni13: posts small blind $1
huracan mdp: posts big blind $3
*** HOLE CARDS ***
Actionni13: raises $3 to $6
huracan mdp: calls $3
*** FLOP *** [9s 7c 8h]
huracan mdp: checks
Actionni13: checks
*** TURN *** [9s 7c 8h] [Jc]
huracan mdp: checks
Actionni13: checks
*** RIVER *** [9s 7c 8h Jc] [5d]
huracan mdp: bets $6
Actionni13: folds
Uncalled bet ($6) returned to huracan mdp
huracan mdp collected $11.76 from pot
*** SUMMARY ***
Total pot $12 | Rake $0.24
Board [9s 7c 8h Jc 5d]
Seat 1: huracan mdp (big blind) collected ($11.76)
Seat 4: Actionni13 (button) (small blind) folded on the River


PokerStars Hand #167031814767:  Hold'em Limit ($3/$6 USD) - 2017/03/02 22:37:16 ET
Table 'Aquilegia' 6-max Seat #4 is the button
Seat 1: huracan mdp ($111.04 in chips)
Seat 4: Actionni13 ($181.50 in chips)
Actionni13: posts small blind $1
huracan mdp: posts big blind $3
*** HOLE CARDS ***
Actionni13: raises $3 to $6
huracan mdp: folds
Uncalled bet ($3) returned to Actionni13
Actionni13 collected $6 from pot
Actionni13: doesn't show hand
*** SUMMARY ***
Total pot $6 | Rake $0
Seat 1: huracan mdp (big blind) folded before Flop
Seat 4: Actionni13 (button) (small blind) collected ($6)


PokerStars Hand #167031812892:  Hold'em Limit ($3/$6 USD) - 2017/03/02 22:37:11 ET
Table 'Aquilegia' 6-max Seat #1 is the button
Seat 1: huracan mdp ($112.04 in chips)
Seat 4: Actionni13 ($180.50 in chips)
huracan mdp: posts small blind $1
Actionni13: posts big blind $3
*** HOLE CARDS ***
huracan mdp: folds
Uncalled bet ($2) returned to Actionni13
Actionni13 collected $2 from pot
Actionni13: doesn't show hand
*** SUMMARY ***
Total pot $2 | Rake $0
Seat 1: huracan mdp (button) (small blind) folded before Flop
Seat 4: Actionni13 (big blind) collected ($2)


PokerStars Hand #167031816673:  Hold'em Limit ($3/$6 USD) - 2017/03/02 22:37:21 ET
Table 'Aquilegia' 6-max Seat #1 is the button
Seat 1: huracan mdp ($108.04 in chips)
Seat 4: Actionni13 ($184.50 in chips)
huracan mdp: posts small blind $1
Actionni13: posts big blind $3
*** HOLE CARDS ***
huracan mdp: raises $3 to $6
Actionni13: calls $3
*** FLOP *** [4d 2s 8c]
Actionni13: checks
huracan mdp: checks
*** TURN *** [4d 2s 8c] [Qd]
Actionni13: checks
huracan mdp: bets $6
Actionni13: folds
Uncalled bet ($6) returned to huracan mdp
huracan mdp collected $11.76 from pot
*** SUMMARY ***
Total pot $12 | Rake $0.24
Board [4d 2s 8c Qd]
Seat 1: huracan mdp (button) (small blind) collected ($11.76)
Seat 4: Actionni13 (big blind) folded on the Turn


PokerStars Hand #167031831371:  Hold'em Limit ($3/$6 USD) - 2017/03/02 22:38:03 ET
Table 'Aquilegia' 6-max Seat #1 is the button
Seat 1: huracan mdp ($131.30 in chips)
Seat 4: Actionni13 ($160.50 in chips)
huracan mdp: posts small blind $1
Actionni13: posts big blind $3
*** HOLE CARDS ***
huracan mdp: raises $3 to $6
Actionni13: folds
Uncalled bet ($3) returned to huracan mdp
huracan mdp collected $6 from pot
*** SUMMARY ***
Total pot $6 | Rake $0
Seat 1: huracan mdp (button) (small blind) collected ($6)
Seat 4: Actionni13 (big blind) folded before Flop


PokerStars Hand #167031824354:  Hold'em Limit ($3/$6 USD) - 2017/03/02 22:37:43 ET
Table 'Aquilegia' 6-max Seat #4 is the button
Seat 1: huracan mdp ($113.80 in chips)
Seat 4: Actionni13 ($178.50 in chips)
Actionni13: posts small blind $1
huracan mdp: posts big blind $3
*** HOLE CARDS ***
Actionni13: raises $3 to $6
huracan mdp: calls $3
*** FLOP *** [Js Qd Tc]
huracan mdp: checks
Actionni13: bets $3
huracan mdp: raises $3 to $6
Actionni13: calls $3
*** TURN *** [Js Qd Tc] [3h]
huracan mdp: bets $6
Actionni13: calls $6
*** RIVER *** [Js Qd Tc 3h] [8s]
huracan mdp: bets $6
Actionni13: folds
Uncalled bet ($6) returned to huracan mdp
huracan mdp collected $35.50 from pot
*** SUMMARY ***
Total pot $36 | Rake $0.50
Board [Js Qd Tc 3h 8s]
Seat 1: huracan mdp (big blind) collected ($35.50)
Seat 4: Actionni13 (button) (small blind) folded on the River


PokerStars Hand #167031841766:  Hold'em Limit ($3/$6 USD) - 2017/03/02 22:38:32 ET
Table 'Aquilegia' 6-max Seat #4 is the button
Seat 1: huracan mdp ($143.94 in chips)
Seat 4: Actionni13 ($150 in chips)
Actionni13: posts small blind $1
huracan mdp: posts big blind $3
*** HOLE CARDS ***
Actionni13: raises $3 to $6
huracan mdp: folds
Uncalled bet ($3) returned to Actionni13
Actionni13 collected $6 from pot
Actionni13: doesn't show hand
*** SUMMARY ***
Total pot $6 | Rake $0
Seat 1: huracan mdp (big blind) folded before Flop
Seat 4: Actionni13 (button) (small blind) collected ($6)


PokerStars Hand #167031835423:  Hold'em Limit ($3/$6 USD) - 2017/03/02 22:38:14 ET
Table 'Aquilegia' 6-max Seat #1 is the button
Seat 1: huracan mdp ($135.30 in chips)
Seat 4: Actionni13 ($156.50 in chips)
huracan mdp: posts small blind $1
Actionni13: posts big blind $3
*** HOLE CARDS ***
huracan mdp: raises $3 to $6
Actionni13: calls $3
*** FLOP *** [2s 7s 5h]
Actionni13: checks
huracan mdp: bets $3
Actionni13: calls $3
*** TURN *** [2s 7s 5h] [2d]
Actionni13: checks
huracan mdp: bets $6
Actionni13: folds
Uncalled bet ($6) returned to huracan mdp
huracan mdp collected $17.64 from pot
*** SUMMARY ***
Total pot $18 | Rake $0.36
Board [2s 7s 5h 2d]
Seat 1: huracan mdp (button) (small blind) collected ($17.64)
Seat 4: Actionni13 (big blind) folded on the Turn


PokerStars Hand #167031833714:  Hold'em Limit ($3/$6 USD) - 2017/03/02 22:38:09 ET
Table 'Aquilegia' 6-max Seat #4 is the button
Seat 1: huracan mdp ($134.30 in chips)
Seat 4: Actionni13 ($157.50 in chips)
Actionni13: posts small blind $1
huracan mdp: posts big blind $3
*** HOLE CARDS ***
Actionni13: folds
Uncalled bet ($2) returned to huracan mdp
huracan mdp collected $2 from pot
*** SUMMARY ***
Total pot $2 | Rake $0
Seat 1: huracan mdp (big blind) collected ($2)
Seat 4: Actionni13 (button) (small blind) folded before Flop


PokerStars Hand #167031846323:  Hold'em Limit ($3/$6 USD) - 2017/03/02 22:38:45 ET
Table 'Aquilegia' 6-max Seat #4 is the button
Seat 1: huracan mdp ($139.94 in chips)
Seat 4: Actionni13 ($154 in chips)
Actionni13: posts small blind $1
huracan mdp: posts big blind $3
*** HOLE CARDS ***
Actionni13: raises $3 to $6
huracan mdp: raises $3 to $9
Actionni13: calls $3
*** FLOP *** [2d Qc 2h]
huracan mdp: bets $3
Actionni13: calls $3
*** TURN *** [2d Qc 2h] [7s]
huracan mdp: bets $6
Actionni13: calls $6
*** RIVER *** [2d Qc 2h 7s] [5h]
huracan mdp: bets $6
Actionni13: calls $6
*** SHOW DOWN ***
huracan mdp: shows [As 7h] (two pair, Sevens and Deuces)
Actionni13: shows [Jd Js] (two pair, Jacks and Deuces)
Actionni13 collected $47.50 from pot
*** SUMMARY ***
Total pot $48 | Rake $0.50
Board [2d Qc 2h 7s 5h]
Seat 1: huracan mdp (big blind) showed [As 7h] and lost with two pair, Sevens and Deuces
Seat 4: Actionni13 (button) (small blind) showed [Jd Js] and won ($47.50) with two pair, Jacks and Deuces


PokerStars Hand #167031844013:  Hold'em Limit ($3/$6 USD) - 2017/03/02 22:38:38 ET
Table 'Aquilegia' 6-max Seat #1 is the button
Seat 1: huracan mdp ($140.94 in chips)
Seat 4: Actionni13 ($153 in chips)
huracan mdp: posts small blind $1
Actionni13: posts big blind $3
*** HOLE CARDS ***
huracan mdp: folds
Uncalled bet ($2) returned to Actionni13
Actionni13 collected $2 from pot
Actionni13: doesn't show hand
*** SUMMARY ***
Total pot $2 | Rake $0
Seat 1: huracan mdp (button) (small blind) folded before Flop
Seat 4: Actionni13 (big blind) collected ($2)


PokerStars Hand #167031852908:  Hold'em Limit ($3/$6 USD) - 2017/03/02 22:39:04 ET
Table 'Aquilegia' 6-max Seat #1 is the button
Seat 1: huracan mdp ($115.94 in chips)
Seat 4: Actionni13 ($177.50 in chips)
huracan mdp: posts small blind $1
Actionni13: posts big blind $3
*** HOLE CARDS ***
huracan mdp: raises $3 to $6
Actionni13: raises $3 to $9
huracan mdp: calls $3
*** FLOP *** [Qs 2d 8s]
Actionni13: bets $3
huracan mdp: calls $3
*** TURN *** [Qs 2d 8s] [As]
Actionni13: bets $6
huracan mdp: calls $6
*** RIVER *** [Qs 2d 8s As] [2s]
Actionni13: bets $6
huracan mdp: folds
Uncalled bet ($6) returned to Actionni13
Actionni13 collected $35.50 from pot
Actionni13: doesn't show hand
huracan mdp leaves the table
*** SUMMARY ***
Total pot $36 | Rake $0.50
Board [Qs 2d 8s As 2s]
Seat 1: huracan mdp (button) (small blind) folded on the River
Seat 4: Actionni13 (big blind) collected ($35.50)


