PokerStars Hand #168843756451:  Hold'em Limit ($3/$6 USD) - 2017/04/10 11:15:33 ET
Table 'Aquitania II' 6-max Seat #3 is the button
Seat 3: tigerduder ($124 in chips)
Seat 5: GoliafUa ($116 in chips)
Jack_Wu1985 joins the table at seat #6
tigerduder: posts small blind $1
GoliafUa: posts big blind $3
*** HOLE CARDS ***
tigerduder: raises $3 to $6
GoliafUa: calls $3
*** FLOP *** [9c 4d 6d]
GoliafUa: checks
tigerduder: bets $3
GoliafUa: folds
Uncalled bet ($3) returned to tigerduder
tigerduder collected $11.76 from pot
tigerduder: doesn't show hand
*** SUMMARY ***
Total pot $12 | Rake $0.24
Board [9c 4d 6d]
Seat 3: tigerduder (button) (small blind) collected ($11.76)
Seat 5: GoliafUa (big blind) folded on the Flop


PokerStars Hand #168852295821:  Hold'em Limit ($3/$6 USD) - 2017/04/10 14:31:25 ET
Table 'Aquitania II' 6-max Seat #3 is the button
Seat 2: pdsnr ($182.33 in chips)
Seat 3: Donald ($54 in chips)
Donald: posts small blind $1
vestimokrec: is sitting out
pdsnr: posts big blind $3
*** HOLE CARDS ***
vestimokrec leaves the table
Donald: folds
Uncalled bet ($2) returned to pdsnr
pdsnr collected $2 from pot
*** SUMMARY ***
Total pot $2 | Rake $0
Seat 2: pdsnr (big blind) collected ($2)
Seat 3: Donald (button) (small blind) folded before Flop


PokerStars Hand #168852343611:  Hold'em Limit ($3/$6 USD) - 2017/04/10 14:32:22 ET
Table 'Aquitania II' 6-max Seat #3 is the button
Seat 2: pdsnr ($200.83 in chips)
Seat 3: Donald ($35 in chips)
Donald: posts small blind $1
pdsnr: posts big blind $3
*** HOLE CARDS ***
Donald: raises $3 to $6
pdsnr: raises $3 to $9
Donald: calls $3
*** FLOP *** [6c 2c 2h]
pdsnr: bets $3
Donald: calls $3
*** TURN *** [6c 2c 2h] [7d]
pdsnr: bets $6
Donald: calls $6
*** RIVER *** [6c 2c 2h 7d] [Qd]
pdsnr: bets $6
Donald: calls $6
*** SHOW DOWN ***
pdsnr: shows [6d 6s] (a full house, Sixes full of Deuces)
Donald: mucks hand
pdsnr collected $47.50 from pot
*** SUMMARY ***
Total pot $48 | Rake $0.50
Board [6c 2c 2h 7d Qd]
Seat 2: pdsnr (big blind) showed [6d 6s] and won ($47.50) with a full house, Sixes full of Deuces
Seat 3: Donald (button) (small blind) mucked


PokerStars Hand #168852304205:  Hold'em Limit ($3/$6 USD) - 2017/04/10 14:31:35 ET
Table 'Aquitania II' 6-max Seat #2 is the button
Seat 2: pdsnr ($183.33 in chips)
Seat 3: Donald ($53 in chips)
pdsnr: posts small blind $1
Donald: posts big blind $3
*** HOLE CARDS ***
pdsnr: raises $3 to $6
Donald: raises $3 to $9
pdsnr: calls $3
*** FLOP *** [7s Js 7d]
Donald: bets $3
pdsnr: calls $3
*** TURN *** [7s Js 7d] [Jh]
Donald: bets $6
pdsnr: calls $6
*** RIVER *** [7s Js 7d Jh] [Th]
Donald: checks
pdsnr: checks
*** SHOW DOWN ***
Donald: shows [Qs Ks] (two pair, Jacks and Sevens)
pdsnr: shows [2s As] (two pair, Jacks and Sevens - Ace kicker)
pdsnr collected $35.50 from pot
*** SUMMARY ***
Total pot $36 | Rake $0.50
Board [7s Js 7d Jh Th]
Seat 2: pdsnr (button) (small blind) showed [2s As] and won ($35.50) with two pair, Jacks and Sevens
Seat 3: Donald (big blind) showed [Qs Ks] and lost with two pair, Jacks and Sevens


PokerStars Hand #168852390616:  Hold'em Limit ($3/$6 USD) - 2017/04/10 14:33:18 ET
Table 'Aquitania II' 6-max Seat #3 is the button
Seat 2: pdsnr ($213.33 in chips)
Seat 3: Donald ($21.56 in chips)
Donald: posts small blind $1
pdsnr: posts big blind $3
*** HOLE CARDS ***
Donald: raises $3 to $6
pdsnr: calls $3
*** FLOP *** [Ad 8h Jc]
pdsnr: checks
Donald: bets $3
pdsnr: folds
Uncalled bet ($3) returned to Donald
Donald collected $11.76 from pot
Donald: doesn't show hand
*** SUMMARY ***
Total pot $12 | Rake $0.24
Board [Ad 8h Jc]
Seat 2: pdsnr (big blind) folded on the Flop
Seat 3: Donald (button) (small blind) collected ($11.76)


PokerStars Hand #168852365768:  Hold'em Limit ($3/$6 USD) - 2017/04/10 14:32:48 ET
Table 'Aquitania II' 6-max Seat #2 is the button
Seat 2: pdsnr ($224.33 in chips)
Seat 3: Donald ($11 in chips)
pdsnr: posts small blind $1
Donald: posts big blind $3
*** HOLE CARDS ***
dzihadsan leaves the table
pdsnr: raises $3 to $6
Donald: calls $3
*** FLOP *** [Ad 2s Kh]
Donald: checks
pdsnr: checks
*** TURN *** [Ad 2s Kh] [4s]
Donald: checks
pdsnr: bets $6
Donald: calls $5 and is all-in
Uncalled bet ($1) returned to pdsnr
*** RIVER *** [Ad 2s Kh 4s] [6c]
*** SHOW DOWN ***
Donald: shows [3s 5c] (a straight, Deuce to Six)
pdsnr: shows [4d Ah] (two pair, Aces and Fours)
Donald collected $21.56 from pot
*** SUMMARY ***
Total pot $22 | Rake $0.44
Board [Ad 2s Kh 4s 6c]
Seat 2: pdsnr (button) (small blind) showed [4d Ah] and lost with two pair, Aces and Fours
Seat 3: Donald (big blind) showed [3s 5c] and won ($21.56) with a straight, Deuce to Six


