PokerStars Hand #170074862870:  Hold'em Limit ($3/$6 USD) - 2017/05/07 8:39:43 ET
Table 'Aquilegia' 6-max Seat #4 is the button
Seat 2: Luckylook78 ($45.43 in chips)
Seat 4: VolkovDmitri ($161.40 in chips)
VolkovDmitri: posts small blind $1
LeifiBlomero: is sitting out
Widegermany was removed from the table for failing to post
Luckylook78: posts big blind $3
*** HOLE CARDS ***
VolkovDmitri: raises $3 to $6
LeifiBlomero leaves the table
Luckylook78: calls $3
*** FLOP *** [8h 2d Qd]
Luckylook78: checks
VolkovDmitri: bets $3
Luckylook78: folds
Uncalled bet ($3) returned to VolkovDmitri
VolkovDmitri collected $11.76 from pot
VolkovDmitri: doesn't show hand
*** SUMMARY ***
Total pot $12 | Rake $0.24
Board [8h 2d Qd]
Seat 2: Luckylook78 (big blind) folded on the Flop
Seat 4: VolkovDmitri (button) (small blind) collected ($11.76)


PokerStars Hand #170074872381:  Hold'em Limit ($3/$6 USD) - 2017/05/07 8:39:58 ET
Table 'Aquilegia' 6-max Seat #2 is the button
Seat 2: Luckylook78 ($39.43 in chips)
Seat 4: VolkovDmitri ($167.16 in chips)
Luckylook78: posts small blind $1
VolkovDmitri: posts big blind $3
*** HOLE CARDS ***
Luckylook78: folds
Uncalled bet ($2) returned to VolkovDmitri
VolkovDmitri collected $2 from pot
*** SUMMARY ***
Total pot $2 | Rake $0
Seat 2: Luckylook78 (button) (small blind) folded before Flop
Seat 4: VolkovDmitri (big blind) collected ($2)


PokerStars Hand #170074877120:  Hold'em Limit ($3/$6 USD) - 2017/05/07 8:40:06 ET
Table 'Aquilegia' 6-max Seat #4 is the button
Seat 2: Luckylook78 ($38.43 in chips)
Seat 4: VolkovDmitri ($168.16 in chips)
VolkovDmitri: posts small blind $1
Luckylook78: posts big blind $3
*** HOLE CARDS ***
VolkovDmitri: raises $3 to $6
Luckylook78: calls $3
*** FLOP *** [6d 7d 9h]
Luckylook78: checks
VolkovDmitri: bets $3
Luckylook78: raises $3 to $6
VolkovDmitri: raises $3 to $9
Luckylook78: calls $3
*** TURN *** [6d 7d 9h] [9c]
Luckylook78: checks
VolkovDmitri: checks
*** RIVER *** [6d 7d 9h 9c] [Ks]
Luckylook78: bets $6
VolkovDmitri: folds
Uncalled bet ($6) returned to Luckylook78
Luckylook78 collected $29.50 from pot
Luckylook78: doesn't show hand
*** SUMMARY ***
Total pot $30 | Rake $0.50
Board [6d 7d 9h 9c Ks]
Seat 2: Luckylook78 (big blind) collected ($29.50)
Seat 4: VolkovDmitri (button) (small blind) folded on the River


PokerStars Hand #170074905734:  Hold'em Limit ($3/$6 USD) - 2017/05/07 8:40:54 ET
Table 'Aquilegia' 6-max Seat #2 is the button
Seat 2: Luckylook78 ($52.93 in chips)
Seat 4: VolkovDmitri ($153.16 in chips)
Luckylook78: posts small blind $1
VolkovDmitri: posts big blind $3
*** HOLE CARDS ***
Luckylook78: calls $2
VolkovDmitri: raises $3 to $6
Luckylook78: calls $3
*** FLOP *** [4d 4h 6c]
VolkovDmitri: checks
Luckylook78: checks
*** TURN *** [4d 4h 6c] [Ah]
VolkovDmitri: bets $6
winwinner69 joins the table at seat #6
Luckylook78 is connected
Luckylook78: folds
Uncalled bet ($6) returned to VolkovDmitri
VolkovDmitri collected $11.76 from pot
VolkovDmitri: doesn't show hand
*** SUMMARY ***
Total pot $12 | Rake $0.24
Board [4d 4h 6c Ah]
Seat 2: Luckylook78 (button) (small blind) folded on the Turn
Seat 4: VolkovDmitri (big blind) collected ($11.76)


PokerStars Hand #170075414434:  Hold'em Limit ($3/$6 USD) - 2017/05/07 8:54:57 ET
Table 'Aquilegia' 6-max Seat #5 is the button
Seat 4: VolkovDmitri ($197.95 in chips)
Seat 5: Yordan34b20 ($107.79 in chips)
Yordan34b20: posts small blind $1
VolkovDmitri: posts big blind $3
*** HOLE CARDS ***
Yordan34b20: calls $2
VolkovDmitri: checks
*** FLOP *** [9c 7d Qh]
VolkovDmitri: bets $3
Luckylook78 leaves the table
Yordan34b20: calls $3
*** TURN *** [9c 7d Qh] [Ad]
VolkovDmitri: bets $6
Yordan34b20: calls $6
*** RIVER *** [9c 7d Qh Ad] [As]
VolkovDmitri: checks
Yordan34b20: checks
*** SHOW DOWN ***
VolkovDmitri: shows [9d 3c] (two pair, Aces and Nines)
Yordan34b20: mucks hand
VolkovDmitri collected $23.52 from pot
*** SUMMARY ***
Total pot $24 | Rake $0.48
Board [9c 7d Qh Ad As]
Seat 4: VolkovDmitri (big blind) showed [9d 3c] and won ($23.52) with two pair, Aces and Nines
Seat 5: Yordan34b20 (button) (small blind) mucked


PokerStars Hand #170075446854:  Hold'em Limit ($3/$6 USD) - 2017/05/07 8:56:03 ET
Table 'Aquilegia' 6-max Seat #5 is the button
Seat 4: VolkovDmitri ($229.97 in chips)
Seat 5: Yordan34b20 ($74.79 in chips)
Yordan34b20: posts small blind $1
VolkovDmitri: posts big blind $3
*** HOLE CARDS ***
Yordan34b20: raises $3 to $6
VolkovDmitri: calls $3
*** FLOP *** [9s 6d 6h]
VolkovDmitri: checks
Yordan34b20: bets $3
VolkovDmitri: folds
Uncalled bet ($3) returned to Yordan34b20
Yordan34b20 collected $11.76 from pot
*** SUMMARY ***
Total pot $12 | Rake $0.24
Board [9s 6d 6h]
Seat 4: VolkovDmitri (big blind) folded on the Flop
Seat 5: Yordan34b20 (button) (small blind) collected ($11.76)


PokerStars Hand #170075427374:  Hold'em Limit ($3/$6 USD) - 2017/05/07 8:55:23 ET
Table 'Aquilegia' 6-max Seat #4 is the button
Seat 4: VolkovDmitri ($209.47 in chips)
Seat 5: Yordan34b20 ($95.79 in chips)
VolkovDmitri: posts small blind $1
Yordan34b20: posts big blind $3
*** HOLE CARDS ***
VolkovDmitri: raises $3 to $6
Yordan34b20: calls $3
*** FLOP *** [7h 3h 9c]
Yordan34b20: checks
VolkovDmitri: bets $3
Yordan34b20: calls $3
*** TURN *** [7h 3h 9c] [2c]
Yordan34b20: checks
VolkovDmitri: bets $6
Yordan34b20: calls $6
*** RIVER *** [7h 3h 9c 2c] [9s]
Yordan34b20: checks
VolkovDmitri: bets $6
Yordan34b20: calls $6
*** SHOW DOWN ***
VolkovDmitri: shows [7c 3s] (two pair, Nines and Sevens)
Yordan34b20: mucks hand
VolkovDmitri collected $41.50 from pot
*** SUMMARY ***
Total pot $42 | Rake $0.50
Board [7h 3h 9c 2c 9s]
Seat 4: VolkovDmitri (button) (small blind) showed [7c 3s] and won ($41.50) with two pair, Nines and Sevens
Seat 5: Yordan34b20 (big blind) mucked


PokerStars Hand #170075452924:  Hold'em Limit ($3/$6 USD) - 2017/05/07 8:56:16 ET
Table 'Aquilegia' 6-max Seat #4 is the button
Seat 4: VolkovDmitri ($223.97 in chips)
Seat 5: Yordan34b20 ($80.55 in chips)
VolkovDmitri: posts small blind $1
Yordan34b20: posts big blind $3
*** HOLE CARDS ***
VolkovDmitri: raises $3 to $6
Yordan34b20: calls $3
*** FLOP *** [6h 3s 8c]
Yordan34b20: bets $3
VolkovDmitri: calls $3
*** TURN *** [6h 3s 8c] [Kd]
Yordan34b20: checks
VolkovDmitri: checks
*** RIVER *** [6h 3s 8c Kd] [5s]
Yordan34b20 is disconnected
Yordan34b20 is connected
Yordan34b20: bets $6
VolkovDmitri: calls $6
*** SHOW DOWN ***
Yordan34b20: shows [7s 4d] (a straight, Four to Eight)
VolkovDmitri: mucks hand
Yordan34b20 collected $29.50 from pot
*** SUMMARY ***
Total pot $30 | Rake $0.50
Board [6h 3s 8c Kd 5s]
Seat 4: VolkovDmitri (button) (small blind) mucked
Seat 5: Yordan34b20 (big blind) showed [7s 4d] and won ($29.50) with a straight, Four to Eight


PokerStars Hand #170075500114:  Hold'em Limit ($3/$6 USD) - 2017/05/07 8:57:53 ET
Table 'Aquilegia' 6-max Seat #4 is the button
Seat 4: VolkovDmitri ($220.61 in chips)
Seat 5: Yordan34b20 ($83.05 in chips)
VolkovDmitri: posts small blind $1
Yordan34b20: posts big blind $3
*** HOLE CARDS ***
VolkovDmitri: raises $3 to $6
Yordan34b20: calls $3
*** FLOP *** [2d 8h 4h]
Yordan34b20: checks
VolkovDmitri: bets $3
Yordan34b20: calls $3
*** TURN *** [2d 8h 4h] [Kh]
Yordan34b20: checks
VolkovDmitri: checks
*** RIVER *** [2d 8h 4h Kh] [Jh]
Yordan34b20: checks
VolkovDmitri: checks
*** SHOW DOWN ***
Yordan34b20: shows [Ac 2c] (a pair of Deuces)
VolkovDmitri: shows [Jd 5d] (a pair of Jacks)
VolkovDmitri collected $17.64 from pot
*** SUMMARY ***
Total pot $18 | Rake $0.36
Board [2d 8h 4h Kh Jh]
Seat 4: VolkovDmitri (button) (small blind) showed [Jd 5d] and won ($17.64) with a pair of Jacks
Seat 5: Yordan34b20 (big blind) showed [Ac 2c] and lost with a pair of Deuces


PokerStars Hand #170075493365:  Hold'em Limit ($3/$6 USD) - 2017/05/07 8:57:40 ET
Table 'Aquilegia' 6-max Seat #5 is the button
Seat 4: VolkovDmitri ($217.73 in chips)
Seat 5: Yordan34b20 ($86.05 in chips)
Yordan34b20: posts small blind $1
VolkovDmitri: posts big blind $3
*** HOLE CARDS ***
Yordan34b20: calls $2
VolkovDmitri: checks
*** FLOP *** [Qh Ac 3s]
VolkovDmitri: bets $3
Yordan34b20: folds
Uncalled bet ($3) returned to VolkovDmitri
VolkovDmitri collected $5.88 from pot
VolkovDmitri: doesn't show hand
*** SUMMARY ***
Total pot $6 | Rake $0.12
Board [Qh Ac 3s]
Seat 4: VolkovDmitri (big blind) collected ($5.88)
Seat 5: Yordan34b20 (button) (small blind) folded on the Flop


PokerStars Hand #170075490278:  Hold'em Limit ($3/$6 USD) - 2017/05/07 8:57:33 ET
Table 'Aquilegia' 6-max Seat #4 is the button
Seat 4: VolkovDmitri ($214.73 in chips)
Seat 5: Yordan34b20 ($89.05 in chips)
VolkovDmitri: posts small blind $1
Yordan34b20: posts big blind $3
*** HOLE CARDS ***
VolkovDmitri: raises $3 to $6
Yordan34b20: folds
Uncalled bet ($3) returned to VolkovDmitri
VolkovDmitri collected $6 from pot
VolkovDmitri: doesn't show hand
*** SUMMARY ***
Total pot $6 | Rake $0
Seat 4: VolkovDmitri (button) (small blind) collected ($6)
Seat 5: Yordan34b20 (big blind) folded before Flop


PokerStars Hand #170075482140:  Hold'em Limit ($3/$6 USD) - 2017/05/07 8:57:16 ET
Table 'Aquilegia' 6-max Seat #5 is the button
Seat 4: VolkovDmitri ($208.97 in chips)
Seat 5: Yordan34b20 ($95.05 in chips)
Yordan34b20: posts small blind $1
VolkovDmitri: posts big blind $3
*** HOLE CARDS ***
Yordan34b20: calls $2
VolkovDmitri: raises $3 to $6
Yordan34b20: calls $3
*** FLOP *** [Ad 6d Th]
VolkovDmitri: bets $3
Yordan34b20: folds
Uncalled bet ($3) returned to VolkovDmitri
VolkovDmitri collected $11.76 from pot
VolkovDmitri: doesn't show hand
*** SUMMARY ***
Total pot $12 | Rake $0.24
Board [Ad 6d Th]
Seat 4: VolkovDmitri (big blind) collected ($11.76)
Seat 5: Yordan34b20 (button) (small blind) folded on the Flop


PokerStars Hand #170075532323:  Hold'em Limit ($3/$6 USD) - 2017/05/07 8:58:59 ET
Table 'Aquilegia' 6-max Seat #4 is the button
Seat 4: VolkovDmitri ($270.51 in chips)
Seat 5: Yordan34b20 ($32.05 in chips)
VolkovDmitri: posts small blind $1
Yordan34b20: posts big blind $3
*** HOLE CARDS ***
VolkovDmitri: raises $3 to $6
Yordan34b20: raises $3 to $9
VolkovDmitri: calls $3
*** FLOP *** [6s Ad As]
Yordan34b20: bets $3
VolkovDmitri: calls $3
*** TURN *** [6s Ad As] [Kd]
Yordan34b20: bets $6
VolkovDmitri: calls $6
*** RIVER *** [6s Ad As Kd] [5c]
Yordan34b20: bets $6
VolkovDmitri: calls $6
*** SHOW DOWN ***
Yordan34b20: shows [6h 9h] (two pair, Aces and Sixes)
VolkovDmitri: shows [4h 6d] (two pair, Aces and Sixes)
Yordan34b20 collected $23.75 from pot
VolkovDmitri collected $23.75 from pot
*** SUMMARY ***
Total pot $48 | Rake $0.50
Board [6s Ad As Kd 5c]
Seat 4: VolkovDmitri (button) (small blind) showed [4h 6d] and won ($23.75) with two pair, Aces and Sixes
Seat 5: Yordan34b20 (big blind) showed [6h 9h] and won ($23.75) with two pair, Aces and Sixes


PokerStars Hand #170075520289:  Hold'em Limit ($3/$6 USD) - 2017/05/07 8:58:35 ET
Table 'Aquilegia' 6-max Seat #5 is the button
Seat 4: VolkovDmitri ($238.01 in chips)
Seat 5: Yordan34b20 ($65.05 in chips)
Yordan34b20: posts small blind $1
VolkovDmitri: posts big blind $3
*** HOLE CARDS ***
Yordan34b20: raises $3 to $6
VolkovDmitri: raises $3 to $9
Yordan34b20: raises $3 to $12
Betting is capped
VolkovDmitri: calls $3
*** FLOP *** [Qc 2s 5h]
VolkovDmitri: bets $3
Yordan34b20: raises $3 to $6
VolkovDmitri: raises $3 to $9
Yordan34b20: calls $3
*** TURN *** [Qc 2s 5h] [Jc]
VolkovDmitri: bets $6
Yordan34b20: calls $6
*** RIVER *** [Qc 2s 5h Jc] [3h]
VolkovDmitri: bets $6
Yordan34b20: calls $6
*** SHOW DOWN ***
VolkovDmitri: shows [2h 2d] (three of a kind, Deuces)
Yordan34b20: mucks hand
VolkovDmitri collected $65.50 from pot
*** SUMMARY ***
Total pot $66 | Rake $0.50
Board [Qc 2s 5h Jc 3h]
Seat 4: VolkovDmitri (big blind) showed [2h 2d] and won ($65.50) with three of a kind, Deuces
Seat 5: Yordan34b20 (button) (small blind) mucked


PokerStars Hand #170075516372:  Hold'em Limit ($3/$6 USD) - 2017/05/07 8:58:26 ET
Table 'Aquilegia' 6-max Seat #4 is the button
Seat 4: VolkovDmitri ($235.01 in chips)
Seat 5: Yordan34b20 ($68.05 in chips)
VolkovDmitri: posts small blind $1
Yordan34b20: posts big blind $3
*** HOLE CARDS ***
winwinner69 is disconnected
VolkovDmitri: raises $3 to $6
Yordan34b20: folds
Uncalled bet ($3) returned to VolkovDmitri
VolkovDmitri collected $6 from pot
VolkovDmitri: doesn't show hand
*** SUMMARY ***
Total pot $6 | Rake $0
Seat 4: VolkovDmitri (button) (small blind) collected ($6)
Seat 5: Yordan34b20 (big blind) folded before Flop


PokerStars Hand #170075510241:  Hold'em Limit ($3/$6 USD) - 2017/05/07 8:58:14 ET
Table 'Aquilegia' 6-max Seat #5 is the button
Seat 4: VolkovDmitri ($229.25 in chips)
Seat 5: Yordan34b20 ($74.05 in chips)
Yordan34b20: posts small blind $1
VolkovDmitri: posts big blind $3
*** HOLE CARDS ***
Yordan34b20: calls $2
VolkovDmitri: raises $3 to $6
Yordan34b20: calls $3
*** FLOP *** [Ks 6s Kd]
VolkovDmitri: bets $3
Yordan34b20: folds
Uncalled bet ($3) returned to VolkovDmitri
VolkovDmitri collected $11.76 from pot
VolkovDmitri: doesn't show hand
*** SUMMARY ***
Total pot $12 | Rake $0.24
Board [Ks 6s Kd]
Seat 4: VolkovDmitri (big blind) collected ($11.76)
Seat 5: Yordan34b20 (button) (small blind) folded on the Flop


PokerStars Hand #170075545678:  Hold'em Limit ($3/$6 USD) - 2017/05/07 8:59:27 ET
Table 'Aquilegia' 6-max Seat #4 is the button
Seat 4: VolkovDmitri ($264.26 in chips)
Seat 5: Yordan34b20 ($37.56 in chips)
VolkovDmitri: posts small blind $1
Yordan34b20 is disconnected
Yordan34b20 is connected
Yordan34b20: posts big blind $3
*** HOLE CARDS ***
VolkovDmitri: raises $3 to $6
Yordan34b20: calls $3
*** FLOP *** [Kc Ac 2c]
Yordan34b20: checks
VolkovDmitri: bets $3
Yordan34b20: raises $3 to $6
artecris joins the table at seat #3
VolkovDmitri: folds
Uncalled bet ($3) returned to Yordan34b20
Yordan34b20 collected $17.64 from pot
*** SUMMARY ***
Total pot $18 | Rake $0.36
Board [Kc Ac 2c]
Seat 4: VolkovDmitri (button) (small blind) folded on the Flop
Seat 5: Yordan34b20 (big blind) collected ($17.64)


PokerStars Hand #170075541323:  Hold'em Limit ($3/$6 USD) - 2017/05/07 8:59:18 ET
Table 'Aquilegia' 6-max Seat #5 is the button
Seat 4: VolkovDmitri ($270.26 in chips)
Seat 5: Yordan34b20 ($31.80 in chips)
Yordan34b20: posts small blind $1
VolkovDmitri: posts big blind $3
*** HOLE CARDS ***
Yordan34b20: raises $3 to $6
VolkovDmitri: calls $3
*** FLOP *** [2c Ah Kh]
VolkovDmitri: checks
Yordan34b20: bets $3
VolkovDmitri: folds
Uncalled bet ($3) returned to Yordan34b20
Yordan34b20 collected $11.76 from pot
*** SUMMARY ***
Total pot $12 | Rake $0.24
Board [2c Ah Kh]
Seat 4: VolkovDmitri (big blind) folded on the Flop
Seat 5: Yordan34b20 (button) (small blind) collected ($11.76)


PokerStars Hand #170075688323:  Hold'em Limit ($3/$6 USD) - 2017/05/07 9:03:38 ET
Table 'Aquilegia' 6-max Seat #4 is the button
Seat 3: artecris ($149.16 in chips)
Seat 4: VolkovDmitri ($277.20 in chips)
VolkovDmitri: posts small blind $1
artecris: posts big blind $3
*** HOLE CARDS ***
VolkovDmitri: raises $3 to $6
artecris: calls $3
*** FLOP *** [Jc Kc 6d]
kiwi/mike joins the table at seat #1
artecris: checks
VolkovDmitri: bets $3
artecris: calls $3
*** TURN *** [Jc Kc 6d] [9s]
artecris: checks
VolkovDmitri: bets $6
artecris: calls $6
*** RIVER *** [Jc Kc 6d 9s] [Js]
artecris: checks
VolkovDmitri: bets $6
artecris: folds
Uncalled bet ($6) returned to VolkovDmitri
VolkovDmitri collected $29.50 from pot
VolkovDmitri: doesn't show hand
*** SUMMARY ***
Total pot $30 | Rake $0.50
Board [Jc Kc 6d 9s Js]
Seat 3: artecris (big blind) folded on the River
Seat 4: VolkovDmitri (button) (small blind) collected ($29.50)


PokerStars Hand #170075706657:  Hold'em Limit ($3/$6 USD) - 2017/05/07 9:04:08 ET
Table 'Aquilegia' 6-max Seat #3 is the button
Seat 3: artecris ($134.16 in chips)
Seat 4: VolkovDmitri ($291.70 in chips)
artecris: posts small blind $1
VolkovDmitri: posts big blind $3
*** HOLE CARDS ***
artecris: raises $3 to $6
VolkovDmitri: calls $3
*** FLOP *** [Qc 4h Jd]
VolkovDmitri: checks
artecris: bets $3
VolkovDmitri: calls $3
*** TURN *** [Qc 4h Jd] [Th]
Yordan34b20 is disconnected
VolkovDmitri: checks
artecris: checks
*** RIVER *** [Qc 4h Jd Th] [2s]
VolkovDmitri: checks
artecris: checks
*** SHOW DOWN ***
VolkovDmitri: shows [Ks 4d] (a pair of Fours)
artecris: mucks hand
VolkovDmitri collected $17.64 from pot
*** SUMMARY ***
Total pot $18 | Rake $0.36
Board [Qc 4h Jd Th 2s]
Seat 3: artecris (button) (small blind) mucked
Seat 4: VolkovDmitri (big blind) showed [Ks 4d] and won ($17.64) with a pair of Fours


PokerStars Hand #170079962597:  Hold'em Limit ($3/$6 USD) - 2017/05/07 10:46:58 ET
Table 'Aquilegia' 6-max Seat #4 is the button
Seat 4: rascal_319 ($101.58 in chips)
Seat 6: freestyler85 ($119.97 in chips)
rascal_319: posts small blind $1
freestyler85: posts big blind $3
*** HOLE CARDS ***
mariefella joins the table at seat #3
rascal_319: raises $3 to $6
freestyler85: calls $3
*** FLOP *** [Qd 6d Qh]
freestyler85: checks
rascal_319: checks
*** TURN *** [Qd 6d Qh] [Qs]
freestyler85: checks
rascal_319: checks
*** RIVER *** [Qd 6d Qh Qs] [5d]
freestyler85: bets $6
rascal_319: folds
Uncalled bet ($6) returned to freestyler85
freestyler85 collected $11.76 from pot
freestyler85: doesn't show hand
*** SUMMARY ***
Total pot $12 | Rake $0.24
Board [Qd 6d Qh Qs 5d]
Seat 4: rascal_319 (button) (small blind) folded on the River
Seat 6: freestyler85 (big blind) collected ($11.76)


PokerStars Hand #170079957260:  Hold'em Limit ($3/$6 USD) - 2017/05/07 10:46:51 ET
Table 'Aquilegia' 6-max Seat #6 is the button
Seat 4: rascal_319 ($104.58 in chips)
Seat 6: freestyler85 ($116.97 in chips)
freestyler85: posts small blind $1
LeifiBlomero: is sitting out
parnishka11: is sitting out
rascal_319: posts big blind $3
*** HOLE CARDS ***
freestyler85: raises $3 to $6
parnishka11 leaves the table
rascal_319: folds
Uncalled bet ($3) returned to freestyler85
freestyler85 collected $6 from pot
freestyler85: doesn't show hand
*** SUMMARY ***
Total pot $6 | Rake $0
Seat 4: rascal_319 (big blind) folded before Flop
Seat 6: freestyler85 (button) (small blind) collected ($6)


PokerStars Hand #170080014336:  Hold'em Limit ($3/$6 USD) - 2017/05/07 10:48:07 ET
Table 'Aquilegia' 6-max Seat #3 is the button
Seat 3: mariefella ($87 in chips)
Seat 6: freestyler85 ($124.73 in chips)
mariefella: posts small blind $1
rascal_319: is sitting out
freestyler85: posts big blind $3
*** HOLE CARDS ***
mariefella: raises $3 to $6
freestyler85: calls $3
*** FLOP *** [6s 3d 2h]
freestyler85: checks
mariefella: bets $3
freestyler85: calls $3
*** TURN *** [6s 3d 2h] [Ah]
freestyler85: checks
mariefella: bets $6
freestyler85: raises $6 to $12
mariefella: calls $6
*** RIVER *** [6s 3d 2h Ah] [9c]
freestyler85: bets $6
mariefella: calls $6
*** SHOW DOWN ***
freestyler85: shows [9s Ac] (two pair, Aces and Nines)
mariefella: mucks hand
freestyler85 collected $53.50 from pot
*** SUMMARY ***
Total pot $54 | Rake $0.50
Board [6s 3d 2h Ah 9c]
Seat 3: mariefella (button) (small blind) mucked
Seat 6: freestyler85 (big blind) showed [9s Ac] and won ($53.50) with two pair, Aces and Nines


PokerStars Hand #170080035367:  Hold'em Limit ($3/$6 USD) - 2017/05/07 10:48:35 ET
Table 'Aquilegia' 6-max Seat #6 is the button
Seat 3: mariefella ($60 in chips)
Seat 6: freestyler85 ($151.23 in chips)
freestyler85: posts small blind $1
mariefella: posts big blind $3
*** HOLE CARDS ***
freestyler85: raises $3 to $6
mariefella: folds
Uncalled bet ($3) returned to freestyler85
freestyler85 collected $6 from pot
freestyler85: doesn't show hand
*** SUMMARY ***
Total pot $6 | Rake $0
Seat 3: mariefella (big blind) folded before Flop
Seat 6: freestyler85 (button) (small blind) collected ($6)


PokerStars Hand #170080041144:  Hold'em Limit ($3/$6 USD) - 2017/05/07 10:48:43 ET
Table 'Aquilegia' 6-max Seat #3 is the button
Seat 3: mariefella ($57 in chips)
Seat 6: freestyler85 ($154.23 in chips)
mariefella: posts small blind $1
freestyler85: posts big blind $3
*** HOLE CARDS ***
mariefella: raises $3 to $6
freestyler85: raises $3 to $9
mariefella: calls $3
*** FLOP *** [Td Jd Ah]
freestyler85: bets $3
mariefella: calls $3
*** TURN *** [Td Jd Ah] [7d]
freestyler85: bets $6
mariefella: calls $6
*** RIVER *** [Td Jd Ah 7d] [3s]
freestyler85: checks
mariefella: checks
*** SHOW DOWN ***
freestyler85: shows [8c 8s] (a pair of Eights)
mariefella: shows [Jh 8d] (a pair of Jacks)
mariefella collected $35.50 from pot
*** SUMMARY ***
Total pot $36 | Rake $0.50
Board [Td Jd Ah 7d 3s]
Seat 3: mariefella (button) (small blind) showed [Jh 8d] and won ($35.50) with a pair of Jacks
Seat 6: freestyler85 (big blind) showed [8c 8s] and lost with a pair of Eights


PokerStars Hand #170082279637:  Hold'em Limit ($3/$6 USD) - 2017/05/07 11:38:08 ET
Table 'Aquilegia' 6-max Seat #2 is the button
Seat 1: Pete81 ($69.96 in chips)
Seat 2: LeifiBlomero ($178.53 in chips)
LeifiBlomero: posts small blind $1
tttzzz: is sitting out
Pete81: posts big blind $3
*** HOLE CARDS ***
tttzzz leaves the table
LeifiBlomero: raises $3 to $6
Pete81: raises $3 to $9
LeifiBlomero: calls $3
*** FLOP *** [Ks 2d Th]
Pete81: bets $3
LeifiBlomero: calls $3
*** TURN *** [Ks 2d Th] [Td]
Pete81: bets $6
LeifiBlomero: folds
Uncalled bet ($6) returned to Pete81
LeifiBlomero leaves the table
Pete81 collected $23.52 from pot
Pete81: doesn't show hand
*** SUMMARY ***
Total pot $24 | Rake $0.48
Board [Ks 2d Th Td]
Seat 1: Pete81 (big blind) collected ($23.52)
Seat 2: LeifiBlomero (button) (small blind) folded on the Turn


