PokerStars Hand #164324547045:  Hold'em Limit ($3/$6 USD) - 2017/01/09 19:19:00 ET
Table 'Aquila' 6-max Seat #6 is the button
Seat 1: MellivoraSto ($321.33 in chips)
Seat 6: RaisemyNut$ ($205.12 in chips)
RaisemyNut$: posts small blind $1
MellivoraSto: posts big blind $3
*** HOLE CARDS ***
RaisemyNut$: raises $3 to $6
Joker4691 leaves the table
MellivoraSto: calls $3
*** FLOP *** [5s Jc 3s]
MellivoraSto: checks
RaisemyNut$: bets $3
MellivoraSto: folds
Uncalled bet ($3) returned to RaisemyNut$
RaisemyNut$ collected $11.76 from pot
RaisemyNut$: doesn't show hand
*** SUMMARY ***
Total pot $12 | Rake $0.24
Board [5s Jc 3s]
Seat 1: MellivoraSto (big blind) folded on the Flop
Seat 6: RaisemyNut$ (button) (small blind) collected ($11.76)


PokerStars Hand #164331283820:  Hold'em Limit ($3/$6 USD) - 2017/01/09 23:04:53 ET
Table 'Aquila' 6-max Seat #2 is the button
Seat 2: MForce007 ($47.49 in chips)
Seat 3: habari786 ($52 in chips)
MForce007: posts small blind $1
habari786: posts big blind $3
*** HOLE CARDS ***
MForce007: folds
Uncalled bet ($2) returned to habari786
habari786 collected $2 from pot
habari786: doesn't show hand
*** SUMMARY ***
Total pot $2 | Rake $0
Seat 2: MForce007 (button) (small blind) folded before Flop
Seat 3: habari786 (big blind) collected ($2)


PokerStars Hand #164331276075:  Hold'em Limit ($3/$6 USD) - 2017/01/09 23:04:30 ET
Table 'Aquila' 6-max Seat #3 is the button
Seat 2: MForce007 ($38.85 in chips)
Seat 3: habari786 ($61 in chips)
habari786: posts small blind $1
MForce007: posts big blind $3
*** HOLE CARDS ***
habari786: raises $3 to $6
MForce007: calls $3
*** FLOP *** [7c Qs 7h]
nikosha8 joins the table at seat #1
MForce007: bets $3
habari786: calls $3
*** TURN *** [7c Qs 7h] [4h]
MForce007: bets $6
habari786: folds
Uncalled bet ($6) returned to MForce007
MForce007 collected $17.64 from pot
MForce007: doesn't show hand
*** SUMMARY ***
Total pot $18 | Rake $0.36
Board [7c Qs 7h 4h]
Seat 2: MForce007 (big blind) collected ($17.64)
Seat 3: habari786 (button) (small blind) folded on the Turn


PokerStars Hand #164331300629:  Hold'em Limit ($3/$6 USD) - 2017/01/09 23:05:42 ET
Table 'Aquila' 6-max Seat #1 is the button
Seat 1: nikosha8 ($127.76 in chips)
Seat 3: habari786 ($45 in chips)
nikosha8: posts small blind $1
habari786: posts big blind $3
*** HOLE CARDS ***
nikosha8: calls $2
habari786: checks
*** FLOP *** [Kd 8s Tc]
habari786: checks
nikosha8: checks
*** TURN *** [Kd 8s Tc] [9h]
habari786: checks
nikosha8: checks
*** RIVER *** [Kd 8s Tc 9h] [4h]
habari786: checks
nikosha8: checks
*** SHOW DOWN ***
habari786: shows [5s Qd] (high card King)
nikosha8: shows [4d 6d] (a pair of Fours)
nikosha8 collected $5.88 from pot
*** SUMMARY ***
Total pot $6 | Rake $0.12
Board [Kd 8s Tc 9h 4h]
Seat 1: nikosha8 (button) (small blind) showed [4d 6d] and won ($5.88) with a pair of Fours
Seat 3: habari786 (big blind) showed [5s Qd] and lost with high card King


PokerStars Hand #164331297861:  Hold'em Limit ($3/$6 USD) - 2017/01/09 23:05:34 ET
Table 'Aquila' 6-max Seat #3 is the button
Seat 1: nikosha8 ($126.76 in chips)
Seat 3: habari786 ($46 in chips)
habari786: posts small blind $1
nikosha8: posts big blind $3
*** HOLE CARDS ***
habari786: folds
Uncalled bet ($2) returned to nikosha8
nikosha8 collected $2 from pot
*** SUMMARY ***
Total pot $2 | Rake $0
Seat 1: nikosha8 (big blind) collected ($2)
Seat 3: habari786 (button) (small blind) folded before Flop


PokerStars Hand #164331289217:  Hold'em Limit ($3/$6 USD) - 2017/01/09 23:05:09 ET
Table 'Aquila' 6-max Seat #1 is the button
Seat 1: nikosha8 ($121 in chips)
Seat 3: habari786 ($52 in chips)
nikosha8: posts small blind $1
habari786: posts big blind $3
*** HOLE CARDS ***
nikosha8: raises $3 to $6
habari786: calls $3
*** FLOP *** [4d 5d 2d]
habari786: checks
nikosha8: bets $3
habari786: folds
Uncalled bet ($3) returned to nikosha8
nikosha8 collected $11.76 from pot
*** SUMMARY ***
Total pot $12 | Rake $0.24
Board [4d 5d 2d]
Seat 1: nikosha8 (button) (small blind) collected ($11.76)
Seat 3: habari786 (big blind) folded on the Flop


PokerStars Hand #164331312253:  Hold'em Limit ($3/$6 USD) - 2017/01/09 23:06:17 ET
Table 'Aquila' 6-max Seat #3 is the button
Seat 1: nikosha8 ($130.64 in chips)
Seat 3: habari786 ($42 in chips)
habari786: posts small blind $1
nikosha8: posts big blind $3
*** HOLE CARDS ***
habari786: raises $3 to $6
nikosha8: calls $3
*** FLOP *** [9d 6h Jh]
nikosha8: checks
habari786: bets $3
nikosha8: calls $3
*** TURN *** [9d 6h Jh] [2c]
nikosha8: checks
habari786: bets $6
nikosha8: calls $6
*** RIVER *** [9d 6h Jh 2c] [4c]
nikosha8: checks
habari786: bets $6
nikosha8: calls $6
*** SHOW DOWN ***
habari786: shows [Jc 8s] (a pair of Jacks)
nikosha8: mucks hand
habari786 collected $41.50 from pot
*** SUMMARY ***
Total pot $42 | Rake $0.50
Board [9d 6h Jh 2c 4c]
Seat 1: nikosha8 (big blind) mucked
Seat 3: habari786 (button) (small blind) showed [Jc 8s] and won ($41.50) with a pair of Jacks


PokerStars Hand #164331329834:  Hold'em Limit ($3/$6 USD) - 2017/01/09 23:07:09 ET
Table 'Aquila' 6-max Seat #1 is the button
Seat 1: nikosha8 ($109.64 in chips)
Seat 3: habari786 ($62.50 in chips)
nikosha8: posts small blind $1
habari786: posts big blind $3
*** HOLE CARDS ***
nikosha8: raises $3 to $6
habari786: calls $3
*** FLOP *** [Jd 3c 9d]
habari786: checks
nikosha8: bets $3
habari786: calls $3
*** TURN *** [Jd 3c 9d] [Jh]
habari786: checks
nikosha8: checks
*** RIVER *** [Jd 3c 9d Jh] [4d]
habari786: bets $6
nikosha8: folds
Uncalled bet ($6) returned to habari786
habari786 collected $17.64 from pot
habari786: doesn't show hand
*** SUMMARY ***
Total pot $18 | Rake $0.36
Board [Jd 3c 9d Jh 4d]
Seat 1: nikosha8 (button) (small blind) folded on the River
Seat 3: habari786 (big blind) collected ($17.64)


PokerStars Hand #164331340152:  Hold'em Limit ($3/$6 USD) - 2017/01/09 23:07:41 ET
Table 'Aquila' 6-max Seat #3 is the button
Seat 1: nikosha8 ($100.64 in chips)
Seat 3: habari786 ($71.14 in chips)
habari786: posts small blind $1
nikosha8: posts big blind $3
*** HOLE CARDS ***
habari786: raises $3 to $6
nikosha8: folds
Uncalled bet ($3) returned to habari786
habari786 collected $6 from pot
habari786: doesn't show hand
*** SUMMARY ***
Total pot $6 | Rake $0
Seat 1: nikosha8 (big blind) folded before Flop
Seat 3: habari786 (button) (small blind) collected ($6)


PokerStars Hand #164331349513:  Hold'em Limit ($3/$6 USD) - 2017/01/09 23:08:09 ET
Table 'Aquila' 6-max Seat #3 is the button
Seat 1: nikosha8 ($109.16 in chips)
Seat 3: habari786 ($62.14 in chips)
habari786: posts small blind $1
nikosha8: posts big blind $3
*** HOLE CARDS ***
habari786: folds
Uncalled bet ($2) returned to nikosha8
nikosha8 collected $2 from pot
*** SUMMARY ***
Total pot $2 | Rake $0
Seat 1: nikosha8 (big blind) collected ($2)
Seat 3: habari786 (button) (small blind) folded before Flop


PokerStars Hand #164331342889:  Hold'em Limit ($3/$6 USD) - 2017/01/09 23:07:49 ET
Table 'Aquila' 6-max Seat #1 is the button
Seat 1: nikosha8 ($97.64 in chips)
Seat 3: habari786 ($74.14 in chips)
nikosha8: posts small blind $1
habari786: posts big blind $3
*** HOLE CARDS ***
nikosha8: raises $3 to $6
habari786: raises $3 to $9
nikosha8: calls $3
*** FLOP *** [Ad Kd 5h]
habari786: bets $3
nikosha8: calls $3
*** TURN *** [Ad Kd 5h] [2s]
habari786: checks
nikosha8: bets $6
habari786: folds
Uncalled bet ($6) returned to nikosha8
nikosha8 collected $23.52 from pot
*** SUMMARY ***
Total pot $24 | Rake $0.48
Board [Ad Kd 5h 2s]
Seat 1: nikosha8 (button) (small blind) collected ($23.52)
Seat 3: habari786 (big blind) folded on the Turn


PokerStars Hand #164331363858:  Hold'em Limit ($3/$6 USD) - 2017/01/09 23:08:52 ET
Table 'Aquila' 6-max Seat #3 is the button
Seat 1: nikosha8 ($116.80 in chips)
Seat 3: habari786 ($54.14 in chips)
habari786: posts small blind $1
nikosha8: posts big blind $3
*** HOLE CARDS ***
habari786: raises $3 to $6
nikosha8: calls $3
*** FLOP *** [4s Jh Qh]
nikosha8: checks
habari786: bets $3
nikosha8: calls $3
*** TURN *** [4s Jh Qh] [5s]
nikosha8: checks
habari786: bets $6
nikosha8: folds
Uncalled bet ($6) returned to habari786
habari786 collected $17.64 from pot
habari786: doesn't show hand
*** SUMMARY ***
Total pot $18 | Rake $0.36
Board [4s Jh Qh 5s]
Seat 1: nikosha8 (big blind) folded on the Turn
Seat 3: habari786 (button) (small blind) collected ($17.64)


PokerStars Hand #164331355512:  Hold'em Limit ($3/$6 USD) - 2017/01/09 23:08:27 ET
Table 'Aquila' 6-max Seat #3 is the button
Seat 1: nikosha8 ($109.16 in chips)
Seat 3: habari786 ($62.14 in chips)
habari786: posts small blind $1
nikosha8: posts big blind $3
*** HOLE CARDS ***
habari786: raises $3 to $6
nikosha8: calls $3
*** FLOP *** [Jd 9d 8s]
nikosha8: checks
habari786: bets $3
nikosha8: calls $3
*** TURN *** [Jd 9d 8s] [Tc]
nikosha8: checks
habari786: checks
*** RIVER *** [Jd 9d 8s Tc] [9s]
nikosha8: bets $6
habari786: folds
Uncalled bet ($6) returned to nikosha8
nikosha8 collected $17.64 from pot
*** SUMMARY ***
Total pot $18 | Rake $0.36
Board [Jd 9d 8s Tc 9s]
Seat 1: nikosha8 (big blind) collected ($17.64)
Seat 3: habari786 (button) (small blind) folded on the River


PokerStars Hand #164331361945:  Hold'em Limit ($3/$6 USD) - 2017/01/09 23:08:47 ET
Table 'Aquila' 6-max Seat #1 is the button
Seat 1: nikosha8 ($117.80 in chips)
Seat 3: habari786 ($53.14 in chips)
nikosha8: posts small blind $1
habari786: posts big blind $3
*** HOLE CARDS ***
nikosha8: folds
Uncalled bet ($2) returned to habari786
habari786 collected $2 from pot
habari786: doesn't show hand
*** SUMMARY ***
Total pot $2 | Rake $0
Seat 1: nikosha8 (button) (small blind) folded before Flop
Seat 3: habari786 (big blind) collected ($2)


PokerStars Hand #164331353974:  Hold'em Limit ($3/$6 USD) - 2017/01/09 23:08:23 ET
Table 'Aquila' 6-max Seat #1 is the button
Seat 1: nikosha8 ($110.16 in chips)
Seat 3: habari786 ($61.14 in chips)
nikosha8: posts small blind $1
habari786: posts big blind $3
*** HOLE CARDS ***
nikosha8: folds
Uncalled bet ($2) returned to habari786
habari786 collected $2 from pot
habari786: doesn't show hand
*** SUMMARY ***
Total pot $2 | Rake $0
Seat 1: nikosha8 (button) (small blind) folded before Flop
Seat 3: habari786 (big blind) collected ($2)


PokerStars Hand #164331372867:  Hold'em Limit ($3/$6 USD) - 2017/01/09 23:09:19 ET
Table 'Aquila' 6-max Seat #1 is the button
Seat 1: nikosha8 ($107.80 in chips)
Seat 3: habari786 ($62.78 in chips)
nikosha8: posts small blind $1
habari786: posts big blind $3
*** HOLE CARDS ***
nikosha8: folds
Uncalled bet ($2) returned to habari786
habari786 collected $2 from pot
habari786: doesn't show hand
*** SUMMARY ***
Total pot $2 | Rake $0
Seat 1: nikosha8 (button) (small blind) folded before Flop
Seat 3: habari786 (big blind) collected ($2)


PokerStars Hand #164331375819:  Hold'em Limit ($3/$6 USD) - 2017/01/09 23:09:28 ET
Table 'Aquila' 6-max Seat #3 is the button
Seat 1: nikosha8 ($106.80 in chips)
Seat 3: habari786 ($63.78 in chips)
habari786: posts small blind $1
nikosha8: posts big blind $3
*** HOLE CARDS ***
habari786: raises $3 to $6
nikosha8: folds
Uncalled bet ($3) returned to habari786
habari786 collected $6 from pot
habari786: doesn't show hand
*** SUMMARY ***
Total pot $6 | Rake $0
Seat 1: nikosha8 (big blind) folded before Flop
Seat 3: habari786 (button) (small blind) collected ($6)


PokerStars Hand #164331392283:  Hold'em Limit ($3/$6 USD) - 2017/01/09 23:10:18 ET
Table 'Aquila' 6-max Seat #3 is the button
Seat 1: nikosha8 ($109.56 in chips)
Seat 3: habari786 ($60.78 in chips)
habari786: posts small blind $1
nikosha8: posts big blind $3
*** HOLE CARDS ***
habari786: raises $3 to $6
nikosha8: folds
Uncalled bet ($3) returned to habari786
habari786 collected $6 from pot
habari786: doesn't show hand
*** SUMMARY ***
Total pot $6 | Rake $0
Seat 1: nikosha8 (big blind) folded before Flop
Seat 3: habari786 (button) (small blind) collected ($6)


PokerStars Hand #164331379144:  Hold'em Limit ($3/$6 USD) - 2017/01/09 23:09:39 ET
Table 'Aquila' 6-max Seat #1 is the button
Seat 1: nikosha8 ($103.80 in chips)
Seat 3: habari786 ($66.78 in chips)
nikosha8: posts small blind $1
habari786: posts big blind $3
*** HOLE CARDS ***
nikosha8: raises $3 to $6
habari786: calls $3
*** FLOP *** [3s 9s Ah]
habari786: checks
nikosha8: bets $3
habari786: folds
Uncalled bet ($3) returned to nikosha8
nikosha8 collected $11.76 from pot
*** SUMMARY ***
Total pot $12 | Rake $0.24
Board [3s 9s Ah]
Seat 1: nikosha8 (button) (small blind) collected ($11.76)
Seat 3: habari786 (big blind) folded on the Flop


PokerStars Hand #164331394288:  Hold'em Limit ($3/$6 USD) - 2017/01/09 23:10:24 ET
Table 'Aquila' 6-max Seat #1 is the button
Seat 1: nikosha8 ($106.56 in chips)
Seat 3: habari786 ($63.78 in chips)
nikosha8: posts small blind $1
habari786: posts big blind $3
*** HOLE CARDS ***
nikosha8: folds
Uncalled bet ($2) returned to habari786
habari786 collected $2 from pot
habari786: doesn't show hand
*** SUMMARY ***
Total pot $2 | Rake $0
Seat 1: nikosha8 (button) (small blind) folded before Flop
Seat 3: habari786 (big blind) collected ($2)


PokerStars Hand #164331395954:  Hold'em Limit ($3/$6 USD) - 2017/01/09 23:10:29 ET
Table 'Aquila' 6-max Seat #3 is the button
Seat 1: nikosha8 ($105.56 in chips)
Seat 3: habari786 ($64.78 in chips)
habari786: posts small blind $1
nikosha8: posts big blind $3
*** HOLE CARDS ***
habari786: raises $3 to $6
nikosha8: calls $3
*** FLOP *** [9s 3h 8c]
nikosha8: checks
habari786: bets $3
nikosha8: raises $3 to $6
habari786: calls $3
*** TURN *** [9s 3h 8c] [Kc]
nikosha8: bets $6
habari786: raises $6 to $12
nikosha8: calls $6
*** RIVER *** [9s 3h 8c Kc] [4h]
nikosha8: checks
habari786: checks
*** SHOW DOWN ***
nikosha8: shows [7s 9d] (a pair of Nines)
habari786: mucks hand
nikosha8 collected $47.50 from pot
*** SUMMARY ***
Total pot $48 | Rake $0.50
Board [9s 3h 8c Kc 4h]
Seat 1: nikosha8 (big blind) showed [7s 9d] and won ($47.50) with a pair of Nines
Seat 3: habari786 (button) (small blind) mucked


PokerStars Hand #164331406985:  Hold'em Limit ($3/$6 USD) - 2017/01/09 23:11:02 ET
Table 'Aquila' 6-max Seat #3 is the button
Seat 1: nikosha8 ($132.06 in chips)
Seat 3: habari786 ($37.78 in chips)
habari786: posts small blind $1
nikosha8: posts big blind $3
*** HOLE CARDS ***
habari786: folds
Uncalled bet ($2) returned to nikosha8
nikosha8 collected $2 from pot
*** SUMMARY ***
Total pot $2 | Rake $0
Seat 1: nikosha8 (big blind) collected ($2)
Seat 3: habari786 (button) (small blind) folded before Flop


PokerStars Hand #164331405188:  Hold'em Limit ($3/$6 USD) - 2017/01/09 23:10:57 ET
Table 'Aquila' 6-max Seat #1 is the button
Seat 1: nikosha8 ($129.06 in chips)
Seat 3: habari786 ($40.78 in chips)
nikosha8: posts small blind $1
habari786: posts big blind $3
*** HOLE CARDS ***
nikosha8: raises $3 to $6
habari786: folds
Uncalled bet ($3) returned to nikosha8
nikosha8 collected $6 from pot
*** SUMMARY ***
Total pot $6 | Rake $0
Seat 1: nikosha8 (button) (small blind) collected ($6)
Seat 3: habari786 (big blind) folded before Flop


PokerStars Hand #164331408605:  Hold'em Limit ($3/$6 USD) - 2017/01/09 23:11:07 ET
Table 'Aquila' 6-max Seat #1 is the button
Seat 1: nikosha8 ($133.06 in chips)
Seat 3: habari786 ($36.78 in chips)
nikosha8: posts small blind $1
habari786: posts big blind $3
*** HOLE CARDS ***
nikosha8: raises $3 to $6
habari786: folds
Uncalled bet ($3) returned to nikosha8
nikosha8 collected $6 from pot
*** SUMMARY ***
Total pot $6 | Rake $0
Seat 1: nikosha8 (button) (small blind) collected ($6)
Seat 3: habari786 (big blind) folded before Flop


PokerStars Hand #164331410515:  Hold'em Limit ($3/$6 USD) - 2017/01/09 23:11:13 ET
Table 'Aquila' 6-max Seat #3 is the button
Seat 1: nikosha8 ($136.06 in chips)
Seat 3: habari786 ($33.78 in chips)
habari786: posts small blind $1
nikosha8: posts big blind $3
*** HOLE CARDS ***
habari786: raises $3 to $6
nikosha8: calls $3
*** FLOP *** [Ac 8d 3s]
nikosha8: checks
habari786: bets $3
nikosha8: raises $3 to $6
habari786: raises $3 to $9
nikosha8: calls $3
*** TURN *** [Ac 8d 3s] [6s]
nikosha8: checks
habari786: checks
*** RIVER *** [Ac 8d 3s 6s] [Jc]
nikosha8: bets $6
habari786: calls $6
*** SHOW DOWN ***
nikosha8: shows [Ad 2c] (a pair of Aces)
habari786: mucks hand
nikosha8 collected $41.50 from pot
*** SUMMARY ***
Total pot $42 | Rake $0.50
Board [Ac 8d 3s 6s Jc]
Seat 1: nikosha8 (big blind) showed [Ad 2c] and won ($41.50) with a pair of Aces
Seat 3: habari786 (button) (small blind) mucked


PokerStars Hand #164331417738:  Hold'em Limit ($3/$6 USD) - 2017/01/09 23:11:35 ET
Table 'Aquila' 6-max Seat #1 is the button
Seat 1: nikosha8 ($156.56 in chips)
Seat 3: habari786 ($12.78 in chips)
nikosha8: posts small blind $1
habari786: posts big blind $3
*** HOLE CARDS ***
nikosha8: raises $3 to $6
habari786: folds
Uncalled bet ($3) returned to nikosha8
nikosha8 collected $6 from pot
*** SUMMARY ***
Total pot $6 | Rake $0
Seat 1: nikosha8 (button) (small blind) collected ($6)
Seat 3: habari786 (big blind) folded before Flop


PokerStars Hand #164331420963:  Hold'em Limit ($3/$6 USD) - 2017/01/09 23:11:45 ET
Table 'Aquila' 6-max Seat #3 is the button
Seat 1: nikosha8 ($159.56 in chips)
Seat 3: habari786 ($9.78 in chips)
habari786: posts small blind $1
nikosha8: posts big blind $3
*** HOLE CARDS ***
habari786: folds
Uncalled bet ($2) returned to nikosha8
nikosha8 collected $2 from pot
*** SUMMARY ***
Total pot $2 | Rake $0
Seat 1: nikosha8 (big blind) collected ($2)
Seat 3: habari786 (button) (small blind) folded before Flop


PokerStars Hand #164331425638:  Hold'em Limit ($3/$6 USD) - 2017/01/09 23:11:59 ET
Table 'Aquila' 6-max Seat #3 is the button
Seat 1: nikosha8 ($159.56 in chips)
Seat 3: habari786 ($9.78 in chips)
habari786: posts small blind $1
nikosha8: posts big blind $3
*** HOLE CARDS ***
habari786: raises $3 to $6
nikosha8: folds
Uncalled bet ($3) returned to habari786
habari786 collected $6 from pot
habari786: doesn't show hand
*** SUMMARY ***
Total pot $6 | Rake $0
Seat 1: nikosha8 (big blind) folded before Flop
Seat 3: habari786 (button) (small blind) collected ($6)


PokerStars Hand #164331423778:  Hold'em Limit ($3/$6 USD) - 2017/01/09 23:11:53 ET
Table 'Aquila' 6-max Seat #1 is the button
Seat 1: nikosha8 ($160.56 in chips)
Seat 3: habari786 ($8.78 in chips)
nikosha8: posts small blind $1
habari786: posts big blind $3
*** HOLE CARDS ***
nikosha8: folds
Uncalled bet ($2) returned to habari786
habari786 collected $2 from pot
habari786: doesn't show hand
*** SUMMARY ***
Total pot $2 | Rake $0
Seat 1: nikosha8 (button) (small blind) folded before Flop
Seat 3: habari786 (big blind) collected ($2)


PokerStars Hand #164331435874:  Hold'em Limit ($3/$6 USD) - 2017/01/09 23:12:30 ET
Table 'Aquila' 6-max Seat #3 is the button
Seat 1: nikosha8 ($159.44 in chips)
Seat 3: habari786 ($9.78 in chips)
habari786: posts small blind $1
nikosha8: posts big blind $3
*** HOLE CARDS ***
habari786: raises $3 to $6
nikosha8: raises $3 to $9
habari786: raises $0.78 to $9.78 and is all-in
Betting is capped
nikosha8: calls $0.78
*** FLOP *** [As Ts 7h]
*** TURN *** [As Ts 7h] [8c]
*** RIVER *** [As Ts 7h 8c] [2h]
*** SHOW DOWN ***
nikosha8: shows [Qs Th] (a pair of Tens)
habari786: shows [Qd Kh] (high card Ace)
nikosha8 collected $19.17 from pot
*** SUMMARY ***
Total pot $19.56 | Rake $0.39
Board [As Ts 7h 8c 2h]
Seat 1: nikosha8 (big blind) showed [Qs Th] and won ($19.17) with a pair of Tens
Seat 3: habari786 (button) (small blind) showed [Qd Kh] and lost with high card Ace


PokerStars Hand #164331427667:  Hold'em Limit ($3/$6 USD) - 2017/01/09 23:12:05 ET
Table 'Aquila' 6-max Seat #1 is the button
Seat 1: nikosha8 ($156.56 in chips)
Seat 3: habari786 ($12.78 in chips)
nikosha8: posts small blind $1
habari786: posts big blind $3
*** HOLE CARDS ***
nikosha8: calls $2
habari786: checks
*** FLOP *** [6h Ac Qh]
habari786: checks
nikosha8: bets $3
habari786: folds
Uncalled bet ($3) returned to nikosha8
nikosha8 collected $5.88 from pot
*** SUMMARY ***
Total pot $6 | Rake $0.12
Board [6h Ac Qh]
Seat 1: nikosha8 (button) (small blind) collected ($5.88)
Seat 3: habari786 (big blind) folded on the Flop


PokerStars Hand #164331463321:  Hold'em Limit ($3/$6 USD) - 2017/01/09 23:13:54 ET
Table 'Aquila' 6-max Seat #1 is the button
Seat 1: nikosha8 ($198 in chips)
Seat 3: habari786 ($30 in chips)
nikosha8: posts small blind $1
habari786: posts big blind $3
*** HOLE CARDS ***
nikosha8: calls $2
habari786: checks
*** FLOP *** [3h Td Qh]
habari786: bets $3
nikosha8: folds
Uncalled bet ($3) returned to habari786
habari786 collected $5.88 from pot
habari786: doesn't show hand
*** SUMMARY ***
Total pot $6 | Rake $0.12
Board [3h Td Qh]
Seat 1: nikosha8 (button) (small blind) folded on the Flop
Seat 3: habari786 (big blind) collected ($5.88)


PokerStars Hand #164331469983:  Hold'em Limit ($3/$6 USD) - 2017/01/09 23:14:14 ET
Table 'Aquila' 6-max Seat #3 is the button
Seat 1: nikosha8 ($195 in chips)
Seat 3: habari786 ($32.88 in chips)
habari786: posts small blind $1
nikosha8: posts big blind $3
*** HOLE CARDS ***
habari786: raises $3 to $6
nikosha8: calls $3
*** FLOP *** [6s 5d As]
nikosha8: checks
habari786: bets $3
nikosha8: folds
Uncalled bet ($3) returned to habari786
habari786 collected $11.76 from pot
habari786: doesn't show hand
*** SUMMARY ***
Total pot $12 | Rake $0.24
Board [6s 5d As]
Seat 1: nikosha8 (big blind) folded on the Flop
Seat 3: habari786 (button) (small blind) collected ($11.76)


PokerStars Hand #164331475180:  Hold'em Limit ($3/$6 USD) - 2017/01/09 23:14:30 ET
Table 'Aquila' 6-max Seat #1 is the button
Seat 1: nikosha8 ($189 in chips)
Seat 3: habari786 ($38.64 in chips)
nikosha8: posts small blind $1
habari786: posts big blind $3
*** HOLE CARDS ***
nikosha8: raises $3 to $6
habari786: calls $3
*** FLOP *** [6c 5h 2d]
habari786: bets $3
nikosha8: calls $3
*** TURN *** [6c 5h 2d] [Td]
habari786: bets $6
nikosha8: raises $6 to $12
habari786: raises $6 to $18
nikosha8: calls $6
*** RIVER *** [6c 5h 2d Td] [Qc]
habari786: bets $6
nikosha8: calls $6
*** SHOW DOWN ***
habari786: shows [Kh Ts] (a pair of Tens)
nikosha8: shows [Ah Tc] (a pair of Tens - Ace kicker)
nikosha8 collected $65.50 from pot
*** SUMMARY ***
Total pot $66 | Rake $0.50
Board [6c 5h 2d Td Qc]
Seat 1: nikosha8 (button) (small blind) showed [Ah Tc] and won ($65.50) with a pair of Tens
Seat 3: habari786 (big blind) showed [Kh Ts] and lost with a pair of Tens


PokerStars Hand #164331495045:  Hold'em Limit ($3/$6 USD) - 2017/01/09 23:15:06 ET
Table 'Aquila' 6-max Seat #3 is the button
Seat 1: nikosha8 ($221.50 in chips)
Seat 3: habari786 ($5.64 in chips)
habari786: posts small blind $1
nikosha8: posts big blind $3
*** HOLE CARDS ***
habari786: folds
Uncalled bet ($2) returned to nikosha8
nikosha8 collected $2 from pot
*** SUMMARY ***
Total pot $2 | Rake $0
Seat 1: nikosha8 (big blind) collected ($2)
Seat 3: habari786 (button) (small blind) folded before Flop


PokerStars Hand #164331513084:  Hold'em Limit ($3/$6 USD) - 2017/01/09 23:16:01 ET
Table 'Aquila' 6-max Seat #3 is the button
Seat 1: nikosha8 ($223.50 in chips)
Seat 3: habari786 ($3.09 in chips)
habari786: posts small blind $1
nikosha8: posts big blind $3
*** HOLE CARDS ***
habari786: folds
Uncalled bet ($2) returned to nikosha8
nikosha8 collected $2 from pot
*** SUMMARY ***
Total pot $2 | Rake $0
Seat 1: nikosha8 (big blind) collected ($2)
Seat 3: habari786 (button) (small blind) folded before Flop


PokerStars Hand #164331509114:  Hold'em Limit ($3/$6 USD) - 2017/01/09 23:15:49 ET
Table 'Aquila' 6-max Seat #1 is the button
Seat 1: nikosha8 ($214.86 in chips)
Seat 3: habari786 ($12.09 in chips)
nikosha8: posts small blind $1
habari786: posts big blind $3
*** HOLE CARDS ***
nikosha8: raises $3 to $6
habari786: calls $3
*** FLOP *** [As 8d 8c]
habari786: bets $3
nikosha8: raises $3 to $6
habari786: folds
Uncalled bet ($3) returned to nikosha8
nikosha8 collected $17.64 from pot
*** SUMMARY ***
Total pot $18 | Rake $0.36
Board [As 8d 8c]
Seat 1: nikosha8 (button) (small blind) collected ($17.64)
Seat 3: habari786 (big blind) folded on the Flop


PokerStars Hand #164331505985:  Hold'em Limit ($3/$6 USD) - 2017/01/09 23:15:39 ET
Table 'Aquila' 6-max Seat #3 is the button
Seat 1: nikosha8 ($217.86 in chips)
Seat 3: habari786 ($9.09 in chips)
habari786: posts small blind $1
nikosha8: posts big blind $3
*** HOLE CARDS ***
habari786: raises $3 to $6
nikosha8: folds
Uncalled bet ($3) returned to habari786
habari786 collected $6 from pot
habari786: doesn't show hand
*** SUMMARY ***
Total pot $6 | Rake $0
Seat 1: nikosha8 (big blind) folded before Flop
Seat 3: habari786 (button) (small blind) collected ($6)


PokerStars Hand #164331498928:  Hold'em Limit ($3/$6 USD) - 2017/01/09 23:15:18 ET
Table 'Aquila' 6-max Seat #1 is the button
Seat 1: nikosha8 ($222.50 in chips)
Seat 3: habari786 ($4.64 in chips)
nikosha8: posts small blind $1
habari786: posts big blind $3
*** HOLE CARDS ***
nikosha8: raises $3 to $6
habari786: calls $1.64 and is all-in
Uncalled bet ($1.36) returned to nikosha8
*** FLOP *** [3h Jc 3s]
*** TURN *** [3h Jc 3s] [Td]
*** RIVER *** [3h Jc 3s Td] [9s]
*** SHOW DOWN ***
habari786: shows [7h 3c] (three of a kind, Threes)
nikosha8: shows [Jd 6d] (two pair, Jacks and Threes)
habari786 collected $9.09 from pot
*** SUMMARY ***
Total pot $9.28 | Rake $0.19
Board [3h Jc 3s Td 9s]
Seat 1: nikosha8 (button) (small blind) showed [Jd 6d] and lost with two pair, Jacks and Threes
Seat 3: habari786 (big blind) showed [7h 3c] and won ($9.09) with three of a kind, Threes


PokerStars Hand #164331523726:  Hold'em Limit ($3/$6 USD) - 2017/01/09 23:16:34 ET
Table 'Aquila' 6-max Seat #1 is the button
Seat 1: nikosha8 ($224.50 in chips)
Seat 2: MForce007 ($45.49 in chips)
nikosha8: posts small blind $1
MForce007: posts big blind $3
*** HOLE CARDS ***
nikosha8: raises $3 to $6
MForce007: calls $3
*** FLOP *** [5d Ts 3h]
MForce007: checks
nikosha8: bets $3
MForce007: calls $3
*** TURN *** [5d Ts 3h] [6d]
MForce007: checks
nikosha8: checks
*** RIVER *** [5d Ts 3h 6d] [Th]
MForce007: bets $6
nikosha8: calls $6
*** SHOW DOWN ***
MForce007: shows [Kc 5h] (two pair, Tens and Fives)
nikosha8: mucks hand
MForce007 collected $29.50 from pot
*** SUMMARY ***
Total pot $30 | Rake $0.50
Board [5d Ts 3h 6d Th]
Seat 1: nikosha8 (button) (small blind) mucked
Seat 2: MForce007 (big blind) showed [Kc 5h] and won ($29.50) with two pair, Tens and Fives


PokerStars Hand #164333655602:  Hold'em Limit ($3/$6 USD) - 2017/01/10 1:22:12 ET
Table 'Aquila' 6-max Seat #4 is the button
Seat 3: habari786 ($68.64 in chips)
Seat 4: Agrotait ($63 in chips)
Agrotait: posts small blind $1
habari786: posts big blind $3
*** HOLE CARDS ***
Agrotait: raises $3 to $6
habari786: calls $3
*** FLOP *** [8c 5d Kh]
habari786: checks
Agrotait: bets $3
habari786: folds
Uncalled bet ($3) returned to Agrotait
Agrotait collected $11.76 from pot
Agrotait: doesn't show hand
*** SUMMARY ***
Total pot $12 | Rake $0.24
Board [8c 5d Kh]
Seat 3: habari786 (big blind) folded on the Flop
Seat 4: Agrotait (button) (small blind) collected ($11.76)


PokerStars Hand #164333648971:  Hold'em Limit ($3/$6 USD) - 2017/01/10 1:21:48 ET
Table 'Aquila' 6-max Seat #3 is the button
Seat 3: habari786 ($60 in chips)
Seat 4: Agrotait ($72 in chips)
habari786: posts small blind $1
Agrotait: posts big blind $3
*** HOLE CARDS ***
habari786: raises $3 to $6
Agrotait: calls $3
*** FLOP *** [Td 6h 2d]
Agrotait: checks
habari786: bets $3
Agrotait: calls $3
*** TURN *** [Td 6h 2d] [8s]
Agrotait: checks
habari786: bets $6
Agrotait: folds
Uncalled bet ($6) returned to habari786
habari786 collected $17.64 from pot
habari786: doesn't show hand
*** SUMMARY ***
Total pot $18 | Rake $0.36
Board [Td 6h 2d 8s]
Seat 3: habari786 (button) (small blind) collected ($17.64)
Seat 4: Agrotait (big blind) folded on the Turn


PokerStars Hand #164333660179:  Hold'em Limit ($3/$6 USD) - 2017/01/10 1:22:29 ET
Table 'Aquila' 6-max Seat #4 is the button
Seat 3: habari786 ($65.64 in chips)
Seat 4: Agrotait ($65.76 in chips)
Agrotait: posts small blind $1
habari786: posts big blind $3
*** HOLE CARDS ***
Agrotait: raises $3 to $6
habari786: calls $3
*** FLOP *** [Tc 7h 5s]
habari786: checks
Agrotait: bets $3
habari786: calls $3
*** TURN *** [Tc 7h 5s] [3s]
habari786: checks
Agrotait: checks
*** RIVER *** [Tc 7h 5s 3s] [Jh]
habari786: checks
Agrotait: bets $6
habari786: calls $6
*** SHOW DOWN ***
Agrotait: shows [6s Qh] (high card Queen)
habari786: shows [Td 8c] (a pair of Tens)
habari786 collected $29.50 from pot
*** SUMMARY ***
Total pot $30 | Rake $0.50
Board [Tc 7h 5s 3s Jh]
Seat 3: habari786 (big blind) showed [Td 8c] and won ($29.50) with a pair of Tens
Seat 4: Agrotait (button) (small blind) showed [6s Qh] and lost with high card Queen


PokerStars Hand #164333658576:  Hold'em Limit ($3/$6 USD) - 2017/01/10 1:22:23 ET
Table 'Aquila' 6-max Seat #3 is the button
Seat 3: habari786 ($62.64 in chips)
Seat 4: Agrotait ($68.76 in chips)
habari786: posts small blind $1
Agrotait: posts big blind $3
*** HOLE CARDS ***
habari786: raises $3 to $6
Agrotait: folds
Uncalled bet ($3) returned to habari786
habari786 collected $6 from pot
habari786: doesn't show hand
*** SUMMARY ***
Total pot $6 | Rake $0
Seat 3: habari786 (button) (small blind) collected ($6)
Seat 4: Agrotait (big blind) folded before Flop


PokerStars Hand #164333667883:  Hold'em Limit ($3/$6 USD) - 2017/01/10 1:22:58 ET
Table 'Aquila' 6-max Seat #3 is the button
Seat 3: habari786 ($80.14 in chips)
Seat 4: Agrotait ($72 in chips)
habari786: posts small blind $1
Agrotait: posts big blind $3
*** HOLE CARDS ***
habari786: raises $3 to $6
Agrotait: calls $3
*** FLOP *** [Qc Ad Ks]
Agrotait: checks
habari786: bets $3
Agrotait: calls $3
*** TURN *** [Qc Ad Ks] [Kd]
Agrotait: checks
habari786: checks
*** RIVER *** [Qc Ad Ks Kd] [5h]
Agrotait: bets $6
habari786: calls $6
*** SHOW DOWN ***
Agrotait: shows [7c Qd] (two pair, Kings and Queens)
habari786: mucks hand
Agrotait collected $29.50 from pot
*** SUMMARY ***
Total pot $30 | Rake $0.50
Board [Qc Ad Ks Kd 5h]
Seat 3: habari786 (button) (small blind) mucked
Seat 4: Agrotait (big blind) showed [7c Qd] and won ($29.50) with two pair, Kings and Queens


PokerStars Hand #164333677501:  Hold'em Limit ($3/$6 USD) - 2017/01/10 1:23:34 ET
Table 'Aquila' 6-max Seat #3 is the button
Seat 3: habari786 ($47.14 in chips)
Seat 4: Agrotait ($104 in chips)
habari786: posts small blind $1
Agrotait: posts big blind $3
*** HOLE CARDS ***
habari786: raises $3 to $6
Agrotait: calls $3
*** FLOP *** [9c Qc Ac]
Agrotait: checks
habari786: bets $3
Agrotait: folds
Uncalled bet ($3) returned to habari786
habari786 collected $11.76 from pot
habari786: doesn't show hand
*** SUMMARY ***
Total pot $12 | Rake $0.24
Board [9c Qc Ac]
Seat 3: habari786 (button) (small blind) collected ($11.76)
Seat 4: Agrotait (big blind) folded on the Flop


PokerStars Hand #164333689471:  Hold'em Limit ($3/$6 USD) - 2017/01/10 1:24:18 ET
Table 'Aquila' 6-max Seat #3 is the button
Seat 3: habari786 ($64.42 in chips)
Seat 4: Agrotait ($86 in chips)
habari786: posts small blind $1
Agrotait: posts big blind $3
*** HOLE CARDS ***
habari786: folds
Uncalled bet ($2) returned to Agrotait
Agrotait collected $2 from pot
Agrotait: doesn't show hand
*** SUMMARY ***
Total pot $2 | Rake $0
Seat 3: habari786 (button) (small blind) folded before Flop
Seat 4: Agrotait (big blind) collected ($2)


PokerStars Hand #164333682635:  Hold'em Limit ($3/$6 USD) - 2017/01/10 1:23:53 ET
Table 'Aquila' 6-max Seat #4 is the button
Seat 3: habari786 ($52.90 in chips)
Seat 4: Agrotait ($98 in chips)
Agrotait: posts small blind $1
habari786: posts big blind $3
*** HOLE CARDS ***
Agrotait: raises $3 to $6
habari786: raises $3 to $9
Agrotait: calls $3
*** FLOP *** [Ah 9h 5c]
habari786: bets $3
Agrotait: calls $3
*** TURN *** [Ah 9h 5c] [8s]
habari786: bets $6
Agrotait: folds
Uncalled bet ($6) returned to habari786
habari786 collected $23.52 from pot
habari786: doesn't show hand
*** SUMMARY ***
Total pot $24 | Rake $0.48
Board [Ah 9h 5c 8s]
Seat 3: habari786 (big blind) collected ($23.52)
Seat 4: Agrotait (button) (small blind) folded on the Turn


PokerStars Hand #164333673297:  Hold'em Limit ($3/$6 USD) - 2017/01/10 1:23:18 ET
Table 'Aquila' 6-max Seat #4 is the button
Seat 3: habari786 ($65.14 in chips)
Seat 4: Agrotait ($86.50 in chips)
Agrotait: posts small blind $1
habari786: posts big blind $3
*** HOLE CARDS ***
Agrotait: raises $3 to $6
habari786: calls $3
*** FLOP *** [Jh 4d 9c]
habari786: checks
Agrotait: bets $3
habari786: raises $3 to $6
Agrotait: calls $3
*** TURN *** [Jh 4d 9c] [7h]
habari786: bets $6
Agrotait: raises $6 to $12
habari786: folds
Uncalled bet ($6) returned to Agrotait
Agrotait collected $35.50 from pot
Agrotait: doesn't show hand
*** SUMMARY ***
Total pot $36 | Rake $0.50
Board [Jh 4d 9c 7h]
Seat 3: habari786 (big blind) folded on the Turn
Seat 4: Agrotait (button) (small blind) collected ($35.50)


PokerStars Hand #164333702617:  Hold'em Limit ($3/$6 USD) - 2017/01/10 1:25:08 ET
Table 'Aquila' 6-max Seat #4 is the button
Seat 3: habari786 ($77.68 in chips)
Seat 4: Agrotait ($71.76 in chips)
Agrotait: posts small blind $1
habari786: posts big blind $3
*** HOLE CARDS ***
Agrotait: raises $3 to $6
habari786: calls $3
*** FLOP *** [Tc 8h Th]
habari786: checks
Agrotait: bets $3
habari786: folds
Uncalled bet ($3) returned to Agrotait
Agrotait collected $11.76 from pot
Agrotait: doesn't show hand
*** SUMMARY ***
Total pot $12 | Rake $0.24
Board [Tc 8h Th]
Seat 3: habari786 (big blind) folded on the Flop
Seat 4: Agrotait (button) (small blind) collected ($11.76)


PokerStars Hand #164333690834:  Hold'em Limit ($3/$6 USD) - 2017/01/10 1:24:24 ET
Table 'Aquila' 6-max Seat #4 is the button
Seat 3: habari786 ($63.42 in chips)
Seat 4: Agrotait ($87 in chips)
Agrotait: posts small blind $1
habari786: posts big blind $3
*** HOLE CARDS ***
Agrotait: raises $3 to $6
habari786: calls $3
*** FLOP *** [Tc Jh 3c]
habari786: checks
Agrotait: bets $3
habari786: calls $3
*** TURN *** [Tc Jh 3c] [Td]
habari786: checks
Agrotait: checks
*** RIVER *** [Tc Jh 3c Td] [4d]
habari786: bets $6
Agrotait: calls $6
*** SHOW DOWN ***
habari786: shows [Kd Js] (two pair, Jacks and Tens)
Agrotait: mucks hand
habari786 collected $29.50 from pot
*** SUMMARY ***
Total pot $30 | Rake $0.50
Board [Tc Jh 3c Td 4d]
Seat 3: habari786 (big blind) showed [Kd Js] and won ($29.50) with two pair, Jacks and Tens
Seat 4: Agrotait (button) (small blind) mucked


PokerStars Hand #164333698324:  Hold'em Limit ($3/$6 USD) - 2017/01/10 1:24:52 ET
Table 'Aquila' 6-max Seat #3 is the button
Seat 3: habari786 ($77.92 in chips)
Seat 4: Agrotait ($72 in chips)
habari786: posts small blind $1
Agrotait: posts big blind $3
*** HOLE CARDS ***
habari786: raises $3 to $6
Agrotait: calls $3
*** FLOP *** [2d 4d Jh]
Agrotait: checks
habari786: checks
*** TURN *** [2d 4d Jh] [2h]
Agrotait: checks
habari786: bets $6
Agrotait: calls $6
*** RIVER *** [2d 4d Jh 2h] [2s]
Agrotait: checks
habari786: checks
*** SHOW DOWN ***
Agrotait: shows [Kh 3d] (three of a kind, Deuces)
habari786: shows [Tc Kd] (three of a kind, Deuces)
Agrotait collected $11.76 from pot
habari786 collected $11.76 from pot
*** SUMMARY ***
Total pot $24 | Rake $0.48
Board [2d 4d Jh 2h 2s]
Seat 3: habari786 (button) (small blind) showed [Tc Kd] and won ($11.76) with three of a kind, Deuces
Seat 4: Agrotait (big blind) showed [Kh 3d] and won ($11.76) with three of a kind, Deuces


PokerStars Hand #164333714927:  Hold'em Limit ($3/$6 USD) - 2017/01/10 1:25:54 ET
Table 'Aquila' 6-max Seat #4 is the button
Seat 3: habari786 ($92.18 in chips)
Seat 4: Agrotait ($72 in chips)
Agrotait: posts small blind $1
habari786: posts big blind $3
*** HOLE CARDS ***
Agrotait: raises $3 to $6
habari786: raises $3 to $9
Agrotait: calls $3
*** FLOP *** [9h 9s 6s]
habari786: bets $3
Agrotait: calls $3
*** TURN *** [9h 9s 6s] [Ah]
habari786: bets $6
Agrotait: calls $6
*** RIVER *** [9h 9s 6s Ah] [Qd]
habari786: bets $6
Agrotait: folds
Uncalled bet ($6) returned to habari786
habari786 collected $35.50 from pot
habari786: doesn't show hand
*** SUMMARY ***
Total pot $36 | Rake $0.50
Board [9h 9s 6s Ah Qd]
Seat 3: habari786 (big blind) collected ($35.50)
Seat 4: Agrotait (button) (small blind) folded on the River


PokerStars Hand #164333706260:  Hold'em Limit ($3/$6 USD) - 2017/01/10 1:25:22 ET
Table 'Aquila' 6-max Seat #3 is the button
Seat 3: habari786 ($71.68 in chips)
Seat 4: Agrotait ($77.52 in chips)
habari786: posts small blind $1
Agrotait: posts big blind $3
*** HOLE CARDS ***
habari786: raises $3 to $6
Agrotait: calls $3
*** FLOP *** [Ks 2h 6s]
Agrotait: checks
habari786: bets $3
Agrotait: calls $3
*** TURN *** [Ks 2h 6s] [Th]
Agrotait: checks
habari786: bets $6
Agrotait: calls $6
*** RIVER *** [Ks 2h 6s Th] [4d]
Agrotait: checks
habari786: bets $6
Agrotait: calls $6
*** SHOW DOWN ***
habari786: shows [6h Kd] (two pair, Kings and Sixes)
Agrotait: mucks hand
habari786 collected $41.50 from pot
*** SUMMARY ***
Total pot $42 | Rake $0.50
Board [Ks 2h 6s Th 4d]
Seat 3: habari786 (button) (small blind) showed [6h Kd] and won ($41.50) with two pair, Kings and Sixes
Seat 4: Agrotait (big blind) mucked


PokerStars Hand #164333735299:  Hold'em Limit ($3/$6 USD) - 2017/01/10 1:27:10 ET
Table 'Aquila' 6-max Seat #3 is the button
Seat 3: habari786 ($106.44 in chips)
Seat 4: Agrotait ($74.64 in chips)
habari786: posts small blind $1
Agrotait: posts big blind $3
*** HOLE CARDS ***
habari786: raises $3 to $6
Agrotait: folds
Uncalled bet ($3) returned to habari786
habari786 collected $6 from pot
habari786: doesn't show hand
*** SUMMARY ***
Total pot $6 | Rake $0
Seat 3: habari786 (button) (small blind) collected ($6)
Seat 4: Agrotait (big blind) folded before Flop


PokerStars Hand #164333730298:  Hold'em Limit ($3/$6 USD) - 2017/01/10 1:26:51 ET
Table 'Aquila' 6-max Seat #4 is the button
Seat 3: habari786 ($115.44 in chips)
Seat 4: Agrotait ($66 in chips)
Agrotait: posts small blind $1
habari786: posts big blind $3
*** HOLE CARDS ***
Agrotait: raises $3 to $6
habari786: calls $3
*** FLOP *** [Qs 9c Qd]
habari786: checks
Agrotait: bets $3
habari786: calls $3
*** TURN *** [Qs 9c Qd] [6s]
habari786: checks
Agrotait: bets $6
habari786: folds
Uncalled bet ($6) returned to Agrotait
Agrotait collected $17.64 from pot
Agrotait: doesn't show hand
*** SUMMARY ***
Total pot $18 | Rake $0.36
Board [Qs 9c Qd 6s]
Seat 3: habari786 (big blind) folded on the Turn
Seat 4: Agrotait (button) (small blind) collected ($17.64)


PokerStars Hand #164333722466:  Hold'em Limit ($3/$6 USD) - 2017/01/10 1:26:22 ET
Table 'Aquila' 6-max Seat #3 is the button
Seat 3: habari786 ($109.68 in chips)
Seat 4: Agrotait ($72 in chips)
habari786: posts small blind $1
Agrotait: posts big blind $3
*** HOLE CARDS ***
habari786: raises $3 to $6
Agrotait: calls $3
*** FLOP *** [Ts Kh 2h]
Agrotait: checks
habari786: bets $3
Agrotait: folds
Uncalled bet ($3) returned to habari786
habari786 collected $11.76 from pot
habari786: doesn't show hand
*** SUMMARY ***
Total pot $12 | Rake $0.24
Board [Ts Kh 2h]
Seat 3: habari786 (button) (small blind) collected ($11.76)
Seat 4: Agrotait (big blind) folded on the Flop


PokerStars Hand #164333743586:  Hold'em Limit ($3/$6 USD) - 2017/01/10 1:27:41 ET
Table 'Aquila' 6-max Seat #4 is the button
Seat 3: habari786 ($117.08 in chips)
Seat 4: Agrotait ($63.64 in chips)
Agrotait: posts small blind $1
habari786: posts big blind $3
*** HOLE CARDS ***
Agrotait: raises $3 to $6
habari786: calls $3
*** FLOP *** [8d 4h Th]
habari786: checks
Agrotait: bets $3
habari786: calls $3
*** TURN *** [8d 4h Th] [6h]
habari786: checks
Agrotait: checks
*** RIVER *** [8d 4h Th 6h] [5s]
habari786: bets $6
Agrotait: folds
Uncalled bet ($6) returned to habari786
habari786 collected $17.64 from pot
habari786: doesn't show hand
*** SUMMARY ***
Total pot $18 | Rake $0.36
Board [8d 4h Th 6h 5s]
Seat 3: habari786 (big blind) collected ($17.64)
Seat 4: Agrotait (button) (small blind) folded on the River


PokerStars Hand #164333751609:  Hold'em Limit ($3/$6 USD) - 2017/01/10 1:28:10 ET
Table 'Aquila' 6-max Seat #3 is the button
Seat 3: habari786 ($125.72 in chips)
Seat 4: Agrotait ($72 in chips)
habari786: posts small blind $1
Agrotait: posts big blind $3
*** HOLE CARDS ***
habari786: folds
Uncalled bet ($2) returned to Agrotait
Agrotait collected $2 from pot
Agrotait: doesn't show hand
*** SUMMARY ***
Total pot $2 | Rake $0
Seat 3: habari786 (button) (small blind) folded before Flop
Seat 4: Agrotait (big blind) collected ($2)


PokerStars Hand #164333742129:  Hold'em Limit ($3/$6 USD) - 2017/01/10 1:27:35 ET
Table 'Aquila' 6-max Seat #3 is the button
Seat 3: habari786 ($118.08 in chips)
Seat 4: Agrotait ($62.64 in chips)
habari786: posts small blind $1
Agrotait: posts big blind $3
*** HOLE CARDS ***
habari786: folds
Uncalled bet ($2) returned to Agrotait
Agrotait collected $2 from pot
Agrotait: doesn't show hand
*** SUMMARY ***
Total pot $2 | Rake $0
Seat 3: habari786 (button) (small blind) folded before Flop
Seat 4: Agrotait (big blind) collected ($2)


PokerStars Hand #164333736870:  Hold'em Limit ($3/$6 USD) - 2017/01/10 1:27:16 ET
Table 'Aquila' 6-max Seat #4 is the button
Seat 3: habari786 ($109.44 in chips)
Seat 4: Agrotait ($71.64 in chips)
Agrotait: posts small blind $1
habari786: posts big blind $3
*** HOLE CARDS ***
Agrotait: raises $3 to $6
habari786: calls $3
*** FLOP *** [4d 2s Kd]
habari786: checks
Agrotait: bets $3
habari786: calls $3
*** TURN *** [4d 2s Kd] [6s]
habari786: checks
Agrotait: checks
*** RIVER *** [4d 2s Kd 6s] [5s]
habari786: checks
Agrotait: checks
*** SHOW DOWN ***
habari786: shows [7h Ad] (high card Ace)
Agrotait: mucks hand
habari786 collected $17.64 from pot
*** SUMMARY ***
Total pot $18 | Rake $0.36
Board [4d 2s Kd 6s 5s]
Seat 3: habari786 (big blind) showed [7h Ad] and won ($17.64) with high card Ace
Seat 4: Agrotait (button) (small blind) mucked


PokerStars Hand #164333764582:  Hold'em Limit ($3/$6 USD) - 2017/01/10 1:29:00 ET
Table 'Aquila' 6-max Seat #3 is the button
Seat 3: habari786 ($139.22 in chips)
Seat 4: Agrotait ($72 in chips)
habari786: posts small blind $1
Agrotait: posts big blind $3
*** HOLE CARDS ***
habari786: folds
Uncalled bet ($2) returned to Agrotait
Agrotait collected $2 from pot
Agrotait: doesn't show hand
*** SUMMARY ***
Total pot $2 | Rake $0
Seat 3: habari786 (button) (small blind) folded before Flop
Seat 4: Agrotait (big blind) collected ($2)


PokerStars Hand #164333753132:  Hold'em Limit ($3/$6 USD) - 2017/01/10 1:28:16 ET
Table 'Aquila' 6-max Seat #4 is the button
Seat 3: habari786 ($124.72 in chips)
Seat 4: Agrotait ($73 in chips)
Agrotait: posts small blind $1
habari786: posts big blind $3
*** HOLE CARDS ***
Agrotait: raises $3 to $6
habari786: calls $3
*** FLOP *** [Ks 9h Kh]
habari786: checks
Agrotait: bets $3
habari786: calls $3
*** TURN *** [Ks 9h Kh] [9s]
habari786: checks
Agrotait: bets $6
habari786: calls $6
*** RIVER *** [Ks 9h Kh 9s] [Qh]
habari786: bets $6
Agrotait: folds
Uncalled bet ($6) returned to habari786
habari786 collected $29.50 from pot
habari786: doesn't show hand
*** SUMMARY ***
Total pot $30 | Rake $0.50
Board [Ks 9h Kh 9s Qh]
Seat 3: habari786 (big blind) collected ($29.50)
Seat 4: Agrotait (button) (small blind) folded on the River


PokerStars Hand #164333779182:  Hold'em Limit ($3/$6 USD) - 2017/01/10 1:29:55 ET
Table 'Aquila' 6-max Seat #3 is the button
Seat 3: habari786 ($164.72 in chips)
Seat 4: Agrotait ($72 in chips)
habari786: posts small blind $1
Agrotait: posts big blind $3
*** HOLE CARDS ***
habari786: raises $3 to $6
Agrotait: calls $3
*** FLOP *** [4s 4d 9c]
Agrotait: checks
habari786: checks
*** TURN *** [4s 4d 9c] [7h]
Agrotait: checks
habari786: checks
*** RIVER *** [4s 4d 9c 7h] [3s]
Agrotait: bets $6
habari786: calls $6
*** SHOW DOWN ***
Agrotait: shows [2d Ah] (a pair of Fours)
habari786: shows [3h Kh] (two pair, Fours and Threes)
habari786 collected $23.52 from pot
*** SUMMARY ***
Total pot $24 | Rake $0.48
Board [4s 4d 9c 7h 3s]
Seat 3: habari786 (button) (small blind) showed [3h Kh] and won ($23.52) with two pair, Fours and Threes
Seat 4: Agrotait (big blind) showed [2d Ah] and lost with a pair of Fours


PokerStars Hand #164333765876:  Hold'em Limit ($3/$6 USD) - 2017/01/10 1:29:04 ET
Table 'Aquila' 6-max Seat #4 is the button
Seat 3: habari786 ($138.22 in chips)
Seat 4: Agrotait ($73 in chips)
Agrotait: posts small blind $1
habari786: posts big blind $3
*** HOLE CARDS ***
Agrotait: raises $3 to $6
habari786: calls $3
*** FLOP *** [3h 7h 8d]
habari786: checks
Agrotait: bets $3
habari786: calls $3
*** TURN *** [3h 7h 8d] [3d]
habari786: checks
Agrotait: bets $6
habari786: raises $6 to $12
Agrotait: calls $6
*** RIVER *** [3h 7h 8d 3d] [7d]
habari786: bets $6
Agrotait: calls $6
*** SHOW DOWN ***
habari786: shows [5d 3s] (a full house, Threes full of Sevens)
Agrotait: mucks hand
habari786 collected $53.50 from pot
*** SUMMARY ***
Total pot $54 | Rake $0.50
Board [3h 7h 8d 3d 7d]
Seat 3: habari786 (big blind) showed [5d 3s] and won ($53.50) with a full house, Threes full of Sevens
Seat 4: Agrotait (button) (small blind) mucked


PokerStars Hand #164333785065:  Hold'em Limit ($3/$6 USD) - 2017/01/10 1:30:17 ET
Table 'Aquila' 6-max Seat #3 is the button
Seat 3: habari786 ($173.24 in chips)
Seat 4: Agrotait ($63 in chips)
habari786: posts small blind $1
Agrotait: posts big blind $3
*** HOLE CARDS ***
habari786: raises $3 to $6
Agrotait: folds
Uncalled bet ($3) returned to habari786
habari786 collected $6 from pot
habari786: doesn't show hand
*** SUMMARY ***
Total pot $6 | Rake $0
Seat 3: habari786 (button) (small blind) collected ($6)
Seat 4: Agrotait (big blind) folded before Flop


PokerStars Hand #164333783556:  Hold'em Limit ($3/$6 USD) - 2017/01/10 1:30:11 ET
Table 'Aquila' 6-max Seat #4 is the button
Seat 3: habari786 ($176.24 in chips)
Seat 4: Agrotait ($60 in chips)
Agrotait: posts small blind $1
habari786: posts big blind $3
*** HOLE CARDS ***
Agrotait: raises $3 to $6
habari786: folds
Uncalled bet ($3) returned to Agrotait
Agrotait collected $6 from pot
Agrotait: doesn't show hand
*** SUMMARY ***
Total pot $6 | Rake $0
Seat 3: habari786 (big blind) folded before Flop
Seat 4: Agrotait (button) (small blind) collected ($6)


PokerStars Hand #164333787054:  Hold'em Limit ($3/$6 USD) - 2017/01/10 1:30:24 ET
Table 'Aquila' 6-max Seat #4 is the button
Seat 3: habari786 ($176.24 in chips)
Seat 4: Agrotait ($60 in chips)
Agrotait: posts small blind $1
habari786: posts big blind $3
*** HOLE CARDS ***
Agrotait: raises $3 to $6
habari786: calls $3
*** FLOP *** [4c 9d As]
habari786: bets $3
Agrotait: calls $3
*** TURN *** [4c 9d As] [8s]
habari786: checks
Agrotait: bets $6
habari786: folds
Uncalled bet ($6) returned to Agrotait
Agrotait collected $17.64 from pot
Agrotait: doesn't show hand
*** SUMMARY ***
Total pot $18 | Rake $0.36
Board [4c 9d As 8s]
Seat 3: habari786 (big blind) folded on the Turn
Seat 4: Agrotait (button) (small blind) collected ($17.64)


PokerStars Hand #164333800229:  Hold'em Limit ($3/$6 USD) - 2017/01/10 1:31:14 ET
Table 'Aquila' 6-max Seat #4 is the button
Seat 3: habari786 ($143.24 in chips)
Seat 4: Agrotait ($92.14 in chips)
Agrotait: posts small blind $1
habari786: posts big blind $3
*** HOLE CARDS ***
Agrotait: raises $3 to $6
habari786: folds
Uncalled bet ($3) returned to Agrotait
Agrotait collected $6 from pot
Agrotait: doesn't show hand
*** SUMMARY ***
Total pot $6 | Rake $0
Seat 3: habari786 (big blind) folded before Flop
Seat 4: Agrotait (button) (small blind) collected ($6)


PokerStars Hand #164333791256:  Hold'em Limit ($3/$6 USD) - 2017/01/10 1:30:40 ET
Table 'Aquila' 6-max Seat #3 is the button
Seat 3: habari786 ($167.24 in chips)
Seat 4: Agrotait ($68.64 in chips)
habari786: posts small blind $1
Agrotait: posts big blind $3
*** HOLE CARDS ***
habari786: raises $3 to $6
Agrotait: calls $3
*** FLOP *** [6s Ks 7s]
Agrotait: checks
habari786: bets $3
Agrotait: raises $3 to $6
habari786: calls $3
*** TURN *** [6s Ks 7s] [4d]
Agrotait: bets $6
habari786: raises $6 to $12
Agrotait: calls $6
*** RIVER *** [6s Ks 7s 4d] [6d]
Agrotait: checks
habari786: checks
*** SHOW DOWN ***
Agrotait: shows [5s 8c] (a straight, Four to Eight)
habari786: mucks hand
Agrotait collected $47.50 from pot
*** SUMMARY ***
Total pot $48 | Rake $0.50
Board [6s Ks 7s 4d 6d]
Seat 3: habari786 (button) (small blind) mucked
Seat 4: Agrotait (big blind) showed [5s 8c] and won ($47.50) with a straight, Four to Eight


PokerStars Hand #164333802187:  Hold'em Limit ($3/$6 USD) - 2017/01/10 1:31:21 ET
Table 'Aquila' 6-max Seat #3 is the button
Seat 3: habari786 ($140.24 in chips)
Seat 4: Agrotait ($95.14 in chips)
habari786: posts small blind $1
Agrotait: posts big blind $3
*** HOLE CARDS ***
habari786: folds
Uncalled bet ($2) returned to Agrotait
Agrotait collected $2 from pot
Agrotait: doesn't show hand
*** SUMMARY ***
Total pot $2 | Rake $0
Seat 3: habari786 (button) (small blind) folded before Flop
Seat 4: Agrotait (big blind) collected ($2)


PokerStars Hand #164333804673:  Hold'em Limit ($3/$6 USD) - 2017/01/10 1:31:31 ET
Table 'Aquila' 6-max Seat #4 is the button
Seat 3: habari786 ($139.24 in chips)
Seat 4: Agrotait ($96.14 in chips)
Agrotait: posts small blind $1
habari786: posts big blind $3
*** HOLE CARDS ***
Agrotait: raises $3 to $6
habari786: calls $3
*** FLOP *** [Jh Qd 3d]
habari786: checks
Agrotait: checks
*** TURN *** [Jh Qd 3d] [6h]
habari786: checks
Agrotait: checks
*** RIVER *** [Jh Qd 3d 6h] [2c]
habari786: checks
Agrotait: bets $6
habari786: folds
Uncalled bet ($6) returned to Agrotait
Agrotait collected $11.76 from pot
Agrotait: doesn't show hand
*** SUMMARY ***
Total pot $12 | Rake $0.24
Board [Jh Qd 3d 6h 2c]
Seat 3: habari786 (big blind) folded on the River
Seat 4: Agrotait (button) (small blind) collected ($11.76)


PokerStars Hand #164333819252:  Hold'em Limit ($3/$6 USD) - 2017/01/10 1:32:26 ET
Table 'Aquila' 6-max Seat #3 is the button
Seat 3: habari786 ($133.24 in chips)
Seat 4: Agrotait ($101.90 in chips)
habari786: posts small blind $1
Agrotait: posts big blind $3
*** HOLE CARDS ***
habari786: raises $3 to $6
Agrotait: calls $3
*** FLOP *** [9h 7d 4h]
Agrotait: checks
habari786: bets $3
Agrotait: folds
Uncalled bet ($3) returned to habari786
habari786 collected $11.76 from pot
habari786: doesn't show hand
*** SUMMARY ***
Total pot $12 | Rake $0.24
Board [9h 7d 4h]
Seat 3: habari786 (button) (small blind) collected ($11.76)
Seat 4: Agrotait (big blind) folded on the Flop


PokerStars Hand #164333823076:  Hold'em Limit ($3/$6 USD) - 2017/01/10 1:32:40 ET
Table 'Aquila' 6-max Seat #4 is the button
Seat 3: habari786 ($139 in chips)
Seat 4: Agrotait ($95.90 in chips)
Agrotait: posts small blind $1
habari786: posts big blind $3
*** HOLE CARDS ***
Agrotait: raises $3 to $6
habari786: calls $3
*** FLOP *** [Js Qd 3s]
habari786: checks
Agrotait: bets $3
habari786: calls $3
*** TURN *** [Js Qd 3s] [5h]
habari786: checks
Agrotait: checks
*** RIVER *** [Js Qd 3s 5h] [3h]
habari786: bets $6
Agrotait: folds
Uncalled bet ($6) returned to habari786
habari786 collected $17.64 from pot
habari786: doesn't show hand
*** SUMMARY ***
Total pot $18 | Rake $0.36
Board [Js Qd 3s 5h 3h]
Seat 3: habari786 (big blind) collected ($17.64)
Seat 4: Agrotait (button) (small blind) folded on the River


PokerStars Hand #164333833678:  Hold'em Limit ($3/$6 USD) - 2017/01/10 1:33:21 ET
Table 'Aquila' 6-max Seat #4 is the button
Seat 3: habari786 ($141.64 in chips)
Seat 4: Agrotait ($92.66 in chips)
Agrotait: posts small blind $1
habari786: posts big blind $3
*** HOLE CARDS ***
Agrotait: raises $3 to $6
habari786: raises $3 to $9
Agrotait: calls $3
*** FLOP *** [2c Ts Kd]
habari786: bets $3
Agrotait: calls $3
*** TURN *** [2c Ts Kd] [4d]
habari786: bets $6
Agrotait: calls $6
*** RIVER *** [2c Ts Kd 4d] [2d]
habari786: bets $6
Agrotait: folds
Uncalled bet ($6) returned to habari786
habari786 collected $35.50 from pot
habari786: doesn't show hand
*** SUMMARY ***
Total pot $36 | Rake $0.50
Board [2c Ts Kd 4d 2d]
Seat 3: habari786 (big blind) collected ($35.50)
Seat 4: Agrotait (button) (small blind) folded on the River


PokerStars Hand #164333844384:  Hold'em Limit ($3/$6 USD) - 2017/01/10 1:34:02 ET
Table 'Aquila' 6-max Seat #3 is the button
Seat 3: habari786 ($159.14 in chips)
Seat 4: Agrotait ($74.66 in chips)
habari786: posts small blind $1
Agrotait: posts big blind $3
*** HOLE CARDS ***
habari786: folds
Uncalled bet ($2) returned to Agrotait
Agrotait collected $2 from pot
Agrotait: doesn't show hand
*** SUMMARY ***
Total pot $2 | Rake $0
Seat 3: habari786 (button) (small blind) folded before Flop
Seat 4: Agrotait (big blind) collected ($2)


PokerStars Hand #164333845815:  Hold'em Limit ($3/$6 USD) - 2017/01/10 1:34:07 ET
Table 'Aquila' 6-max Seat #4 is the button
Seat 3: habari786 ($158.14 in chips)
Seat 4: Agrotait ($75.66 in chips)
Agrotait: posts small blind $1
habari786: posts big blind $3
*** HOLE CARDS ***
Agrotait: raises $3 to $6
habari786: calls $3
*** FLOP *** [Kc 6h 8c]
habari786: checks
Agrotait: bets $3
habari786: calls $3
*** TURN *** [Kc 6h 8c] [2d]
habari786: checks
Agrotait: checks
*** RIVER *** [Kc 6h 8c 2d] [5h]
habari786: bets $6
Agrotait: calls $6
*** SHOW DOWN ***
habari786: shows [3c 6d] (a pair of Sixes)
Agrotait: shows [6c Ad] (a pair of Sixes - Ace kicker)
Agrotait collected $29.50 from pot
*** SUMMARY ***
Total pot $30 | Rake $0.50
Board [Kc 6h 8c 2d 5h]
Seat 3: habari786 (big blind) showed [3c 6d] and lost with a pair of Sixes
Seat 4: Agrotait (button) (small blind) showed [6c Ad] and won ($29.50) with a pair of Sixes


PokerStars Hand #164333850320:  Hold'em Limit ($3/$6 USD) - 2017/01/10 1:34:24 ET
Table 'Aquila' 6-max Seat #3 is the button
Seat 3: habari786 ($143.14 in chips)
Seat 4: Agrotait ($90.16 in chips)
habari786: posts small blind $1
Agrotait: posts big blind $3
*** HOLE CARDS ***
habari786: raises $3 to $6
Agrotait: raises $3 to $9
habari786: calls $3
*** FLOP *** [2d Qs 5s]
Agrotait: bets $3
habari786: calls $3
*** TURN *** [2d Qs 5s] [8s]
Agrotait: bets $6
habari786: folds
Uncalled bet ($6) returned to Agrotait
Agrotait collected $23.52 from pot
Agrotait: doesn't show hand
*** SUMMARY ***
Total pot $24 | Rake $0.48
Board [2d Qs 5s 8s]
Seat 3: habari786 (button) (small blind) folded on the Turn
Seat 4: Agrotait (big blind) collected ($23.52)


PokerStars Hand #164333854504:  Hold'em Limit ($3/$6 USD) - 2017/01/10 1:34:40 ET
Table 'Aquila' 6-max Seat #4 is the button
Seat 3: habari786 ($131.14 in chips)
Seat 4: Agrotait ($101.68 in chips)
Agrotait: posts small blind $1
habari786: posts big blind $3
*** HOLE CARDS ***
Agrotait: raises $3 to $6
habari786: calls $3
*** FLOP *** [Ac Ah 8s]
habari786: checks
Agrotait: bets $3
habari786: calls $3
*** TURN *** [Ac Ah 8s] [8h]
habari786: checks
Agrotait: checks
*** RIVER *** [Ac Ah 8s 8h] [Ad]
habari786: checks
Agrotait: checks
*** SHOW DOWN ***
habari786: shows [4h Kh] (a full house, Aces full of Eights)
Agrotait: shows [7c 9d] (a full house, Aces full of Eights)
habari786 collected $8.82 from pot
Agrotait collected $8.82 from pot
*** SUMMARY ***
Total pot $18 | Rake $0.36
Board [Ac Ah 8s 8h Ad]
Seat 3: habari786 (big blind) showed [4h Kh] and won ($8.82) with a full house, Aces full of Eights
Seat 4: Agrotait (button) (small blind) showed [7c 9d] and won ($8.82) with a full house, Aces full of Eights


PokerStars Hand #164333861665:  Hold'em Limit ($3/$6 USD) - 2017/01/10 1:35:07 ET
Table 'Aquila' 6-max Seat #4 is the button
Seat 3: habari786 ($129.96 in chips)
Seat 4: Agrotait ($102.50 in chips)
Agrotait: posts small blind $1
habari786: posts big blind $3
*** HOLE CARDS ***
Agrotait: raises $3 to $6
habari786: folds
Uncalled bet ($3) returned to Agrotait
Agrotait collected $6 from pot
Agrotait: doesn't show hand
*** SUMMARY ***
Total pot $6 | Rake $0
Seat 3: habari786 (big blind) folded before Flop
Seat 4: Agrotait (button) (small blind) collected ($6)


PokerStars Hand #164333859276:  Hold'em Limit ($3/$6 USD) - 2017/01/10 1:34:58 ET
Table 'Aquila' 6-max Seat #3 is the button
Seat 3: habari786 ($130.96 in chips)
Seat 4: Agrotait ($101.50 in chips)
habari786: posts small blind $1
Agrotait: posts big blind $3
*** HOLE CARDS ***
habari786: folds
Uncalled bet ($2) returned to Agrotait
Agrotait collected $2 from pot
Agrotait: doesn't show hand
*** SUMMARY ***
Total pot $2 | Rake $0
Seat 3: habari786 (button) (small blind) folded before Flop
Seat 4: Agrotait (big blind) collected ($2)


PokerStars Hand #164333863585:  Hold'em Limit ($3/$6 USD) - 2017/01/10 1:35:15 ET
Table 'Aquila' 6-max Seat #3 is the button
Seat 3: habari786 ($126.96 in chips)
Seat 4: Agrotait ($105.50 in chips)
habari786: posts small blind $1
Agrotait: posts big blind $3
*** HOLE CARDS ***
habari786: folds
Uncalled bet ($2) returned to Agrotait
Agrotait collected $2 from pot
Agrotait: doesn't show hand
*** SUMMARY ***
Total pot $2 | Rake $0
Seat 3: habari786 (button) (small blind) folded before Flop
Seat 4: Agrotait (big blind) collected ($2)


PokerStars Hand #164333866634:  Hold'em Limit ($3/$6 USD) - 2017/01/10 1:35:26 ET
Table 'Aquila' 6-max Seat #4 is the button
Seat 3: habari786 ($125.96 in chips)
Seat 4: Agrotait ($106.50 in chips)
Agrotait: posts small blind $1
habari786: posts big blind $3
*** HOLE CARDS ***
Agrotait: raises $3 to $6
habari786: calls $3
*** FLOP *** [Ac 2s 5d]
habari786: checks
Agrotait: bets $3
habari786: calls $3
*** TURN *** [Ac 2s 5d] [Ad]
habari786: checks
Agrotait: bets $6
habari786: raises $6 to $12
Agrotait: folds
Uncalled bet ($6) returned to habari786
habari786 collected $29.50 from pot
habari786: doesn't show hand
*** SUMMARY ***
Total pot $30 | Rake $0.50
Board [Ac 2s 5d Ad]
Seat 3: habari786 (big blind) collected ($29.50)
Seat 4: Agrotait (button) (small blind) folded on the Turn


PokerStars Hand #164333873117:  Hold'em Limit ($3/$6 USD) - 2017/01/10 1:35:51 ET
Table 'Aquila' 6-max Seat #4 is the button
Seat 3: habari786 ($139.46 in chips)
Seat 4: Agrotait ($92.50 in chips)
Agrotait: posts small blind $1
habari786: posts big blind $3
*** HOLE CARDS ***
Agrotait: raises $3 to $6
habari786: raises $3 to $9
Agrotait: calls $3
*** FLOP *** [6c Kc 4h]
habari786: bets $3
Agrotait: calls $3
*** TURN *** [6c Kc 4h] [Kd]
habari786: bets $6
Agrotait: folds
Uncalled bet ($6) returned to habari786
habari786 collected $23.52 from pot
habari786: doesn't show hand
*** SUMMARY ***
Total pot $24 | Rake $0.48
Board [6c Kc 4h Kd]
Seat 3: habari786 (big blind) collected ($23.52)
Seat 4: Agrotait (button) (small blind) folded on the Turn


PokerStars Hand #164333876516:  Hold'em Limit ($3/$6 USD) - 2017/01/10 1:36:04 ET
Table 'Aquila' 6-max Seat #3 is the button
Seat 3: habari786 ($150.98 in chips)
Seat 4: Agrotait ($80.50 in chips)
habari786: posts small blind $1
Agrotait: posts big blind $3
*** HOLE CARDS ***
habari786: folds
Uncalled bet ($2) returned to Agrotait
Agrotait collected $2 from pot
Agrotait: doesn't show hand
*** SUMMARY ***
Total pot $2 | Rake $0
Seat 3: habari786 (button) (small blind) folded before Flop
Seat 4: Agrotait (big blind) collected ($2)


PokerStars Hand #164333870833:  Hold'em Limit ($3/$6 USD) - 2017/01/10 1:35:42 ET
Table 'Aquila' 6-max Seat #3 is the button
Seat 3: habari786 ($140.46 in chips)
Seat 4: Agrotait ($91.50 in chips)
habari786: posts small blind $1
Agrotait: posts big blind $3
*** HOLE CARDS ***
habari786: folds
Uncalled bet ($2) returned to Agrotait
Agrotait collected $2 from pot
Agrotait: doesn't show hand
*** SUMMARY ***
Total pot $2 | Rake $0
Seat 3: habari786 (button) (small blind) folded before Flop
Seat 4: Agrotait (big blind) collected ($2)


PokerStars Hand #164333880558:  Hold'em Limit ($3/$6 USD) - 2017/01/10 1:36:19 ET
Table 'Aquila' 6-max Seat #3 is the button
Seat 3: habari786 ($143.98 in chips)
Seat 4: Agrotait ($87.26 in chips)
habari786: posts small blind $1
Agrotait: posts big blind $3
*** HOLE CARDS ***
habari786: folds
Uncalled bet ($2) returned to Agrotait
Agrotait collected $2 from pot
Agrotait: doesn't show hand
*** SUMMARY ***
Total pot $2 | Rake $0
Seat 3: habari786 (button) (small blind) folded before Flop
Seat 4: Agrotait (big blind) collected ($2)


PokerStars Hand #164333877903:  Hold'em Limit ($3/$6 USD) - 2017/01/10 1:36:09 ET
Table 'Aquila' 6-max Seat #4 is the button
Seat 3: habari786 ($149.98 in chips)
Seat 4: Agrotait ($81.50 in chips)
Agrotait: posts small blind $1
habari786: posts big blind $3
*** HOLE CARDS ***
Agrotait: raises $3 to $6
habari786: calls $3
*** FLOP *** [Th 4h Kd]
habari786: checks
Agrotait: bets $3
habari786: folds
Uncalled bet ($3) returned to Agrotait
Agrotait collected $11.76 from pot
Agrotait: doesn't show hand
*** SUMMARY ***
Total pot $12 | Rake $0.24
Board [Th 4h Kd]
Seat 3: habari786 (big blind) folded on the Flop
Seat 4: Agrotait (button) (small blind) collected ($11.76)


PokerStars Hand #164333894840:  Hold'em Limit ($3/$6 USD) - 2017/01/10 1:37:13 ET
Table 'Aquila' 6-max Seat #3 is the button
Seat 3: habari786 ($140.48 in chips)
Seat 4: Agrotait ($89.76 in chips)
habari786: posts small blind $1
Agrotait: posts big blind $3
*** HOLE CARDS ***
habari786: raises $3 to $6
Agrotait: calls $3
*** FLOP *** [Qh Ah Ac]
Agrotait: checks
habari786: bets $3
Agrotait: folds
Uncalled bet ($3) returned to habari786
habari786 collected $11.76 from pot
habari786: doesn't show hand
*** SUMMARY ***
Total pot $12 | Rake $0.24
Board [Qh Ah Ac]
Seat 3: habari786 (button) (small blind) collected ($11.76)
Seat 4: Agrotait (big blind) folded on the Flop


PokerStars Hand #164333881997:  Hold'em Limit ($3/$6 USD) - 2017/01/10 1:36:24 ET
Table 'Aquila' 6-max Seat #4 is the button
Seat 3: habari786 ($142.98 in chips)
Seat 4: Agrotait ($88.26 in chips)
Agrotait: posts small blind $1
habari786: posts big blind $3
*** HOLE CARDS ***
Agrotait: raises $3 to $6
habari786: raises $3 to $9
Agrotait: calls $3
*** FLOP *** [9d 6d 3d]
habari786: checks
Agrotait: checks
*** TURN *** [9d 6d 3d] [As]
habari786: bets $6
Agrotait: calls $6
*** RIVER *** [9d 6d 3d As] [4h]
habari786: bets $6
Agrotait: calls $6
*** SHOW DOWN ***
habari786: shows [Jd Ad] (a flush, Ace high)
Agrotait: mucks hand
habari786 collected $41.50 from pot
*** SUMMARY ***
Total pot $42 | Rake $0.50
Board [9d 6d 3d As 4h]
Seat 3: habari786 (big blind) showed [Jd Ad] and won ($41.50) with a flush, Ace high
Seat 4: Agrotait (button) (small blind) mucked


PokerStars Hand #164333886418:  Hold'em Limit ($3/$6 USD) - 2017/01/10 1:36:41 ET
Table 'Aquila' 6-max Seat #3 is the button
Seat 3: habari786 ($163.48 in chips)
Seat 4: Agrotait ($67.26 in chips)
habari786: posts small blind $1
Agrotait: posts big blind $3
*** HOLE CARDS ***
habari786: raises $3 to $6
Agrotait: raises $3 to $9
habari786: calls $3
*** FLOP *** [Js 9h 8s]
Agrotait: bets $3
habari786: calls $3
*** TURN *** [Js 9h 8s] [4s]
Agrotait: bets $6
habari786: calls $6
*** RIVER *** [Js 9h 8s 4s] [Ks]
Agrotait: bets $6
habari786: calls $6
*** SHOW DOWN ***
Agrotait: shows [Kd Kh] (three of a kind, Kings)
habari786: mucks hand
Agrotait collected $47.50 from pot
*** SUMMARY ***
Total pot $48 | Rake $0.50
Board [Js 9h 8s 4s Ks]
Seat 3: habari786 (button) (small blind) mucked
Seat 4: Agrotait (big blind) showed [Kd Kh] and won ($47.50) with three of a kind, Kings


PokerStars Hand #164333891562:  Hold'em Limit ($3/$6 USD) - 2017/01/10 1:37:01 ET
Table 'Aquila' 6-max Seat #4 is the button
Seat 3: habari786 ($139.48 in chips)
Seat 4: Agrotait ($90.76 in chips)
Agrotait: posts small blind $1
habari786: posts big blind $3
*** HOLE CARDS ***
Agrotait: folds
Uncalled bet ($2) returned to habari786
habari786 collected $2 from pot
habari786: doesn't show hand
*** SUMMARY ***
Total pot $2 | Rake $0
Seat 3: habari786 (big blind) collected ($2)
Seat 4: Agrotait (button) (small blind) folded before Flop


PokerStars Hand #164333899848:  Hold'em Limit ($3/$6 USD) - 2017/01/10 1:37:32 ET
Table 'Aquila' 6-max Seat #3 is the button
Seat 3: habari786 ($143.24 in chips)
Seat 4: Agrotait ($86.76 in chips)
habari786: posts small blind $1
Agrotait: posts big blind $3
*** HOLE CARDS ***
habari786: raises $3 to $6
Agrotait: calls $3
*** FLOP *** [9h 4h Jh]
Agrotait: checks
habari786: checks
*** TURN *** [9h 4h Jh] [Qd]
Agrotait: bets $6
habari786: folds
Uncalled bet ($6) returned to Agrotait
Agrotait collected $11.76 from pot
Agrotait: doesn't show hand
*** SUMMARY ***
Total pot $12 | Rake $0.24
Board [9h 4h Jh Qd]
Seat 3: habari786 (button) (small blind) folded on the Turn
Seat 4: Agrotait (big blind) collected ($11.76)


PokerStars Hand #164333898071:  Hold'em Limit ($3/$6 USD) - 2017/01/10 1:37:26 ET
Table 'Aquila' 6-max Seat #4 is the button
Seat 3: habari786 ($146.24 in chips)
Seat 4: Agrotait ($83.76 in chips)
Agrotait: posts small blind $1
habari786: posts big blind $3
*** HOLE CARDS ***
Agrotait: raises $3 to $6
habari786: folds
Uncalled bet ($3) returned to Agrotait
Agrotait collected $6 from pot
Agrotait: doesn't show hand
*** SUMMARY ***
Total pot $6 | Rake $0
Seat 3: habari786 (big blind) folded before Flop
Seat 4: Agrotait (button) (small blind) collected ($6)


PokerStars Hand #164333916767:  Hold'em Limit ($3/$6 USD) - 2017/01/10 1:38:36 ET
Table 'Aquila' 6-max Seat #4 is the button
Seat 3: habari786 ($137.24 in chips)
Seat 4: Agrotait ($92.52 in chips)
Agrotait: posts small blind $1
habari786: posts big blind $3
*** HOLE CARDS ***
Agrotait: raises $3 to $6
habari786: calls $3
*** FLOP *** [8c 8s 4c]
habari786: checks
Agrotait: bets $3
habari786: calls $3
*** TURN *** [8c 8s 4c] [5h]
habari786: checks
Agrotait: checks
*** RIVER *** [8c 8s 4c 5h] [Jh]
habari786: bets $6
Agrotait: folds
Uncalled bet ($6) returned to habari786
habari786 collected $17.64 from pot
habari786: doesn't show hand
*** SUMMARY ***
Total pot $18 | Rake $0.36
Board [8c 8s 4c 5h Jh]
Seat 3: habari786 (big blind) collected ($17.64)
Seat 4: Agrotait (button) (small blind) folded on the River


PokerStars Hand #164333923077:  Hold'em Limit ($3/$6 USD) - 2017/01/10 1:38:59 ET
Table 'Aquila' 6-max Seat #4 is the button
Seat 3: habari786 ($144.88 in chips)
Seat 4: Agrotait ($84.52 in chips)
Agrotait: posts small blind $1
habari786: posts big blind $3
*** HOLE CARDS ***
Agrotait: folds
Uncalled bet ($2) returned to habari786
habari786 collected $2 from pot
habari786: doesn't show hand
*** SUMMARY ***
Total pot $2 | Rake $0
Seat 3: habari786 (big blind) collected ($2)
Seat 4: Agrotait (button) (small blind) folded before Flop


PokerStars Hand #164333921686:  Hold'em Limit ($3/$6 USD) - 2017/01/10 1:38:54 ET
Table 'Aquila' 6-max Seat #3 is the button
Seat 3: habari786 ($145.88 in chips)
Seat 4: Agrotait ($83.52 in chips)
habari786: posts small blind $1
Agrotait: posts big blind $3
*** HOLE CARDS ***
habari786: folds
Uncalled bet ($2) returned to Agrotait
Agrotait collected $2 from pot
Agrotait: doesn't show hand
*** SUMMARY ***
Total pot $2 | Rake $0
Seat 3: habari786 (button) (small blind) folded before Flop
Seat 4: Agrotait (big blind) collected ($2)


PokerStars Hand #164333915098:  Hold'em Limit ($3/$6 USD) - 2017/01/10 1:38:30 ET
Table 'Aquila' 6-max Seat #3 is the button
Seat 3: habari786 ($138.24 in chips)
Seat 4: Agrotait ($91.52 in chips)
habari786: posts small blind $1
Agrotait: posts big blind $3
*** HOLE CARDS ***
habari786: folds
Uncalled bet ($2) returned to Agrotait
Agrotait collected $2 from pot
Agrotait: doesn't show hand
*** SUMMARY ***
Total pot $2 | Rake $0
Seat 3: habari786 (button) (small blind) folded before Flop
Seat 4: Agrotait (big blind) collected ($2)


PokerStars Hand #164333911106:  Hold'em Limit ($3/$6 USD) - 2017/01/10 1:38:15 ET
Table 'Aquila' 6-max Seat #4 is the button
Seat 3: habari786 ($137.24 in chips)
Seat 4: Agrotait ($92.52 in chips)
Agrotait: posts small blind $1
habari786: posts big blind $3
*** HOLE CARDS ***
Agrotait: folds
Uncalled bet ($2) returned to habari786
habari786 collected $2 from pot
habari786: doesn't show hand
*** SUMMARY ***
Total pot $2 | Rake $0
Seat 3: habari786 (big blind) collected ($2)
Seat 4: Agrotait (button) (small blind) folded before Flop


PokerStars Hand #164333924972:  Hold'em Limit ($3/$6 USD) - 2017/01/10 1:39:06 ET
Table 'Aquila' 6-max Seat #3 is the button
Seat 3: habari786 ($145.88 in chips)
Seat 4: Agrotait ($83.52 in chips)
habari786: posts small blind $1
Agrotait: posts big blind $3
*** HOLE CARDS ***
habari786: raises $3 to $6
Agrotait: raises $3 to $9
habari786: calls $3
*** FLOP *** [7c Ah 7d]
Agrotait: bets $3
habari786: folds
Uncalled bet ($3) returned to Agrotait
Agrotait collected $17.64 from pot
Agrotait: doesn't show hand
*** SUMMARY ***
Total pot $18 | Rake $0.36
Board [7c Ah 7d]
Seat 3: habari786 (button) (small blind) folded on the Flop
Seat 4: Agrotait (big blind) collected ($17.64)


PokerStars Hand #164333935793:  Hold'em Limit ($3/$6 USD) - 2017/01/10 1:39:47 ET
Table 'Aquila' 6-max Seat #4 is the button
Seat 3: habari786 ($120.88 in chips)
Seat 4: Agrotait ($107.66 in chips)
Agrotait: posts small blind $1
habari786: posts big blind $3
*** HOLE CARDS ***
Agrotait: raises $3 to $6
habari786: folds
Uncalled bet ($3) returned to Agrotait
Agrotait collected $6 from pot
Agrotait: doesn't show hand
*** SUMMARY ***
Total pot $6 | Rake $0
Seat 3: habari786 (big blind) folded before Flop
Seat 4: Agrotait (button) (small blind) collected ($6)


PokerStars Hand #164333934420:  Hold'em Limit ($3/$6 USD) - 2017/01/10 1:39:42 ET
Table 'Aquila' 6-max Seat #3 is the button
Seat 3: habari786 ($121.88 in chips)
Seat 4: Agrotait ($106.66 in chips)
habari786: posts small blind $1
Agrotait: posts big blind $3
*** HOLE CARDS ***
habari786: folds
Uncalled bet ($2) returned to Agrotait
Agrotait collected $2 from pot
Agrotait: doesn't show hand
*** SUMMARY ***
Total pot $2 | Rake $0
Seat 3: habari786 (button) (small blind) folded before Flop
Seat 4: Agrotait (big blind) collected ($2)


PokerStars Hand #164333928679:  Hold'em Limit ($3/$6 USD) - 2017/01/10 1:39:20 ET
Table 'Aquila' 6-max Seat #4 is the button
Seat 3: habari786 ($136.88 in chips)
Seat 4: Agrotait ($92.16 in chips)
Agrotait: posts small blind $1
habari786: posts big blind $3
*** HOLE CARDS ***
Agrotait: raises $3 to $6
habari786: calls $3
*** FLOP *** [Kh Jh 6s]
habari786: checks
Agrotait: bets $3
habari786: calls $3
*** TURN *** [Kh Jh 6s] [9s]
habari786: checks
Agrotait: checks
*** RIVER *** [Kh Jh 6s 9s] [5h]
habari786: bets $6
Agrotait: calls $6
*** SHOW DOWN ***
habari786: shows [Ts 9d] (a pair of Nines)
Agrotait: shows [Jc 7d] (a pair of Jacks)
Agrotait collected $29.50 from pot
*** SUMMARY ***
Total pot $30 | Rake $0.50
Board [Kh Jh 6s 9s 5h]
Seat 3: habari786 (big blind) showed [Ts 9d] and lost with a pair of Nines
Seat 4: Agrotait (button) (small blind) showed [Jc 7d] and won ($29.50) with a pair of Jacks


PokerStars Hand #164333943284:  Hold'em Limit ($3/$6 USD) - 2017/01/10 1:40:15 ET
Table 'Aquila' 6-max Seat #3 is the button
Seat 3: habari786 ($117.88 in chips)
Seat 4: Agrotait ($110.66 in chips)
habari786: posts small blind $1
Agrotait: posts big blind $3
*** HOLE CARDS ***
habari786: raises $3 to $6
Agrotait: calls $3
*** FLOP *** [Qd 3c 2h]
Agrotait: checks
habari786: bets $3
Agrotait: folds
Uncalled bet ($3) returned to habari786
habari786 collected $11.76 from pot
habari786: doesn't show hand
*** SUMMARY ***
Total pot $12 | Rake $0.24
Board [Qd 3c 2h]
Seat 3: habari786 (button) (small blind) collected ($11.76)
Seat 4: Agrotait (big blind) folded on the Flop


PokerStars Hand #164333954476:  Hold'em Limit ($3/$6 USD) - 2017/01/10 1:40:58 ET
Table 'Aquila' 6-max Seat #4 is the button
Seat 3: habari786 ($123.64 in chips)
Seat 4: Agrotait ($104.66 in chips)
Agrotait: posts small blind $1
habari786: posts big blind $3
*** HOLE CARDS ***
Agrotait: raises $3 to $6
habari786: calls $3
*** FLOP *** [3s Js 2c]
habari786: checks
Agrotait: bets $3
habari786: calls $3
*** TURN *** [3s Js 2c] [2d]
habari786: checks
Agrotait: bets $6
habari786: calls $6
*** RIVER *** [3s Js 2c 2d] [Kh]
habari786: checks
Agrotait: bets $6
habari786: calls $6
*** SHOW DOWN ***
Agrotait: shows [6s Kc] (two pair, Kings and Deuces)
habari786: mucks hand
Agrotait collected $41.50 from pot
*** SUMMARY ***
Total pot $42 | Rake $0.50
Board [3s Js 2c 2d Kh]
Seat 3: habari786 (big blind) mucked
Seat 4: Agrotait (button) (small blind) showed [6s Kc] and won ($41.50) with two pair, Kings and Deuces


PokerStars Hand #164333974133:  Hold'em Limit ($3/$6 USD) - 2017/01/10 1:42:11 ET
Table 'Aquila' 6-max Seat #3 is the button
Seat 3: habari786 ($102.64 in chips)
Seat 4: Agrotait ($125.16 in chips)
habari786: posts small blind $1
Agrotait: posts big blind $3
*** HOLE CARDS ***
habari786: raises $3 to $6
Agrotait: calls $3
*** FLOP *** [Kh Jd 4d]
Agrotait: checks
habari786: bets $3
Agrotait: raises $3 to $6
habari786: folds
Uncalled bet ($3) returned to Agrotait
Agrotait collected $17.64 from pot
Agrotait: doesn't show hand
*** SUMMARY ***
Total pot $18 | Rake $0.36
Board [Kh Jd 4d]
Seat 3: habari786 (button) (small blind) folded on the Flop
Seat 4: Agrotait (big blind) collected ($17.64)


PokerStars Hand #164333986313:  Hold'em Limit ($3/$6 USD) - 2017/01/10 1:42:58 ET
Table 'Aquila' 6-max Seat #3 is the button
Seat 3: habari786 ($87.64 in chips)
Seat 4: Agrotait ($139.56 in chips)
habari786: posts small blind $1
Agrotait: posts big blind $3
*** HOLE CARDS ***
habari786: folds
Uncalled bet ($2) returned to Agrotait
Agrotait collected $2 from pot
Agrotait: doesn't show hand
*** SUMMARY ***
Total pot $2 | Rake $0
Seat 3: habari786 (button) (small blind) folded before Flop
Seat 4: Agrotait (big blind) collected ($2)


PokerStars Hand #164333982412:  Hold'em Limit ($3/$6 USD) - 2017/01/10 1:42:43 ET
Table 'Aquila' 6-max Seat #4 is the button
Seat 3: habari786 ($93.64 in chips)
Seat 4: Agrotait ($133.80 in chips)
Agrotait: posts small blind $1
habari786: posts big blind $3
*** HOLE CARDS ***
Agrotait: raises $3 to $6
habari786: calls $3
*** FLOP *** [2s Td Qs]
habari786: checks
Agrotait: bets $3
habari786: folds
Uncalled bet ($3) returned to Agrotait
Agrotait collected $11.76 from pot
Agrotait: doesn't show hand
*** SUMMARY ***
Total pot $12 | Rake $0.24
Board [2s Td Qs]
Seat 3: habari786 (big blind) folded on the Flop
Seat 4: Agrotait (button) (small blind) collected ($11.76)


PokerStars Hand #164333987754:  Hold'em Limit ($3/$6 USD) - 2017/01/10 1:43:03 ET
Table 'Aquila' 6-max Seat #4 is the button
Seat 3: habari786 ($86.64 in chips)
Seat 4: Agrotait ($140.56 in chips)
Agrotait: posts small blind $1
habari786: posts big blind $3
*** HOLE CARDS ***
Agrotait: raises $3 to $6
habari786: folds
Uncalled bet ($3) returned to Agrotait
Agrotait collected $6 from pot
Agrotait: doesn't show hand
*** SUMMARY ***
Total pot $6 | Rake $0
Seat 3: habari786 (big blind) folded before Flop
Seat 4: Agrotait (button) (small blind) collected ($6)


PokerStars Hand #164333989290:  Hold'em Limit ($3/$6 USD) - 2017/01/10 1:43:09 ET
Table 'Aquila' 6-max Seat #3 is the button
Seat 3: habari786 ($83.64 in chips)
Seat 4: Agrotait ($143.56 in chips)
habari786: posts small blind $1
Agrotait: posts big blind $3
*** HOLE CARDS ***
habari786: raises $3 to $6
Agrotait: calls $3
*** FLOP *** [As 9s Ad]
Agrotait: checks
habari786: bets $3
Agrotait: folds
Uncalled bet ($3) returned to habari786
habari786 collected $11.76 from pot
habari786: doesn't show hand
*** SUMMARY ***
Total pot $12 | Rake $0.24
Board [As 9s Ad]
Seat 3: habari786 (button) (small blind) collected ($11.76)
Seat 4: Agrotait (big blind) folded on the Flop


PokerStars Hand #164333999547:  Hold'em Limit ($3/$6 USD) - 2017/01/10 1:43:48 ET
Table 'Aquila' 6-max Seat #4 is the button
Seat 3: habari786 ($85.40 in chips)
Seat 4: Agrotait ($141.56 in chips)
Agrotait: posts small blind $1
habari786: posts big blind $3
*** HOLE CARDS ***
Alisa Kan joins the table at seat #2
Agrotait: folds
Uncalled bet ($2) returned to habari786
habari786 collected $2 from pot
habari786: doesn't show hand
*** SUMMARY ***
Total pot $2 | Rake $0
Seat 3: habari786 (big blind) collected ($2)
Seat 4: Agrotait (button) (small blind) folded before Flop


PokerStars Hand #164334003845:  Hold'em Limit ($3/$6 USD) - 2017/01/10 1:44:04 ET
Table 'Aquila' 6-max Seat #3 is the button
Seat 3: habari786 ($86.40 in chips)
Seat 4: Agrotait ($140.56 in chips)
habari786: posts small blind $1
Agrotait: posts big blind $3
*** HOLE CARDS ***
habari786: folds
Uncalled bet ($2) returned to Agrotait
Agrotait collected $2 from pot
Agrotait: doesn't show hand
*** SUMMARY ***
Total pot $2 | Rake $0
Seat 3: habari786 (button) (small blind) folded before Flop
Seat 4: Agrotait (big blind) collected ($2)


PokerStars Hand #164333998240:  Hold'em Limit ($3/$6 USD) - 2017/01/10 1:43:42 ET
Table 'Aquila' 6-max Seat #3 is the button
Seat 3: habari786 ($86.40 in chips)
Seat 4: Agrotait ($140.56 in chips)
habari786: posts small blind $1
Agrotait: posts big blind $3
*** HOLE CARDS ***
habari786: folds
Uncalled bet ($2) returned to Agrotait
Agrotait collected $2 from pot
Agrotait: doesn't show hand
*** SUMMARY ***
Total pot $2 | Rake $0
Seat 3: habari786 (button) (small blind) folded before Flop
Seat 4: Agrotait (big blind) collected ($2)


PokerStars Hand #164333995481:  Hold'em Limit ($3/$6 USD) - 2017/01/10 1:43:32 ET
Table 'Aquila' 6-max Seat #4 is the button
Seat 3: habari786 ($89.40 in chips)
Seat 4: Agrotait ($137.56 in chips)
Agrotait: posts small blind $1
habari786: posts big blind $3
*** HOLE CARDS ***
Agrotait: raises $3 to $6
habari786: folds
Uncalled bet ($3) returned to Agrotait
Agrotait collected $6 from pot
Agrotait: doesn't show hand
*** SUMMARY ***
Total pot $6 | Rake $0
Seat 3: habari786 (big blind) folded before Flop
Seat 4: Agrotait (button) (small blind) collected ($6)


PokerStars Hand #164334471909:  Hold'em Limit ($3/$6 USD) - 2017/01/10 2:13:43 ET
Table 'Aquila' 6-max Seat #5 is the button
Seat 3: habari786 ($320.48 in chips)
Seat 5: Bonkman05 ($42.80 in chips)
Bonkman05: posts small blind $1
habari786: posts big blind $3
*** HOLE CARDS ***
Bonkman05: folds
Uncalled bet ($2) returned to habari786
habari786 collected $2 from pot
habari786: doesn't show hand
*** SUMMARY ***
Total pot $2 | Rake $0
Seat 3: habari786 (big blind) collected ($2)
Seat 5: Bonkman05 (button) (small blind) folded before Flop


PokerStars Hand #164334477090:  Hold'em Limit ($3/$6 USD) - 2017/01/10 2:14:03 ET
Table 'Aquila' 6-max Seat #5 is the button
Seat 3: habari786 ($324.48 in chips)
Seat 5: Bonkman05 ($38.80 in chips)
Bonkman05: posts small blind $1
habari786: posts big blind $3
*** HOLE CARDS ***
Bonkman05: folds
Uncalled bet ($2) returned to habari786
manly70 joins the table at seat #2
habari786 collected $2 from pot
habari786: doesn't show hand
*** SUMMARY ***
Total pot $2 | Rake $0
Seat 3: habari786 (big blind) collected ($2)
Seat 5: Bonkman05 (button) (small blind) folded before Flop


PokerStars Hand #164334474877:  Hold'em Limit ($3/$6 USD) - 2017/01/10 2:13:55 ET
Table 'Aquila' 6-max Seat #3 is the button
Seat 3: habari786 ($321.48 in chips)
Seat 5: Bonkman05 ($41.80 in chips)
habari786: posts small blind $1
Bonkman05: posts big blind $3
*** HOLE CARDS ***
habari786: raises $3 to $6
Bonkman05: folds
Uncalled bet ($3) returned to habari786
habari786 collected $6 from pot
habari786: doesn't show hand
*** SUMMARY ***
Total pot $6 | Rake $0
Seat 3: habari786 (button) (small blind) collected ($6)
Seat 5: Bonkman05 (big blind) folded before Flop


PokerStars Hand #164334478704:  Hold'em Limit ($3/$6 USD) - 2017/01/10 2:14:09 ET
Table 'Aquila' 6-max Seat #3 is the button
Seat 3: habari786 ($325.48 in chips)
Seat 5: Bonkman05 ($37.80 in chips)
habari786: posts small blind $1
Bonkman05: posts big blind $3
*** HOLE CARDS ***
habari786: raises $3 to $6
Bonkman05: raises $3 to $9
habari786: calls $3
*** FLOP *** [2h 5s 7s]
Bonkman05: bets $3
habari786: calls $3
*** TURN *** [2h 5s 7s] [7h]
Bonkman05: bets $6
habari786: folds
Uncalled bet ($6) returned to Bonkman05
Bonkman05 collected $23.52 from pot
Bonkman05: doesn't show hand
*** SUMMARY ***
Total pot $24 | Rake $0.48
Board [2h 5s 7s 7h]
Seat 3: habari786 (button) (small blind) folded on the Turn
Seat 5: Bonkman05 (big blind) collected ($23.52)


PokerStars Hand #164334519691:  Hold'em Limit ($3/$6 USD) - 2017/01/10 2:16:41 ET
Table 'Aquila' 6-max Seat #5 is the button
Seat 3: habari786 ($314.80 in chips)
Seat 5: Bonkman05 ($76.83 in chips)
ABATAPP will be allowed to play after the button
Bonkman05: posts small blind $1
habari786: posts big blind $3
*** HOLE CARDS ***
Bonkman05: folds
Uncalled bet ($2) returned to habari786
habari786 collected $2 from pot
habari786: doesn't show hand
manly70 leaves the table
*** SUMMARY ***
Total pot $2 | Rake $0
Seat 3: habari786 (big blind) collected ($2)
Seat 5: Bonkman05 (button) (small blind) folded before Flop


PokerStars Hand #164336272231:  Hold'em Limit ($3/$6 USD) - 2017/01/10 3:56:01 ET
Table 'Aquila' 6-max Seat #4 is the button
Seat 4: ABATAPP ($165.96 in chips)
Seat 6: luis996 ($180.29 in chips)
WackoJacko13 will be allowed to play after the button
ABATAPP: posts small blind $1
sokol-max-PS: is sitting out
luis996: posts big blind $3
*** HOLE CARDS ***
ABATAPP: folds
Uncalled bet ($2) returned to luis996
luis996 collected $2 from pot
*** SUMMARY ***
Total pot $2 | Rake $0
Seat 4: ABATAPP (button) (small blind) folded before Flop
Seat 6: luis996 (big blind) collected ($2)


PokerStars Hand #164338982253:  Hold'em Limit ($3/$6 USD) - 2017/01/10 5:52:04 ET
Table 'Aquila' 6-max Seat #3 is the button
Seat 3: belik555 ($236.96 in chips)
Seat 6: Pelurile ($118.48 in chips)
belik555: posts small blind $1
Pelurile: posts big blind $3
*** HOLE CARDS ***
belik555: raises $3 to $6
Pelurile: calls $3
*** FLOP *** [6c 8h Tc]
Pelurile: checks
belik555: bets $3
Pelurile: calls $3
*** TURN *** [6c 8h Tc] [Kc]
Pelurile: checks
belik555: bets $6
Pelurile: folds
Uncalled bet ($6) returned to belik555
belik555 collected $17.64 from pot
belik555: doesn't show hand
*** SUMMARY ***
Total pot $18 | Rake $0.36
Board [6c 8h Tc Kc]
Seat 3: belik555 (button) (small blind) collected ($17.64)
Seat 6: Pelurile (big blind) folded on the Turn


