PokerStars Hand #148112668867:  Hold'em Limit ($3/$6 USD) - 2016/02/02 11:24:51 ET
Table 'Aquila II' 6-max Seat #4 is the button
Seat 1: bryan00nl ($96 in chips)
Seat 4: Agrotait ($95.50 in chips)
Agrotait: posts small blind $1
bryan00nl: posts big blind $3
*** HOLE CARDS ***
Agrotait: folds
Uncalled bet ($2) returned to bryan00nl
bryan00nl collected $2 from pot
bryan00nl: doesn't show hand
*** SUMMARY ***
Total pot $2 | Rake $0
Seat 1: bryan00nl (big blind) collected ($2)
Seat 4: Agrotait (button) (small blind) folded before Flop


PokerStars Hand #148112627250:  Hold'em Limit ($3/$6 USD) - 2016/02/02 11:24:02 ET
Table 'Aquila II' 6-max Seat #1 is the button
Seat 1: bryan00nl ($120 in chips)
Seat 4: Agrotait ($72 in chips)
bryan00nl: posts small blind $1
Agrotait: posts big blind $3
*** HOLE CARDS ***
bryan00nl: raises $3 to $6
Agrotait: raises $3 to $9
bryan00nl: calls $3
*** FLOP *** [6c 7s Jd]
Agrotait: bets $3
bryan00nl: calls $3
*** TURN *** [6c 7s Jd] [Qd]
Agrotait: checks
lelala joins the table at seat #2
bryan00nl: bets $6
Agrotait: calls $6
*** RIVER *** [6c 7s Jd Qd] [4h]
Agrotait: checks
bryan00nl: bets $6
Agrotait: calls $6
*** SHOW DOWN ***
bryan00nl: shows [6d 9c] (a pair of Sixes)
Agrotait: shows [8d 8h] (a pair of Eights)
Agrotait collected $47.50 from pot
*** SUMMARY ***
Total pot $48 | Rake $0.50
Board [6c 7s Jd Qd 4h]
Seat 1: bryan00nl (button) (small blind) showed [6d 9c] and lost with a pair of Sixes
Seat 4: Agrotait (big blind) showed [8d 8h] and won ($47.50) with a pair of Eights


PokerStars Hand #148112818642:  Hold'em Limit ($3/$6 USD) - 2016/02/02 11:27:42 ET
Table 'Aquila II' 6-max Seat #1 is the button
Seat 1: bryan00nl ($94.75 in chips)
Seat 4: Agrotait ($76.03 in chips)
bryan00nl: posts small blind $1
Agrotait: posts big blind $3
*** HOLE CARDS ***
bryan00nl: raises $3 to $6
Agrotait: calls $3
*** FLOP *** [Jc 7h Qs]
Agrotait: checks
bryan00nl: bets $3
Agrotait: calls $3
*** TURN *** [Jc 7h Qs] [8s]
Agrotait: checks
bryan00nl: bets $6
Agrotait: calls $6
*** RIVER *** [Jc 7h Qs 8s] [5s]
Agrotait: bets $6
bryan00nl: calls $6
*** SHOW DOWN ***
Agrotait: shows [7d 5h] (two pair, Sevens and Fives)
bryan00nl: mucks hand
Agrotait collected $41.50 from pot
*** SUMMARY ***
Total pot $42 | Rake $0.50
Board [Jc 7h Qs 8s 5s]
Seat 1: bryan00nl (button) (small blind) mucked
Seat 4: Agrotait (big blind) showed [7d 5h] and won ($41.50) with two pair, Sevens and Fives


PokerStars Hand #148112844139:  Hold'em Limit ($3/$6 USD) - 2016/02/02 11:28:11 ET
Table 'Aquila II' 6-max Seat #4 is the button
Seat 1: bryan00nl ($73.75 in chips)
Seat 4: Agrotait ($96.53 in chips)
Agrotait: posts small blind $1
bryan00nl: posts big blind $3
*** HOLE CARDS ***
Agrotait: raises $3 to $6
bryan00nl: calls $3
*** FLOP *** [Ks 9s 2h]
bryan00nl: checks
BuzovaPro joins the table at seat #2
Agrotait: checks
*** TURN *** [Ks 9s 2h] [6c]
bryan00nl: bets $6
Agrotait: calls $6
*** RIVER *** [Ks 9s 2h 6c] [8h]
bryan00nl: checks
Agrotait: bets $6
bryan00nl: calls $6
*** SHOW DOWN ***
Agrotait: shows [8s Tc] (a pair of Eights)
bryan00nl: mucks hand
Agrotait collected $35.50 from pot
*** SUMMARY ***
Total pot $36 | Rake $0.50
Board [Ks 9s 2h 6c 8h]
Seat 1: bryan00nl (big blind) mucked
Seat 4: Agrotait (button) (small blind) showed [8s Tc] and won ($35.50) with a pair of Eights


