PokerStars Hand #154001215968:  Hold'em Limit ($3/$6 USD) - 2016/05/29 10:45:07 ET
Table 'Aquitania' 6-max Seat #2 is the button
Seat 1: RJF1943 ($120 in chips)
Seat 2: Krazy90 ($120 in chips)
Krazy90: posts small blind $1
TbIP-TbIP 88: is sitting out
TbIP-TbIP 88 leaves the table
RJF1943: posts big blind $3
*** HOLE CARDS ***
LolDnkaments joins the table at seat #3
Krazy90: raises $3 to $6
RJF1943: calls $3
*** FLOP *** [Qc 4c 9c]
RJF1943: bets $3
Krazy90: folds
Uncalled bet ($3) returned to RJF1943
RJF1943 collected $11.76 from pot
*** SUMMARY ***
Total pot $12 | Rake $0.24
Board [Qc 4c 9c]
Seat 1: RJF1943 (big blind) collected ($11.76)
Seat 2: Krazy90 (button) (small blind) folded on the Flop


PokerStars Hand #154001230768:  Hold'em Limit ($3/$6 USD) - 2016/05/29 10:45:29 ET
Table 'Aquitania' 6-max Seat #1 is the button
Seat 1: RJF1943 ($125.76 in chips)
Seat 2: Krazy90 ($120 in chips)
RJF1943: posts small blind $1
Krazy90: posts big blind $3
*** HOLE CARDS ***
RJF1943: folds
Uncalled bet ($2) returned to Krazy90
Krazy90 collected $2 from pot
Krazy90: doesn't show hand
*** SUMMARY ***
Total pot $2 | Rake $0
Seat 1: RJF1943 (button) (small blind) folded before Flop
Seat 2: Krazy90 (big blind) collected ($2)


