PokerStars Hand #151695684993:  Hold'em Limit ($3/$6 USD) - 2016/04/10 0:45:16 ET
Table 'Aquila II' 10-max Seat #1 is the button
Seat 1: Pokamone ($21.13 in chips)
Seat 2: GoliafUa ($149.50 in chips)
Pokamone: posts small blind $1
GoliafUa: posts big blind $3
*** HOLE CARDS ***
Pokamone: calls $2
GoliafUa: checks
*** FLOP *** [8d 9c Qs]
GoliafUa: bets $3
Pokamone: raises $3 to $6
GoliafUa: raises $3 to $9
Pokamone: raises $3 to $12
Betting is capped
GoliafUa: calls $3
*** TURN *** [8d 9c Qs] [8h]
GoliafUa: bets $6
Pokamone: raises $0.13 to $6.13 and is all-in
GoliafUa: calls $0.13
*** RIVER *** [8d 9c Qs 8h] [7c]
*** SHOW DOWN ***
GoliafUa: shows [7h Qd] (two pair, Queens and Eights)
Pokamone: shows [2s Qc] (two pair, Queens and Eights)
GoliafUa collected $20.88 from pot
Pokamone collected $20.88 from pot
*** SUMMARY ***
Total pot $42.26 | Rake $0.50
Board [8d 9c Qs 8h 7c]
Seat 1: Pokamone (button) (small blind) showed [2s Qc] and won ($20.88) with two pair, Queens and Eights
Seat 2: GoliafUa (big blind) showed [7h Qd] and won ($20.88) with two pair, Queens and Eights


PokerStars Hand #151695690288:  Hold'em Limit ($3/$6 USD) - 2016/04/10 0:45:36 ET
Table 'Aquila II' 10-max Seat #2 is the button
Seat 1: Pokamone ($20.88 in chips)
Seat 2: GoliafUa ($149.25 in chips)
GoliafUa: posts small blind $1
Pokamone: posts big blind $3
*** HOLE CARDS ***
GoliafUa: raises $3 to $6
Pokamone: calls $3
*** FLOP *** [6h 2d Qs]
VolkovDmitri leaves the table
Pokamone: bets $3
GoliafUa: folds
Uncalled bet ($3) returned to Pokamone
Pokamone collected $11.76 from pot
*** SUMMARY ***
Total pot $12 | Rake $0.24
Board [6h 2d Qs]
Seat 1: Pokamone (big blind) collected ($11.76)
Seat 2: GoliafUa (button) (small blind) folded on the Flop


PokerStars Hand #151695677063:  Hold'em Limit ($3/$6 USD) - 2016/04/10 0:44:46 ET
Table 'Aquila II' 10-max Seat #2 is the button
Seat 1: Pokamone ($51.13 in chips)
Seat 2: GoliafUa ($120 in chips)
GoliafUa: posts small blind $1
Kurganski: is sitting out
Kurganski leaves the table
Pokamone: posts big blind $3
*** HOLE CARDS ***
GoliafUa: raises $3 to $6
Pokamone: calls $3
*** FLOP *** [Qd 6d 4d]
Pokamone: checks
GoliafUa: bets $3
Pokamone: raises $3 to $6
GoliafUa: calls $3
*** TURN *** [Qd 6d 4d] [Kh]
Pokamone: bets $6
GoliafUa: raises $6 to $12
Pokamone: calls $6
*** RIVER *** [Qd 6d 4d Kh] [Qc]
Pokamone: bets $6
GoliafUa: calls $6
*** SHOW DOWN ***
Pokamone: shows [4s 7c] (two pair, Queens and Fours)
GoliafUa: shows [9d Ks] (two pair, Kings and Queens)
VolkovDmitri joins the table at seat #3
GoliafUa collected $59.50 from pot
*** SUMMARY ***
Total pot $60 | Rake $0.50
Board [Qd 6d 4d Kh Qc]
Seat 1: Pokamone (big blind) showed [4s 7c] and lost with two pair, Queens and Fours
Seat 2: GoliafUa (button) (small blind) showed [9d Ks] and won ($59.50) with two pair, Kings and Queens


PokerStars Hand #151695698759:  Hold'em Limit ($3/$6 USD) - 2016/04/10 0:46:08 ET
Table 'Aquila II' 10-max Seat #2 is the button
Seat 1: Pokamone ($28.40 in chips)
Seat 2: GoliafUa ($141.25 in chips)
GoliafUa: posts small blind $1
Pokamone: posts big blind $3
*** HOLE CARDS ***
Chessnok joins the table at seat #3
GoliafUa: raises $3 to $6
Pokamone: calls $3
*** FLOP *** [7h 9c 2s]
Pokamone: bets $3
GoliafUa: calls $3
*** TURN *** [7h 9c 2s] [8s]
Pokamone: bets $6
GoliafUa: calls $6
*** RIVER *** [7h 9c 2s 8s] [Js]
Pokamone: bets $6
GoliafUa: calls $6
*** SHOW DOWN ***
Pokamone: shows [7s Qc] (a pair of Sevens)
GoliafUa: shows [Ah Jc] (a pair of Jacks)
GoliafUa collected $41.50 from pot
*** SUMMARY ***
Total pot $42 | Rake $0.50
Board [7h 9c 2s 8s Js]
Seat 1: Pokamone (big blind) showed [7s Qc] and lost with a pair of Sevens
Seat 2: GoliafUa (button) (small blind) showed [Ah Jc] and won ($41.50) with a pair of Jacks


PokerStars Hand #151695696133:  Hold'em Limit ($3/$6 USD) - 2016/04/10 0:45:58 ET
Table 'Aquila II' 10-max Seat #1 is the button
Seat 1: Pokamone ($22.64 in chips)
Seat 2: GoliafUa ($147.25 in chips)
Pokamone: posts small blind $1
GoliafUa: posts big blind $3
*** HOLE CARDS ***
Pokamone: calls $2
GoliafUa: checks
*** FLOP *** [3d 7s Kh]
GoliafUa: bets $3
Pokamone: raises $3 to $6
GoliafUa: folds
Uncalled bet ($3) returned to Pokamone
Pokamone collected $11.76 from pot
*** SUMMARY ***
Total pot $12 | Rake $0.24
Board [3d 7s Kh]
Seat 1: Pokamone (button) (small blind) collected ($11.76)
Seat 2: GoliafUa (big blind) folded on the Flop


PokerStars Hand #151695694387:  Hold'em Limit ($3/$6 USD) - 2016/04/10 0:45:51 ET
Table 'Aquila II' 10-max Seat #2 is the button
Seat 1: Pokamone ($25.64 in chips)
Seat 2: GoliafUa ($144.25 in chips)
GoliafUa: posts small blind $1
Pokamone: posts big blind $3
*** HOLE CARDS ***
GoliafUa: raises $3 to $6
Pokamone: folds
Uncalled bet ($3) returned to GoliafUa
GoliafUa collected $6 from pot
*** SUMMARY ***
Total pot $6 | Rake $0
Seat 1: Pokamone (big blind) folded before Flop
Seat 2: GoliafUa (button) (small blind) collected ($6)


PokerStars Hand #151695702753:  Hold'em Limit ($3/$6 USD) - 2016/04/10 0:46:23 ET
Table 'Aquila II' 10-max Seat #1 is the button
Seat 1: Pokamone ($7.40 in chips)
Seat 2: GoliafUa ($161.75 in chips)
Pokamone: posts small blind $1
GoliafUa: posts big blind $3
*** HOLE CARDS ***
Pokamone: calls $2
GoliafUa: checks
*** FLOP *** [4h 8d 8c]
GoliafUa: checks
Pokamone: bets $3
GoliafUa: calls $3
*** TURN *** [4h 8d 8c] [Qd]
GoliafUa: bets $6
Pokamone: calls $1.40 and is all-in
Uncalled bet ($4.60) returned to GoliafUa
*** RIVER *** [4h 8d 8c Qd] [Qc]
*** SHOW DOWN ***
GoliafUa: shows [Qs 6h] (a full house, Queens full of Eights)
Pokamone: shows [8h 5s] (a full house, Eights full of Queens)
GoliafUa collected $14.50 from pot
*** SUMMARY ***
Total pot $14.80 | Rake $0.30
Board [4h 8d 8c Qd Qc]
Seat 1: Pokamone (button) (small blind) showed [8h 5s] and lost with a full house, Eights full of Queens
Seat 2: GoliafUa (big blind) showed [Qs 6h] and won ($14.50) with a full house, Queens full of Eights


PokerStars Hand #151695692869:  Hold'em Limit ($3/$6 USD) - 2016/04/10 0:45:45 ET
Table 'Aquila II' 10-max Seat #1 is the button
Seat 1: Pokamone ($26.64 in chips)
Seat 2: GoliafUa ($143.25 in chips)
Pokamone: posts small blind $1
GoliafUa: posts big blind $3
*** HOLE CARDS ***
Pokamone: folds
Uncalled bet ($2) returned to GoliafUa
GoliafUa collected $2 from pot
*** SUMMARY ***
Total pot $2 | Rake $0
Seat 1: Pokamone (button) (small blind) folded before Flop
Seat 2: GoliafUa (big blind) collected ($2)


