PokerStars Hand #149025985146:  Hold'em Limit ($3/$6 USD) - 2016/02/18 15:25:34 ET
Table 'Aquitania II' 6-max Seat #1 is the button
Seat 1: KonioDaSilva ($59.01 in chips)
Seat 4: boarcastle ($113.40 in chips)
KonioDaSilva: posts small blind $1
boarcastle: posts big blind $3
*** HOLE CARDS ***
KonioDaSilva: raises $3 to $6
boarcastle: raises $3 to $9
KonioDaSilva: calls $3
*** FLOP *** [Ks Ac 6s]
boarcastle: bets $3
KonioDaSilva: calls $3
*** TURN *** [Ks Ac 6s] [5d]
boarcastle: bets $6
KonioDaSilva: calls $6
*** RIVER *** [Ks Ac 6s 5d] [6c]
boarcastle: bets $6
KonioDaSilva: calls $6
*** SHOW DOWN ***
boarcastle: shows [Jc Ah] (two pair, Aces and Sixes)
KonioDaSilva: shows [Ad Jh] (two pair, Aces and Sixes)
boarcastle collected $23.75 from pot
KonioDaSilva collected $23.75 from pot
*** SUMMARY ***
Total pot $48 | Rake $0.50
Board [Ks Ac 6s 5d 6c]
Seat 1: KonioDaSilva (button) (small blind) showed [Ad Jh] and won ($23.75) with two pair, Aces and Sixes
Seat 4: boarcastle (big blind) showed [Jc Ah] and won ($23.75) with two pair, Aces and Sixes


PokerStars Hand #149026008270:  Hold'em Limit ($3/$6 USD) - 2016/02/18 15:25:55 ET
Table 'Aquitania II' 6-max Seat #4 is the button
Seat 1: KonioDaSilva ($58.76 in chips)
Seat 4: boarcastle ($113.15 in chips)
boarcastle: posts small blind $1
KonioDaSilva: posts big blind $3
*** HOLE CARDS ***
boarcastle: raises $3 to $6
KonioDaSilva: folds
Uncalled bet ($3) returned to boarcastle
boarcastle collected $6 from pot
boarcastle: doesn't show hand
*** SUMMARY ***
Total pot $6 | Rake $0
Seat 1: KonioDaSilva (big blind) folded before Flop
Seat 4: boarcastle (button) (small blind) collected ($6)


PokerStars Hand #149026031358:  Hold'em Limit ($3/$6 USD) - 2016/02/18 15:26:16 ET
Table 'Aquitania II' 6-max Seat #4 is the button
Seat 1: KonioDaSilva ($54.76 in chips)
Seat 4: boarcastle ($117.15 in chips)
boarcastle: posts small blind $1
KonioDaSilva: posts big blind $3
*** HOLE CARDS ***
boarcastle: folds
Uncalled bet ($2) returned to KonioDaSilva
KonioDaSilva collected $2 from pot
KonioDaSilva: doesn't show hand
*** SUMMARY ***
Total pot $2 | Rake $0
Seat 1: KonioDaSilva (big blind) collected ($2)
Seat 4: boarcastle (button) (small blind) folded before Flop


PokerStars Hand #149026025332:  Hold'em Limit ($3/$6 USD) - 2016/02/18 15:26:11 ET
Table 'Aquitania II' 6-max Seat #1 is the button
Seat 1: KonioDaSilva ($55.76 in chips)
Seat 4: boarcastle ($116.15 in chips)
KonioDaSilva: posts small blind $1
boarcastle: posts big blind $3
*** HOLE CARDS ***
KonioDaSilva: folds
Uncalled bet ($2) returned to boarcastle
boarcastle collected $2 from pot
boarcastle: doesn't show hand
*** SUMMARY ***
Total pot $2 | Rake $0
Seat 1: KonioDaSilva (button) (small blind) folded before Flop
Seat 4: boarcastle (big blind) collected ($2)


PokerStars Hand #149026037411:  Hold'em Limit ($3/$6 USD) - 2016/02/18 15:26:21 ET
Table 'Aquitania II' 6-max Seat #1 is the button
Seat 1: KonioDaSilva ($55.76 in chips)
Seat 4: boarcastle ($116.15 in chips)
KonioDaSilva: posts small blind $1
boarcastle: posts big blind $3
*** HOLE CARDS ***
KonioDaSilva: raises $3 to $6
boarcastle: raises $3 to $9
KonioDaSilva: raises $3 to $12
Betting is capped
boarcastle: calls $3
*** FLOP *** [Qc Ks Ad]
boarcastle: bets $3
KonioDaSilva: calls $3
*** TURN *** [Qc Ks Ad] [4h]
boarcastle: bets $6
KonioDaSilva: calls $6
*** RIVER *** [Qc Ks Ad 4h] [3h]
boarcastle: bets $6
KonioDaSilva: folds [Js Jc]
Uncalled bet ($6) returned to boarcastle
boarcastle collected $41.50 from pot
boarcastle: doesn't show hand
*** SUMMARY ***
Total pot $42 | Rake $0.50
Board [Qc Ks Ad 4h 3h]
Seat 1: KonioDaSilva (button) (small blind) folded on the River
Seat 4: boarcastle (big blind) collected ($41.50)


PokerStars Hand #149026064626:  Hold'em Limit ($3/$6 USD) - 2016/02/18 15:26:46 ET
Table 'Aquitania II' 6-max Seat #4 is the button
Seat 1: KonioDaSilva ($34.76 in chips)
Seat 4: boarcastle ($136.65 in chips)
boarcastle: posts small blind $1
KonioDaSilva: posts big blind $3
*** HOLE CARDS ***
boarcastle: folds
Uncalled bet ($2) returned to KonioDaSilva
KonioDaSilva collected $2 from pot
KonioDaSilva: doesn't show hand
*** SUMMARY ***
Total pot $2 | Rake $0
Seat 1: KonioDaSilva (big blind) collected ($2)
Seat 4: boarcastle (button) (small blind) folded before Flop


PokerStars Hand #149026070814:  Hold'em Limit ($3/$6 USD) - 2016/02/18 15:26:51 ET
Table 'Aquitania II' 6-max Seat #1 is the button
Seat 1: KonioDaSilva ($35.76 in chips)
Seat 4: boarcastle ($135.65 in chips)
KonioDaSilva: posts small blind $1
boarcastle: posts big blind $3
*** HOLE CARDS ***
KonioDaSilva: raises $3 to $6
boarcastle: raises $3 to $9
KonioDaSilva: calls $3
*** FLOP *** [Js Jd Qs]
boarcastle: bets $3
KonioDaSilva: folds
Uncalled bet ($3) returned to boarcastle
boarcastle collected $17.64 from pot
boarcastle: doesn't show hand
*** SUMMARY ***
Total pot $18 | Rake $0.36
Board [Js Jd Qs]
Seat 1: KonioDaSilva (button) (small blind) folded on the Flop
Seat 4: boarcastle (big blind) collected ($17.64)


PokerStars Hand #149026083370:  Hold'em Limit ($3/$6 USD) - 2016/02/18 15:27:03 ET
Table 'Aquitania II' 6-max Seat #4 is the button
Seat 1: KonioDaSilva ($26.76 in chips)
Seat 4: boarcastle ($144.29 in chips)
boarcastle: posts small blind $1
KonioDaSilva: posts big blind $3
*** HOLE CARDS ***
boarcastle: raises $3 to $6
KonioDaSilva: folds
Uncalled bet ($3) returned to boarcastle
boarcastle collected $6 from pot
boarcastle: doesn't show hand
*** SUMMARY ***
Total pot $6 | Rake $0
Seat 1: KonioDaSilva (big blind) folded before Flop
Seat 4: boarcastle (button) (small blind) collected ($6)


PokerStars Hand #149026089957:  Hold'em Limit ($3/$6 USD) - 2016/02/18 15:27:09 ET
Table 'Aquitania II' 6-max Seat #1 is the button
Seat 1: KonioDaSilva ($23.76 in chips)
Seat 4: boarcastle ($147.29 in chips)
KonioDaSilva: posts small blind $1
boarcastle: posts big blind $3
*** HOLE CARDS ***
KonioDaSilva: raises $3 to $6
boarcastle: raises $3 to $9
KonioDaSilva: calls $3
*** FLOP *** [2s 5s Qd]
boarcastle: bets $3
KonioDaSilva: folds
Uncalled bet ($3) returned to boarcastle
boarcastle collected $17.64 from pot
boarcastle: doesn't show hand
*** SUMMARY ***
Total pot $18 | Rake $0.36
Board [2s 5s Qd]
Seat 1: KonioDaSilva (button) (small blind) folded on the Flop
Seat 4: boarcastle (big blind) collected ($17.64)


PokerStars Hand #149026123018:  Hold'em Limit ($3/$6 USD) - 2016/02/18 15:27:40 ET
Table 'Aquitania II' 6-max Seat #1 is the button
Seat 1: KonioDaSilva ($29.02 in chips)
Seat 4: boarcastle ($141.17 in chips)
KonioDaSilva: posts small blind $1
boarcastle: posts big blind $3
*** HOLE CARDS ***
KonioDaSilva: folds
Uncalled bet ($2) returned to boarcastle
boarcastle collected $2 from pot
boarcastle: doesn't show hand
*** SUMMARY ***
Total pot $2 | Rake $0
Seat 1: KonioDaSilva (button) (small blind) folded before Flop
Seat 4: boarcastle (big blind) collected ($2)


PokerStars Hand #149026102022:  Hold'em Limit ($3/$6 USD) - 2016/02/18 15:27:19 ET
Table 'Aquitania II' 6-max Seat #4 is the button
Seat 1: KonioDaSilva ($14.76 in chips)
Seat 4: boarcastle ($155.93 in chips)
boarcastle: posts small blind $1
KonioDaSilva: posts big blind $3
*** HOLE CARDS ***
boarcastle: raises $3 to $6
KonioDaSilva: raises $3 to $9
boarcastle: calls $3
*** FLOP *** [Qs 4s Ac]
KonioDaSilva: bets $3
boarcastle: calls $3
*** TURN *** [Qs 4s Ac] [Td]
KonioDaSilva: bets $2.76 and is all-in
boarcastle: calls $2.76
*** RIVER *** [Qs 4s Ac Td] [Kc]
*** SHOW DOWN ***
KonioDaSilva: shows [Jd Ah] (a straight, Ten to Ace)
boarcastle: shows [4c 4d] (three of a kind, Fours)
KonioDaSilva collected $29.02 from pot
*** SUMMARY ***
Total pot $29.52 | Rake $0.50
Board [Qs 4s Ac Td Kc]
Seat 1: KonioDaSilva (big blind) showed [Jd Ah] and won ($29.02) with a straight, Ten to Ace
Seat 4: boarcastle (button) (small blind) showed [4c 4d] and lost with three of a kind, Fours


PokerStars Hand #149026137563:  Hold'em Limit ($3/$6 USD) - 2016/02/18 15:27:52 ET
Table 'Aquitania II' 6-max Seat #1 is the button
Seat 1: KonioDaSilva ($25.02 in chips)
Seat 4: boarcastle ($145.17 in chips)
KonioDaSilva: posts small blind $1
boarcastle: posts big blind $3
*** HOLE CARDS ***
KonioDaSilva: folds
Uncalled bet ($2) returned to boarcastle
boarcastle collected $2 from pot
boarcastle: doesn't show hand
*** SUMMARY ***
Total pot $2 | Rake $0
Seat 1: KonioDaSilva (button) (small blind) folded before Flop
Seat 4: boarcastle (big blind) collected ($2)


PokerStars Hand #149026130669:  Hold'em Limit ($3/$6 USD) - 2016/02/18 15:27:46 ET
Table 'Aquitania II' 6-max Seat #4 is the button
Seat 1: KonioDaSilva ($28.02 in chips)
Seat 4: boarcastle ($142.17 in chips)
boarcastle: posts small blind $1
KonioDaSilva: posts big blind $3
*** HOLE CARDS ***
boarcastle: raises $3 to $6
KonioDaSilva: folds
Uncalled bet ($3) returned to boarcastle
boarcastle collected $6 from pot
boarcastle: doesn't show hand
*** SUMMARY ***
Total pot $6 | Rake $0
Seat 1: KonioDaSilva (big blind) folded before Flop
Seat 4: boarcastle (button) (small blind) collected ($6)


PokerStars Hand #149026142514:  Hold'em Limit ($3/$6 USD) - 2016/02/18 15:27:56 ET
Table 'Aquitania II' 6-max Seat #4 is the button
Seat 1: KonioDaSilva ($24.02 in chips)
Seat 4: boarcastle ($146.17 in chips)
boarcastle: posts small blind $1
KonioDaSilva: posts big blind $3
*** HOLE CARDS ***
boarcastle: raises $3 to $6
KonioDaSilva: calls $3
*** FLOP *** [3c As 2c]
KonioDaSilva: checks
boarcastle: checks
*** TURN *** [3c As 2c] [Ac]
KonioDaSilva: checks
boarcastle: bets $6
KonioDaSilva: calls $6
*** RIVER *** [3c As 2c Ac] [Qc]
KonioDaSilva: checks
boarcastle: checks
*** SHOW DOWN ***
KonioDaSilva: shows [6c 8d] (a flush, Ace high)
boarcastle: mucks hand
KonioDaSilva collected $23.52 from pot
*** SUMMARY ***
Total pot $24 | Rake $0.48
Board [3c As 2c Ac Qc]
Seat 1: KonioDaSilva (big blind) showed [6c 8d] and won ($23.52) with a flush, Ace high
Seat 4: boarcastle (button) (small blind) mucked


PokerStars Hand #149026160513:  Hold'em Limit ($3/$6 USD) - 2016/02/18 15:28:13 ET
Table 'Aquitania II' 6-max Seat #1 is the button
Seat 1: KonioDaSilva ($35.54 in chips)
Seat 4: boarcastle ($134.17 in chips)
KonioDaSilva: posts small blind $1
boarcastle: posts big blind $3
*** HOLE CARDS ***
KonioDaSilva: raises $3 to $6
boarcastle: calls $3
*** FLOP *** [9s Qd 9d]
boarcastle: checks
KonioDaSilva: bets $3
boarcastle: raises $3 to $6
KonioDaSilva: raises $3 to $9
boarcastle: calls $3
*** TURN *** [9s Qd 9d] [6h]
boarcastle: checks
KonioDaSilva: checks
*** RIVER *** [9s Qd 9d 6h] [Kh]
boarcastle: bets $6
KonioDaSilva: calls $6
*** SHOW DOWN ***
boarcastle: shows [Qh 4c] (two pair, Queens and Nines)
KonioDaSilva: shows [2c Kc] (two pair, Kings and Nines)
KonioDaSilva collected $41.50 from pot
*** SUMMARY ***
Total pot $42 | Rake $0.50
Board [9s Qd 9d 6h Kh]
Seat 1: KonioDaSilva (button) (small blind) showed [2c Kc] and won ($41.50) with two pair, Kings and Nines
Seat 4: boarcastle (big blind) showed [Qh 4c] and lost with two pair, Queens and Nines


PokerStars Hand #149026186352:  Hold'em Limit ($3/$6 USD) - 2016/02/18 15:28:36 ET
Table 'Aquitania II' 6-max Seat #4 is the button
Seat 1: KonioDaSilva ($56.04 in chips)
Seat 4: boarcastle ($113.17 in chips)
boarcastle: posts small blind $1
KonioDaSilva: posts big blind $3
*** HOLE CARDS ***
boarcastle: raises $3 to $6
KonioDaSilva: calls $3
*** FLOP *** [As Jc 3s]
KonioDaSilva: checks
boarcastle: checks
*** TURN *** [As Jc 3s] [9h]
KonioDaSilva: bets $6
boarcastle: folds
Uncalled bet ($6) returned to KonioDaSilva
KonioDaSilva collected $11.76 from pot
KonioDaSilva: doesn't show hand
*** SUMMARY ***
Total pot $12 | Rake $0.24
Board [As Jc 3s 9h]
Seat 1: KonioDaSilva (big blind) collected ($11.76)
Seat 4: boarcastle (button) (small blind) folded on the Turn


PokerStars Hand #149026211835:  Hold'em Limit ($3/$6 USD) - 2016/02/18 15:29:00 ET
Table 'Aquitania II' 6-max Seat #4 is the button
Seat 1: KonioDaSilva ($60.80 in chips)
Seat 4: boarcastle ($108.17 in chips)
boarcastle: posts small blind $1
KonioDaSilva: posts big blind $3
*** HOLE CARDS ***
boarcastle: raises $3 to $6
KonioDaSilva: folds
Uncalled bet ($3) returned to boarcastle
boarcastle collected $6 from pot
boarcastle: doesn't show hand
*** SUMMARY ***
Total pot $6 | Rake $0
Seat 1: KonioDaSilva (big blind) folded before Flop
Seat 4: boarcastle (button) (small blind) collected ($6)


PokerStars Hand #149026203888:  Hold'em Limit ($3/$6 USD) - 2016/02/18 15:28:52 ET
Table 'Aquitania II' 6-max Seat #1 is the button
Seat 1: KonioDaSilva ($61.80 in chips)
Seat 4: boarcastle ($107.17 in chips)
KonioDaSilva: posts small blind $1
boarcastle: posts big blind $3
*** HOLE CARDS ***
KonioDaSilva: folds
Uncalled bet ($2) returned to boarcastle
boarcastle collected $2 from pot
boarcastle: doesn't show hand
*** SUMMARY ***
Total pot $2 | Rake $0
Seat 1: KonioDaSilva (button) (small blind) folded before Flop
Seat 4: boarcastle (big blind) collected ($2)


PokerStars Hand #149026218536:  Hold'em Limit ($3/$6 USD) - 2016/02/18 15:29:06 ET
Table 'Aquitania II' 6-max Seat #1 is the button
Seat 1: KonioDaSilva ($57.80 in chips)
Seat 4: boarcastle ($111.17 in chips)
KonioDaSilva: posts small blind $1
boarcastle: posts big blind $3
*** HOLE CARDS ***
KonioDaSilva: raises $3 to $6
boarcastle: calls $3
*** FLOP *** [Qs 9h Ts]
boarcastle: bets $3
KonioDaSilva: raises $3 to $6
boarcastle: calls $3
*** TURN *** [Qs 9h Ts] [4d]
boarcastle: checks
KonioDaSilva: bets $6
boarcastle: folds
Uncalled bet ($6) returned to KonioDaSilva
KonioDaSilva collected $23.52 from pot
KonioDaSilva: doesn't show hand
*** SUMMARY ***
Total pot $24 | Rake $0.48
Board [Qs 9h Ts 4d]
Seat 1: KonioDaSilva (button) (small blind) collected ($23.52)
Seat 4: boarcastle (big blind) folded on the Turn


PokerStars Hand #149026239816:  Hold'em Limit ($3/$6 USD) - 2016/02/18 15:29:25 ET
Table 'Aquitania II' 6-max Seat #4 is the button
Seat 1: KonioDaSilva ($69.32 in chips)
Seat 4: boarcastle ($99.17 in chips)
boarcastle: posts small blind $1
KonioDaSilva: posts big blind $3
*** HOLE CARDS ***
boarcastle: raises $3 to $6
KonioDaSilva: folds
Uncalled bet ($3) returned to boarcastle
boarcastle collected $6 from pot
boarcastle: doesn't show hand
*** SUMMARY ***
Total pot $6 | Rake $0
Seat 1: KonioDaSilva (big blind) folded before Flop
Seat 4: boarcastle (button) (small blind) collected ($6)


PokerStars Hand #149026255716:  Hold'em Limit ($3/$6 USD) - 2016/02/18 15:29:40 ET
Table 'Aquitania II' 6-max Seat #4 is the button
Seat 1: KonioDaSilva ($69.32 in chips)
Seat 4: boarcastle ($99.17 in chips)
boarcastle: posts small blind $1
KonioDaSilva: posts big blind $3
*** HOLE CARDS ***
boarcastle: folds
Uncalled bet ($2) returned to KonioDaSilva
KonioDaSilva collected $2 from pot
KonioDaSilva: doesn't show hand
*** SUMMARY ***
Total pot $2 | Rake $0
Seat 1: KonioDaSilva (big blind) collected ($2)
Seat 4: boarcastle (button) (small blind) folded before Flop


PokerStars Hand #149026249318:  Hold'em Limit ($3/$6 USD) - 2016/02/18 15:29:34 ET
Table 'Aquitania II' 6-max Seat #1 is the button
Seat 1: KonioDaSilva ($66.32 in chips)
Seat 4: boarcastle ($102.17 in chips)
KonioDaSilva: posts small blind $1
boarcastle: posts big blind $3
*** HOLE CARDS ***
KonioDaSilva: raises $3 to $6
boarcastle: folds
Uncalled bet ($3) returned to KonioDaSilva
KonioDaSilva collected $6 from pot
KonioDaSilva: doesn't show hand
*** SUMMARY ***
Total pot $6 | Rake $0
Seat 1: KonioDaSilva (button) (small blind) collected ($6)
Seat 4: boarcastle (big blind) folded before Flop


PokerStars Hand #149026263558:  Hold'em Limit ($3/$6 USD) - 2016/02/18 15:29:47 ET
Table 'Aquitania II' 6-max Seat #1 is the button
Seat 1: KonioDaSilva ($70.32 in chips)
Seat 4: boarcastle ($98.17 in chips)
KonioDaSilva: posts small blind $1
boarcastle: posts big blind $3
*** HOLE CARDS ***
KonioDaSilva: raises $3 to $6
boarcastle: calls $3
*** FLOP *** [Tc 3c 8s]
boarcastle: bets $3
KonioDaSilva: calls $3
*** TURN *** [Tc 3c 8s] [4c]
boarcastle: bets $6
KonioDaSilva: folds
Uncalled bet ($6) returned to boarcastle
boarcastle collected $17.64 from pot
boarcastle: doesn't show hand
*** SUMMARY ***
Total pot $18 | Rake $0.36
Board [Tc 3c 8s 4c]
Seat 1: KonioDaSilva (button) (small blind) folded on the Turn
Seat 4: boarcastle (big blind) collected ($17.64)


PokerStars Hand #149026289407:  Hold'em Limit ($3/$6 USD) - 2016/02/18 15:30:10 ET
Table 'Aquitania II' 6-max Seat #1 is the button
Seat 1: KonioDaSilva ($69.96 in chips)
Seat 4: boarcastle ($97.81 in chips)
KonioDaSilva: posts small blind $1
boarcastle: posts big blind $3
*** HOLE CARDS ***
KonioDaSilva: folds
Uncalled bet ($2) returned to boarcastle
boarcastle collected $2 from pot
boarcastle: doesn't show hand
*** SUMMARY ***
Total pot $2 | Rake $0
Seat 1: KonioDaSilva (button) (small blind) folded before Flop
Seat 4: boarcastle (big blind) collected ($2)


PokerStars Hand #149026277892:  Hold'em Limit ($3/$6 USD) - 2016/02/18 15:30:00 ET
Table 'Aquitania II' 6-max Seat #4 is the button
Seat 1: KonioDaSilva ($61.32 in chips)
Seat 4: boarcastle ($106.81 in chips)
boarcastle: posts small blind $1
KonioDaSilva: posts big blind $3
*** HOLE CARDS ***
boarcastle: raises $3 to $6
KonioDaSilva: raises $3 to $9
boarcastle: calls $3
*** FLOP *** [8h Jc 4s]
KonioDaSilva: bets $3
boarcastle: folds
Uncalled bet ($3) returned to KonioDaSilva
KonioDaSilva collected $17.64 from pot
KonioDaSilva: doesn't show hand
*** SUMMARY ***
Total pot $18 | Rake $0.36
Board [8h Jc 4s]
Seat 1: KonioDaSilva (big blind) collected ($17.64)
Seat 4: boarcastle (button) (small blind) folded on the Flop


PokerStars Hand #149026295699:  Hold'em Limit ($3/$6 USD) - 2016/02/18 15:30:16 ET
Table 'Aquitania II' 6-max Seat #4 is the button
Seat 1: KonioDaSilva ($68.96 in chips)
Seat 4: boarcastle ($98.81 in chips)
boarcastle: posts small blind $1
KonioDaSilva: posts big blind $3
*** HOLE CARDS ***
boarcastle: raises $3 to $6
KonioDaSilva: folds
Uncalled bet ($3) returned to boarcastle
boarcastle collected $6 from pot
boarcastle: doesn't show hand
*** SUMMARY ***
Total pot $6 | Rake $0
Seat 1: KonioDaSilva (big blind) folded before Flop
Seat 4: boarcastle (button) (small blind) collected ($6)


PokerStars Hand #149026335394:  Hold'em Limit ($3/$6 USD) - 2016/02/18 15:30:52 ET
Table 'Aquitania II' 6-max Seat #1 is the button
Seat 1: KonioDaSilva ($41.96 in chips)
Seat 4: boarcastle ($125.07 in chips)
KonioDaSilva: posts small blind $1
boarcastle: posts big blind $3
*** HOLE CARDS ***
KonioDaSilva: raises $3 to $6
boarcastle: calls $3
*** FLOP *** [9s 6h 7c]
boarcastle: bets $3
KonioDaSilva: raises $3 to $6
boarcastle: calls $3
*** TURN *** [9s 6h 7c] [Ah]
boarcastle: checks
KonioDaSilva: bets $6
boarcastle: calls $6
*** RIVER *** [9s 6h 7c Ah] [Kc]
boarcastle: bets $6
KonioDaSilva: calls $6
*** SHOW DOWN ***
boarcastle: shows [Td Jd] (high card Ace)
KonioDaSilva: shows [Th Kh] (a pair of Kings)
KonioDaSilva collected $47.50 from pot
*** SUMMARY ***
Total pot $48 | Rake $0.50
Board [9s 6h 7c Ah Kc]
Seat 1: KonioDaSilva (button) (small blind) showed [Th Kh] and won ($47.50) with a pair of Kings
Seat 4: boarcastle (big blind) showed [Td Jd] and lost with high card Ace


PokerStars Hand #149026318687:  Hold'em Limit ($3/$6 USD) - 2016/02/18 15:30:37 ET
Table 'Aquitania II' 6-max Seat #4 is the button
Seat 1: KonioDaSilva ($47.96 in chips)
Seat 4: boarcastle ($119.31 in chips)
boarcastle: posts small blind $1
KonioDaSilva: posts big blind $3
*** HOLE CARDS ***
boarcastle: raises $3 to $6
KonioDaSilva: calls $3
*** FLOP *** [Kc 2d Qs]
KonioDaSilva: checks
boarcastle: checks
*** TURN *** [Kc 2d Qs] [5c]
KonioDaSilva: checks
boarcastle: bets $6
KonioDaSilva: folds
Uncalled bet ($6) returned to boarcastle
boarcastle collected $11.76 from pot
boarcastle: doesn't show hand
*** SUMMARY ***
Total pot $12 | Rake $0.24
Board [Kc 2d Qs 5c]
Seat 1: KonioDaSilva (big blind) folded on the Turn
Seat 4: boarcastle (button) (small blind) collected ($11.76)


PokerStars Hand #149026302337:  Hold'em Limit ($3/$6 USD) - 2016/02/18 15:30:22 ET
Table 'Aquitania II' 6-max Seat #1 is the button
Seat 1: KonioDaSilva ($65.96 in chips)
Seat 4: boarcastle ($101.81 in chips)
KonioDaSilva: posts small blind $1
boarcastle: posts big blind $3
*** HOLE CARDS ***
KonioDaSilva: raises $3 to $6
boarcastle: calls $3
*** FLOP *** [Ks 4s Qd]
boarcastle: checks
KonioDaSilva: checks
*** TURN *** [Ks 4s Qd] [9s]
boarcastle: bets $6
KonioDaSilva: calls $6
*** RIVER *** [Ks 4s Qd 9s] [Kd]
boarcastle: bets $6
KonioDaSilva: calls $6
*** SHOW DOWN ***
boarcastle: shows [9c Kh] (a full house, Kings full of Nines)
KonioDaSilva: mucks hand
boarcastle collected $35.50 from pot
*** SUMMARY ***
Total pot $36 | Rake $0.50
Board [Ks 4s Qd 9s Kd]
Seat 1: KonioDaSilva (button) (small blind) mucked
Seat 4: boarcastle (big blind) showed [9c Kh] and won ($35.50) with a full house, Kings full of Nines


PokerStars Hand #149026393780:  Hold'em Limit ($3/$6 USD) - 2016/02/18 15:31:45 ET
Table 'Aquitania II' 6-max Seat #1 is the button
Seat 1: KonioDaSilva ($88.96 in chips)
Seat 4: boarcastle ($77.07 in chips)
KonioDaSilva: posts small blind $1
boarcastle: posts big blind $3
*** HOLE CARDS ***
KonioDaSilva: raises $3 to $6
boarcastle: calls $3
*** FLOP *** [4d Jc 5s]
boarcastle: bets $3
KonioDaSilva: calls $3
*** TURN *** [4d Jc 5s] [3c]
boarcastle: bets $6
KonioDaSilva: folds
Uncalled bet ($6) returned to boarcastle
boarcastle collected $17.64 from pot
boarcastle: doesn't show hand
*** SUMMARY ***
Total pot $18 | Rake $0.36
Board [4d Jc 5s 3c]
Seat 1: KonioDaSilva (button) (small blind) folded on the Turn
Seat 4: boarcastle (big blind) collected ($17.64)


PokerStars Hand #149026358802:  Hold'em Limit ($3/$6 USD) - 2016/02/18 15:31:14 ET
Table 'Aquitania II' 6-max Seat #4 is the button
Seat 1: KonioDaSilva ($65.46 in chips)
Seat 4: boarcastle ($101.07 in chips)
boarcastle: posts small blind $1
KonioDaSilva: posts big blind $3
*** HOLE CARDS ***
boarcastle: raises $3 to $6
KonioDaSilva: calls $3
*** FLOP *** [Ac 6d 7s]
KonioDaSilva: checks
boarcastle: bets $3
KonioDaSilva: raises $3 to $6
Great_Kang joins the table at seat #5
boarcastle: calls $3
*** TURN *** [Ac 6d 7s] [5s]
KonioDaSilva: bets $6
boarcastle: calls $6
*** RIVER *** [Ac 6d 7s 5s] [5h]
KonioDaSilva: bets $6
boarcastle: calls $6
*** SHOW DOWN ***
KonioDaSilva: shows [As 5c] (a full house, Fives full of Aces)
boarcastle: mucks hand
KonioDaSilva collected $47.50 from pot
*** SUMMARY ***
Total pot $48 | Rake $0.50
Board [Ac 6d 7s 5s 5h]
Seat 1: KonioDaSilva (big blind) showed [As 5c] and won ($47.50) with a full house, Fives full of Aces
Seat 4: boarcastle (button) (small blind) mucked


PokerStars Hand #149026984713:  Hold'em Limit ($3/$6 USD) - 2016/02/18 15:40:42 ET
Table 'Aquitania II' 6-max Seat #3 is the button
Seat 1: KonioDaSilva ($200.98 in chips)
Seat 3: andrey0709 ($45.03 in chips)
andrey0709: posts small blind $1
KonioDaSilva: posts big blind $3
*** HOLE CARDS ***
Grieserix joins the table at seat #2
andrey0709: calls $2
KonioDaSilva: raises $3 to $6
andrey0709: calls $3
*** FLOP *** [3c Qh Qc]
KonioDaSilva: bets $3
andrey0709: calls $3
*** TURN *** [3c Qh Qc] [Js]
KonioDaSilva: bets $6
andrey0709: folds
Uncalled bet ($6) returned to KonioDaSilva
KonioDaSilva collected $17.64 from pot
*** SUMMARY ***
Total pot $18 | Rake $0.36
Board [3c Qh Qc Js]
Seat 1: KonioDaSilva (big blind) collected ($17.64)
Seat 3: andrey0709 (button) (small blind) folded on the Turn


PokerStars Hand #149028885140:  Hold'em Limit ($3/$6 USD) - 2016/02/18 16:11:21 ET
Table 'Aquitania II' 6-max Seat #2 is the button
Seat 2: KonioDaSilva ($62.95 in chips)
Seat 5: Sirocko ($72 in chips)
KonioDaSilva: posts small blind $1
Sirocko: posts big blind $3
*** HOLE CARDS ***
KonioDaSilva: raises $3 to $6
Sirocko: calls $3
*** FLOP *** [Kd 4d 4s]
Sirocko: checks
KonioDaSilva: bets $3
Sirocko: folds
Uncalled bet ($3) returned to KonioDaSilva
KonioDaSilva collected $11.76 from pot
KonioDaSilva: doesn't show hand
*** SUMMARY ***
Total pot $12 | Rake $0.24
Board [Kd 4d 4s]
Seat 2: KonioDaSilva (button) (small blind) collected ($11.76)
Seat 5: Sirocko (big blind) folded on the Flop


PokerStars Hand #149028912532:  Hold'em Limit ($3/$6 USD) - 2016/02/18 16:11:47 ET
Table 'Aquitania II' 6-max Seat #2 is the button
Seat 2: KonioDaSilva ($65.71 in chips)
Seat 5: Sirocko ($75 in chips)
KonioDaSilva: posts small blind $1
Sirocko: posts big blind $3
*** HOLE CARDS ***
KonioDaSilva: folds
Uncalled bet ($2) returned to Sirocko
Sirocko collected $2 from pot
Sirocko: doesn't show hand
*** SUMMARY ***
Total pot $2 | Rake $0
Seat 2: KonioDaSilva (button) (small blind) folded before Flop
Seat 5: Sirocko (big blind) collected ($2)


PokerStars Hand #149028906349:  Hold'em Limit ($3/$6 USD) - 2016/02/18 16:11:41 ET
Table 'Aquitania II' 6-max Seat #5 is the button
Seat 2: KonioDaSilva ($68.71 in chips)
Seat 5: Sirocko ($72 in chips)
Sirocko: posts small blind $1
KonioDaSilva: posts big blind $3
*** HOLE CARDS ***
Sirocko: raises $3 to $6
KonioDaSilva: folds
Uncalled bet ($3) returned to Sirocko
Sirocko collected $6 from pot
Sirocko: doesn't show hand
*** SUMMARY ***
Total pot $6 | Rake $0
Seat 2: KonioDaSilva (big blind) folded before Flop
Seat 5: Sirocko (button) (small blind) collected ($6)


PokerStars Hand #149028960285:  Hold'em Limit ($3/$6 USD) - 2016/02/18 16:12:32 ET
Table 'Aquitania II' 6-max Seat #5 is the button
Seat 2: KonioDaSilva ($93.71 in chips)
Seat 5: Sirocko ($72 in chips)
Sirocko: posts small blind $1
KonioDaSilva: posts big blind $3
*** HOLE CARDS ***
Sirocko: raises $3 to $6
KonioDaSilva: folds
Uncalled bet ($3) returned to Sirocko
Sirocko collected $6 from pot
Sirocko: doesn't show hand
*** SUMMARY ***
Total pot $6 | Rake $0
Seat 2: KonioDaSilva (big blind) folded before Flop
Seat 5: Sirocko (button) (small blind) collected ($6)


PokerStars Hand #149028972110:  Hold'em Limit ($3/$6 USD) - 2016/02/18 16:12:44 ET
Table 'Aquitania II' 6-max Seat #2 is the button
Seat 2: KonioDaSilva ($90.71 in chips)
Seat 5: Sirocko ($75 in chips)
KonioDaSilva: posts small blind $1
Sirocko: posts big blind $3
*** HOLE CARDS ***
KonioDaSilva: raises $3 to $6
Sirocko: raises $3 to $9
KonioDaSilva: calls $3
*** FLOP *** [2s 3s 5c]
Sirocko: bets $3
KonioDaSilva: calls $3
*** TURN *** [2s 3s 5c] [Kc]
Sirocko: bets $6
KonioDaSilva: folds
Uncalled bet ($6) returned to Sirocko
Sirocko collected $23.52 from pot
Sirocko: doesn't show hand
*** SUMMARY ***
Total pot $24 | Rake $0.48
Board [2s 3s 5c Kc]
Seat 2: KonioDaSilva (button) (small blind) folded on the Turn
Seat 5: Sirocko (big blind) collected ($23.52)


PokerStars Hand #149028917749:  Hold'em Limit ($3/$6 USD) - 2016/02/18 16:11:52 ET
Table 'Aquitania II' 6-max Seat #5 is the button
Seat 2: KonioDaSilva ($64.71 in chips)
Seat 5: Sirocko ($76 in chips)
Sirocko: posts small blind $1
KonioDaSilva: posts big blind $3
*** HOLE CARDS ***
Sirocko: raises $3 to $6
KonioDaSilva: calls $3
*** FLOP *** [Ts 9d 3c]
KonioDaSilva: checks
Sirocko: bets $3
KonioDaSilva: calls $3
*** TURN *** [Ts 9d 3c] [Qh]
KonioDaSilva: checks
Sirocko: bets $6
KonioDaSilva: raises $6 to $12
Sirocko: folds
Uncalled bet ($6) returned to KonioDaSilva
KonioDaSilva collected $29.50 from pot
KonioDaSilva: doesn't show hand
*** SUMMARY ***
Total pot $30 | Rake $0.50
Board [Ts 9d 3c Qh]
Seat 2: KonioDaSilva (big blind) collected ($29.50)
Seat 5: Sirocko (button) (small blind) folded on the Turn


PokerStars Hand #149028940364:  Hold'em Limit ($3/$6 USD) - 2016/02/18 16:12:14 ET
Table 'Aquitania II' 6-max Seat #2 is the button
Seat 2: KonioDaSilva ($79.21 in chips)
Seat 5: Sirocko ($72 in chips)
KonioDaSilva: posts small blind $1
Sirocko: posts big blind $3
*** HOLE CARDS ***
KonioDaSilva: raises $3 to $6
Sirocko: calls $3
*** FLOP *** [Jd Ah 9c]
Sirocko: checks
KonioDaSilva: bets $3
Sirocko: calls $3
*** TURN *** [Jd Ah 9c] [Qd]
Sirocko: checks
KonioDaSilva: checks
*** RIVER *** [Jd Ah 9c Qd] [Ks]
Sirocko: checks
KonioDaSilva: bets $6
Sirocko: calls $6
*** SHOW DOWN ***
KonioDaSilva: shows [Ts Qc] (a straight, Ten to Ace)
Sirocko: mucks hand
KonioDaSilva collected $29.50 from pot
*** SUMMARY ***
Total pot $30 | Rake $0.50
Board [Jd Ah 9c Qd Ks]
Seat 2: KonioDaSilva (button) (small blind) showed [Ts Qc] and won ($29.50) with a straight, Ten to Ace
Seat 5: Sirocko (big blind) mucked


PokerStars Hand #149028996912:  Hold'em Limit ($3/$6 USD) - 2016/02/18 16:13:07 ET
Table 'Aquitania II' 6-max Seat #5 is the button
Seat 2: KonioDaSilva ($78.71 in chips)
Seat 5: Sirocko ($86.52 in chips)
Sirocko: posts small blind $1
KonioDaSilva: posts big blind $3
*** HOLE CARDS ***
Sirocko: raises $3 to $6
KonioDaSilva: calls $3
*** FLOP *** [Kh Qc Ad]
KonioDaSilva: checks
Sirocko: bets $3
KonioDaSilva: calls $3
*** TURN *** [Kh Qc Ad] [9h]
KonioDaSilva: checks
Sirocko: checks
*** RIVER *** [Kh Qc Ad 9h] [Kd]
KonioDaSilva: checks
Sirocko: checks
*** SHOW DOWN ***
KonioDaSilva: shows [Ts 3s] (a pair of Kings)
Sirocko: mucks hand
KonioDaSilva collected $17.64 from pot
*** SUMMARY ***
Total pot $18 | Rake $0.36
Board [Kh Qc Ad 9h Kd]
Seat 2: KonioDaSilva (big blind) showed [Ts 3s] and won ($17.64) with a pair of Kings
Seat 5: Sirocko (button) (small blind) mucked


