PokerStars Hand #149407619091:  Hold'em Limit ($3/$6 USD) - 2016/02/25 15:33:34 ET
Table 'Aquitania' 6-max Seat #4 is the button
Seat 3: RowntreWilly ($35.76 in chips)
Seat 4: AzureCaper ($73 in chips)
AzureCaper: posts small blind $1
RowntreWilly: posts big blind $3
*** HOLE CARDS ***
AzureCaper: raises $3 to $6
RowntreWilly: calls $3
*** FLOP *** [9c Ac Js]
RowntreWilly: checks
AzureCaper: bets $3
RowntreWilly: calls $3
*** TURN *** [9c Ac Js] [6d]
RowntreWilly: checks
AzureCaper: checks
*** RIVER *** [9c Ac Js 6d] [Jd]
RowntreWilly: bets $6
AzureCaper: folds
Uncalled bet ($6) returned to RowntreWilly
RowntreWilly collected $17.64 from pot
RowntreWilly: doesn't show hand
*** SUMMARY ***
Total pot $18 | Rake $0.36
Board [9c Ac Js 6d Jd]
Seat 3: RowntreWilly (big blind) collected ($17.64)
Seat 4: AzureCaper (button) (small blind) folded on the River


PokerStars Hand #149407708585:  Hold'em Limit ($3/$6 USD) - 2016/02/25 15:35:04 ET
Table 'Aquitania' 6-max Seat #3 is the button
Seat 3: RowntreWilly ($57.90 in chips)
Seat 4: AzureCaper ($72 in chips)
RowntreWilly: posts small blind $1
AzureCaper: posts big blind $3
*** HOLE CARDS ***
RowntreWilly: folds
Uncalled bet ($2) returned to AzureCaper
AzureCaper collected $2 from pot
AzureCaper: doesn't show hand
*** SUMMARY ***
Total pot $2 | Rake $0
Seat 3: RowntreWilly (button) (small blind) folded before Flop
Seat 4: AzureCaper (big blind) collected ($2)


PokerStars Hand #149407684629:  Hold'em Limit ($3/$6 USD) - 2016/02/25 15:34:40 ET
Table 'Aquitania' 6-max Seat #4 is the button
Seat 3: RowntreWilly ($37.40 in chips)
Seat 4: AzureCaper ($78.88 in chips)
AzureCaper: posts small blind $1
RowntreWilly: posts big blind $3
*** HOLE CARDS ***
GoliafUa leaves the table
alexfer999 joins the table at seat #6
AzureCaper: raises $3 to $6
RowntreWilly: calls $3
*** FLOP *** [Kd 8d Tc]
RowntreWilly: checks
AzureCaper: bets $3
RowntreWilly: calls $3
*** TURN *** [Kd 8d Tc] [4d]
RowntreWilly: checks
AzureCaper: bets $6
RowntreWilly: raises $6 to $12
AzureCaper: calls $6
*** RIVER *** [Kd 8d Tc 4d] [Ac]
RowntreWilly: bets $6
AzureCaper: folds
Uncalled bet ($6) returned to RowntreWilly
RowntreWilly collected $41.50 from pot
RowntreWilly: doesn't show hand
*** SUMMARY ***
Total pot $42 | Rake $0.50
Board [Kd 8d Tc 4d Ac]
Seat 3: RowntreWilly (big blind) collected ($41.50)
Seat 4: AzureCaper (button) (small blind) folded on the River


PokerStars Hand #149407680259:  Hold'em Limit ($3/$6 USD) - 2016/02/25 15:34:35 ET
Table 'Aquitania' 6-max Seat #3 is the button
Seat 3: RowntreWilly ($38.40 in chips)
Seat 4: AzureCaper ($77.88 in chips)
RowntreWilly: posts small blind $1
AzureCaper: posts big blind $3
*** HOLE CARDS ***
RowntreWilly: folds
Uncalled bet ($2) returned to AzureCaper
AzureCaper collected $2 from pot
AzureCaper: doesn't show hand
*** SUMMARY ***
Total pot $2 | Rake $0
Seat 3: RowntreWilly (button) (small blind) folded before Flop
Seat 4: AzureCaper (big blind) collected ($2)


PokerStars Hand #149407674092:  Hold'em Limit ($3/$6 USD) - 2016/02/25 15:34:29 ET
Table 'Aquitania' 6-max Seat #4 is the button
Seat 3: RowntreWilly ($41.40 in chips)
Seat 4: AzureCaper ($74.88 in chips)
AzureCaper: posts small blind $1
RowntreWilly: posts big blind $3
*** HOLE CARDS ***
AzureCaper: raises $3 to $6
RowntreWilly: folds
Uncalled bet ($3) returned to AzureCaper
AzureCaper collected $6 from pot
AzureCaper: doesn't show hand
*** SUMMARY ***
Total pot $6 | Rake $0
Seat 3: RowntreWilly (big blind) folded before Flop
Seat 4: AzureCaper (button) (small blind) collected ($6)


PokerStars Hand #149407660606:  Hold'em Limit ($3/$6 USD) - 2016/02/25 15:34:16 ET
Table 'Aquitania' 6-max Seat #3 is the button
Seat 3: RowntreWilly ($44.40 in chips)
Seat 4: AzureCaper ($72 in chips)
RowntreWilly: posts small blind $1
AzureCaper: posts big blind $3
*** HOLE CARDS ***
RowntreWilly: calls $2
AzureCaper: checks
*** FLOP *** [7c Qd 6h]
AzureCaper: bets $3
RowntreWilly: folds
Uncalled bet ($3) returned to AzureCaper
AzureCaper collected $5.88 from pot
AzureCaper: doesn't show hand
*** SUMMARY ***
Total pot $6 | Rake $0.12
Board [7c Qd 6h]
Seat 3: RowntreWilly (button) (small blind) folded on the Flop
Seat 4: AzureCaper (big blind) collected ($5.88)


PokerStars Hand #149407655819:  Hold'em Limit ($3/$6 USD) - 2016/02/25 15:34:11 ET
Table 'Aquitania' 6-max Seat #4 is the button
Seat 3: RowntreWilly ($43.40 in chips)
Seat 4: AzureCaper ($73 in chips)
AzureCaper: posts small blind $1
RowntreWilly: posts big blind $3
*** HOLE CARDS ***
AzureCaper: folds
Uncalled bet ($2) returned to RowntreWilly
RowntreWilly collected $2 from pot
RowntreWilly: doesn't show hand
*** SUMMARY ***
Total pot $2 | Rake $0
Seat 3: RowntreWilly (big blind) collected ($2)
Seat 4: AzureCaper (button) (small blind) folded before Flop


PokerStars Hand #149407649767:  Hold'em Limit ($3/$6 USD) - 2016/02/25 15:34:05 ET
Table 'Aquitania' 6-max Seat #3 is the button
Seat 3: RowntreWilly ($44.40 in chips)
Seat 4: AzureCaper ($72 in chips)
RowntreWilly: posts small blind $1
AzureCaper: posts big blind $3
*** HOLE CARDS ***
RowntreWilly: folds
Uncalled bet ($2) returned to AzureCaper
AzureCaper collected $2 from pot
AzureCaper: doesn't show hand
*** SUMMARY ***
Total pot $2 | Rake $0
Seat 3: RowntreWilly (button) (small blind) folded before Flop
Seat 4: AzureCaper (big blind) collected ($2)


PokerStars Hand #149408806528:  Hold'em Limit ($3/$6 USD) - 2016/02/25 15:53:24 ET
Table 'Aquitania' 6-max Seat #6 is the button
Seat 3: RowntreWilly ($76.70 in chips)
Seat 6: alexfer999 ($145.56 in chips)
alexfer999: posts small blind $1
Mordnilap: is sitting out
RowntreWilly: posts big blind $3
*** HOLE CARDS ***
alexfer999: raises $3 to $6
RowntreWilly: calls $3
*** FLOP *** [6c As 5c]
Mordnilap leaves the table
RowntreWilly: checks
alexfer999: bets $3
RowntreWilly: calls $3
*** TURN *** [6c As 5c] [9d]
RowntreWilly: checks
alexfer999: checks
*** RIVER *** [6c As 5c 9d] [Ac]
RowntreWilly: bets $6
alexfer999: folds
Uncalled bet ($6) returned to RowntreWilly
RowntreWilly collected $17.64 from pot
RowntreWilly: doesn't show hand
*** SUMMARY ***
Total pot $18 | Rake $0.36
Board [6c As 5c 9d Ac]
Seat 3: RowntreWilly (big blind) collected ($17.64)
Seat 6: alexfer999 (button) (small blind) folded on the River


PokerStars Hand #149408840553:  Hold'em Limit ($3/$6 USD) - 2016/02/25 15:53:57 ET
Table 'Aquitania' 6-max Seat #3 is the button
Seat 3: RowntreWilly ($85.34 in chips)
Seat 6: alexfer999 ($136.56 in chips)
RowntreWilly: posts small blind $1
alexfer999: posts big blind $3
*** HOLE CARDS ***
RowntreWilly: calls $2
alexfer999: checks
*** FLOP *** [Qc 6d 5c]
alexfer999: checks
RowntreWilly: bets $3
alexfer999: calls $3
*** TURN *** [Qc 6d 5c] [8d]
alexfer999: checks
RowntreWilly: bets $6
alexfer999: calls $6
*** RIVER *** [Qc 6d 5c 8d] [Jd]
alexfer999: checks
5PRUT5 joins the table at seat #4
RowntreWilly: checks
*** SHOW DOWN ***
alexfer999: shows [5s Jc] (two pair, Jacks and Fives)
RowntreWilly: mucks hand
alexfer999 collected $23.52 from pot
*** SUMMARY ***
Total pot $24 | Rake $0.48
Board [Qc 6d 5c 8d Jd]
Seat 3: RowntreWilly (button) (small blind) mucked
Seat 6: alexfer999 (big blind) showed [5s Jc] and won ($23.52) with two pair, Jacks and Fives


PokerStars Hand #149408872559:  Hold'em Limit ($3/$6 USD) - 2016/02/25 15:54:29 ET
Table 'Aquitania' 6-max Seat #6 is the button
Seat 3: RowntreWilly ($73.34 in chips)
Seat 6: alexfer999 ($148.08 in chips)
alexfer999: posts small blind $1
RowntreWilly: posts big blind $3
*** HOLE CARDS ***
alexfer999: raises $3 to $6
RowntreWilly: calls $3
*** FLOP *** [8h 5c Ad]
RowntreWilly: checks
alexfer999: checks
*** TURN *** [8h 5c Ad] [5h]
RowntreWilly: bets $6
alexfer999: calls $6
*** RIVER *** [8h 5c Ad 5h] [Th]
RowntreWilly: bets $6
alexfer999: calls $6
*** SHOW DOWN ***
RowntreWilly: shows [Jd 5d] (three of a kind, Fives)
alexfer999: mucks hand
RowntreWilly collected $35.50 from pot
*** SUMMARY ***
Total pot $36 | Rake $0.50
Board [8h 5c Ad 5h Th]
Seat 3: RowntreWilly (big blind) showed [Jd 5d] and won ($35.50) with three of a kind, Fives
Seat 6: alexfer999 (button) (small blind) mucked


PokerStars Hand #149408932272:  Hold'em Limit ($3/$6 USD) - 2016/02/25 15:55:35 ET
Table 'Aquitania' 6-max Seat #4 is the button
Seat 4: 5PRUT5 ($39.43 in chips)
Seat 6: alexfer999 ($121.08 in chips)
5PRUT5: posts small blind $1
alexfer999: posts big blind $3
*** HOLE CARDS ***
5PRUT5: raises $3 to $6
alexfer999: folds
Uncalled bet ($3) returned to 5PRUT5
5PRUT5 collected $6 from pot
5PRUT5: doesn't show hand
*** SUMMARY ***
Total pot $6 | Rake $0
Seat 4: 5PRUT5 (button) (small blind) collected ($6)
Seat 6: alexfer999 (big blind) folded before Flop


