PokerStars Hand #144779721788:  Hold'em Limit ($3/$6 USD) - 2015/12/03 17:25:03 ET
Table 'Aquilegia' 6-max Seat #2 is the button
Seat 2: jacks69n ($250.46 in chips)
Seat 5: eurooppa50 ($387.32 in chips)
jacks69n: posts small blind $1
BelSv: is sitting out
eurooppa50: posts big blind $3
*** HOLE CARDS ***
jacks69n: calls $2
BelSv leaves the table
eurooppa50: checks
*** FLOP *** [7s Ks 5c]
eurooppa50: checks
jacks69n: checks
*** TURN *** [7s Ks 5c] [2h]
eurooppa50: checks
jacks69n: checks
*** RIVER *** [7s Ks 5c 2h] [Kh]
eurooppa50: checks
jacks69n: checks
*** SHOW DOWN ***
eurooppa50: shows [9h 3h] (a pair of Kings)
jacks69n: shows [8c As] (a pair of Kings - Ace kicker)
jacks69n collected $5.88 from pot
*** SUMMARY ***
Total pot $6 | Rake $0.12
Board [7s Ks 5c 2h Kh]
Seat 2: jacks69n (button) (small blind) showed [8c As] and won ($5.88) with a pair of Kings
Seat 5: eurooppa50 (big blind) showed [9h 3h] and lost with a pair of Kings


PokerStars Hand #144779750954:  Hold'em Limit ($3/$6 USD) - 2015/12/03 17:25:36 ET
Table 'Aquilegia' 6-max Seat #5 is the button
Seat 2: jacks69n ($253.34 in chips)
Seat 5: eurooppa50 ($384.32 in chips)
eurooppa50: posts small blind $1
jacks69n: posts big blind $3
*** HOLE CARDS ***
eurooppa50: raises $3 to $6
jacks69n: folds
Uncalled bet ($3) returned to eurooppa50
eurooppa50 collected $6 from pot
eurooppa50: doesn't show hand
*** SUMMARY ***
Total pot $6 | Rake $0
Seat 2: jacks69n (big blind) folded before Flop
Seat 5: eurooppa50 (button) (small blind) collected ($6)


PokerStars Hand #144779762993:  Hold'em Limit ($3/$6 USD) - 2015/12/03 17:25:49 ET
Table 'Aquilegia' 6-max Seat #5 is the button
Seat 2: jacks69n ($249.34 in chips)
Seat 5: eurooppa50 ($388.32 in chips)
eurooppa50: posts small blind $1
jacks69n: posts big blind $3
*** HOLE CARDS ***
eurooppa50: folds
Uncalled bet ($2) returned to jacks69n
jacks69n collected $2 from pot
jacks69n: doesn't show hand
*** SUMMARY ***
Total pot $2 | Rake $0
Seat 2: jacks69n (big blind) collected ($2)
Seat 5: eurooppa50 (button) (small blind) folded before Flop


PokerStars Hand #144779757576:  Hold'em Limit ($3/$6 USD) - 2015/12/03 17:25:43 ET
Table 'Aquilegia' 6-max Seat #2 is the button
Seat 2: jacks69n ($250.34 in chips)
Seat 5: eurooppa50 ($387.32 in chips)
jacks69n: posts small blind $1
eurooppa50: posts big blind $3
*** HOLE CARDS ***
jacks69n: folds
Uncalled bet ($2) returned to eurooppa50
eurooppa50 collected $2 from pot
eurooppa50: doesn't show hand
*** SUMMARY ***
Total pot $2 | Rake $0
Seat 2: jacks69n (button) (small blind) folded before Flop
Seat 5: eurooppa50 (big blind) collected ($2)


PokerStars Hand #144779768008:  Hold'em Limit ($3/$6 USD) - 2015/12/03 17:25:55 ET
Table 'Aquilegia' 6-max Seat #2 is the button
Seat 2: jacks69n ($250.34 in chips)
Seat 5: eurooppa50 ($387.32 in chips)
jacks69n: posts small blind $1
eurooppa50: posts big blind $3
*** HOLE CARDS ***
jacks69n: folds
Uncalled bet ($2) returned to eurooppa50
eurooppa50 collected $2 from pot
eurooppa50: doesn't show hand
*** SUMMARY ***
Total pot $2 | Rake $0
Seat 2: jacks69n (button) (small blind) folded before Flop
Seat 5: eurooppa50 (big blind) collected ($2)


PokerStars Hand #144779778264:  Hold'em Limit ($3/$6 USD) - 2015/12/03 17:26:07 ET
Table 'Aquilegia' 6-max Seat #5 is the button
Seat 2: jacks69n ($249.34 in chips)
Seat 5: eurooppa50 ($388.32 in chips)
eurooppa50: posts small blind $1
jacks69n: posts big blind $3
*** HOLE CARDS ***
eurooppa50: raises $3 to $6
jacks69n: folds
Uncalled bet ($3) returned to eurooppa50
eurooppa50 collected $6 from pot
eurooppa50: doesn't show hand
*** SUMMARY ***
Total pot $6 | Rake $0
Seat 2: jacks69n (big blind) folded before Flop
Seat 5: eurooppa50 (button) (small blind) collected ($6)


PokerStars Hand #144779801219:  Hold'em Limit ($3/$6 USD) - 2015/12/03 17:26:32 ET
Table 'Aquilegia' 6-max Seat #2 is the button
Seat 2: jacks69n ($250.34 in chips)
Seat 5: eurooppa50 ($387.32 in chips)
jacks69n: posts small blind $1
eurooppa50: posts big blind $3
*** HOLE CARDS ***
jacks69n: folds
Uncalled bet ($2) returned to eurooppa50
eurooppa50 collected $2 from pot
eurooppa50: doesn't show hand
*** SUMMARY ***
Total pot $2 | Rake $0
Seat 2: jacks69n (button) (small blind) folded before Flop
Seat 5: eurooppa50 (big blind) collected ($2)


PokerStars Hand #144779795709:  Hold'em Limit ($3/$6 USD) - 2015/12/03 17:26:26 ET
Table 'Aquilegia' 6-max Seat #5 is the button
Seat 2: jacks69n ($249.34 in chips)
Seat 5: eurooppa50 ($388.32 in chips)
eurooppa50: posts small blind $1
jacks69n: posts big blind $3
*** HOLE CARDS ***
eurooppa50: folds
Uncalled bet ($2) returned to jacks69n
jacks69n collected $2 from pot
jacks69n: doesn't show hand
*** SUMMARY ***
Total pot $2 | Rake $0
Seat 2: jacks69n (big blind) collected ($2)
Seat 5: eurooppa50 (button) (small blind) folded before Flop


PokerStars Hand #144779785240:  Hold'em Limit ($3/$6 USD) - 2015/12/03 17:26:14 ET
Table 'Aquilegia' 6-max Seat #2 is the button
Seat 2: jacks69n ($246.34 in chips)
Seat 5: eurooppa50 ($391.32 in chips)
jacks69n: posts small blind $1
eurooppa50: posts big blind $3
*** HOLE CARDS ***
jacks69n: raises $3 to $6
eurooppa50: folds
Uncalled bet ($3) returned to jacks69n
jacks69n collected $6 from pot
jacks69n: doesn't show hand
*** SUMMARY ***
Total pot $6 | Rake $0
Seat 2: jacks69n (button) (small blind) collected ($6)
Seat 5: eurooppa50 (big blind) folded before Flop


PokerStars Hand #144779810729:  Hold'em Limit ($3/$6 USD) - 2015/12/03 17:26:43 ET
Table 'Aquilegia' 6-max Seat #2 is the button
Seat 2: jacks69n ($250.34 in chips)
Seat 5: eurooppa50 ($387.32 in chips)
jacks69n: posts small blind $1
eurooppa50: posts big blind $3
*** HOLE CARDS ***
jacks69n: folds
Uncalled bet ($2) returned to eurooppa50
eurooppa50 collected $2 from pot
eurooppa50: doesn't show hand
*** SUMMARY ***
Total pot $2 | Rake $0
Seat 2: jacks69n (button) (small blind) folded before Flop
Seat 5: eurooppa50 (big blind) collected ($2)


PokerStars Hand #144779805573:  Hold'em Limit ($3/$6 USD) - 2015/12/03 17:26:37 ET
Table 'Aquilegia' 6-max Seat #5 is the button
Seat 2: jacks69n ($249.34 in chips)
Seat 5: eurooppa50 ($388.32 in chips)
eurooppa50: posts small blind $1
jacks69n: posts big blind $3
*** HOLE CARDS ***
eurooppa50: folds
Uncalled bet ($2) returned to jacks69n
jacks69n collected $2 from pot
jacks69n: doesn't show hand
*** SUMMARY ***
Total pot $2 | Rake $0
Seat 2: jacks69n (big blind) collected ($2)
Seat 5: eurooppa50 (button) (small blind) folded before Flop


PokerStars Hand #144779816619:  Hold'em Limit ($3/$6 USD) - 2015/12/03 17:26:50 ET
Table 'Aquilegia' 6-max Seat #5 is the button
Seat 2: jacks69n ($249.34 in chips)
Seat 5: eurooppa50 ($388.32 in chips)
eurooppa50: posts small blind $1
jacks69n: posts big blind $3
*** HOLE CARDS ***
eurooppa50: raises $3 to $6
jacks69n: raises $3 to $9
eurooppa50: calls $3
*** FLOP *** [Jc 5h Ts]
jacks69n: bets $3
eurooppa50: folds
Uncalled bet ($3) returned to jacks69n
jacks69n collected $17.64 from pot
jacks69n: doesn't show hand
*** SUMMARY ***
Total pot $18 | Rake $0.36
Board [Jc 5h Ts]
Seat 2: jacks69n (big blind) collected ($17.64)
Seat 5: eurooppa50 (button) (small blind) folded on the Flop


PokerStars Hand #144779851076:  Hold'em Limit ($3/$6 USD) - 2015/12/03 17:27:29 ET
Table 'Aquilegia' 6-max Seat #2 is the button
Seat 2: jacks69n ($257.98 in chips)
Seat 5: eurooppa50 ($379.32 in chips)
jacks69n: posts small blind $1
eurooppa50: posts big blind $3
*** HOLE CARDS ***
jacks69n: folds
Uncalled bet ($2) returned to eurooppa50
eurooppa50 collected $2 from pot
eurooppa50: doesn't show hand
*** SUMMARY ***
Total pot $2 | Rake $0
Seat 2: jacks69n (button) (small blind) folded before Flop
Seat 5: eurooppa50 (big blind) collected ($2)


PokerStars Hand #144779844650:  Hold'em Limit ($3/$6 USD) - 2015/12/03 17:27:22 ET
Table 'Aquilegia' 6-max Seat #5 is the button
Seat 2: jacks69n ($256.98 in chips)
Seat 5: eurooppa50 ($380.32 in chips)
eurooppa50: posts small blind $1
jacks69n: posts big blind $3
*** HOLE CARDS ***
eurooppa50: folds
Uncalled bet ($2) returned to jacks69n
jacks69n collected $2 from pot
jacks69n: doesn't show hand
*** SUMMARY ***
Total pot $2 | Rake $0
Seat 2: jacks69n (big blind) collected ($2)
Seat 5: eurooppa50 (button) (small blind) folded before Flop


PokerStars Hand #144779834641:  Hold'em Limit ($3/$6 USD) - 2015/12/03 17:27:10 ET
Table 'Aquilegia' 6-max Seat #2 is the button
Seat 2: jacks69n ($257.98 in chips)
Seat 5: eurooppa50 ($379.32 in chips)
jacks69n: posts small blind $1
eurooppa50: posts big blind $3
*** HOLE CARDS ***
jacks69n: folds
Uncalled bet ($2) returned to eurooppa50
eurooppa50 collected $2 from pot
eurooppa50: doesn't show hand
*** SUMMARY ***
Total pot $2 | Rake $0
Seat 2: jacks69n (button) (small blind) folded before Flop
Seat 5: eurooppa50 (big blind) collected ($2)


PokerStars Hand #144779856692:  Hold'em Limit ($3/$6 USD) - 2015/12/03 17:27:35 ET
Table 'Aquilegia' 6-max Seat #5 is the button
Seat 2: jacks69n ($256.98 in chips)
Seat 5: eurooppa50 ($380.32 in chips)
eurooppa50: posts small blind $1
jacks69n: posts big blind $3
*** HOLE CARDS ***
eurooppa50: folds
Uncalled bet ($2) returned to jacks69n
jacks69n collected $2 from pot
jacks69n: doesn't show hand
*** SUMMARY ***
Total pot $2 | Rake $0
Seat 2: jacks69n (big blind) collected ($2)
Seat 5: eurooppa50 (button) (small blind) folded before Flop


PokerStars Hand #144779880495:  Hold'em Limit ($3/$6 USD) - 2015/12/03 17:28:03 ET
Table 'Aquilegia' 6-max Seat #5 is the button
Seat 2: jacks69n ($251.98 in chips)
Seat 5: eurooppa50 ($385.08 in chips)
eurooppa50: posts small blind $1
jacks69n: posts big blind $3
*** HOLE CARDS ***
eurooppa50: folds
Uncalled bet ($2) returned to jacks69n
mikeman2058 joins the table at seat #3
jacks69n collected $2 from pot
jacks69n: doesn't show hand
*** SUMMARY ***
Total pot $2 | Rake $0
Seat 2: jacks69n (big blind) collected ($2)
Seat 5: eurooppa50 (button) (small blind) folded before Flop


PokerStars Hand #144779865357:  Hold'em Limit ($3/$6 USD) - 2015/12/03 17:27:45 ET
Table 'Aquilegia' 6-max Seat #2 is the button
Seat 2: jacks69n ($257.98 in chips)
Seat 5: eurooppa50 ($379.32 in chips)
jacks69n: posts small blind $1
eurooppa50: posts big blind $3
*** HOLE CARDS ***
jacks69n: raises $3 to $6
eurooppa50: calls $3
*** FLOP *** [Jh Ah 6s]
eurooppa50: bets $3
jacks69n: folds
Uncalled bet ($3) returned to eurooppa50
eurooppa50 collected $11.76 from pot
eurooppa50: doesn't show hand
*** SUMMARY ***
Total pot $12 | Rake $0.24
Board [Jh Ah 6s]
Seat 2: jacks69n (button) (small blind) folded on the Flop
Seat 5: eurooppa50 (big blind) collected ($11.76)


