PokerStars Hand #155681372679:  Hold'em Limit ($3/$6 USD) - 2016/07/07 13:51:20 ET
Table 'Aquitania III' 6-max Seat #6 is the button
Seat 4: VolkovDmitri ($120 in chips)
Seat 6: Vincenzo Vs ($120 in chips)
Vincenzo Vs: posts small blind $1
VolkovDmitri: posts big blind $3
*** HOLE CARDS ***
Vincenzo Vs: folds
Uncalled bet ($2) returned to VolkovDmitri
VolkovDmitri collected $2 from pot
*** SUMMARY ***
Total pot $2 | Rake $0
Seat 4: VolkovDmitri (big blind) collected ($2)
Seat 6: Vincenzo Vs (button) (small blind) folded before Flop


PokerStars Hand #155681377097:  Hold'em Limit ($3/$6 USD) - 2016/07/07 13:51:27 ET
Table 'Aquitania III' 6-max Seat #4 is the button
Seat 4: VolkovDmitri ($121 in chips)
Seat 6: Vincenzo Vs ($119 in chips)
VolkovDmitri: posts small blind $1
Vincenzo Vs: posts big blind $3
*** HOLE CARDS ***
VolkovDmitri: raises $3 to $6
Vincenzo Vs: raises $3 to $9
Pelurile joins the table at seat #1
VolkovDmitri: raises $3 to $12
Betting is capped
Vincenzo Vs: calls $3
*** FLOP *** [9s 2h 3c]
Vincenzo Vs: checks
VolkovDmitri: bets $3
Vincenzo Vs: calls $3
*** TURN *** [9s 2h 3c] [8c]
Vincenzo Vs: checks
VolkovDmitri: bets $6
Vincenzo Vs: calls $6
*** RIVER *** [9s 2h 3c 8c] [3h]
Vincenzo Vs: checks
VolkovDmitri: checks
*** SHOW DOWN ***
Vincenzo Vs: shows [Kd Qs] (a pair of Threes)
VolkovDmitri: shows [6h As] (a pair of Threes - Ace kicker)
VolkovDmitri collected $41.50 from pot
*** SUMMARY ***
Total pot $42 | Rake $0.50
Board [9s 2h 3c 8c 3h]
Seat 4: VolkovDmitri (button) (small blind) showed [6h As] and won ($41.50) with a pair of Threes
Seat 6: Vincenzo Vs (big blind) showed [Kd Qs] and lost with a pair of Threes


PokerStars Hand #155681544583:  Hold'em Limit ($3/$6 USD) - 2016/07/07 13:56:06 ET
Table 'Aquitania III' 6-max Seat #1 is the button
Seat 1: Pelurile ($98.32 in chips)
Seat 6: Vincenzo Vs ($79 in chips)
Pelurile: posts small blind $1
VolkovDmitri: is sitting out
Vincenzo Vs: posts big blind $3
*** HOLE CARDS ***
Pelurile: raises $3 to $6
Vincenzo Vs: calls $3
*** FLOP *** [2c 2d 4d]
Vincenzo Vs: checks
Pelurile: bets $3
Vincenzo Vs: folds
Uncalled bet ($3) returned to Pelurile
Pelurile collected $11.76 from pot
Pelurile: doesn't show hand
*** SUMMARY ***
Total pot $12 | Rake $0.24
Board [2c 2d 4d]
Seat 1: Pelurile (button) (small blind) collected ($11.76)
Seat 6: Vincenzo Vs (big blind) folded on the Flop


PokerStars Hand #155681555892:  Hold'em Limit ($3/$6 USD) - 2016/07/07 13:56:29 ET
Table 'Aquitania III' 6-max Seat #6 is the button
Seat 1: Pelurile ($104.08 in chips)
Seat 6: Vincenzo Vs ($73 in chips)
Vincenzo Vs: posts small blind $1
Pelurile: posts big blind $3
*** HOLE CARDS ***
Vincenzo Vs: raises $3 to $6
Pelurile: calls $3
*** FLOP *** [Ah 9c 2d]
Pelurile: checks
Vincenzo Vs: bets $3
Pelurile: folds
Uncalled bet ($3) returned to Vincenzo Vs
Vincenzo Vs collected $11.76 from pot
Vincenzo Vs: doesn't show hand
*** SUMMARY ***
Total pot $12 | Rake $0.24
Board [Ah 9c 2d]
Seat 1: Pelurile (big blind) folded on the Flop
Seat 6: Vincenzo Vs (button) (small blind) collected ($11.76)


PokerStars Hand #155683454450:  Hold'em Limit ($3/$6 USD) - 2016/07/07 14:46:02 ET
Table 'Aquitania III' 6-max Seat #1 is the button
Seat 1: Mokiab ($56 in chips)
Seat 6: Chessnok ($179.42 in chips)
Mokiab: posts small blind $1
Chessnok: posts big blind $3
*** HOLE CARDS ***
Mokiab: raises $3 to $6
Chessnok: folds
Uncalled bet ($3) returned to Mokiab
Mokiab collected $6 from pot
Mokiab: doesn't show hand
*** SUMMARY ***
Total pot $6 | Rake $0
Seat 1: Mokiab (button) (small blind) collected ($6)
Seat 6: Chessnok (big blind) folded before Flop


PokerStars Hand #155683460743:  Hold'em Limit ($3/$6 USD) - 2016/07/07 14:46:12 ET
Table 'Aquitania III' 6-max Seat #6 is the button
Seat 1: Mokiab ($59 in chips)
Seat 6: Chessnok ($176.42 in chips)
Chessnok: posts small blind $1
Mokiab: posts big blind $3
*** HOLE CARDS ***
Chessnok: raises $3 to $6
Mokiab: raises $3 to $9
Chessnok: calls $3
*** FLOP *** [Ah 6s Jh]
Mokiab: bets $3
Chessnok: folds
Uncalled bet ($3) returned to Mokiab
Mokiab collected $17.64 from pot
Mokiab: doesn't show hand
*** SUMMARY ***
Total pot $18 | Rake $0.36
Board [Ah 6s Jh]
Seat 1: Mokiab (big blind) collected ($17.64)
Seat 6: Chessnok (button) (small blind) folded on the Flop


PokerStars Hand #155683469775:  Hold'em Limit ($3/$6 USD) - 2016/07/07 14:46:26 ET
Table 'Aquitania III' 6-max Seat #1 is the button
Seat 1: Mokiab ($67.64 in chips)
Seat 6: Chessnok ($167.42 in chips)
Mokiab: posts small blind $1
Chessnok: posts big blind $3
*** HOLE CARDS ***
Mokiab: folds
Uncalled bet ($2) returned to Chessnok
Chessnok collected $2 from pot
Chessnok: doesn't show hand
*** SUMMARY ***
Total pot $2 | Rake $0
Seat 1: Mokiab (button) (small blind) folded before Flop
Seat 6: Chessnok (big blind) collected ($2)


PokerStars Hand #155684172960:  Hold'em Limit ($3/$6 USD) - 2016/07/07 15:06:27 ET
Table 'Aquitania III' 6-max Seat #6 is the button
Seat 2: vicka555 ($143.55 in chips)
Seat 6: Chessnok ($255.16 in chips)
Chessnok: posts small blind $1
vicka555: posts big blind $3
*** HOLE CARDS ***
Chessnok: raises $3 to $6
vicka555: folds
Uncalled bet ($3) returned to Chessnok
Chessnok collected $6 from pot
Chessnok: doesn't show hand
*** SUMMARY ***
Total pot $6 | Rake $0
Seat 2: vicka555 (big blind) folded before Flop
Seat 6: Chessnok (button) (small blind) collected ($6)


PokerStars Hand #155684165877:  Hold'em Limit ($3/$6 USD) - 2016/07/07 15:06:15 ET
Table 'Aquitania III' 6-max Seat #2 is the button
Seat 2: vicka555 ($152.55 in chips)
Seat 6: Chessnok ($246.52 in chips)
vicka555: posts small blind $1
Chessnok: posts big blind $3
*** HOLE CARDS ***
vicka555: raises $3 to $6
Chessnok: raises $3 to $9
vicka555: calls $3
*** FLOP *** [Td 2d Ks]
Chessnok: bets $3
vicka555: folds
Uncalled bet ($3) returned to Chessnok
Chessnok collected $17.64 from pot
Chessnok: doesn't show hand
*** SUMMARY ***
Total pot $18 | Rake $0.36
Board [Td 2d Ks]
Seat 2: vicka555 (button) (small blind) folded on the Flop
Seat 6: Chessnok (big blind) collected ($17.64)


PokerStars Hand #155684162522:  Hold'em Limit ($3/$6 USD) - 2016/07/07 15:06:10 ET
Table 'Aquitania III' 6-max Seat #6 is the button
Seat 2: vicka555 ($155.55 in chips)
Seat 6: Chessnok ($243.52 in chips)
Chessnok: posts small blind $1
vicka555: posts big blind $3
*** HOLE CARDS ***
Chessnok: raises $3 to $6
vicka555: folds
Uncalled bet ($3) returned to Chessnok
Chessnok collected $6 from pot
Chessnok: doesn't show hand
*** SUMMARY ***
Total pot $6 | Rake $0
Seat 2: vicka555 (big blind) folded before Flop
Seat 6: Chessnok (button) (small blind) collected ($6)


PokerStars Hand #155684159619:  Hold'em Limit ($3/$6 USD) - 2016/07/07 15:06:05 ET
Table 'Aquitania III' 6-max Seat #2 is the button
Seat 2: vicka555 ($156.55 in chips)
Seat 6: Chessnok ($242.52 in chips)
vicka555: posts small blind $1
Chessnok: posts big blind $3
*** HOLE CARDS ***
vicka555: folds
Uncalled bet ($2) returned to Chessnok
Chessnok collected $2 from pot
Chessnok: doesn't show hand
*** SUMMARY ***
Total pot $2 | Rake $0
Seat 2: vicka555 (button) (small blind) folded before Flop
Seat 6: Chessnok (big blind) collected ($2)


PokerStars Hand #155684156151:  Hold'em Limit ($3/$6 USD) - 2016/07/07 15:06:00 ET
Table 'Aquitania III' 6-max Seat #6 is the button
Seat 2: vicka555 ($155.55 in chips)
Seat 6: Chessnok ($243.52 in chips)
Chessnok: posts small blind $1
vicka555: posts big blind $3
*** HOLE CARDS ***
Chessnok: folds
Uncalled bet ($2) returned to vicka555
vicka555 collected $2 from pot
vicka555: doesn't show hand
*** SUMMARY ***
Total pot $2 | Rake $0
Seat 2: vicka555 (big blind) collected ($2)
Seat 6: Chessnok (button) (small blind) folded before Flop


PokerStars Hand #155684176707:  Hold'em Limit ($3/$6 USD) - 2016/07/07 15:06:33 ET
Table 'Aquitania III' 6-max Seat #2 is the button
Seat 2: vicka555 ($140.55 in chips)
Seat 6: Chessnok ($258.16 in chips)
vicka555: posts small blind $1
Chessnok: posts big blind $3
*** HOLE CARDS ***
vicka555: raises $3 to $6
Chessnok: folds
Uncalled bet ($3) returned to vicka555
vicka555 collected $6 from pot
vicka555: doesn't show hand
*** SUMMARY ***
Total pot $6 | Rake $0
Seat 2: vicka555 (button) (small blind) collected ($6)
Seat 6: Chessnok (big blind) folded before Flop


PokerStars Hand #155684215086:  Hold'em Limit ($3/$6 USD) - 2016/07/07 15:07:38 ET
Table 'Aquitania III' 6-max Seat #2 is the button
Seat 2: vicka555 ($146.95 in chips)
Seat 6: Chessnok ($250.80 in chips)
vicka555: posts small blind $1
Chessnok: posts big blind $3
*** HOLE CARDS ***
vicka555: raises $3 to $6
Chessnok: folds
Uncalled bet ($3) returned to vicka555
vicka555 collected $6 from pot
vicka555: doesn't show hand
*** SUMMARY ***
Total pot $6 | Rake $0
Seat 2: vicka555 (button) (small blind) collected ($6)
Seat 6: Chessnok (big blind) folded before Flop


PokerStars Hand #155684210679:  Hold'em Limit ($3/$6 USD) - 2016/07/07 15:07:31 ET
Table 'Aquitania III' 6-max Seat #6 is the button
Seat 2: vicka555 ($149.95 in chips)
Seat 6: Chessnok ($247.80 in chips)
Chessnok: posts small blind $1
vicka555: posts big blind $3
*** HOLE CARDS ***
Chessnok: raises $3 to $6
vicka555: folds
Uncalled bet ($3) returned to Chessnok
Chessnok collected $6 from pot
Chessnok: doesn't show hand
*** SUMMARY ***
Total pot $6 | Rake $0
Seat 2: vicka555 (big blind) folded before Flop
Seat 6: Chessnok (button) (small blind) collected ($6)


PokerStars Hand #155684203879:  Hold'em Limit ($3/$6 USD) - 2016/07/07 15:07:19 ET
Table 'Aquitania III' 6-max Seat #2 is the button
Seat 2: vicka555 ($144.19 in chips)
Seat 6: Chessnok ($253.80 in chips)
vicka555: posts small blind $1
Chessnok: posts big blind $3
*** HOLE CARDS ***
vicka555: raises $3 to $6
Chessnok: calls $3
*** FLOP *** [5c Js 5d]
Chessnok: checks
vicka555: bets $3
Chessnok: folds
Uncalled bet ($3) returned to vicka555
vicka555 collected $11.76 from pot
vicka555: doesn't show hand
*** SUMMARY ***
Total pot $12 | Rake $0.24
Board [5c Js 5d]
Seat 2: vicka555 (button) (small blind) collected ($11.76)
Seat 6: Chessnok (big blind) folded on the Flop


PokerStars Hand #155684200690:  Hold'em Limit ($3/$6 USD) - 2016/07/07 15:07:14 ET
Table 'Aquitania III' 6-max Seat #6 is the button
Seat 2: vicka555 ($143.19 in chips)
Seat 6: Chessnok ($254.80 in chips)
Chessnok: posts small blind $1
vicka555: posts big blind $3
*** HOLE CARDS ***
Chessnok: folds
Uncalled bet ($2) returned to vicka555
vicka555 collected $2 from pot
vicka555: doesn't show hand
*** SUMMARY ***
Total pot $2 | Rake $0
Seat 2: vicka555 (big blind) collected ($2)
Seat 6: Chessnok (button) (small blind) folded before Flop


PokerStars Hand #155684191771:  Hold'em Limit ($3/$6 USD) - 2016/07/07 15:06:58 ET
Table 'Aquitania III' 6-max Seat #2 is the button
Seat 2: vicka555 ($152.19 in chips)
Seat 6: Chessnok ($246.16 in chips)
vicka555: posts small blind $1
Chessnok: posts big blind $3
*** HOLE CARDS ***
vicka555: raises $3 to $6
Chessnok: raises $3 to $9
vicka555: calls $3
*** FLOP *** [9h 8d 2s]
Chessnok: bets $3
vicka555: folds
Uncalled bet ($3) returned to Chessnok
Chessnok collected $17.64 from pot
Chessnok: doesn't show hand
*** SUMMARY ***
Total pot $18 | Rake $0.36
Board [9h 8d 2s]
Seat 2: vicka555 (button) (small blind) folded on the Flop
Seat 6: Chessnok (big blind) collected ($17.64)


PokerStars Hand #155684180991:  Hold'em Limit ($3/$6 USD) - 2016/07/07 15:06:40 ET
Table 'Aquitania III' 6-max Seat #6 is the button
Seat 2: vicka555 ($143.55 in chips)
Seat 6: Chessnok ($255.16 in chips)
Chessnok: posts small blind $1
vicka555: posts big blind $3
*** HOLE CARDS ***
Chessnok: raises $3 to $6
vicka555: calls $3
*** FLOP *** [8c Qc 5s]
vicka555: checks
Chessnok: bets $3
vicka555: calls $3
*** TURN *** [8c Qc 5s] [8h]
vicka555: checks
Chessnok: checks
*** RIVER *** [8c Qc 5s 8h] [8d]
vicka555: bets $6
Chessnok: folds
Uncalled bet ($6) returned to vicka555
vicka555 collected $17.64 from pot
vicka555: doesn't show hand
*** SUMMARY ***
Total pot $18 | Rake $0.36
Board [8c Qc 5s 8h 8d]
Seat 2: vicka555 (big blind) collected ($17.64)
Seat 6: Chessnok (button) (small blind) folded on the River


PokerStars Hand #155684242171:  Hold'em Limit ($3/$6 USD) - 2016/07/07 15:08:15 ET
Table 'Aquitania III' 6-max Seat #6 is the button
Seat 2: vicka555 ($143.59 in chips)
Seat 6: Chessnok ($253.30 in chips)
Chessnok: posts small blind $1
vicka555: posts big blind $3
*** HOLE CARDS ***
Chessnok: raises $3 to $6
vicka555: calls $3
*** FLOP *** [Kd Qh 3s]
vicka555: checks
Chessnok: bets $3
vicka555: calls $3
*** TURN *** [Kd Qh 3s] [3d]
vicka555: checks
Chessnok: checks
*** RIVER *** [Kd Qh 3s 3d] [5h]
vicka555: bets $6
Chessnok: calls $6
*** SHOW DOWN ***
vicka555: shows [5s Qs] (two pair, Queens and Fives)
Chessnok: mucks hand
vicka555 collected $29.50 from pot
*** SUMMARY ***
Total pot $30 | Rake $0.50
Board [Kd Qh 3s 3d 5h]
Seat 2: vicka555 (big blind) showed [5s Qs] and won ($29.50) with two pair, Queens and Fives
Seat 6: Chessnok (button) (small blind) mucked


PokerStars Hand #155684231418:  Hold'em Limit ($3/$6 USD) - 2016/07/07 15:07:58 ET
Table 'Aquitania III' 6-max Seat #2 is the button
Seat 2: vicka555 ($158.59 in chips)
Seat 6: Chessnok ($238.80 in chips)
vicka555: posts small blind $1
Chessnok: posts big blind $3
*** HOLE CARDS ***
vicka555: calls $2
Chessnok: raises $3 to $6
vicka555: calls $3
*** FLOP *** [8s Th 7c]
Chessnok: bets $3
vicka555: calls $3
*** TURN *** [8s Th 7c] [Qd]
Chessnok: bets $6
vicka555: calls $6
*** RIVER *** [8s Th 7c Qd] [8h]
Chessnok: checks
vicka555: checks
*** SHOW DOWN ***
Chessnok: shows [Kd Js] (a pair of Eights)
vicka555: mucks hand
Chessnok collected $29.50 from pot
*** SUMMARY ***
Total pot $30 | Rake $0.50
Board [8s Th 7c Qd 8h]
Seat 2: vicka555 (button) (small blind) mucked
Seat 6: Chessnok (big blind) showed [Kd Js] and won ($29.50) with a pair of Eights


PokerStars Hand #155684223595:  Hold'em Limit ($3/$6 USD) - 2016/07/07 15:07:45 ET
Table 'Aquitania III' 6-max Seat #6 is the button
Seat 2: vicka555 ($149.95 in chips)
Seat 6: Chessnok ($247.80 in chips)
Chessnok: posts small blind $1
vicka555: posts big blind $3
*** HOLE CARDS ***
Chessnok: raises $3 to $6
vicka555: raises $3 to $9
Chessnok: calls $3
*** FLOP *** [2s 6h Kc]
vicka555: bets $3
Chessnok: folds
Uncalled bet ($3) returned to vicka555
vicka555 collected $17.64 from pot
vicka555: doesn't show hand
*** SUMMARY ***
Total pot $18 | Rake $0.36
Board [2s 6h Kc]
Seat 2: vicka555 (big blind) collected ($17.64)
Seat 6: Chessnok (button) (small blind) folded on the Flop


PokerStars Hand #155684253139:  Hold'em Limit ($3/$6 USD) - 2016/07/07 15:08:34 ET
Table 'Aquitania III' 6-max Seat #2 is the button
Seat 2: vicka555 ($158.09 in chips)
Seat 6: Chessnok ($238.30 in chips)
vicka555: posts small blind $1
Chessnok: posts big blind $3
*** HOLE CARDS ***
vicka555: raises $3 to $6
Chessnok: folds
Uncalled bet ($3) returned to vicka555
vicka555 collected $6 from pot
vicka555: doesn't show hand
*** SUMMARY ***
Total pot $6 | Rake $0
Seat 2: vicka555 (button) (small blind) collected ($6)
Seat 6: Chessnok (big blind) folded before Flop


PokerStars Hand #155684275691:  Hold'em Limit ($3/$6 USD) - 2016/07/07 15:09:11 ET
Table 'Aquitania III' 6-max Seat #2 is the button
Seat 2: vicka555 ($143.09 in chips)
Seat 6: Chessnok ($252.70 in chips)
vicka555: posts small blind $1
Chessnok: posts big blind $3
*** HOLE CARDS ***
vicka555: raises $3 to $6
Chessnok: calls $3
*** FLOP *** [8d 5h 2h]
Chessnok: checks
vicka555: bets $3
Chessnok: folds
Uncalled bet ($3) returned to vicka555
vicka555 collected $11.76 from pot
vicka555: doesn't show hand
*** SUMMARY ***
Total pot $12 | Rake $0.24
Board [8d 5h 2h]
Seat 2: vicka555 (button) (small blind) collected ($11.76)
Seat 6: Chessnok (big blind) folded on the Flop


PokerStars Hand #155684272445:  Hold'em Limit ($3/$6 USD) - 2016/07/07 15:09:06 ET
Table 'Aquitania III' 6-max Seat #6 is the button
Seat 2: vicka555 ($146.09 in chips)
Seat 6: Chessnok ($249.70 in chips)
Chessnok: posts small blind $1
vicka555: posts big blind $3
*** HOLE CARDS ***
Chessnok: raises $3 to $6
vicka555: folds
Uncalled bet ($3) returned to Chessnok
Chessnok collected $6 from pot
Chessnok: doesn't show hand
*** SUMMARY ***
Total pot $6 | Rake $0
Seat 2: vicka555 (big blind) folded before Flop
Seat 6: Chessnok (button) (small blind) collected ($6)


PokerStars Hand #155684263719:  Hold'em Limit ($3/$6 USD) - 2016/07/07 15:08:51 ET
Table 'Aquitania III' 6-max Seat #2 is the button
Seat 2: vicka555 ($155.09 in chips)
Seat 6: Chessnok ($241.06 in chips)
vicka555: posts small blind $1
Chessnok: posts big blind $3
*** HOLE CARDS ***
vicka555: raises $3 to $6
Chessnok: raises $3 to $9
vicka555: calls $3
*** FLOP *** [Kh 8c Ts]
Chessnok: bets $3
vicka555: folds
Uncalled bet ($3) returned to Chessnok
Chessnok collected $17.64 from pot
Chessnok: doesn't show hand
*** SUMMARY ***
Total pot $18 | Rake $0.36
Board [Kh 8c Ts]
Seat 2: vicka555 (button) (small blind) folded on the Flop
Seat 6: Chessnok (big blind) collected ($17.64)


PokerStars Hand #155684257514:  Hold'em Limit ($3/$6 USD) - 2016/07/07 15:08:41 ET
Table 'Aquitania III' 6-max Seat #6 is the button
Seat 2: vicka555 ($161.09 in chips)
Seat 6: Chessnok ($235.30 in chips)
Chessnok: posts small blind $1
vicka555: posts big blind $3
*** HOLE CARDS ***
Chessnok: raises $3 to $6
vicka555: calls $3
*** FLOP *** [8h Qc Ad]
vicka555: checks
Chessnok: bets $3
vicka555: folds
Uncalled bet ($3) returned to Chessnok
Chessnok collected $11.76 from pot
Chessnok: doesn't show hand
*** SUMMARY ***
Total pot $12 | Rake $0.24
Board [8h Qc Ad]
Seat 2: vicka555 (big blind) folded on the Flop
Seat 6: Chessnok (button) (small blind) collected ($11.76)


