PokerStars Hand #172376760270:  Hold'em Limit ($3/$6 USD) - 2017/06/29 5:09:06 ET
Table 'Aquilegia' 6-max Seat #1 is the button
Seat 1: Blikon ($121 in chips)
Seat 6: Whatze Phuck ($125.71 in chips)
Blikon: posts small blind $1
Whatze Phuck: posts big blind $3
*** HOLE CARDS ***
Blikon: folds
Uncalled bet ($2) returned to Whatze Phuck
Whatze Phuck collected $2 from pot
Whatze Phuck: doesn't show hand
*** SUMMARY ***
Total pot $2 | Rake $0
Seat 1: Blikon (button) (small blind) folded before Flop
Seat 6: Whatze Phuck (big blind) collected ($2)


PokerStars Hand #172376758667:  Hold'em Limit ($3/$6 USD) - 2017/06/29 5:09:01 ET
Table 'Aquilegia' 6-max Seat #6 is the button
Seat 1: Blikon ($120 in chips)
Seat 6: Whatze Phuck ($126.71 in chips)
Whatze Phuck: posts small blind $1
Blikon: posts big blind $3
*** HOLE CARDS ***
Whatze Phuck: folds
Uncalled bet ($2) returned to Blikon
Blikon collected $2 from pot
*** SUMMARY ***
Total pot $2 | Rake $0
Seat 1: Blikon (big blind) collected ($2)
Seat 6: Whatze Phuck (button) (small blind) folded before Flop


PokerStars Hand #172376749148:  Hold'em Limit ($3/$6 USD) - 2017/06/29 5:08:33 ET
Table 'Aquilegia' 6-max Seat #3 is the button
Seat 3: tjensi79 ($119 in chips)
Seat 6: Whatze Phuck ($138.71 in chips)
tjensi79: posts small blind $1
Whatze Phuck: posts big blind $3
*** HOLE CARDS ***
tjensi79: raises $3 to $6
Whatze Phuck: raises $3 to $9
tjensi79: raises $3 to $12
Betting is capped
Whatze Phuck: calls $3
*** FLOP *** [4h 7s Js]
Ale4o leaves the table
Whatze Phuck: checks
tjensi79: bets $3
Whatze Phuck: folds
Uncalled bet ($3) returned to tjensi79
tjensi79 collected $23.52 from pot
tjensi79: doesn't show hand
*** SUMMARY ***
Total pot $24 | Rake $0.48
Board [4h 7s Js]
Seat 3: tjensi79 (button) (small blind) collected ($23.52)
Seat 6: Whatze Phuck (big blind) folded on the Flop


PokerStars Hand #172376761751:  Hold'em Limit ($3/$6 USD) - 2017/06/29 5:09:11 ET
Table 'Aquilegia' 6-max Seat #6 is the button
Seat 1: Blikon ($120 in chips)
Seat 6: Whatze Phuck ($126.71 in chips)
Whatze Phuck: posts small blind $1
Blikon: posts big blind $3
*** HOLE CARDS ***
Whatze Phuck: raises $3 to $6
Blikon: calls $3
*** FLOP *** [6d 2h 7d]
Blikon: checks
Whatze Phuck: bets $3
Blikon: calls $3
*** TURN *** [6d 2h 7d] [Th]
Blikon: checks
Whatze Phuck: bets $6
Blikon: calls $6
*** RIVER *** [6d 2h 7d Th] [Ac]
Blikon: checks
Whatze Phuck: bets $6
Blikon: folds
Uncalled bet ($6) returned to Whatze Phuck
Whatze Phuck collected $29.50 from pot
Whatze Phuck: doesn't show hand
*** SUMMARY ***
Total pot $30 | Rake $0.50
Board [6d 2h 7d Th Ac]
Seat 1: Blikon (big blind) folded on the River
Seat 6: Whatze Phuck (button) (small blind) collected ($29.50)


PokerStars Hand #172376747579:  Hold'em Limit ($3/$6 USD) - 2017/06/29 5:08:28 ET
Table 'Aquilegia' 6-max Seat #6 is the button
Seat 3: tjensi79 ($118 in chips)
Seat 6: Whatze Phuck ($139.71 in chips)
Whatze Phuck: posts small blind $1
Ale4o: is sitting out
tjensi79: posts big blind $3
*** HOLE CARDS ***
Whatze Phuck: folds
Uncalled bet ($2) returned to tjensi79
tjensi79 collected $2 from pot
tjensi79: doesn't show hand
*** SUMMARY ***
Total pot $2 | Rake $0
Seat 3: tjensi79 (big blind) collected ($2)
Seat 6: Whatze Phuck (button) (small blind) folded before Flop


PokerStars Hand #172376793708:  Hold'em Limit ($3/$6 USD) - 2017/06/29 5:10:21 ET
Table 'Aquilegia' 6-max Seat #1 is the button
Seat 1: Blikon ($57 in chips)
Seat 6: Whatze Phuck ($188.21 in chips)
Blikon: posts small blind $1
Whatze Phuck: posts big blind $3
*** HOLE CARDS ***
Blikon: folds
Uncalled bet ($2) returned to Whatze Phuck
Whatze Phuck collected $2 from pot
Whatze Phuck: doesn't show hand
*** SUMMARY ***
Total pot $2 | Rake $0
Seat 1: Blikon (button) (small blind) folded before Flop
Seat 6: Whatze Phuck (big blind) collected ($2)


PokerStars Hand #172376768881:  Hold'em Limit ($3/$6 USD) - 2017/06/29 5:09:32 ET
Table 'Aquilegia' 6-max Seat #1 is the button
Seat 1: Blikon ($105 in chips)
Seat 6: Whatze Phuck ($141.21 in chips)
Blikon: posts small blind $1
Whatze Phuck: posts big blind $3
*** HOLE CARDS ***
Blikon: folds
Uncalled bet ($2) returned to Whatze Phuck
Whatze Phuck collected $2 from pot
Whatze Phuck: doesn't show hand
*** SUMMARY ***
Total pot $2 | Rake $0
Seat 1: Blikon (button) (small blind) folded before Flop
Seat 6: Whatze Phuck (big blind) collected ($2)


PokerStars Hand #172376770365:  Hold'em Limit ($3/$6 USD) - 2017/06/29 5:09:36 ET
Table 'Aquilegia' 6-max Seat #6 is the button
Seat 1: Blikon ($104 in chips)
Seat 6: Whatze Phuck ($142.21 in chips)
Whatze Phuck: posts small blind $1
Blikon: posts big blind $3
*** HOLE CARDS ***
Whatze Phuck: raises $3 to $6
Blikon: raises $3 to $9
Whatze Phuck: calls $3
*** FLOP *** [3h Ks Ah]
Blikon: bets $3
Whatze Phuck: calls $3
*** TURN *** [3h Ks Ah] [9h]
Blikon: bets $6
Whatze Phuck: calls $6
*** RIVER *** [3h Ks Ah 9h] [7h]
Blikon: bets $6
Whatze Phuck: calls $6
*** SHOW DOWN ***
Blikon: shows [4s Ac] (a pair of Aces)
Whatze Phuck: shows [As 7s] (two pair, Aces and Sevens)
Whatze Phuck collected $47.50 from pot
*** SUMMARY ***
Total pot $48 | Rake $0.50
Board [3h Ks Ah 9h 7h]
Seat 1: Blikon (big blind) showed [4s Ac] and lost with a pair of Aces
Seat 6: Whatze Phuck (button) (small blind) showed [As 7s] and won ($47.50) with two pair, Aces and Sevens


PokerStars Hand #172376792176:  Hold'em Limit ($3/$6 USD) - 2017/06/29 5:10:17 ET
Table 'Aquilegia' 6-max Seat #6 is the button
Seat 1: Blikon ($56 in chips)
Seat 6: Whatze Phuck ($189.21 in chips)
Whatze Phuck: posts small blind $1
Blikon: posts big blind $3
*** HOLE CARDS ***
Whatze Phuck: folds
Uncalled bet ($2) returned to Blikon
Blikon collected $2 from pot
*** SUMMARY ***
Total pot $2 | Rake $0
Seat 1: Blikon (big blind) collected ($2)
Seat 6: Whatze Phuck (button) (small blind) folded before Flop


PokerStars Hand #172376776848:  Hold'em Limit ($3/$6 USD) - 2017/06/29 5:09:56 ET
Table 'Aquilegia' 6-max Seat #1 is the button
Seat 1: Blikon ($80 in chips)
Seat 6: Whatze Phuck ($165.71 in chips)
Blikon: posts small blind $1
Whatze Phuck: posts big blind $3
*** HOLE CARDS ***
Blikon: raises $3 to $6
Whatze Phuck: calls $3
*** FLOP *** [9h 9s 3c]
Whatze Phuck: checks
Blikon: bets $3
Whatze Phuck: raises $3 to $6
Blikon: calls $3
*** TURN *** [9h 9s 3c] [2h]
Whatze Phuck: bets $6
Blikon: calls $6
*** RIVER *** [9h 9s 3c 2h] [5h]
Whatze Phuck: bets $6
Blikon: calls $6
*** SHOW DOWN ***
Whatze Phuck: shows [Ts 9d] (three of a kind, Nines)
Blikon: mucks hand
Whatze Phuck collected $47.50 from pot
*** SUMMARY ***
Total pot $48 | Rake $0.50
Board [9h 9s 3c 2h 5h]
Seat 1: Blikon (button) (small blind) mucked
Seat 6: Whatze Phuck (big blind) showed [Ts 9d] and won ($47.50) with three of a kind, Nines


PokerStars Hand #172376795190:  Hold'em Limit ($3/$6 USD) - 2017/06/29 5:10:26 ET
Table 'Aquilegia' 6-max Seat #6 is the button
Seat 1: Blikon ($56 in chips)
Seat 6: Whatze Phuck ($189.21 in chips)
Whatze Phuck: posts small blind $1
Blikon: posts big blind $3
*** HOLE CARDS ***
Whatze Phuck: raises $3 to $6
Blikon: calls $3
*** FLOP *** [Kd As 3s]
Blikon: checks
Whatze Phuck: bets $3
Blikon: folds
Uncalled bet ($3) returned to Whatze Phuck
Whatze Phuck collected $11.76 from pot
Whatze Phuck: doesn't show hand
*** SUMMARY ***
Total pot $12 | Rake $0.24
Board [Kd As 3s]
Seat 1: Blikon (big blind) folded on the Flop
Seat 6: Whatze Phuck (button) (small blind) collected ($11.76)


PokerStars Hand #172376806838:  Hold'em Limit ($3/$6 USD) - 2017/06/29 5:11:01 ET
Table 'Aquilegia' 6-max Seat #6 is the button
Seat 1: Blikon ($64.50 in chips)
Seat 6: Whatze Phuck ($179.97 in chips)
Whatze Phuck: posts small blind $1
Blikon: posts big blind $3
*** HOLE CARDS ***
Whatze Phuck: raises $3 to $6
Blikon: calls $3
*** FLOP *** [5c Qh 4h]
Blikon: checks
Whatze Phuck: bets $3
Blikon: raises $3 to $6
Whatze Phuck: calls $3
*** TURN *** [5c Qh 4h] [7d]
Blikon: bets $6
Whatze Phuck: calls $6
*** RIVER *** [5c Qh 4h 7d] [4d]
Blikon: bets $6
Whatze Phuck: calls $6
*** SHOW DOWN ***
Blikon: shows [Ac 5d] (two pair, Fives and Fours)
Whatze Phuck: mucks hand
Blikon collected $47.50 from pot
*** SUMMARY ***
Total pot $48 | Rake $0.50
Board [5c Qh 4h 7d 4d]
Seat 1: Blikon (big blind) showed [Ac 5d] and won ($47.50) with two pair, Fives and Fours
Seat 6: Whatze Phuck (button) (small blind) mucked


PokerStars Hand #172376799054:  Hold'em Limit ($3/$6 USD) - 2017/06/29 5:10:37 ET
Table 'Aquilegia' 6-max Seat #1 is the button
Seat 1: Blikon ($50 in chips)
Seat 6: Whatze Phuck ($194.97 in chips)
Blikon: posts small blind $1
Whatze Phuck: posts big blind $3
*** HOLE CARDS ***
Blikon: raises $3 to $6
Whatze Phuck: calls $3
*** FLOP *** [4c Jc 4h]
Whatze Phuck: checks
Blikon: bets $3
Whatze Phuck: calls $3
*** TURN *** [4c Jc 4h] [3h]
Whatze Phuck: checks
Blikon: bets $6
Whatze Phuck: calls $6
*** RIVER *** [4c Jc 4h 3h] [As]
Whatze Phuck: checks
Blikon: bets $6
Whatze Phuck: folds
Uncalled bet ($6) returned to Blikon
Blikon collected $29.50 from pot
*** SUMMARY ***
Total pot $30 | Rake $0.50
Board [4c Jc 4h 3h As]
Seat 1: Blikon (button) (small blind) collected ($29.50)
Seat 6: Whatze Phuck (big blind) folded on the River


PokerStars Hand #172376816856:  Hold'em Limit ($3/$6 USD) - 2017/06/29 5:11:31 ET
Table 'Aquilegia' 6-max Seat #1 is the button
Seat 1: Blikon ($88 in chips)
Seat 6: Whatze Phuck ($155.97 in chips)
Blikon: posts small blind $1
Whatze Phuck: posts big blind $3
*** HOLE CARDS ***
Blikon: raises $3 to $6
Whatze Phuck: calls $3
*** FLOP *** [2h 9c 3h]
Whatze Phuck: checks
Blikon: bets $3
Whatze Phuck: calls $3
*** TURN *** [2h 9c 3h] [3s]
Whatze Phuck: checks
Blikon: bets $6
Whatze Phuck: folds
Uncalled bet ($6) returned to Blikon
Blikon collected $17.64 from pot
*** SUMMARY ***
Total pot $18 | Rake $0.36
Board [2h 9c 3h 3s]
Seat 1: Blikon (button) (small blind) collected ($17.64)
Seat 6: Whatze Phuck (big blind) folded on the Turn


PokerStars Hand #172376823333:  Hold'em Limit ($3/$6 USD) - 2017/06/29 5:11:50 ET
Table 'Aquilegia' 6-max Seat #6 is the button
Seat 1: Blikon ($96.64 in chips)
Seat 6: Whatze Phuck ($146.97 in chips)
Whatze Phuck: posts small blind $1
Blikon: posts big blind $3
*** HOLE CARDS ***
Whatze Phuck: raises $3 to $6
Blikon: calls $3
*** FLOP *** [6h 2c Th]
Blikon: checks
Whatze Phuck: bets $3
Blikon: folds
Uncalled bet ($3) returned to Whatze Phuck
Whatze Phuck collected $11.76 from pot
Whatze Phuck: doesn't show hand
*** SUMMARY ***
Total pot $12 | Rake $0.24
Board [6h 2c Th]
Seat 1: Blikon (big blind) folded on the Flop
Seat 6: Whatze Phuck (button) (small blind) collected ($11.76)


PokerStars Hand #172376826997:  Hold'em Limit ($3/$6 USD) - 2017/06/29 5:12:01 ET
Table 'Aquilegia' 6-max Seat #1 is the button
Seat 1: Blikon ($90.64 in chips)
Seat 6: Whatze Phuck ($152.73 in chips)
Blikon: posts small blind $1
Whatze Phuck: posts big blind $3
*** HOLE CARDS ***
Blikon: folds
Uncalled bet ($2) returned to Whatze Phuck
Whatze Phuck collected $2 from pot
Whatze Phuck: doesn't show hand
*** SUMMARY ***
Total pot $2 | Rake $0
Seat 1: Blikon (button) (small blind) folded before Flop
Seat 6: Whatze Phuck (big blind) collected ($2)


PokerStars Hand #172376828440:  Hold'em Limit ($3/$6 USD) - 2017/06/29 5:12:05 ET
Table 'Aquilegia' 6-max Seat #6 is the button
Seat 1: Blikon ($89.64 in chips)
Seat 6: Whatze Phuck ($153.73 in chips)
Whatze Phuck: posts small blind $1
Blikon: posts big blind $3
*** HOLE CARDS ***
Whatze Phuck: raises $3 to $6
Blikon: raises $3 to $9
Whatze Phuck: calls $3
*** FLOP *** [7s 2h 3s]
Blikon: bets $3
Whatze Phuck: calls $3
*** TURN *** [7s 2h 3s] [5d]
Blikon: bets $6
Whatze Phuck: calls $6
*** RIVER *** [7s 2h 3s 5d] [6h]
Blikon: bets $6
Whatze Phuck: raises $6 to $12
Blikon: calls $6
*** SHOW DOWN ***
Whatze Phuck: shows [Qh 4s] (a straight, Three to Seven)
Blikon: mucks hand
Whatze Phuck collected $59.50 from pot
*** SUMMARY ***
Total pot $60 | Rake $0.50
Board [7s 2h 3s 5d 6h]
Seat 1: Blikon (big blind) mucked
Seat 6: Whatze Phuck (button) (small blind) showed [Qh 4s] and won ($59.50) with a straight, Three to Seven


PokerStars Hand #172378000950:  Hold'em Limit ($3/$6 USD) - 2017/06/29 6:09:40 ET
Table 'Aquilegia' 6-max Seat #3 is the button
Seat 3: Mackeral ($116 in chips)
Seat 4: TbIP-TbIP 88 ($76 in chips)
Mackeral: posts small blind $1
TbIP-TbIP 88: posts big blind $3
*** HOLE CARDS ***
Mackeral: raises $3 to $6
TbIP-TbIP 88: calls $3
*** FLOP *** [Qs Ts 5c]
TbIP-TbIP 88: checks
Mackeral: bets $3
TbIP-TbIP 88: calls $3
*** TURN *** [Qs Ts 5c] [3c]
TbIP-TbIP 88: checks
Mackeral: bets $6
TbIP-TbIP 88: calls $6
*** RIVER *** [Qs Ts 5c 3c] [2h]
TbIP-TbIP 88: checks
Mackeral: bets $6
TbIP-TbIP 88: calls $6
*** SHOW DOWN ***
Mackeral: shows [Tc Ks] (a pair of Tens)
TbIP-TbIP 88: mucks hand
Mackeral collected $41.50 from pot
*** SUMMARY ***
Total pot $42 | Rake $0.50
Board [Qs Ts 5c 3c 2h]
Seat 3: Mackeral (button) (small blind) showed [Tc Ks] and won ($41.50) with a pair of Tens
Seat 4: TbIP-TbIP 88 (big blind) mucked


PokerStars Hand #172378033353:  Hold'em Limit ($3/$6 USD) - 2017/06/29 6:11:11 ET
Table 'Aquilegia' 6-max Seat #3 is the button
Seat 3: Mackeral ($148.02 in chips)
Seat 4: TbIP-TbIP 88 ($72 in chips)
Mackeral: posts small blind $1
TbIP-TbIP 88: posts big blind $3
*** HOLE CARDS ***
Mackeral: raises $3 to $6
TbIP-TbIP 88: calls $3
*** FLOP *** [5h 5d 4d]
TbIP-TbIP 88: checks
Mackeral: bets $3
TbIP-TbIP 88: folds
Uncalled bet ($3) returned to Mackeral
Mackeral collected $11.76 from pot
Mackeral: doesn't show hand
*** SUMMARY ***
Total pot $12 | Rake $0.24
Board [5h 5d 4d]
Seat 3: Mackeral (button) (small blind) collected ($11.76)
Seat 4: TbIP-TbIP 88 (big blind) folded on the Flop


PokerStars Hand #172378038070:  Hold'em Limit ($3/$6 USD) - 2017/06/29 6:11:24 ET
Table 'Aquilegia' 6-max Seat #4 is the button
Seat 3: Mackeral ($153.78 in chips)
Seat 4: TbIP-TbIP 88 ($72 in chips)
TbIP-TbIP 88: posts small blind $1
Mackeral: posts big blind $3
*** HOLE CARDS ***
TbIP-TbIP 88: raises $3 to $6
Mackeral: folds
Uncalled bet ($3) returned to TbIP-TbIP 88
TbIP-TbIP 88 collected $6 from pot
TbIP-TbIP 88: doesn't show hand
*** SUMMARY ***
Total pot $6 | Rake $0
Seat 3: Mackeral (big blind) folded before Flop
Seat 4: TbIP-TbIP 88 (button) (small blind) collected ($6)


PokerStars Hand #172378023152:  Hold'em Limit ($3/$6 USD) - 2017/06/29 6:10:43 ET
Table 'Aquilegia' 6-max Seat #4 is the button
Seat 3: Mackeral ($136.50 in chips)
Seat 4: TbIP-TbIP 88 ($72 in chips)
TbIP-TbIP 88: posts small blind $1
Mackeral: posts big blind $3
*** HOLE CARDS ***
TbIP-TbIP 88: raises $3 to $6
Mackeral: calls $3
*** FLOP *** [8d 9s Tc]
Mackeral: checks
TbIP-TbIP 88: bets $3
Mackeral: raises $3 to $6
TbIP-TbIP 88: calls $3
*** TURN *** [8d 9s Tc] [4d]
Mackeral: bets $6
TbIP-TbIP 88: folds
Uncalled bet ($6) returned to Mackeral
Mackeral collected $23.52 from pot
Mackeral: doesn't show hand
*** SUMMARY ***
Total pot $24 | Rake $0.48
Board [8d 9s Tc 4d]
Seat 3: Mackeral (big blind) collected ($23.52)
Seat 4: TbIP-TbIP 88 (button) (small blind) folded on the Turn


PokerStars Hand #172378050555:  Hold'em Limit ($3/$6 USD) - 2017/06/29 6:11:59 ET
Table 'Aquilegia' 6-max Seat #4 is the button
Seat 3: Mackeral ($168.28 in chips)
Seat 4: TbIP-TbIP 88 ($72 in chips)
TbIP-TbIP 88: posts small blind $1
Mackeral: posts big blind $3
*** HOLE CARDS ***
TbIP-TbIP 88: folds
Uncalled bet ($2) returned to Mackeral
Mackeral collected $2 from pot
Mackeral: doesn't show hand
*** SUMMARY ***
Total pot $2 | Rake $0
Seat 3: Mackeral (big blind) collected ($2)
Seat 4: TbIP-TbIP 88 (button) (small blind) folded before Flop


PokerStars Hand #172378040280:  Hold'em Limit ($3/$6 USD) - 2017/06/29 6:11:30 ET
Table 'Aquilegia' 6-max Seat #3 is the button
Seat 3: Mackeral ($150.78 in chips)
Seat 4: TbIP-TbIP 88 ($75 in chips)
Mackeral: posts small blind $1
TbIP-TbIP 88: posts big blind $3
*** HOLE CARDS ***
Mackeral: raises $3 to $6
TbIP-TbIP 88: raises $3 to $9
Mackeral: calls $3
*** FLOP *** [9h Qh 4d]
TbIP-TbIP 88: bets $3
Mackeral: calls $3
*** TURN *** [9h Qh 4d] [5h]
TbIP-TbIP 88: checks
Mackeral: bets $6
TbIP-TbIP 88: calls $6
*** RIVER *** [9h Qh 4d 5h] [Kd]
TbIP-TbIP 88: checks
Mackeral: bets $6
TbIP-TbIP 88: folds
Uncalled bet ($6) returned to Mackeral
Mackeral collected $35.50 from pot
Mackeral: doesn't show hand
*** SUMMARY ***
Total pot $36 | Rake $0.50
Board [9h Qh 4d 5h Kd]
Seat 3: Mackeral (button) (small blind) collected ($35.50)
Seat 4: TbIP-TbIP 88 (big blind) folded on the River


PokerStars Hand #172378052398:  Hold'em Limit ($3/$6 USD) - 2017/06/29 6:12:04 ET
Table 'Aquilegia' 6-max Seat #3 is the button
Seat 3: Mackeral ($169.28 in chips)
Seat 4: TbIP-TbIP 88 ($72 in chips)
Mackeral: posts small blind $1
TbIP-TbIP 88: posts big blind $3
*** HOLE CARDS ***
Mackeral: raises $3 to $6
TbIP-TbIP 88: raises $3 to $9
Mackeral: calls $3
*** FLOP *** [8c Jh Qs]
TbIP-TbIP 88: bets $3
Mackeral: calls $3
*** TURN *** [8c Jh Qs] [8h]
manly70 joins the table at seat #6
TbIP-TbIP 88: bets $6
Mackeral: calls $6
*** RIVER *** [8c Jh Qs 8h] [Ks]
TbIP-TbIP 88: checks
Mackeral: checks
*** SHOW DOWN ***
TbIP-TbIP 88: shows [Ac Js] (two pair, Jacks and Eights)
Mackeral: mucks hand
TbIP-TbIP 88 collected $35.50 from pot
*** SUMMARY ***
Total pot $36 | Rake $0.50
Board [8c Jh Qs 8h Ks]
Seat 3: Mackeral (button) (small blind) mucked
Seat 4: TbIP-TbIP 88 (big blind) showed [Ac Js] and won ($35.50) with two pair, Jacks and Eights


PokerStars Hand #172379060627:  Hold'em Limit ($3/$6 USD) - 2017/06/29 6:57:34 ET
Table 'Aquilegia' 6-max Seat #3 is the button
Seat 1: Periiklez ($92.98 in chips)
Seat 3: Mackeral ($26.64 in chips)
Anchig will be allowed to play after the button
Mackeral: posts small blind $1
Periiklez: posts big blind $3
*** HOLE CARDS ***
Mackeral: raises $3 to $6
TbIP-TbIP 88 leaves the table
Periiklez: calls $3
*** FLOP *** [Tc Kc 8h]
manly70 leaves the table
Periiklez: checks
Mackeral: bets $3
Periiklez: calls $3
*** TURN *** [Tc Kc 8h] [Td]
Periiklez: checks
Whatze Phuck joins the table at seat #4
Mackeral: bets $6
Periiklez: calls $6
*** RIVER *** [Tc Kc 8h Td] [5h]
Periiklez: checks
Mackeral: bets $6
Periiklez: calls $6
*** SHOW DOWN ***
Mackeral: shows [9d Qc] (a pair of Tens)
Periiklez: shows [3d 3c] (two pair, Tens and Threes)
Periiklez collected $41.50 from pot
*** SUMMARY ***
Total pot $42 | Rake $0.50
Board [Tc Kc 8h Td 5h]
Seat 1: Periiklez (big blind) showed [3d 3c] and won ($41.50) with two pair, Tens and Threes
Seat 3: Mackeral (button) (small blind) showed [9d Qc] and lost with a pair of Tens


PokerStars Hand #172380865985:  Hold'em Limit ($3/$6 USD) - 2017/06/29 8:11:42 ET
Table 'Aquilegia' 6-max Seat #2 is the button
Seat 1: Krillbjörn ($284.22 in chips)
Seat 2: Anchig ($157.46 in chips)
Anchig: posts small blind $1
HAL9QQQ: is sitting out
Krillbjörn: posts big blind $3
*** HOLE CARDS ***
Anchig: raises $3 to $6
Krillbjörn: calls $3
*** FLOP *** [Qd 9h Ks]
Krillbjörn: checks
Anchig: bets $3
Krillbjörn: folds
Uncalled bet ($3) returned to Anchig
Anchig collected $11.76 from pot
Anchig: doesn't show hand
*** SUMMARY ***
Total pot $12 | Rake $0.24
Board [Qd 9h Ks]
Seat 1: Krillbjörn (big blind) folded on the Flop
Seat 2: Anchig (button) (small blind) collected ($11.76)


