PokerStars Hand #151390467734:  Hold'em Limit ($3/$6 USD) - 2016/04/03 17:25:27 ET
Table 'Aquilegia II' 6-max Seat #1 is the button
Seat 1: shushlo ($72 in chips)
Seat 4: AzureCaper ($72 in chips)
shushlo: posts small blind $1
AzureCaper: posts big blind $3
*** HOLE CARDS ***
shushlo: raises $3 to $6
AzureCaper: calls $3
*** FLOP *** [6s Ad 8d]
AzureCaper: checks
GoliafUa joins the table at seat #2
shushlo: checks
*** TURN *** [6s Ad 8d] [Ac]
AzureCaper: bets $6
shushlo: folds
Uncalled bet ($6) returned to AzureCaper
AzureCaper collected $11.76 from pot
AzureCaper: doesn't show hand
*** SUMMARY ***
Total pot $12 | Rake $0.24
Board [6s Ad 8d Ac]
Seat 1: shushlo (button) (small blind) folded on the Turn
Seat 4: AzureCaper (big blind) collected ($11.76)


PokerStars Hand #151390510404:  Hold'em Limit ($3/$6 USD) - 2016/04/03 17:26:10 ET
Table 'Aquilegia II' 6-max Seat #4 is the button
Seat 1: shushlo ($72 in chips)
Seat 4: AzureCaper ($77.76 in chips)
AzureCaper: posts small blind $1
shushlo: posts big blind $3
*** HOLE CARDS ***
AzureCaper: raises $3 to $6
shushlo: calls $3
*** FLOP *** [6c Jd Kc]
shushlo: checks
AzureCaper: bets $3
shushlo: calls $3
*** TURN *** [6c Jd Kc] [3c]
shushlo: checks
AzureCaper: checks
*** RIVER *** [6c Jd Kc 3c] [Ac]
factor725 joins the table at seat #3
shushlo: bets $6
AzureCaper: folds
Uncalled bet ($6) returned to shushlo
shushlo collected $17.64 from pot
shushlo: doesn't show hand
*** SUMMARY ***
Total pot $18 | Rake $0.36
Board [6c Jd Kc 3c Ac]
Seat 1: shushlo (big blind) collected ($17.64)
Seat 4: AzureCaper (button) (small blind) folded on the River


PokerStars Hand #151390635344:  Hold'em Limit ($3/$6 USD) - 2016/04/03 17:28:17 ET
Table 'Aquilegia II' 6-max Seat #3 is the button
Seat 3: factor725 ($160.06 in chips)
Seat 4: AzureCaper ($72 in chips)
factor725: posts small blind $1
AzureCaper: posts big blind $3
*** HOLE CARDS ***
factor725: folds
Uncalled bet ($2) returned to AzureCaper
AzureCaper collected $2 from pot
AzureCaper: doesn't show hand
*** SUMMARY ***
Total pot $2 | Rake $0
Seat 3: factor725 (button) (small blind) folded before Flop
Seat 4: AzureCaper (big blind) collected ($2)


PokerStars Hand #151390615779:  Hold'em Limit ($3/$6 USD) - 2016/04/03 17:27:57 ET
Table 'Aquilegia II' 6-max Seat #4 is the button
Seat 3: factor725 ($145.56 in chips)
Seat 4: AzureCaper ($72 in chips)
AzureCaper: posts small blind $1
shushlo: is sitting out
shushlo leaves the table
factor725: posts big blind $3
*** HOLE CARDS ***
AzureCaper: raises $3 to $6
factor725: calls $3
*** FLOP *** [Jc Kh 6h]
unaFantasia joins the table at seat #5
factor725: checks
AzureCaper: bets $3
factor725: calls $3
*** TURN *** [Jc Kh 6h] [Ks]
factor725: checks
AzureCaper: checks
*** RIVER *** [Jc Kh 6h Ks] [5c]
ravnen666 joins the table at seat #6
factor725: bets $6
AzureCaper: calls $6
*** SHOW DOWN ***
factor725: shows [Kd 9d] (three of a kind, Kings)
AzureCaper: mucks hand
factor725 collected $29.50 from pot
*** SUMMARY ***
Total pot $30 | Rake $0.50
Board [Jc Kh 6h Ks 5c]
Seat 3: factor725 (big blind) showed [Kd 9d] and won ($29.50) with three of a kind, Kings
Seat 4: AzureCaper (button) (small blind) mucked


