PokerStars Hand #166901014379:  Hold'em Limit ($3/$6 USD) - 2017/02/28 10:04:21 ET
Table 'Ara II' 6-max Seat #4 is the button
Seat 4: AzureCaper ($72 in chips)
Seat 5: ARARAT ANAPA ($83.35 in chips)
AzureCaper: posts small blind $1
ARARAT ANAPA: posts big blind $3
*** HOLE CARDS ***
AzureCaper: raises $3 to $6
ARARAT ANAPA: calls $3
*** FLOP *** [3h Th 9s]
ARARAT ANAPA: checks
AzureCaper: bets $3
ARARAT ANAPA: calls $3
*** TURN *** [3h Th 9s] [Qc]
ARARAT ANAPA: checks
AzureCaper: checks
*** RIVER *** [3h Th 9s Qc] [2d]
ARARAT ANAPA: bets $6
AzureCaper: calls $6
*** SHOW DOWN ***
ARARAT ANAPA: shows [Qs 6h] (a pair of Queens)
AzureCaper: mucks hand
ARARAT ANAPA collected $29.50 from pot
*** SUMMARY ***
Total pot $30 | Rake $0.50
Board [3h Th 9s Qc 2d]
Seat 4: AzureCaper (button) (small blind) mucked
Seat 5: ARARAT ANAPA (big blind) showed [Qs 6h] and won ($29.50) with a pair of Queens


PokerStars Hand #166901038584:  Hold'em Limit ($3/$6 USD) - 2017/02/28 10:04:56 ET
Table 'Ara II' 6-max Seat #5 is the button
Seat 4: AzureCaper ($72 in chips)
Seat 5: ARARAT ANAPA ($97.85 in chips)
ARARAT ANAPA: posts small blind $1
AzureCaper: posts big blind $3
*** HOLE CARDS ***
ARARAT ANAPA: raises $3 to $6
B_loJkl joins the table at seat #6
AzureCaper: folds
Uncalled bet ($3) returned to ARARAT ANAPA
ARARAT ANAPA collected $6 from pot
*** SUMMARY ***
Total pot $6 | Rake $0
Seat 4: AzureCaper (big blind) folded before Flop
Seat 5: ARARAT ANAPA (button) (small blind) collected ($6)


PokerStars Hand #166901046297:  Hold'em Limit ($3/$6 USD) - 2017/02/28 10:05:07 ET
Table 'Ara II' 6-max Seat #4 is the button
Seat 4: AzureCaper ($72 in chips)
Seat 5: ARARAT ANAPA ($100.85 in chips)
AzureCaper: posts small blind $1
ARARAT ANAPA: posts big blind $3
*** HOLE CARDS ***
AzureCaper: folds
Uncalled bet ($2) returned to ARARAT ANAPA
ARARAT ANAPA collected $2 from pot
*** SUMMARY ***
Total pot $2 | Rake $0
Seat 4: AzureCaper (button) (small blind) folded before Flop
Seat 5: ARARAT ANAPA (big blind) collected ($2)


PokerStars Hand #166902169904:  Hold'em Limit ($3/$6 USD) - 2017/02/28 10:31:49 ET
Table 'Ara II' 6-max Seat #1 is the button
Seat 1: Fabulous108 ($165.76 in chips)
Seat 6: B_loJkl ($207.99 in chips)
Fabulous108: posts small blind $1
B_loJkl: posts big blind $3
*** HOLE CARDS ***
ARARAT ANAPA leaves the table
Fabulous108: raises $3 to $6
B_loJkl: calls $3
*** FLOP *** [Ad 9h 2h]
B_loJkl: checks
Fabulous108: bets $3
B_loJkl: folds
Uncalled bet ($3) returned to Fabulous108
Fabulous108 collected $11.76 from pot
Fabulous108: doesn't show hand
*** SUMMARY ***
Total pot $12 | Rake $0.24
Board [Ad 9h 2h]
Seat 1: Fabulous108 (button) (small blind) collected ($11.76)
Seat 6: B_loJkl (big blind) folded on the Flop


