PokerStars Hand #157535631609:  Hold'em Limit ($3/$6 USD) - 2016/08/20 21:06:06 ET
Table 'Ara' 6-max Seat #2 is the button
Seat 2: ThePredator9 ($120 in chips)
Seat 3: simper11 ($120 in chips)
ThePredator9: posts small blind $1
simper11: posts big blind $3
*** HOLE CARDS ***
ThePredator9: raises $3 to $6
simper11: folds
Uncalled bet ($3) returned to ThePredator9
ThePredator9 collected $6 from pot
ThePredator9: doesn't show hand
japachess joins the table at seat #4
*** SUMMARY ***
Total pot $6 | Rake $0
Seat 2: ThePredator9 (button) (small blind) collected ($6)
Seat 3: simper11 (big blind) folded before Flop


PokerStars Hand #157536315988:  Hold'em Limit ($3/$6 USD) - 2016/08/20 21:35:56 ET
Table 'Ara' 6-max Seat #6 is the button
Seat 5: 40 ft cliff ($89.14 in chips)
Seat 6: Great_Kang ($225.64 in chips)
Great_Kang: posts small blind $1
Chessnok: is sitting out
40 ft cliff: posts big blind $3
*** HOLE CARDS ***
Chessnok leaves the table
Great_Kang: raises $3 to $6
40 ft cliff: calls $3
*** FLOP *** [Ts 8c 7d]
40 ft cliff: checks
Great_Kang: bets $3
40 ft cliff: calls $3
*** TURN *** [Ts 8c 7d] [Jd]
40 ft cliff: checks
Great_Kang: checks
*** RIVER *** [Ts 8c 7d Jd] [Qh]
40 ft cliff: checks
Great_Kang: bets $6
40 ft cliff: calls $6
*** SHOW DOWN ***
Great_Kang: shows [Td Qs] (two pair, Queens and Tens)
40 ft cliff: mucks hand
Great_Kang collected $29.50 from pot
*** SUMMARY ***
Total pot $30 | Rake $0.50
Board [Ts 8c 7d Jd Qh]
Seat 5: 40 ft cliff (big blind) mucked
Seat 6: Great_Kang (button) (small blind) showed [Td Qs] and won ($29.50) with two pair, Queens and Tens


PokerStars Hand #157536347606:  Hold'em Limit ($3/$6 USD) - 2016/08/20 21:37:25 ET
Table 'Ara' 6-max Seat #6 is the button
Seat 5: 40 ft cliff ($97.18 in chips)
Seat 6: Great_Kang ($216.14 in chips)
Great_Kang: posts small blind $1
40 ft cliff: posts big blind $3
*** HOLE CARDS ***
Great_Kang: raises $3 to $6
40 ft cliff: calls $3
*** FLOP *** [2s 9d Jh]
40 ft cliff: checks
Great_Kang: bets $3
40 ft cliff: calls $3
*** TURN *** [2s 9d Jh] [Ks]
40 ft cliff: checks
Great_Kang: checks
*** RIVER *** [2s 9d Jh Ks] [6s]
40 ft cliff: bets $6
Great_Kang: folds
Uncalled bet ($6) returned to 40 ft cliff
40 ft cliff collected $17.64 from pot
40 ft cliff: doesn't show hand
*** SUMMARY ***
Total pot $18 | Rake $0.36
Board [2s 9d Jh Ks 6s]
Seat 5: 40 ft cliff (big blind) collected ($17.64)
Seat 6: Great_Kang (button) (small blind) folded on the River


PokerStars Hand #157536343315:  Hold'em Limit ($3/$6 USD) - 2016/08/20 21:37:13 ET
Table 'Ara' 6-max Seat #5 is the button
Seat 5: 40 ft cliff ($91.42 in chips)
Seat 6: Great_Kang ($222.14 in chips)
40 ft cliff: posts small blind $1
Great_Kang: posts big blind $3
*** HOLE CARDS ***
40 ft cliff: raises $3 to $6
Great_Kang: calls $3
*** FLOP *** [Jd Js 4c]
Great_Kang: checks
40 ft cliff: bets $3
Great_Kang: folds
Uncalled bet ($3) returned to 40 ft cliff
40 ft cliff collected $11.76 from pot
40 ft cliff: doesn't show hand
*** SUMMARY ***
Total pot $12 | Rake $0.24
Board [Jd Js 4c]
Seat 5: 40 ft cliff (button) (small blind) collected ($11.76)
Seat 6: Great_Kang (big blind) folded on the Flop


PokerStars Hand #157536336668:  Hold'em Limit ($3/$6 USD) - 2016/08/20 21:36:54 ET
Table 'Ara' 6-max Seat #6 is the button
Seat 5: 40 ft cliff ($79.90 in chips)
Seat 6: Great_Kang ($234.14 in chips)
Great_Kang: posts small blind $1
40 ft cliff: posts big blind $3
*** HOLE CARDS ***
Great_Kang: raises $3 to $6
40 ft cliff: raises $3 to $9
Great_Kang: calls $3
*** FLOP *** [Td 2c Th]
40 ft cliff: bets $3
Great_Kang: calls $3
*** TURN *** [Td 2c Th] [9s]
40 ft cliff: bets $6
Great_Kang: folds
Uncalled bet ($6) returned to 40 ft cliff
40 ft cliff collected $23.52 from pot
40 ft cliff: doesn't show hand
*** SUMMARY ***
Total pot $24 | Rake $0.48
Board [Td 2c Th 9s]
Seat 5: 40 ft cliff (big blind) collected ($23.52)
Seat 6: Great_Kang (button) (small blind) folded on the Turn


PokerStars Hand #157536325608:  Hold'em Limit ($3/$6 USD) - 2016/08/20 21:36:23 ET
Table 'Ara' 6-max Seat #5 is the button
Seat 5: 40 ft cliff ($74.14 in chips)
Seat 6: Great_Kang ($240.14 in chips)
40 ft cliff: posts small blind $1
Great_Kang: posts big blind $3
*** HOLE CARDS ***
40 ft cliff: raises $3 to $6
Great_Kang: calls $3
*** FLOP *** [8c 2h 6c]
Great_Kang: checks
40 ft cliff: bets $3
Great_Kang: folds
Uncalled bet ($3) returned to 40 ft cliff
40 ft cliff collected $11.76 from pot
40 ft cliff: doesn't show hand
*** SUMMARY ***
Total pot $12 | Rake $0.24
Board [8c 2h 6c]
Seat 5: 40 ft cliff (button) (small blind) collected ($11.76)
Seat 6: Great_Kang (big blind) folded on the Flop


PokerStars Hand #157536368900:  Hold'em Limit ($3/$6 USD) - 2016/08/20 21:38:25 ET
Table 'Ara' 6-max Seat #5 is the button
Seat 5: 40 ft cliff ($72.82 in chips)
Seat 6: Great_Kang ($239.40 in chips)
40 ft cliff: posts small blind $1
Great_Kang: posts big blind $3
*** HOLE CARDS ***
40 ft cliff: raises $3 to $6
Great_Kang: calls $3
*** FLOP *** [8h 4d 2c]
Great_Kang: checks
40 ft cliff: bets $3
Great_Kang: raises $3 to $6
40 ft cliff: calls $3
*** TURN *** [8h 4d 2c] [2d]
Great_Kang: bets $6
40 ft cliff: folds
Uncalled bet ($6) returned to Great_Kang
Great_Kang collected $23.52 from pot
Great_Kang: doesn't show hand
ThePredator9 joins the table at seat #4
*** SUMMARY ***
Total pot $24 | Rake $0.48
Board [8h 4d 2c 2d]
Seat 5: 40 ft cliff (button) (small blind) folded on the Turn
Seat 6: Great_Kang (big blind) collected ($23.52)


PokerStars Hand #157536364296:  Hold'em Limit ($3/$6 USD) - 2016/08/20 21:38:12 ET
Table 'Ara' 6-max Seat #6 is the button
Seat 5: 40 ft cliff ($78.82 in chips)
Seat 6: Great_Kang ($233.64 in chips)
Great_Kang: posts small blind $1
40 ft cliff: posts big blind $3
*** HOLE CARDS ***
Great_Kang: raises $3 to $6
40 ft cliff: calls $3
*** FLOP *** [Qs 8d Ks]
40 ft cliff: checks
Great_Kang: bets $3
40 ft cliff: folds
Uncalled bet ($3) returned to Great_Kang
Great_Kang collected $11.76 from pot
Great_Kang: doesn't show hand
*** SUMMARY ***
Total pot $12 | Rake $0.24
Board [Qs 8d Ks]
Seat 5: 40 ft cliff (big blind) folded on the Flop
Seat 6: Great_Kang (button) (small blind) collected ($11.76)


PokerStars Hand #157536354139:  Hold'em Limit ($3/$6 USD) - 2016/08/20 21:37:43 ET
Table 'Ara' 6-max Seat #5 is the button
Seat 5: 40 ft cliff ($105.82 in chips)
Seat 6: Great_Kang ($207.14 in chips)
40 ft cliff: posts small blind $1
Great_Kang: posts big blind $3
*** HOLE CARDS ***
40 ft cliff: raises $3 to $6
Great_Kang: calls $3
*** FLOP *** [3d Ah 9s]
Great_Kang: checks
40 ft cliff: bets $3
Great_Kang: calls $3
*** TURN *** [3d Ah 9s] [5s]
Great_Kang: checks
40 ft cliff: bets $6
Great_Kang: raises $6 to $12
40 ft cliff: calls $6
*** RIVER *** [3d Ah 9s 5s] [7h]
Great_Kang: bets $6
40 ft cliff: calls $6
*** SHOW DOWN ***
Great_Kang: shows [3c 5d] (two pair, Fives and Threes)
40 ft cliff: mucks hand
Great_Kang collected $53.50 from pot
*** SUMMARY ***
Total pot $54 | Rake $0.50
Board [3d Ah 9s 5s 7h]
Seat 5: 40 ft cliff (button) (small blind) mucked
Seat 6: Great_Kang (big blind) showed [3c 5d] and won ($53.50) with two pair, Fives and Threes


PokerStars Hand #157536432318:  Hold'em Limit ($3/$6 USD) - 2016/08/20 21:41:25 ET
Table 'Ara' 6-max Seat #5 is the button
Seat 1: Chessnok ($117.74 in chips)
Seat 5: 40 ft cliff ($127.92 in chips)
40 ft cliff: posts small blind $1
Great_Kang: is sitting out
Chessnok: posts big blind $3
*** HOLE CARDS ***
Great_Kang leaves the table
40 ft cliff: folds
Uncalled bet ($2) returned to Chessnok
Chessnok collected $2 from pot
Chessnok: doesn't show hand
*** SUMMARY ***
Total pot $2 | Rake $0
Seat 1: Chessnok (big blind) collected ($2)
Seat 5: 40 ft cliff (button) (small blind) folded before Flop


