PokerStars Hand #176076078329:  Hold'em Limit ($3/$6 USD) - 2017/09/24 16:15:00 ET
Table 'Arabella' 6-max Seat #3 is the button
Seat 2: parnishka11 ($19.02 in chips)
Seat 3: jamie2000 ($126.47 in chips)
jamie2000: posts small blind $1
vestimokrec: is sitting out
Ag3r0n: is sitting out
parnishka11: posts big blind $3
*** HOLE CARDS ***
Ag3r0n leaves the table
jamie2000: folds
Uncalled bet ($2) returned to parnishka11
parnishka11 collected $2 from pot
parnishka11: doesn't show hand
Snapcall171 joins the table at seat #5
jamie2000 leaves the table
*** SUMMARY ***
Total pot $2 | Rake $0
Seat 2: parnishka11 (big blind) collected ($2)
Seat 3: jamie2000 (button) (small blind) folded before Flop


PokerStars Hand #176076085610:  Hold'em Limit ($3/$6 USD) - 2017/09/24 16:15:08 ET
Table 'Arabella' 6-max Seat #2 is the button
Seat 2: parnishka11 ($20.02 in chips)
Seat 5: Snapcall171 ($115 in chips)
parnishka11: posts small blind $1
Snapcall171: posts big blind $3
*** HOLE CARDS ***
parnishka11: folds
Uncalled bet ($2) returned to Snapcall171
Snapcall171 collected $2 from pot
Snapcall171: doesn't show hand
*** SUMMARY ***
Total pot $2 | Rake $0
Seat 2: parnishka11 (button) (small blind) folded before Flop
Seat 5: Snapcall171 (big blind) collected ($2)


PokerStars Hand #176076096055:  Hold'em Limit ($3/$6 USD) - 2017/09/24 16:15:19 ET
Table 'Arabella' 6-max Seat #5 is the button
Seat 2: parnishka11 ($19.02 in chips)
Seat 5: Snapcall171 ($116 in chips)
Snapcall171: posts small blind $1
parnishka11: posts big blind $3
*** HOLE CARDS ***
vestimokrec leaves the table
Snapcall171: raises $3 to $6
parnishka11: folds
Uncalled bet ($3) returned to Snapcall171
Snapcall171 collected $6 from pot
Snapcall171: doesn't show hand
*** SUMMARY ***
Total pot $6 | Rake $0
Seat 2: parnishka11 (big blind) folded before Flop
Seat 5: Snapcall171 (button) (small blind) collected ($6)


