PokerStars Hand #144868434788:  Hold'em Limit ($3/$6 USD) - 2015/12/05 13:20:23 ET
Table 'Arabella' 2-max Seat #1 is the button
Seat 1: Truelove13 ($120 in chips)
Seat 2: covasa andre ($39.97 in chips)
Truelove13: posts small blind $1
covasa andre: posts big blind $3
*** HOLE CARDS ***
Truelove13: raises $3 to $6
covasa andre: calls $3
*** FLOP *** [4s Jc 5c]
covasa andre: checks
Truelove13: checks
*** TURN *** [4s Jc 5c] [Ks]
covasa andre: checks
Truelove13: bets $6
covasa andre: raises $6 to $12
Truelove13: calls $6
*** RIVER *** [4s Jc 5c Ks] [7d]
covasa andre: bets $6
Truelove13: calls $6
*** SHOW DOWN ***
covasa andre: shows [Kc 4h] (two pair, Kings and Fours)
Truelove13: mucks hand
covasa andre collected $47.50 from pot
*** SUMMARY ***
Total pot $48 | Rake $0.50
Board [4s Jc 5c Ks 7d]
Seat 1: Truelove13 (button) (small blind) mucked
Seat 2: covasa andre (big blind) showed [Kc 4h] and won ($47.50) with two pair, Kings and Fours


PokerStars Hand #144868416203:  Hold'em Limit ($3/$6 USD) - 2015/12/05 13:20:01 ET
Table 'Arabella' 2-max Seat #2 is the button
Seat 1: Truelove13 ($120 in chips)
Seat 2: covasa andre ($34.21 in chips)
covasa andre: posts small blind $1
Truelove13: posts big blind $3
*** HOLE CARDS ***
covasa andre: raises $3 to $6
Truelove13: calls $3
*** FLOP *** [3c 2d 8h]
Truelove13: checks
covasa andre: bets $3
Truelove13: folds
Uncalled bet ($3) returned to covasa andre
covasa andre collected $11.76 from pot
covasa andre: doesn't show hand
*** SUMMARY ***
Total pot $12 | Rake $0.24
Board [3c 2d 8h]
Seat 1: Truelove13 (big blind) folded on the Flop
Seat 2: covasa andre (button) (small blind) collected ($11.76)


PokerStars Hand #144868514301:  Hold'em Limit ($3/$6 USD) - 2015/12/05 13:21:54 ET
Table 'Arabella' 2-max Seat #2 is the button
Seat 1: Truelove13 ($120 in chips)
Seat 2: covasa andre ($93.73 in chips)
covasa andre: posts small blind $1
Truelove13: posts big blind $3
*** HOLE CARDS ***
covasa andre: folds
Uncalled bet ($2) returned to Truelove13
Truelove13 collected $2 from pot
*** SUMMARY ***
Total pot $2 | Rake $0
Seat 1: Truelove13 (big blind) collected ($2)
Seat 2: covasa andre (button) (small blind) folded before Flop


PokerStars Hand #144868509168:  Hold'em Limit ($3/$6 USD) - 2015/12/05 13:21:48 ET
Table 'Arabella' 2-max Seat #1 is the button
Seat 1: Truelove13 ($120 in chips)
Seat 2: covasa andre ($92.73 in chips)
Truelove13: posts small blind $1
covasa andre: posts big blind $3
*** HOLE CARDS ***
Truelove13: folds
Uncalled bet ($2) returned to covasa andre
covasa andre collected $2 from pot
covasa andre: doesn't show hand
*** SUMMARY ***
Total pot $2 | Rake $0
Seat 1: Truelove13 (button) (small blind) folded before Flop
Seat 2: covasa andre (big blind) collected ($2)


PokerStars Hand #144868496903:  Hold'em Limit ($3/$6 USD) - 2015/12/05 13:21:34 ET
Table 'Arabella' 2-max Seat #2 is the button
Seat 1: Truelove13 ($124 in chips)
Seat 2: covasa andre ($86.97 in chips)
covasa andre: posts small blind $1
Truelove13: posts big blind $3
*** HOLE CARDS ***
covasa andre: raises $3 to $6
Truelove13: calls $3
*** FLOP *** [4d 2h 7h]
Truelove13: checks
covasa andre: bets $3
Truelove13: folds
Uncalled bet ($3) returned to covasa andre
covasa andre collected $11.76 from pot
covasa andre: doesn't show hand
*** SUMMARY ***
Total pot $12 | Rake $0.24
Board [4d 2h 7h]
Seat 1: Truelove13 (big blind) folded on the Flop
Seat 2: covasa andre (button) (small blind) collected ($11.76)


PokerStars Hand #144868490910:  Hold'em Limit ($3/$6 USD) - 2015/12/05 13:21:27 ET
Table 'Arabella' 2-max Seat #1 is the button
Seat 1: Truelove13 ($121 in chips)
Seat 2: covasa andre ($89.97 in chips)
Truelove13: posts small blind $1
covasa andre: posts big blind $3
*** HOLE CARDS ***
Truelove13: raises $3 to $6
covasa andre: folds
Uncalled bet ($3) returned to Truelove13
Truelove13 collected $6 from pot
*** SUMMARY ***
Total pot $6 | Rake $0
Seat 1: Truelove13 (button) (small blind) collected ($6)
Seat 2: covasa andre (big blind) folded before Flop


PokerStars Hand #144868486543:  Hold'em Limit ($3/$6 USD) - 2015/12/05 13:21:22 ET
Table 'Arabella' 2-max Seat #2 is the button
Seat 1: Truelove13 ($120 in chips)
Seat 2: covasa andre ($90.97 in chips)
covasa andre: posts small blind $1
Truelove13: posts big blind $3
*** HOLE CARDS ***
covasa andre: folds
Uncalled bet ($2) returned to Truelove13
Truelove13 collected $2 from pot
*** SUMMARY ***
Total pot $2 | Rake $0
Seat 1: Truelove13 (big blind) collected ($2)
Seat 2: covasa andre (button) (small blind) folded before Flop


PokerStars Hand #144868481474:  Hold'em Limit ($3/$6 USD) - 2015/12/05 13:21:16 ET
Table 'Arabella' 2-max Seat #1 is the button
Seat 1: Truelove13 ($120 in chips)
Seat 2: covasa andre ($89.97 in chips)
Truelove13: posts small blind $1
covasa andre: posts big blind $3
*** HOLE CARDS ***
Truelove13: folds
Uncalled bet ($2) returned to covasa andre
covasa andre collected $2 from pot
covasa andre: doesn't show hand
*** SUMMARY ***
Total pot $2 | Rake $0
Seat 1: Truelove13 (button) (small blind) folded before Flop
Seat 2: covasa andre (big blind) collected ($2)


PokerStars Hand #144868458163:  Hold'em Limit ($3/$6 USD) - 2015/12/05 13:20:50 ET
Table 'Arabella' 2-max Seat #2 is the button
Seat 1: Truelove13 ($120 in chips)
Seat 2: covasa andre ($63.47 in chips)
covasa andre: posts small blind $1
Truelove13: posts big blind $3
*** HOLE CARDS ***
covasa andre: calls $2
Truelove13: raises $3 to $6
covasa andre: calls $3
*** FLOP *** [2c 3s 3c]
Truelove13: bets $3
covasa andre: calls $3
*** TURN *** [2c 3s 3c] [7d]
Truelove13: bets $6
covasa andre: raises $6 to $12
Truelove13: calls $6
*** RIVER *** [2c 3s 3c 7d] [4h]
Truelove13: checks
covasa andre: bets $6
Truelove13: calls $6
*** SHOW DOWN ***
covasa andre: shows [Jc 4c] (two pair, Fours and Threes)
Truelove13: mucks hand
covasa andre collected $53.50 from pot
*** SUMMARY ***
Total pot $54 | Rake $0.50
Board [2c 3s 3c 7d 4h]
Seat 1: Truelove13 (big blind) mucked
Seat 2: covasa andre (button) (small blind) showed [Jc 4c] and won ($53.50) with two pair, Fours and Threes


PokerStars Hand #144868556183:  Hold'em Limit ($3/$6 USD) - 2015/12/05 13:22:43 ET
Table 'Arabella' 2-max Seat #1 is the button
Seat 1: Truelove13 ($132.50 in chips)
Seat 2: covasa andre ($80.73 in chips)
Truelove13: posts small blind $1
covasa andre: posts big blind $3
*** HOLE CARDS ***
Truelove13: raises $3 to $6
covasa andre: raises $3 to $9
Truelove13: calls $3
*** FLOP *** [2h 8c Jd]
covasa andre: bets $3
Truelove13: calls $3
*** TURN *** [2h 8c Jd] [3s]
covasa andre: bets $6
Truelove13: calls $6
*** RIVER *** [2h 8c Jd 3s] [9s]
covasa andre: bets $6
Truelove13: folds
Uncalled bet ($6) returned to covasa andre
covasa andre collected $35.50 from pot
covasa andre: doesn't show hand
*** SUMMARY ***
Total pot $36 | Rake $0.50
Board [2h 8c Jd 3s 9s]
Seat 1: Truelove13 (button) (small blind) folded on the River
Seat 2: covasa andre (big blind) collected ($35.50)


PokerStars Hand #144868549131:  Hold'em Limit ($3/$6 USD) - 2015/12/05 13:22:35 ET
Table 'Arabella' 2-max Seat #2 is the button
Seat 1: Truelove13 ($135.50 in chips)
Seat 2: covasa andre ($77.73 in chips)
covasa andre: posts small blind $1
Truelove13: posts big blind $3
*** HOLE CARDS ***
covasa andre: raises $3 to $6
Truelove13: folds
Uncalled bet ($3) returned to covasa andre
covasa andre collected $6 from pot
covasa andre: doesn't show hand
*** SUMMARY ***
Total pot $6 | Rake $0
Seat 1: Truelove13 (big blind) folded before Flop
Seat 2: covasa andre (button) (small blind) collected ($6)


PokerStars Hand #144868527926:  Hold'em Limit ($3/$6 USD) - 2015/12/05 13:22:10 ET
Table 'Arabella' 2-max Seat #1 is the button
Seat 1: Truelove13 ($121 in chips)
Seat 2: covasa andre ($92.73 in chips)
Truelove13: posts small blind $1
covasa andre: posts big blind $3
*** HOLE CARDS ***
Truelove13: raises $3 to $6
covasa andre: calls $3
*** FLOP *** [Qd 5s Ts]
covasa andre: checks
Truelove13: bets $3
covasa andre: calls $3
*** TURN *** [Qd 5s Ts] [6h]
covasa andre: checks
Truelove13: bets $6
covasa andre: calls $6
*** RIVER *** [Qd 5s Ts 6h] [7d]
covasa andre: checks
Truelove13: bets $6
covasa andre: folds
Uncalled bet ($6) returned to Truelove13
Truelove13 collected $29.50 from pot
*** SUMMARY ***
Total pot $30 | Rake $0.50
Board [Qd 5s Ts 6h 7d]
Seat 1: Truelove13 (button) (small blind) collected ($29.50)
Seat 2: covasa andre (big blind) folded on the River


PokerStars Hand #144868523245:  Hold'em Limit ($3/$6 USD) - 2015/12/05 13:22:05 ET
Table 'Arabella' 2-max Seat #2 is the button
Seat 1: Truelove13 ($120 in chips)
Seat 2: covasa andre ($93.73 in chips)
covasa andre: posts small blind $1
Truelove13: posts big blind $3
*** HOLE CARDS ***
covasa andre: folds
Uncalled bet ($2) returned to Truelove13
Truelove13 collected $2 from pot
*** SUMMARY ***
Total pot $2 | Rake $0
Seat 1: Truelove13 (big blind) collected ($2)
Seat 2: covasa andre (button) (small blind) folded before Flop


PokerStars Hand #144868518461:  Hold'em Limit ($3/$6 USD) - 2015/12/05 13:21:59 ET
Table 'Arabella' 2-max Seat #1 is the button
Seat 1: Truelove13 ($121 in chips)
Seat 2: covasa andre ($92.73 in chips)
Truelove13: posts small blind $1
covasa andre: posts big blind $3
*** HOLE CARDS ***
Truelove13: folds
Uncalled bet ($2) returned to covasa andre
covasa andre collected $2 from pot
covasa andre: doesn't show hand
*** SUMMARY ***
Total pot $2 | Rake $0
Seat 1: Truelove13 (button) (small blind) folded before Flop
Seat 2: covasa andre (big blind) collected ($2)


PokerStars Hand #144868604407:  Hold'em Limit ($3/$6 USD) - 2015/12/05 13:23:38 ET
Table 'Arabella' 2-max Seat #2 is the button
Seat 1: Truelove13 ($120 in chips)
Seat 2: covasa andre ($116.73 in chips)
covasa andre: posts small blind $1
Truelove13: posts big blind $3
*** HOLE CARDS ***
covasa andre: raises $3 to $6
Truelove13: raises $3 to $9
covasa andre: raises $3 to $12
Betting is capped
Truelove13: calls $3
*** FLOP *** [3c 5c 4h]
Truelove13: checks
covasa andre: bets $3
Truelove13: calls $3
*** TURN *** [3c 5c 4h] [Kh]
Truelove13: checks
covasa andre: checks
*** RIVER *** [3c 5c 4h Kh] [7d]
Truelove13: bets $6
covasa andre: raises $6 to $12
Truelove13: calls $6
*** SHOW DOWN ***
covasa andre: shows [7h 7c] (three of a kind, Sevens)
Truelove13: mucks hand
covasa andre collected $53.50 from pot
*** SUMMARY ***
Total pot $54 | Rake $0.50
Board [3c 5c 4h Kh 7d]
Seat 1: Truelove13 (big blind) mucked
Seat 2: covasa andre (button) (small blind) showed [7h 7c] and won ($53.50) with three of a kind, Sevens


PokerStars Hand #144868581300:  Hold'em Limit ($3/$6 USD) - 2015/12/05 13:23:12 ET
Table 'Arabella' 2-max Seat #2 is the button
Seat 1: Truelove13 ($124 in chips)
Seat 2: covasa andre ($94.23 in chips)
covasa andre: posts small blind $1
Truelove13: posts big blind $3
*** HOLE CARDS ***
covasa andre: folds
Uncalled bet ($2) returned to Truelove13
Truelove13 collected $2 from pot
*** SUMMARY ***
Total pot $2 | Rake $0
Seat 1: Truelove13 (big blind) collected ($2)
Seat 2: covasa andre (button) (small blind) folded before Flop


PokerStars Hand #144868575590:  Hold'em Limit ($3/$6 USD) - 2015/12/05 13:23:05 ET
Table 'Arabella' 2-max Seat #1 is the button
Seat 1: Truelove13 ($121 in chips)
Seat 2: covasa andre ($97.23 in chips)
Truelove13: posts small blind $1
covasa andre: posts big blind $3
*** HOLE CARDS ***
Truelove13: raises $3 to $6
covasa andre: folds
Uncalled bet ($3) returned to Truelove13
Truelove13 collected $6 from pot
*** SUMMARY ***
Total pot $6 | Rake $0
Seat 1: Truelove13 (button) (small blind) collected ($6)
Seat 2: covasa andre (big blind) folded before Flop


PokerStars Hand #144868571940:  Hold'em Limit ($3/$6 USD) - 2015/12/05 13:23:01 ET
Table 'Arabella' 2-max Seat #2 is the button
Seat 1: Truelove13 ($120 in chips)
Seat 2: covasa andre ($98.23 in chips)
covasa andre: posts small blind $1
Truelove13: posts big blind $3
*** HOLE CARDS ***
covasa andre: folds
Uncalled bet ($2) returned to Truelove13
Truelove13 collected $2 from pot
*** SUMMARY ***
Total pot $2 | Rake $0
Seat 1: Truelove13 (big blind) collected ($2)
Seat 2: covasa andre (button) (small blind) folded before Flop


PokerStars Hand #144868672110:  Hold'em Limit ($3/$6 USD) - 2015/12/05 13:24:56 ET
Table 'Arabella' 2-max Seat #1 is the button
Seat 1: Truelove13 ($124 in chips)
Seat 2: covasa andre ($159.73 in chips)
Truelove13: posts small blind $1
covasa andre: posts big blind $3
*** HOLE CARDS ***
Truelove13: raises $3 to $6
covasa andre: folds
Uncalled bet ($3) returned to Truelove13
Truelove13 collected $6 from pot
*** SUMMARY ***
Total pot $6 | Rake $0
Seat 1: Truelove13 (button) (small blind) collected ($6)
Seat 2: covasa andre (big blind) folded before Flop


PokerStars Hand #144868668116:  Hold'em Limit ($3/$6 USD) - 2015/12/05 13:24:52 ET
Table 'Arabella' 2-max Seat #2 is the button
Seat 1: Truelove13 ($123 in chips)
Seat 2: covasa andre ($160.73 in chips)
covasa andre: posts small blind $1
Truelove13: posts big blind $3
*** HOLE CARDS ***
covasa andre: folds
Uncalled bet ($2) returned to Truelove13
Truelove13 collected $2 from pot
*** SUMMARY ***
Total pot $2 | Rake $0
Seat 1: Truelove13 (big blind) collected ($2)
Seat 2: covasa andre (button) (small blind) folded before Flop


PokerStars Hand #144868662563:  Hold'em Limit ($3/$6 USD) - 2015/12/05 13:24:45 ET
Table 'Arabella' 2-max Seat #1 is the button
Seat 1: Truelove13 ($120 in chips)
Seat 2: covasa andre ($163.73 in chips)
Truelove13: posts small blind $1
covasa andre: posts big blind $3
*** HOLE CARDS ***
Truelove13: raises $3 to $6
covasa andre: folds
Uncalled bet ($3) returned to Truelove13
Truelove13 collected $6 from pot
*** SUMMARY ***
Total pot $6 | Rake $0
Seat 1: Truelove13 (button) (small blind) collected ($6)
Seat 2: covasa andre (big blind) folded before Flop


PokerStars Hand #144868656207:  Hold'em Limit ($3/$6 USD) - 2015/12/05 13:24:38 ET
Table 'Arabella' 2-max Seat #2 is the button
Seat 1: Truelove13 ($123 in chips)
Seat 2: covasa andre ($160.73 in chips)
covasa andre: posts small blind $1
Truelove13: posts big blind $3
*** HOLE CARDS ***
covasa andre: raises $3 to $6
Truelove13: folds
Uncalled bet ($3) returned to covasa andre
covasa andre collected $6 from pot
covasa andre: doesn't show hand
*** SUMMARY ***
Total pot $6 | Rake $0
Seat 1: Truelove13 (big blind) folded before Flop
Seat 2: covasa andre (button) (small blind) collected ($6)


PokerStars Hand #144868650423:  Hold'em Limit ($3/$6 USD) - 2015/12/05 13:24:31 ET
Table 'Arabella' 2-max Seat #1 is the button
Seat 1: Truelove13 ($120 in chips)
Seat 2: covasa andre ($163.73 in chips)
Truelove13: posts small blind $1
covasa andre: posts big blind $3
*** HOLE CARDS ***
Truelove13: raises $3 to $6
covasa andre: folds
Uncalled bet ($3) returned to Truelove13
Truelove13 collected $6 from pot
*** SUMMARY ***
Total pot $6 | Rake $0
Seat 1: Truelove13 (button) (small blind) collected ($6)
Seat 2: covasa andre (big blind) folded before Flop


PokerStars Hand #144868645577:  Hold'em Limit ($3/$6 USD) - 2015/12/05 13:24:26 ET
Table 'Arabella' 2-max Seat #2 is the button
Seat 1: Truelove13 ($120 in chips)
Seat 2: covasa andre ($160.73 in chips)
covasa andre: posts small blind $1
Truelove13: posts big blind $3
*** HOLE CARDS ***
covasa andre: raises $3 to $6
Truelove13: folds
Uncalled bet ($3) returned to covasa andre
covasa andre collected $6 from pot
covasa andre: doesn't show hand
*** SUMMARY ***
Total pot $6 | Rake $0
Seat 1: Truelove13 (big blind) folded before Flop
Seat 2: covasa andre (button) (small blind) collected ($6)


PokerStars Hand #144868626688:  Hold'em Limit ($3/$6 USD) - 2015/12/05 13:24:04 ET
Table 'Arabella' 2-max Seat #1 is the button
Seat 1: Truelove13 ($120 in chips)
Seat 2: covasa andre ($143.23 in chips)
Truelove13: posts small blind $1
covasa andre: posts big blind $3
*** HOLE CARDS ***
Truelove13: raises $3 to $6
covasa andre: calls $3
*** FLOP *** [Js 6s 5s]
covasa andre: checks
Truelove13: bets $3
covasa andre: raises $3 to $6
Truelove13: calls $3
*** TURN *** [Js 6s 5s] [Kh]
covasa andre: bets $6
Truelove13: calls $6
*** RIVER *** [Js 6s 5s Kh] [Ad]
covasa andre: checks
Truelove13: checks
*** SHOW DOWN ***
covasa andre: shows [Jh 7s] (a pair of Jacks)
Truelove13: mucks hand
covasa andre collected $35.50 from pot
*** SUMMARY ***
Total pot $36 | Rake $0.50
Board [Js 6s 5s Kh Ad]
Seat 1: Truelove13 (button) (small blind) mucked
Seat 2: covasa andre (big blind) showed [Jh 7s] and won ($35.50) with a pair of Jacks


PokerStars Hand #144868718544:  Hold'em Limit ($3/$6 USD) - 2015/12/05 13:25:50 ET
Table 'Arabella' 2-max Seat #2 is the button
Seat 1: Truelove13 ($124 in chips)
Seat 2: covasa andre ($172.99 in chips)
covasa andre: posts small blind $1
Truelove13: posts big blind $3
*** HOLE CARDS ***
covasa andre: raises $3 to $6
Truelove13: calls $3
*** FLOP *** [Tc Jd Qc]
Truelove13: checks
covasa andre: bets $3
Truelove13: folds
Uncalled bet ($3) returned to covasa andre
covasa andre collected $11.76 from pot
covasa andre: doesn't show hand
*** SUMMARY ***
Total pot $12 | Rake $0.24
Board [Tc Jd Qc]
Seat 1: Truelove13 (big blind) folded on the Flop
Seat 2: covasa andre (button) (small blind) collected ($11.76)


PokerStars Hand #144868713028:  Hold'em Limit ($3/$6 USD) - 2015/12/05 13:25:43 ET
Table 'Arabella' 2-max Seat #1 is the button
Seat 1: Truelove13 ($121 in chips)
Seat 2: covasa andre ($175.99 in chips)
Truelove13: posts small blind $1
covasa andre: posts big blind $3
*** HOLE CARDS ***
Truelove13: raises $3 to $6
covasa andre: folds
Uncalled bet ($3) returned to Truelove13
Truelove13 collected $6 from pot
*** SUMMARY ***
Total pot $6 | Rake $0
Seat 1: Truelove13 (button) (small blind) collected ($6)
Seat 2: covasa andre (big blind) folded before Flop


PokerStars Hand #144868708806:  Hold'em Limit ($3/$6 USD) - 2015/12/05 13:25:38 ET
Table 'Arabella' 2-max Seat #2 is the button
Seat 1: Truelove13 ($120 in chips)
Seat 2: covasa andre ($176.99 in chips)
covasa andre: posts small blind $1
Truelove13: posts big blind $3
*** HOLE CARDS ***
covasa andre: folds
Uncalled bet ($2) returned to Truelove13
Truelove13 collected $2 from pot
*** SUMMARY ***
Total pot $2 | Rake $0
Seat 1: Truelove13 (big blind) collected ($2)
Seat 2: covasa andre (button) (small blind) folded before Flop


PokerStars Hand #144868688826:  Hold'em Limit ($3/$6 USD) - 2015/12/05 13:25:15 ET
Table 'Arabella' 2-max Seat #1 is the button
Seat 1: Truelove13 ($121 in chips)
Seat 2: covasa andre ($162.49 in chips)
Truelove13: posts small blind $1
covasa andre: posts big blind $3
*** HOLE CARDS ***
Truelove13: raises $3 to $6
covasa andre: calls $3
*** FLOP *** [3c 2c 7s]
covasa andre: checks
Truelove13: bets $3
covasa andre: calls $3
*** TURN *** [3c 2c 7s] [5s]
covasa andre: checks
Truelove13: bets $6
covasa andre: calls $6
*** RIVER *** [3c 2c 7s 5s] [8h]
covasa andre: checks
Truelove13: checks
*** SHOW DOWN ***
covasa andre: shows [Ad 3h] (a pair of Threes)
Truelove13: mucks hand
covasa andre collected $29.50 from pot
*** SUMMARY ***
Total pot $30 | Rake $0.50
Board [3c 2c 7s 5s 8h]
Seat 1: Truelove13 (button) (small blind) mucked
Seat 2: covasa andre (big blind) showed [Ad 3h] and won ($29.50) with a pair of Threes


PokerStars Hand #144868677620:  Hold'em Limit ($3/$6 USD) - 2015/12/05 13:25:02 ET
Table 'Arabella' 2-max Seat #2 is the button
Seat 1: Truelove13 ($127 in chips)
Seat 2: covasa andre ($156.73 in chips)
covasa andre: posts small blind $1
Truelove13: posts big blind $3
*** HOLE CARDS ***
covasa andre: raises $3 to $6
Truelove13: calls $3
*** FLOP *** [Qs 8s 7c]
Truelove13: checks
covasa andre: bets $3
Truelove13: folds
Uncalled bet ($3) returned to covasa andre
covasa andre collected $11.76 from pot
covasa andre: doesn't show hand
*** SUMMARY ***
Total pot $12 | Rake $0.24
Board [Qs 8s 7c]
Seat 1: Truelove13 (big blind) folded on the Flop
Seat 2: covasa andre (button) (small blind) collected ($11.76)


PokerStars Hand #144868778895:  Hold'em Limit ($3/$6 USD) - 2015/12/05 13:27:00 ET
Table 'Arabella' 2-max Seat #2 is the button
Seat 1: Truelove13 ($120 in chips)
Seat 2: covasa andre ($187.39 in chips)
covasa andre: posts small blind $1
Truelove13: posts big blind $3
*** HOLE CARDS ***
covasa andre: folds
Uncalled bet ($2) returned to Truelove13
Truelove13 collected $2 from pot
*** SUMMARY ***
Total pot $2 | Rake $0
Seat 1: Truelove13 (big blind) collected ($2)
Seat 2: covasa andre (button) (small blind) folded before Flop


PokerStars Hand #144868772710:  Hold'em Limit ($3/$6 USD) - 2015/12/05 13:26:52 ET
Table 'Arabella' 2-max Seat #1 is the button
Seat 1: Truelove13 ($121 in chips)
Seat 2: covasa andre ($186.39 in chips)
Truelove13: posts small blind $1
covasa andre: posts big blind $3
*** HOLE CARDS ***
Truelove13: folds
Uncalled bet ($2) returned to covasa andre
covasa andre collected $2 from pot
covasa andre: doesn't show hand
*** SUMMARY ***
Total pot $2 | Rake $0
Seat 1: Truelove13 (button) (small blind) folded before Flop
Seat 2: covasa andre (big blind) collected ($2)


PokerStars Hand #144868768419:  Hold'em Limit ($3/$6 USD) - 2015/12/05 13:26:47 ET
Table 'Arabella' 2-max Seat #2 is the button
Seat 1: Truelove13 ($120 in chips)
Seat 2: covasa andre ($187.39 in chips)
covasa andre: posts small blind $1
Truelove13: posts big blind $3
*** HOLE CARDS ***
covasa andre: folds
Uncalled bet ($2) returned to Truelove13
Truelove13 collected $2 from pot
*** SUMMARY ***
Total pot $2 | Rake $0
Seat 1: Truelove13 (big blind) collected ($2)
Seat 2: covasa andre (button) (small blind) folded before Flop


PokerStars Hand #144868763865:  Hold'em Limit ($3/$6 USD) - 2015/12/05 13:26:42 ET
Table 'Arabella' 2-max Seat #1 is the button
Seat 1: Truelove13 ($120 in chips)
Seat 2: covasa andre ($186.39 in chips)
Truelove13: posts small blind $1
covasa andre: posts big blind $3
*** HOLE CARDS ***
Truelove13: folds
Uncalled bet ($2) returned to covasa andre
covasa andre collected $2 from pot
covasa andre: doesn't show hand
*** SUMMARY ***
Total pot $2 | Rake $0
Seat 1: Truelove13 (button) (small blind) folded before Flop
Seat 2: covasa andre (big blind) collected ($2)


PokerStars Hand #144868757541:  Hold'em Limit ($3/$6 USD) - 2015/12/05 13:26:35 ET
Table 'Arabella' 2-max Seat #2 is the button
Seat 1: Truelove13 ($120 in chips)
Seat 2: covasa andre ($183.39 in chips)
covasa andre: posts small blind $1
Truelove13: posts big blind $3
*** HOLE CARDS ***
covasa andre: raises $3 to $6
Truelove13: folds
Uncalled bet ($3) returned to covasa andre
covasa andre collected $6 from pot
covasa andre: doesn't show hand
*** SUMMARY ***
Total pot $6 | Rake $0
Seat 1: Truelove13 (big blind) folded before Flop
Seat 2: covasa andre (button) (small blind) collected ($6)


PokerStars Hand #144868738820:  Hold'em Limit ($3/$6 USD) - 2015/12/05 13:26:13 ET
Table 'Arabella' 2-max Seat #1 is the button
Seat 1: Truelove13 ($124 in chips)
Seat 2: covasa andre ($174.75 in chips)
Truelove13: posts small blind $1
covasa andre: posts big blind $3
*** HOLE CARDS ***
Truelove13: raises $3 to $6
covasa andre: raises $3 to $9
Truelove13: calls $3
*** FLOP *** [4h Kd 6h]
covasa andre: checks
Truelove13: checks
*** TURN *** [4h Kd 6h] [Ah]
covasa andre: checks
Truelove13: checks
*** RIVER *** [4h Kd 6h Ah] [2c]
covasa andre: bets $6
Truelove13: folds
Uncalled bet ($6) returned to covasa andre
covasa andre collected $17.64 from pot
covasa andre: doesn't show hand
*** SUMMARY ***
Total pot $18 | Rake $0.36
Board [4h Kd 6h Ah 2c]
Seat 1: Truelove13 (button) (small blind) folded on the River
Seat 2: covasa andre (big blind) collected ($17.64)


PokerStars Hand #144868734570:  Hold'em Limit ($3/$6 USD) - 2015/12/05 13:26:08 ET
Table 'Arabella' 2-max Seat #2 is the button
Seat 1: Truelove13 ($123 in chips)
Seat 2: covasa andre ($175.75 in chips)
covasa andre: posts small blind $1
Truelove13: posts big blind $3
*** HOLE CARDS ***
covasa andre: folds
Uncalled bet ($2) returned to Truelove13
Truelove13 collected $2 from pot
*** SUMMARY ***
Total pot $2 | Rake $0
Seat 1: Truelove13 (big blind) collected ($2)
Seat 2: covasa andre (button) (small blind) folded before Flop


PokerStars Hand #144868728945:  Hold'em Limit ($3/$6 USD) - 2015/12/05 13:26:02 ET
Table 'Arabella' 2-max Seat #1 is the button
Seat 1: Truelove13 ($120 in chips)
Seat 2: covasa andre ($178.75 in chips)
Truelove13: posts small blind $1
covasa andre: posts big blind $3
*** HOLE CARDS ***
Truelove13: raises $3 to $6
covasa andre: folds
Uncalled bet ($3) returned to Truelove13
Truelove13 collected $6 from pot
*** SUMMARY ***
Total pot $6 | Rake $0
Seat 1: Truelove13 (button) (small blind) collected ($6)
Seat 2: covasa andre (big blind) folded before Flop


PokerStars Hand #144868832141:  Hold'em Limit ($3/$6 USD) - 2015/12/05 13:28:01 ET
Table 'Arabella' 2-max Seat #2 is the button
Seat 1: Truelove13 ($149.50 in chips)
Seat 2: covasa andre ($173.67 in chips)
covasa andre: posts small blind $1
Truelove13: posts big blind $3
*** HOLE CARDS ***
covasa andre: folds
Uncalled bet ($2) returned to Truelove13
Truelove13 collected $2 from pot
*** SUMMARY ***
Total pot $2 | Rake $0
Seat 1: Truelove13 (big blind) collected ($2)
Seat 2: covasa andre (button) (small blind) folded before Flop


PokerStars Hand #144868816559:  Hold'em Limit ($3/$6 USD) - 2015/12/05 13:27:44 ET
Table 'Arabella' 2-max Seat #1 is the button
Seat 1: Truelove13 ($120 in chips)
Seat 2: covasa andre ($203.67 in chips)
Truelove13: posts small blind $1
covasa andre: posts big blind $3
*** HOLE CARDS ***
Truelove13: raises $3 to $6
covasa andre: raises $3 to $9
Truelove13: calls $3
*** FLOP *** [9s Td 5c]
covasa andre: bets $3
Truelove13: calls $3
*** TURN *** [9s Td 5c] [4d]
covasa andre: bets $6
Truelove13: raises $6 to $12
covasa andre: calls $6
*** RIVER *** [9s Td 5c 4d] [8c]
covasa andre: checks
Truelove13: bets $6
covasa andre: calls $6
*** SHOW DOWN ***
Truelove13: shows [4s 4h] (three of a kind, Fours)
covasa andre: mucks hand
Truelove13 collected $59.50 from pot
*** SUMMARY ***
Total pot $60 | Rake $0.50
Board [9s Td 5c 4d 8c]
Seat 1: Truelove13 (button) (small blind) showed [4s 4h] and won ($59.50) with three of a kind, Fours
Seat 2: covasa andre (big blind) mucked


PokerStars Hand #144868798485:  Hold'em Limit ($3/$6 USD) - 2015/12/05 13:27:23 ET
Table 'Arabella' 2-max Seat #2 is the button
Seat 1: Truelove13 ($120 in chips)
Seat 2: covasa andre ($195.03 in chips)
covasa andre: posts small blind $1
Truelove13: posts big blind $3
*** HOLE CARDS ***
covasa andre: raises $3 to $6
Truelove13: calls $3
*** FLOP *** [Kd Td 6d]
Truelove13: checks
covasa andre: bets $3
Truelove13: calls $3
*** TURN *** [Kd Td 6d] [Qc]
Truelove13: checks
covasa andre: checks
*** RIVER *** [Kd Td 6d Qc] [Jh]
Truelove13: checks
covasa andre: checks
*** SHOW DOWN ***
Truelove13: shows [8d Tc] (a pair of Tens)
covasa andre: shows [3s Js] (a pair of Jacks)
covasa andre collected $17.64 from pot
*** SUMMARY ***
Total pot $18 | Rake $0.36
Board [Kd Td 6d Qc Jh]
Seat 1: Truelove13 (big blind) showed [8d Tc] and lost with a pair of Tens
Seat 2: covasa andre (button) (small blind) showed [3s Js] and won ($17.64) with a pair of Jacks


PokerStars Hand #144868783190:  Hold'em Limit ($3/$6 USD) - 2015/12/05 13:27:05 ET
Table 'Arabella' 2-max Seat #1 is the button
Seat 1: Truelove13 ($121 in chips)
Seat 2: covasa andre ($186.39 in chips)
Truelove13: posts small blind $1
covasa andre: posts big blind $3
*** HOLE CARDS ***
Truelove13: raises $3 to $6
covasa andre: calls $3
*** FLOP *** [Jh 5d 2h]
covasa andre: checks
Truelove13: bets $3
covasa andre: calls $3
*** TURN *** [Jh 5d 2h] [8h]
covasa andre: checks
Truelove13: checks
*** RIVER *** [Jh 5d 2h 8h] [7h]
covasa andre: bets $6
Truelove13: folds
Uncalled bet ($6) returned to covasa andre
covasa andre collected $17.64 from pot
covasa andre: doesn't show hand
*** SUMMARY ***
Total pot $18 | Rake $0.36
Board [Jh 5d 2h 8h 7h]
Seat 1: Truelove13 (button) (small blind) folded on the River
Seat 2: covasa andre (big blind) collected ($17.64)


PokerStars Hand #144868869508:  Hold'em Limit ($3/$6 USD) - 2015/12/05 13:28:45 ET
Table 'Arabella' 2-max Seat #2 is the button
Seat 1: Truelove13 ($145.50 in chips)
Seat 2: covasa andre ($177.31 in chips)
covasa andre: posts small blind $1
Truelove13: posts big blind $3
*** HOLE CARDS ***
covasa andre: raises $3 to $6
Truelove13: calls $3
*** FLOP *** [Jh 4d As]
Truelove13: checks
covasa andre: checks
*** TURN *** [Jh 4d As] [Qh]
Truelove13: checks
covasa andre: bets $6
Truelove13: folds
Uncalled bet ($6) returned to covasa andre
covasa andre collected $11.76 from pot
covasa andre: doesn't show hand
*** SUMMARY ***
Total pot $12 | Rake $0.24
Board [Jh 4d As Qh]
Seat 1: Truelove13 (big blind) folded on the Turn
Seat 2: covasa andre (button) (small blind) collected ($11.76)


PokerStars Hand #144868856082:  Hold'em Limit ($3/$6 USD) - 2015/12/05 13:28:29 ET
Table 'Arabella' 2-max Seat #1 is the button
Seat 1: Truelove13 ($154.50 in chips)
Seat 2: covasa andre ($168.67 in chips)
Truelove13: posts small blind $1
covasa andre: posts big blind $3
*** HOLE CARDS ***
Truelove13: raises $3 to $6
covasa andre: calls $3
*** FLOP *** [Jc 6d 3h]
covasa andre: checks
Truelove13: bets $3
covasa andre: raises $3 to $6
Truelove13: folds
Uncalled bet ($3) returned to covasa andre
covasa andre collected $17.64 from pot
covasa andre: doesn't show hand
*** SUMMARY ***
Total pot $18 | Rake $0.36
Board [Jc 6d 3h]
Seat 1: Truelove13 (button) (small blind) folded on the Flop
Seat 2: covasa andre (big blind) collected ($17.64)


PokerStars Hand #144868851723:  Hold'em Limit ($3/$6 USD) - 2015/12/05 13:28:24 ET
Table 'Arabella' 2-max Seat #2 is the button
Seat 1: Truelove13 ($153.50 in chips)
Seat 2: covasa andre ($169.67 in chips)
covasa andre: posts small blind $1
Truelove13: posts big blind $3
*** HOLE CARDS ***
covasa andre: folds
Uncalled bet ($2) returned to Truelove13
Truelove13 collected $2 from pot
*** SUMMARY ***
Total pot $2 | Rake $0
Seat 1: Truelove13 (big blind) collected ($2)
Seat 2: covasa andre (button) (small blind) folded before Flop


PokerStars Hand #144868845366:  Hold'em Limit ($3/$6 USD) - 2015/12/05 13:28:17 ET
Table 'Arabella' 2-max Seat #1 is the button
Seat 1: Truelove13 ($150.50 in chips)
Seat 2: covasa andre ($172.67 in chips)
Truelove13: posts small blind $1
covasa andre: posts big blind $3
*** HOLE CARDS ***
Truelove13: raises $3 to $6
covasa andre: folds
Uncalled bet ($3) returned to Truelove13
Truelove13 collected $6 from pot
*** SUMMARY ***
Total pot $6 | Rake $0
Seat 1: Truelove13 (button) (small blind) collected ($6)
Seat 2: covasa andre (big blind) folded before Flop


PokerStars Hand #144868841144:  Hold'em Limit ($3/$6 USD) - 2015/12/05 13:28:12 ET
Table 'Arabella' 2-max Seat #2 is the button
Seat 1: Truelove13 ($149.50 in chips)
Seat 2: covasa andre ($173.67 in chips)
covasa andre: posts small blind $1
Truelove13: posts big blind $3
*** HOLE CARDS ***
covasa andre: folds
Uncalled bet ($2) returned to Truelove13
Truelove13 collected $2 from pot
*** SUMMARY ***
Total pot $2 | Rake $0
Seat 1: Truelove13 (big blind) collected ($2)
Seat 2: covasa andre (button) (small blind) folded before Flop


PokerStars Hand #144868836167:  Hold'em Limit ($3/$6 USD) - 2015/12/05 13:28:06 ET
Table 'Arabella' 2-max Seat #1 is the button
Seat 1: Truelove13 ($150.50 in chips)
Seat 2: covasa andre ($172.67 in chips)
Truelove13: posts small blind $1
covasa andre: posts big blind $3
*** HOLE CARDS ***
Truelove13: folds
Uncalled bet ($2) returned to covasa andre
covasa andre collected $2 from pot
covasa andre: doesn't show hand
*** SUMMARY ***
Total pot $2 | Rake $0
Seat 1: Truelove13 (button) (small blind) folded before Flop
Seat 2: covasa andre (big blind) collected ($2)


PokerStars Hand #144868883325:  Hold'em Limit ($3/$6 USD) - 2015/12/05 13:29:01 ET
Table 'Arabella' 2-max Seat #1 is the button
Seat 1: Truelove13 ($139.50 in chips)
Seat 2: covasa andre ($183.07 in chips)
Truelove13: posts small blind $1
covasa andre: posts big blind $3
*** HOLE CARDS ***
Truelove13: raises $3 to $6
covasa andre: folds
Uncalled bet ($3) returned to Truelove13
Truelove13 collected $6 from pot
*** SUMMARY ***
Total pot $6 | Rake $0
Seat 1: Truelove13 (button) (small blind) collected ($6)
Seat 2: covasa andre (big blind) folded before Flop


PokerStars Hand #144883455528:  Hold'em Limit ($3/$6 USD) - 2015/12/05 18:03:10 ET
Table 'Arabella' 2-max Seat #1 is the button
Seat 1: Truelove13 ($131.52 in chips)
Seat 2: Mu Fc 450 05 ($39.88 in chips)
Truelove13: posts small blind $1
Mu Fc 450 05: posts big blind $3
*** HOLE CARDS ***
Truelove13: raises $3 to $6
Mu Fc 450 05: calls $3
*** FLOP *** [8c 3d 7d]
Mu Fc 450 05: checks
Truelove13: bets $3
Mu Fc 450 05: raises $3 to $6
Truelove13: calls $3
*** TURN *** [8c 3d 7d] [Kh]
Mu Fc 450 05: checks
Truelove13: bets $6
Mu Fc 450 05: calls $6
*** RIVER *** [8c 3d 7d Kh] [5d]
Mu Fc 450 05: checks
Truelove13: bets $6
Mu Fc 450 05: calls $6
*** SHOW DOWN ***
Truelove13: shows [Kc 7h] (two pair, Kings and Sevens)
Mu Fc 450 05: mucks hand
Truelove13 collected $47.50 from pot
*** SUMMARY ***
Total pot $48 | Rake $0.50
Board [8c 3d 7d Kh 5d]
Seat 1: Truelove13 (button) (small blind) showed [Kc 7h] and won ($47.50) with two pair, Kings and Sevens
Seat 2: Mu Fc 450 05 (big blind) mucked


PokerStars Hand #144883441930:  Hold'em Limit ($3/$6 USD) - 2015/12/05 18:02:54 ET
Table 'Arabella' 2-max Seat #2 is the button
Seat 1: Truelove13 ($120 in chips)
Seat 2: Mu Fc 450 05 ($51.88 in chips)
Mu Fc 450 05: posts small blind $1
Truelove13: posts big blind $3
*** HOLE CARDS ***
Mu Fc 450 05: calls $2
Truelove13: checks
*** FLOP *** [6s Jd 6h]
Truelove13: bets $3
Mu Fc 450 05: calls $3
*** TURN *** [6s Jd 6h] [5d]
Truelove13: bets $6
Mu Fc 450 05: calls $6
*** RIVER *** [6s Jd 6h 5d] [Kd]
Truelove13: bets $6
Mu Fc 450 05: folds
Uncalled bet ($6) returned to Truelove13
Truelove13 collected $23.52 from pot
*** SUMMARY ***
Total pot $24 | Rake $0.48
Board [6s Jd 6h 5d Kd]
Seat 1: Truelove13 (big blind) collected ($23.52)
Seat 2: Mu Fc 450 05 (button) (small blind) folded on the River


PokerStars Hand #144883437850:  Hold'em Limit ($3/$6 USD) - 2015/12/05 18:02:48 ET
Table 'Arabella' 2-max Seat #1 is the button
Seat 1: Truelove13 ($120 in chips)
Seat 2: Mu Fc 450 05 ($50.88 in chips)
Truelove13: posts small blind $1
Mu Fc 450 05: posts big blind $3
*** HOLE CARDS ***
Truelove13: folds
Uncalled bet ($2) returned to Mu Fc 450 05
Mu Fc 450 05 collected $2 from pot
Mu Fc 450 05: doesn't show hand
*** SUMMARY ***
Total pot $2 | Rake $0
Seat 1: Truelove13 (button) (small blind) folded before Flop
Seat 2: Mu Fc 450 05 (big blind) collected ($2)


PokerStars Hand #144883504536:  Hold'em Limit ($3/$6 USD) - 2015/12/05 18:04:10 ET
Table 'Arabella' 2-max Seat #1 is the button
Seat 1: Truelove13 ($144.02 in chips)
Seat 2: Mu Fc 450 05 ($26.40 in chips)
Truelove13: posts small blind $1
Mu Fc 450 05: posts big blind $3
*** HOLE CARDS ***
Truelove13: raises $3 to $6
Mu Fc 450 05: raises $3 to $9
Truelove13: calls $3
*** FLOP *** [3c Jh Th]
Mu Fc 450 05: checks
Truelove13: bets $3
Mu Fc 450 05: calls $3
*** TURN *** [3c Jh Th] [Ah]
Mu Fc 450 05: checks
Truelove13: checks
*** RIVER *** [3c Jh Th Ah] [Qs]
Mu Fc 450 05: checks
Truelove13: bets $6
Mu Fc 450 05: calls $6
*** SHOW DOWN ***
Truelove13: shows [Tc Ks] (a straight, Ten to Ace)
Mu Fc 450 05: mucks hand
Truelove13 collected $35.50 from pot
*** SUMMARY ***
Total pot $36 | Rake $0.50
Board [3c Jh Th Ah Qs]
Seat 1: Truelove13 (button) (small blind) showed [Tc Ks] and won ($35.50) with a straight, Ten to Ace
Seat 2: Mu Fc 450 05 (big blind) mucked


PokerStars Hand #144883500052:  Hold'em Limit ($3/$6 USD) - 2015/12/05 18:04:04 ET
Table 'Arabella' 2-max Seat #2 is the button
Seat 1: Truelove13 ($143.02 in chips)
Seat 2: Mu Fc 450 05 ($27.40 in chips)
Mu Fc 450 05: posts small blind $1
Truelove13: posts big blind $3
*** HOLE CARDS ***
Mu Fc 450 05: folds
Uncalled bet ($2) returned to Truelove13
Truelove13 collected $2 from pot
*** SUMMARY ***
Total pot $2 | Rake $0
Seat 1: Truelove13 (big blind) collected ($2)
Seat 2: Mu Fc 450 05 (button) (small blind) folded before Flop


PokerStars Hand #144883485469:  Hold'em Limit ($3/$6 USD) - 2015/12/05 18:03:47 ET
Table 'Arabella' 2-max Seat #1 is the button
Seat 1: Truelove13 ($152.02 in chips)
Seat 2: Mu Fc 450 05 ($18.76 in chips)
Truelove13: posts small blind $1
Mu Fc 450 05: posts big blind $3
*** HOLE CARDS ***
Truelove13: raises $3 to $6
Mu Fc 450 05: calls $3
*** FLOP *** [5d Qh 9d]
Mu Fc 450 05: checks
Truelove13: bets $3
Mu Fc 450 05: calls $3
*** TURN *** [5d Qh 9d] [Th]
Mu Fc 450 05: checks
Truelove13: checks
*** RIVER *** [5d Qh 9d Th] [6h]
Mu Fc 450 05: checks
Truelove13: checks
*** SHOW DOWN ***
Mu Fc 450 05: shows [9h 3s] (a pair of Nines)
Truelove13: mucks hand
Mu Fc 450 05 collected $17.64 from pot
*** SUMMARY ***
Total pot $18 | Rake $0.36
Board [5d Qh 9d Th 6h]
Seat 1: Truelove13 (button) (small blind) mucked
Seat 2: Mu Fc 450 05 (big blind) showed [9h 3s] and won ($17.64) with a pair of Nines


PokerStars Hand #144883475481:  Hold'em Limit ($3/$6 USD) - 2015/12/05 18:03:35 ET
Table 'Arabella' 2-max Seat #2 is the button
Seat 1: Truelove13 ($155.02 in chips)
Seat 2: Mu Fc 450 05 ($15.88 in chips)
Mu Fc 450 05: posts small blind $1
Truelove13: posts big blind $3
*** HOLE CARDS ***
Mu Fc 450 05: calls $2
Truelove13: checks
*** FLOP *** [3d 2c 2h]
Truelove13: checks
Mu Fc 450 05: bets $3
Truelove13: folds
Uncalled bet ($3) returned to Mu Fc 450 05
Mu Fc 450 05 collected $5.88 from pot
Mu Fc 450 05: doesn't show hand
*** SUMMARY ***
Total pot $6 | Rake $0.12
Board [3d 2c 2h]
Seat 1: Truelove13 (big blind) folded on the Flop
Seat 2: Mu Fc 450 05 (button) (small blind) collected ($5.88)


PokerStars Hand #144883560200:  Hold'em Limit ($3/$6 USD) - 2015/12/05 18:05:18 ET
Table 'Arabella' 2-max Seat #2 is the button
Seat 1: Truelove13 ($151.88 in chips)
Seat 2: Mu Fc 450 05 ($17.22 in chips)
Mu Fc 450 05: posts small blind $1
Truelove13: posts big blind $3
*** HOLE CARDS ***
Mu Fc 450 05: raises $3 to $6
Truelove13: calls $3
*** FLOP *** [2s Qh 9c]
Truelove13: checks
Mu Fc 450 05: checks
*** TURN *** [2s Qh 9c] [4s]
Truelove13: checks
Mu Fc 450 05: bets $6
Truelove13: folds
Uncalled bet ($6) returned to Mu Fc 450 05
Mu Fc 450 05 collected $11.76 from pot
Mu Fc 450 05: doesn't show hand
*** SUMMARY ***
Total pot $12 | Rake $0.24
Board [2s Qh 9c 4s]
Seat 1: Truelove13 (big blind) folded on the Turn
Seat 2: Mu Fc 450 05 (button) (small blind) collected ($11.76)


PokerStars Hand #144883551483:  Hold'em Limit ($3/$6 USD) - 2015/12/05 18:05:07 ET
Table 'Arabella' 2-max Seat #1 is the button
Seat 1: Truelove13 ($146.12 in chips)
Seat 2: Mu Fc 450 05 ($23.22 in chips)
Truelove13: posts small blind $1
Mu Fc 450 05: posts big blind $3
*** HOLE CARDS ***
Truelove13: raises $3 to $6
Mu Fc 450 05: calls $3
*** FLOP *** [3c Tc 7s]
Mu Fc 450 05: checks
Truelove13: bets $3
Mu Fc 450 05: folds
Uncalled bet ($3) returned to Truelove13
Truelove13 collected $11.76 from pot
*** SUMMARY ***
Total pot $12 | Rake $0.24
Board [3c Tc 7s]
Seat 1: Truelove13 (button) (small blind) collected ($11.76)
Seat 2: Mu Fc 450 05 (big blind) folded on the Flop


PokerStars Hand #144883541074:  Hold'em Limit ($3/$6 USD) - 2015/12/05 18:04:54 ET
Table 'Arabella' 2-max Seat #2 is the button
Seat 1: Truelove13 ($152.12 in chips)
Seat 2: Mu Fc 450 05 ($17.46 in chips)
Mu Fc 450 05: posts small blind $1
Truelove13: posts big blind $3
*** HOLE CARDS ***
Mu Fc 450 05: raises $3 to $6
Truelove13: calls $3
*** FLOP *** [Jh 2h Tc]
Truelove13: checks
Mu Fc 450 05: bets $3
Truelove13: folds
Uncalled bet ($3) returned to Mu Fc 450 05
Mu Fc 450 05 collected $11.76 from pot
Mu Fc 450 05: doesn't show hand
*** SUMMARY ***
Total pot $12 | Rake $0.24
Board [Jh 2h Tc]
Seat 1: Truelove13 (big blind) folded on the Flop
Seat 2: Mu Fc 450 05 (button) (small blind) collected ($11.76)


PokerStars Hand #144883536997:  Hold'em Limit ($3/$6 USD) - 2015/12/05 18:04:49 ET
Table 'Arabella' 2-max Seat #1 is the button
Seat 1: Truelove13 ($153.12 in chips)
Seat 2: Mu Fc 450 05 ($16.46 in chips)
Truelove13: posts small blind $1
Mu Fc 450 05: posts big blind $3
*** HOLE CARDS ***
Truelove13: folds
Uncalled bet ($2) returned to Mu Fc 450 05
Mu Fc 450 05 collected $2 from pot
Mu Fc 450 05: doesn't show hand
*** SUMMARY ***
Total pot $2 | Rake $0
Seat 1: Truelove13 (button) (small blind) folded before Flop
Seat 2: Mu Fc 450 05 (big blind) collected ($2)


PokerStars Hand #144883523071:  Hold'em Limit ($3/$6 USD) - 2015/12/05 18:04:32 ET
Table 'Arabella' 2-max Seat #2 is the button
Seat 1: Truelove13 ($161.52 in chips)
Seat 2: Mu Fc 450 05 ($8.40 in chips)
Mu Fc 450 05: posts small blind $1
Truelove13: posts big blind $3
*** HOLE CARDS ***
Mu Fc 450 05: calls $2
Truelove13: raises $3 to $6
Mu Fc 450 05: calls $3
*** FLOP *** [4c Ts 6d]
Truelove13: bets $3
Mu Fc 450 05: calls $2.40 and is all-in
Uncalled bet ($0.60) returned to Truelove13
*** TURN *** [4c Ts 6d] [8c]
*** RIVER *** [4c Ts 6d 8c] [7s]
*** SHOW DOWN ***
Truelove13: shows [Kd 8s] (a pair of Eights)
Mu Fc 450 05: shows [4s 9c] (a straight, Six to Ten)
Mu Fc 450 05 collected $16.46 from pot
*** SUMMARY ***
Total pot $16.80 | Rake $0.34
Board [4c Ts 6d 8c 7s]
Seat 1: Truelove13 (big blind) showed [Kd 8s] and lost with a pair of Eights
Seat 2: Mu Fc 450 05 (button) (small blind) showed [4s 9c] and won ($16.46) with a straight, Six to Ten


PokerStars Hand #144883614882:  Hold'em Limit ($3/$6 USD) - 2015/12/05 18:06:24 ET
Table 'Arabella' 2-max Seat #1 is the button
Seat 1: Truelove13 ($122.88 in chips)
Seat 2: Mu Fc 450 05 ($48.12 in chips)
Truelove13: posts small blind $1
Mu Fc 450 05: posts big blind $3
*** HOLE CARDS ***
Truelove13: raises $3 to $6
Mu Fc 450 05: calls $3
*** FLOP *** [3c Kh 5d]
Mu Fc 450 05: checks
Truelove13: bets $3
Mu Fc 450 05: folds
Uncalled bet ($3) returned to Truelove13
Truelove13 collected $11.76 from pot
*** SUMMARY ***
Total pot $12 | Rake $0.24
Board [3c Kh 5d]
Seat 1: Truelove13 (button) (small blind) collected ($11.76)
Seat 2: Mu Fc 450 05 (big blind) folded on the Flop


PokerStars Hand #144883606095:  Hold'em Limit ($3/$6 USD) - 2015/12/05 18:06:13 ET
Table 'Arabella' 2-max Seat #2 is the button
Seat 1: Truelove13 ($120 in chips)
Seat 2: Mu Fc 450 05 ($51.12 in chips)
Mu Fc 450 05: posts small blind $1
Truelove13: posts big blind $3
*** HOLE CARDS ***
Mu Fc 450 05: calls $2
Truelove13: checks
*** FLOP *** [6h Ac 7d]
Truelove13: bets $3
Mu Fc 450 05: folds
Uncalled bet ($3) returned to Truelove13
Truelove13 collected $5.88 from pot
*** SUMMARY ***
Total pot $6 | Rake $0.12
Board [6h Ac 7d]
Seat 1: Truelove13 (big blind) collected ($5.88)
Seat 2: Mu Fc 450 05 (button) (small blind) folded on the Flop


PokerStars Hand #144883592315:  Hold'em Limit ($3/$6 USD) - 2015/12/05 18:05:56 ET
Table 'Arabella' 2-max Seat #1 is the button
Seat 1: Truelove13 ($125.88 in chips)
Seat 2: Mu Fc 450 05 ($42.48 in chips)
Truelove13: posts small blind $1
Mu Fc 450 05: posts big blind $3
*** HOLE CARDS ***
Truelove13: raises $3 to $6
Mu Fc 450 05: calls $3
*** FLOP *** [2h 9d Qh]
Mu Fc 450 05: checks
Truelove13: bets $3
Mu Fc 450 05: calls $3
*** TURN *** [2h 9d Qh] [Td]
Mu Fc 450 05: checks
Truelove13: checks
*** RIVER *** [2h 9d Qh Td] [Ts]
Mu Fc 450 05: bets $6
Truelove13: folds
Uncalled bet ($6) returned to Mu Fc 450 05
Mu Fc 450 05 collected $17.64 from pot
Mu Fc 450 05: doesn't show hand
*** SUMMARY ***
Total pot $18 | Rake $0.36
Board [2h 9d Qh Td Ts]
Seat 1: Truelove13 (button) (small blind) folded on the River
Seat 2: Mu Fc 450 05 (big blind) collected ($17.64)


PokerStars Hand #144883587506:  Hold'em Limit ($3/$6 USD) - 2015/12/05 18:05:51 ET
Table 'Arabella' 2-max Seat #2 is the button
Seat 1: Truelove13 ($124.88 in chips)
Seat 2: Mu Fc 450 05 ($43.48 in chips)
Mu Fc 450 05: posts small blind $1
Truelove13: posts big blind $3
*** HOLE CARDS ***
Mu Fc 450 05: folds
Uncalled bet ($2) returned to Truelove13
Truelove13 collected $2 from pot
*** SUMMARY ***
Total pot $2 | Rake $0
Seat 1: Truelove13 (big blind) collected ($2)
Seat 2: Mu Fc 450 05 (button) (small blind) folded before Flop


PokerStars Hand #144883571351:  Hold'em Limit ($3/$6 USD) - 2015/12/05 18:05:31 ET
Table 'Arabella' 2-max Seat #1 is the button
Seat 1: Truelove13 ($145.88 in chips)
Seat 2: Mu Fc 450 05 ($22.98 in chips)
Truelove13: posts small blind $1
Mu Fc 450 05: posts big blind $3
*** HOLE CARDS ***
Truelove13: raises $3 to $6
Mu Fc 450 05: calls $3
*** FLOP *** [3c 8s Js]
Mu Fc 450 05: checks
Truelove13: bets $3
Mu Fc 450 05: calls $3
*** TURN *** [3c 8s Js] [Qd]
Mu Fc 450 05: checks
Truelove13: bets $6
Mu Fc 450 05: calls $6
*** RIVER *** [3c 8s Js Qd] [9d]
Mu Fc 450 05: bets $6
Truelove13: calls $6
*** SHOW DOWN ***
Mu Fc 450 05: shows [9s Jc] (two pair, Jacks and Nines)
Truelove13: mucks hand
Mu Fc 450 05 collected $41.50 from pot
*** SUMMARY ***
Total pot $42 | Rake $0.50
Board [3c 8s Js Qd 9d]
Seat 1: Truelove13 (button) (small blind) mucked
Seat 2: Mu Fc 450 05 (big blind) showed [9s Jc] and won ($41.50) with two pair, Jacks and Nines


PokerStars Hand #144883662114:  Hold'em Limit ($3/$6 USD) - 2015/12/05 18:07:21 ET
Table 'Arabella' 2-max Seat #1 is the button
Seat 1: Truelove13 ($145.90 in chips)
Seat 2: Mu Fc 450 05 ($23.76 in chips)
Truelove13: posts small blind $1
Mu Fc 450 05: posts big blind $3
*** HOLE CARDS ***
Truelove13: raises $3 to $6
Mu Fc 450 05: calls $3
*** FLOP *** [Kd 2c 7h]
Mu Fc 450 05: checks
Truelove13: bets $3
Mu Fc 450 05: calls $3
*** TURN *** [Kd 2c 7h] [Th]
Mu Fc 450 05: checks
Truelove13: checks
*** RIVER *** [Kd 2c 7h Th] [6c]
Mu Fc 450 05: checks
Truelove13: checks
*** SHOW DOWN ***
Mu Fc 450 05: shows [Ah 7d] (a pair of Sevens)
Truelove13: mucks hand
Mu Fc 450 05 collected $17.64 from pot
*** SUMMARY ***
Total pot $18 | Rake $0.36
Board [Kd 2c 7h Th 6c]
Seat 1: Truelove13 (button) (small blind) mucked
Seat 2: Mu Fc 450 05 (big blind) showed [Ah 7d] and won ($17.64) with a pair of Sevens


PokerStars Hand #144883648402:  Hold'em Limit ($3/$6 USD) - 2015/12/05 18:07:05 ET
Table 'Arabella' 2-max Seat #2 is the button
Seat 1: Truelove13 ($125.40 in chips)
Seat 2: Mu Fc 450 05 ($44.76 in chips)
Mu Fc 450 05: posts small blind $1
Truelove13: posts big blind $3
*** HOLE CARDS ***
Mu Fc 450 05: calls $2
Truelove13: raises $3 to $6
Mu Fc 450 05: calls $3
*** FLOP *** [6s Qs Ah]
Truelove13: bets $3
Mu Fc 450 05: calls $3
*** TURN *** [6s Qs Ah] [Kc]
Truelove13: bets $6
Mu Fc 450 05: calls $6
*** RIVER *** [6s Qs Ah Kc] [3s]
Truelove13: bets $6
Mu Fc 450 05: calls $6
*** SHOW DOWN ***
Truelove13: shows [Ac Jh] (a pair of Aces)
Mu Fc 450 05: mucks hand
Truelove13 collected $41.50 from pot
*** SUMMARY ***
Total pot $42 | Rake $0.50
Board [6s Qs Ah Kc 3s]
Seat 1: Truelove13 (big blind) showed [Ac Jh] and won ($41.50) with a pair of Aces
Seat 2: Mu Fc 450 05 (button) (small blind) mucked


PokerStars Hand #144883635945:  Hold'em Limit ($3/$6 USD) - 2015/12/05 18:06:50 ET
Table 'Arabella' 2-max Seat #1 is the button
Seat 1: Truelove13 ($134.40 in chips)
Seat 2: Mu Fc 450 05 ($36.12 in chips)
Truelove13: posts small blind $1
Mu Fc 450 05: posts big blind $3
*** HOLE CARDS ***
Truelove13: raises $3 to $6
Mu Fc 450 05: raises $3 to $9
Truelove13: calls $3
*** FLOP *** [2h Jd Kd]
Mu Fc 450 05: checks
Truelove13: checks
*** TURN *** [2h Jd Kd] [5h]
Mu Fc 450 05: checks
Truelove13: checks
*** RIVER *** [2h Jd Kd 5h] [4h]
Mu Fc 450 05: bets $6
Truelove13: folds
Uncalled bet ($6) returned to Mu Fc 450 05
Mu Fc 450 05 collected $17.64 from pot
Mu Fc 450 05: doesn't show hand
*** SUMMARY ***
Total pot $18 | Rake $0.36
Board [2h Jd Kd 5h 4h]
Seat 1: Truelove13 (button) (small blind) folded on the River
Seat 2: Mu Fc 450 05 (big blind) collected ($17.64)


PokerStars Hand #144883626832:  Hold'em Limit ($3/$6 USD) - 2015/12/05 18:06:38 ET
Table 'Arabella' 2-max Seat #2 is the button
Seat 1: Truelove13 ($128.64 in chips)
Seat 2: Mu Fc 450 05 ($42.12 in chips)
Mu Fc 450 05: posts small blind $1
Truelove13: posts big blind $3
*** HOLE CARDS ***
Mu Fc 450 05: calls $2
Truelove13: raises $3 to $6
Mu Fc 450 05: calls $3
*** FLOP *** [3d Ad 2d]
Truelove13: bets $3
Mu Fc 450 05: folds
Uncalled bet ($3) returned to Truelove13
Truelove13 collected $11.76 from pot
*** SUMMARY ***
Total pot $12 | Rake $0.24
Board [3d Ad 2d]
Seat 1: Truelove13 (big blind) collected ($11.76)
Seat 2: Mu Fc 450 05 (button) (small blind) folded on the Flop


PokerStars Hand #144883711630:  Hold'em Limit ($3/$6 USD) - 2015/12/05 18:08:22 ET
Table 'Arabella' 2-max Seat #2 is the button
Seat 1: Truelove13 ($138.54 in chips)
Seat 2: Mu Fc 450 05 ($30.16 in chips)
Mu Fc 450 05: posts small blind $1
Truelove13: posts big blind $3
*** HOLE CARDS ***
Mu Fc 450 05: calls $2
Truelove13: checks
*** FLOP *** [Jc Th 8s]
Truelove13: checks
Mu Fc 450 05: checks
*** TURN *** [Jc Th 8s] [Ks]
Truelove13: checks
Mu Fc 450 05: checks
*** RIVER *** [Jc Th 8s Ks] [4d]
Truelove13: checks
Mu Fc 450 05: checks
*** SHOW DOWN ***
Truelove13: shows [2s 5d] (high card King)
Mu Fc 450 05: shows [8h 3c] (a pair of Eights)
Mu Fc 450 05 collected $5.88 from pot
*** SUMMARY ***
Total pot $6 | Rake $0.12
Board [Jc Th 8s Ks 4d]
Seat 1: Truelove13 (big blind) showed [2s 5d] and lost with high card King
Seat 2: Mu Fc 450 05 (button) (small blind) showed [8h 3c] and won ($5.88) with a pair of Eights


PokerStars Hand #144883707224:  Hold'em Limit ($3/$6 USD) - 2015/12/05 18:08:17 ET
Table 'Arabella' 2-max Seat #1 is the button
Seat 1: Truelove13 ($139.54 in chips)
Seat 2: Mu Fc 450 05 ($29.16 in chips)
Truelove13: posts small blind $1
Mu Fc 450 05: posts big blind $3
*** HOLE CARDS ***
Truelove13: folds
Uncalled bet ($2) returned to Mu Fc 450 05
Mu Fc 450 05 collected $2 from pot
Mu Fc 450 05: doesn't show hand
*** SUMMARY ***
Total pot $2 | Rake $0
Seat 1: Truelove13 (button) (small blind) folded before Flop
Seat 2: Mu Fc 450 05 (big blind) collected ($2)


PokerStars Hand #144883693448:  Hold'em Limit ($3/$6 USD) - 2015/12/05 18:08:00 ET
Table 'Arabella' 2-max Seat #2 is the button
Seat 1: Truelove13 ($145.54 in chips)
Seat 2: Mu Fc 450 05 ($23.40 in chips)
Mu Fc 450 05: posts small blind $1
Truelove13: posts big blind $3
*** HOLE CARDS ***
Mu Fc 450 05: raises $3 to $6
Truelove13: calls $3
*** FLOP *** [9h 5c 8d]
Truelove13: checks
Mu Fc 450 05: checks
*** TURN *** [9h 5c 8d] [3c]
Truelove13: checks
Mu Fc 450 05: checks
*** RIVER *** [9h 5c 8d 3c] [Kd]
Truelove13: checks
Mu Fc 450 05: bets $6
Truelove13: folds
Uncalled bet ($6) returned to Mu Fc 450 05
Mu Fc 450 05 collected $11.76 from pot
Mu Fc 450 05: doesn't show hand
*** SUMMARY ***
Total pot $12 | Rake $0.24
Board [9h 5c 8d 3c Kd]
Seat 1: Truelove13 (big blind) folded on the River
Seat 2: Mu Fc 450 05 (button) (small blind) collected ($11.76)


PokerStars Hand #144883684193:  Hold'em Limit ($3/$6 USD) - 2015/12/05 18:07:48 ET
Table 'Arabella' 2-max Seat #1 is the button
Seat 1: Truelove13 ($139.78 in chips)
Seat 2: Mu Fc 450 05 ($29.40 in chips)
Truelove13: posts small blind $1
Mu Fc 450 05: posts big blind $3
*** HOLE CARDS ***
Truelove13: raises $3 to $6
Mu Fc 450 05: calls $3
*** FLOP *** [6d Ac Jh]
Mu Fc 450 05: checks
Truelove13: bets $3
Mu Fc 450 05: folds
Uncalled bet ($3) returned to Truelove13
Truelove13 collected $11.76 from pot
*** SUMMARY ***
Total pot $12 | Rake $0.24
Board [6d Ac Jh]
Seat 1: Truelove13 (button) (small blind) collected ($11.76)
Seat 2: Mu Fc 450 05 (big blind) folded on the Flop


PokerStars Hand #144883676253:  Hold'em Limit ($3/$6 USD) - 2015/12/05 18:07:39 ET
Table 'Arabella' 2-max Seat #2 is the button
Seat 1: Truelove13 ($136.90 in chips)
Seat 2: Mu Fc 450 05 ($32.40 in chips)
Mu Fc 450 05: posts small blind $1
Truelove13: posts big blind $3
*** HOLE CARDS ***
Mu Fc 450 05: calls $2
Truelove13: checks
*** FLOP *** [Kh Ks Ah]
Truelove13: bets $3
Mu Fc 450 05: folds
Uncalled bet ($3) returned to Truelove13
Truelove13 collected $5.88 from pot
*** SUMMARY ***
Total pot $6 | Rake $0.12
Board [Kh Ks Ah]
Seat 1: Truelove13 (big blind) collected ($5.88)
Seat 2: Mu Fc 450 05 (button) (small blind) folded on the Flop


PokerStars Hand #144883757451:  Hold'em Limit ($3/$6 USD) - 2015/12/05 18:09:18 ET
Table 'Arabella' 2-max Seat #2 is the button
Seat 1: Truelove13 ($138.06 in chips)
Seat 2: Mu Fc 450 05 ($29.68 in chips)
Mu Fc 450 05: posts small blind $1
Truelove13: posts big blind $3
*** HOLE CARDS ***
Mu Fc 450 05: calls $2
Truelove13: checks
*** FLOP *** [8h 7d 9h]
Truelove13: bets $3
Mu Fc 450 05: calls $3
*** TURN *** [8h 7d 9h] [4h]
Truelove13: checks
Mu Fc 450 05: checks
*** RIVER *** [8h 7d 9h 4h] [Ts]
Truelove13: checks
Mu Fc 450 05: bets $6
Truelove13: folds
Uncalled bet ($6) returned to Mu Fc 450 05
Mu Fc 450 05 collected $11.76 from pot
Mu Fc 450 05: doesn't show hand
*** SUMMARY ***
Total pot $12 | Rake $0.24
Board [8h 7d 9h 4h Ts]
Seat 1: Truelove13 (big blind) folded on the River
Seat 2: Mu Fc 450 05 (button) (small blind) collected ($11.76)


PokerStars Hand #144883747462:  Hold'em Limit ($3/$6 USD) - 2015/12/05 18:09:06 ET
Table 'Arabella' 2-max Seat #1 is the button
Seat 1: Truelove13 ($132.30 in chips)
Seat 2: Mu Fc 450 05 ($35.68 in chips)
Truelove13: posts small blind $1
Mu Fc 450 05: posts big blind $3
*** HOLE CARDS ***
Truelove13: raises $3 to $6
Mu Fc 450 05: calls $3
*** FLOP *** [9d Jd Js]
Mu Fc 450 05: checks
Truelove13: bets $3
Mu Fc 450 05: folds
Uncalled bet ($3) returned to Truelove13
Truelove13 collected $11.76 from pot
*** SUMMARY ***
Total pot $12 | Rake $0.24
Board [9d Jd Js]
Seat 1: Truelove13 (button) (small blind) collected ($11.76)
Seat 2: Mu Fc 450 05 (big blind) folded on the Flop


PokerStars Hand #144883738015:  Hold'em Limit ($3/$6 USD) - 2015/12/05 18:08:54 ET
Table 'Arabella' 2-max Seat #2 is the button
Seat 1: Truelove13 ($126.54 in chips)
Seat 2: Mu Fc 450 05 ($41.68 in chips)
Mu Fc 450 05: posts small blind $1
Truelove13: posts big blind $3
*** HOLE CARDS ***
Mu Fc 450 05: calls $2
Truelove13: raises $3 to $6
Mu Fc 450 05: calls $3
*** FLOP *** [Qc 9s Jd]
Truelove13: bets $3
Mu Fc 450 05: folds
Uncalled bet ($3) returned to Truelove13
Truelove13 collected $11.76 from pot
*** SUMMARY ***
Total pot $12 | Rake $0.24
Board [Qc 9s Jd]
Seat 1: Truelove13 (big blind) collected ($11.76)
Seat 2: Mu Fc 450 05 (button) (small blind) folded on the Flop


PokerStars Hand #144883723593:  Hold'em Limit ($3/$6 USD) - 2015/12/05 18:08:37 ET
Table 'Arabella' 2-max Seat #1 is the button
Seat 1: Truelove13 ($135.54 in chips)
Seat 2: Mu Fc 450 05 ($33.04 in chips)
Truelove13: posts small blind $1
Mu Fc 450 05: posts big blind $3
*** HOLE CARDS ***
Truelove13: raises $3 to $6
Mu Fc 450 05: calls $3
*** FLOP *** [Js 8s Tc]
Mu Fc 450 05: checks
Truelove13: bets $3
Mu Fc 450 05: calls $3
*** TURN *** [Js 8s Tc] [Jh]
Mu Fc 450 05: checks
Truelove13: checks
*** RIVER *** [Js 8s Tc Jh] [Qs]
Mu Fc 450 05: bets $6
Truelove13: folds
Uncalled bet ($6) returned to Mu Fc 450 05
Mu Fc 450 05 collected $17.64 from pot
Mu Fc 450 05: doesn't show hand
*** SUMMARY ***
Total pot $18 | Rake $0.36
Board [Js 8s Tc Jh Qs]
Seat 1: Truelove13 (button) (small blind) folded on the River
Seat 2: Mu Fc 450 05 (big blind) collected ($17.64)


PokerStars Hand #144883786199:  Hold'em Limit ($3/$6 USD) - 2015/12/05 18:09:54 ET
Table 'Arabella' 2-max Seat #2 is the button
Seat 1: Truelove13 ($123.06 in chips)
Seat 2: Mu Fc 450 05 ($44.08 in chips)
Mu Fc 450 05: posts small blind $1
Truelove13: posts big blind $3
*** HOLE CARDS ***
Mu Fc 450 05: calls $2
Truelove13: raises $3 to $6
Mu Fc 450 05: calls $3
*** FLOP *** [Qc Js 3c]
Truelove13: bets $3
Mu Fc 450 05: calls $3
*** TURN *** [Qc Js 3c] [Ad]
Truelove13: checks
Mu Fc 450 05: checks
*** RIVER *** [Qc Js 3c Ad] [4s]
Truelove13: checks
Mu Fc 450 05: checks
*** SHOW DOWN ***
Truelove13: shows [7c 7d] (a pair of Sevens)
Mu Fc 450 05: shows [Qs 6c] (a pair of Queens)
Mu Fc 450 05 collected $17.64 from pot
*** SUMMARY ***
Total pot $18 | Rake $0.36
Board [Qc Js 3c Ad 4s]
Seat 1: Truelove13 (big blind) showed [7c 7d] and lost with a pair of Sevens
Seat 2: Mu Fc 450 05 (button) (small blind) showed [Qs 6c] and won ($17.64) with a pair of Queens


PokerStars Hand #144883771303:  Hold'em Limit ($3/$6 USD) - 2015/12/05 18:09:35 ET
Table 'Arabella' 2-max Seat #1 is the button
Seat 1: Truelove13 ($132.06 in chips)
Seat 2: Mu Fc 450 05 ($35.44 in chips)
Truelove13: posts small blind $1
Mu Fc 450 05: posts big blind $3
*** HOLE CARDS ***
Truelove13: raises $3 to $6
Mu Fc 450 05: calls $3
*** FLOP *** [Tc Td 2h]
Mu Fc 450 05: checks
Truelove13: bets $3
Mu Fc 450 05: calls $3
*** TURN *** [Tc Td 2h] [Kc]
Mu Fc 450 05: checks
Truelove13: checks
*** RIVER *** [Tc Td 2h Kc] [Qc]
Mu Fc 450 05: checks
Truelove13: checks
*** SHOW DOWN ***
Mu Fc 450 05: shows [As 9d] (a pair of Tens)
Truelove13: mucks hand
Mu Fc 450 05 collected $17.64 from pot
*** SUMMARY ***
Total pot $18 | Rake $0.36
Board [Tc Td 2h Kc Qc]
Seat 1: Truelove13 (button) (small blind) mucked
Seat 2: Mu Fc 450 05 (big blind) showed [As 9d] and won ($17.64) with a pair of Tens


PokerStars Hand #144883858443:  Hold'em Limit ($3/$6 USD) - 2015/12/05 18:11:23 ET
Table 'Arabella' 2-max Seat #1 is the button
Seat 1: Truelove13 ($121 in chips)
Seat 2: Mu Fc 450 05 ($52.44 in chips)
Truelove13: posts small blind $1
Mu Fc 450 05: posts big blind $3
*** HOLE CARDS ***
Truelove13: raises $3 to $6
Mu Fc 450 05: calls $3
*** FLOP *** [9h Jc 5s]
Mu Fc 450 05: checks
Truelove13: bets $3
Mu Fc 450 05: calls $3
*** TURN *** [9h Jc 5s] [4d]
Mu Fc 450 05: checks
Truelove13: checks
*** RIVER *** [9h Jc 5s 4d] [Tc]
Mu Fc 450 05: checks
Truelove13: checks
*** SHOW DOWN ***
Mu Fc 450 05: shows [3h Ac] (high card Ace)
Truelove13: shows [Ad 3d] (high card Ace)
Mu Fc 450 05 collected $8.82 from pot
Truelove13 collected $8.82 from pot
*** SUMMARY ***
Total pot $18 | Rake $0.36
Board [9h Jc 5s 4d Tc]
Seat 1: Truelove13 (button) (small blind) showed [Ad 3d] and won ($8.82) with high card Ace
Seat 2: Mu Fc 450 05 (big blind) showed [3h Ac] and won ($8.82) with high card Ace


PokerStars Hand #144883853958:  Hold'em Limit ($3/$6 USD) - 2015/12/05 18:11:17 ET
Table 'Arabella' 2-max Seat #2 is the button
Seat 1: Truelove13 ($120 in chips)
Seat 2: Mu Fc 450 05 ($53.44 in chips)
Mu Fc 450 05: posts small blind $1
Truelove13: posts big blind $3
*** HOLE CARDS ***
Mu Fc 450 05: folds
Uncalled bet ($2) returned to Truelove13
Truelove13 collected $2 from pot
*** SUMMARY ***
Total pot $2 | Rake $0
Seat 1: Truelove13 (big blind) collected ($2)
Seat 2: Mu Fc 450 05 (button) (small blind) folded before Flop


PokerStars Hand #144883837314:  Hold'em Limit ($3/$6 USD) - 2015/12/05 18:10:56 ET
Table 'Arabella' 2-max Seat #1 is the button
Seat 1: Truelove13 ($132.78 in chips)
Seat 2: Mu Fc 450 05 ($38.94 in chips)
Truelove13: posts small blind $1
Mu Fc 450 05: posts big blind $3
*** HOLE CARDS ***
Truelove13: raises $3 to $6
Mu Fc 450 05: raises $3 to $9
Truelove13: calls $3
*** FLOP *** [Jd Th Qs]
Mu Fc 450 05: checks
Truelove13: checks
*** TURN *** [Jd Th Qs] [Qc]
Mu Fc 450 05: checks
Truelove13: checks
*** RIVER *** [Jd Th Qs Qc] [Kh]
Mu Fc 450 05: bets $6
Truelove13: calls $6
*** SHOW DOWN ***
Mu Fc 450 05: shows [Ac Jc] (a straight, Ten to Ace)
Truelove13: mucks hand
Mu Fc 450 05 collected $29.50 from pot
*** SUMMARY ***
Total pot $30 | Rake $0.50
Board [Jd Th Qs Qc Kh]
Seat 1: Truelove13 (button) (small blind) mucked
Seat 2: Mu Fc 450 05 (big blind) showed [Ac Jc] and won ($29.50) with a straight, Ten to Ace


PokerStars Hand #144883820542:  Hold'em Limit ($3/$6 USD) - 2015/12/05 18:10:36 ET
Table 'Arabella' 2-max Seat #2 is the button
Seat 1: Truelove13 ($152.50 in chips)
Seat 2: Mu Fc 450 05 ($19.72 in chips)
Mu Fc 450 05: posts small blind $1
Truelove13: posts big blind $3
*** HOLE CARDS ***
Mu Fc 450 05: raises $3 to $6
Truelove13: calls $3
*** FLOP *** [6s 7c 9s]
Truelove13: bets $3
Mu Fc 450 05: raises $3 to $6
Truelove13: raises $3 to $9
Mu Fc 450 05: raises $3 to $12
Betting is capped
Truelove13: calls $3
*** TURN *** [6s 7c 9s] [4h]
Truelove13: bets $6
Mu Fc 450 05: calls $1.72 and is all-in
Uncalled bet ($4.28) returned to Truelove13
*** RIVER *** [6s 7c 9s 4h] [Ac]
*** SHOW DOWN ***
Truelove13: shows [Ks 7s] (a pair of Sevens)
Mu Fc 450 05: shows [8c 8s] (a pair of Eights)
Mu Fc 450 05 collected $38.94 from pot
*** SUMMARY ***
Total pot $39.44 | Rake $0.50
Board [6s 7c 9s 4h Ac]
Seat 1: Truelove13 (big blind) showed [Ks 7s] and lost with a pair of Sevens
Seat 2: Mu Fc 450 05 (button) (small blind) showed [8c 8s] and won ($38.94) with a pair of Eights


PokerStars Hand #144883907310:  Hold'em Limit ($3/$6 USD) - 2015/12/05 18:12:23 ET
Table 'Arabella' 2-max Seat #2 is the button
Seat 1: Truelove13 ($120 in chips)
Seat 2: Mu Fc 450 05 ($69.54 in chips)
Mu Fc 450 05: posts small blind $1
Truelove13: posts big blind $3
*** HOLE CARDS ***
Mu Fc 450 05: calls $2
Truelove13: raises $3 to $6
Mu Fc 450 05: calls $3
*** FLOP *** [6d 7c Jh]
Truelove13: bets $3
Mu Fc 450 05: calls $3
*** TURN *** [6d 7c Jh] [8s]
Truelove13: checks
Mu Fc 450 05: bets $6
Truelove13: folds
Uncalled bet ($6) returned to Mu Fc 450 05
Mu Fc 450 05 collected $17.64 from pot
Mu Fc 450 05: doesn't show hand
*** SUMMARY ***
Total pot $18 | Rake $0.36
Board [6d 7c Jh 8s]
Seat 1: Truelove13 (big blind) folded on the Turn
Seat 2: Mu Fc 450 05 (button) (small blind) collected ($17.64)


PokerStars Hand #144883890665:  Hold'em Limit ($3/$6 USD) - 2015/12/05 18:12:03 ET
Table 'Arabella' 2-max Seat #1 is the button
Seat 1: Truelove13 ($120 in chips)
Seat 2: Mu Fc 450 05 ($60.90 in chips)
Truelove13: posts small blind $1
Mu Fc 450 05: posts big blind $3
*** HOLE CARDS ***
Truelove13: raises $3 to $6
Mu Fc 450 05: calls $3
*** FLOP *** [Td Kh 9d]
Mu Fc 450 05: checks
Truelove13: bets $3
Mu Fc 450 05: calls $3
*** TURN *** [Td Kh 9d] [Jh]
Mu Fc 450 05: checks
Truelove13: checks
*** RIVER *** [Td Kh 9d Jh] [6d]
Mu Fc 450 05: checks
Truelove13: checks
*** SHOW DOWN ***
Mu Fc 450 05: shows [Jc 4d] (a pair of Jacks)
Truelove13: mucks hand
Mu Fc 450 05 collected $17.64 from pot
*** SUMMARY ***
Total pot $18 | Rake $0.36
Board [Td Kh 9d Jh 6d]
Seat 1: Truelove13 (button) (small blind) mucked
Seat 2: Mu Fc 450 05 (big blind) showed [Jc 4d] and won ($17.64) with a pair of Jacks


PokerStars Hand #144883874926:  Hold'em Limit ($3/$6 USD) - 2015/12/05 18:11:43 ET
Table 'Arabella' 2-max Seat #2 is the button
Seat 1: Truelove13 ($120.82 in chips)
Seat 2: Mu Fc 450 05 ($52.26 in chips)
Mu Fc 450 05: posts small blind $1
Truelove13: posts big blind $3
*** HOLE CARDS ***
Mu Fc 450 05: calls $2
Truelove13: checks
*** FLOP *** [Kh 9s Td]
Truelove13: checks
Mu Fc 450 05: checks
*** TURN *** [Kh 9s Td] [6c]
Truelove13: bets $6
Mu Fc 450 05: calls $6
*** RIVER *** [Kh 9s Td 6c] [8s]
Truelove13: checks
Mu Fc 450 05: bets $6
Truelove13: folds
Uncalled bet ($6) returned to Mu Fc 450 05
Mu Fc 450 05 collected $17.64 from pot
Mu Fc 450 05: doesn't show hand
*** SUMMARY ***
Total pot $18 | Rake $0.36
Board [Kh 9s Td 6c 8s]
Seat 1: Truelove13 (big blind) folded on the River
Seat 2: Mu Fc 450 05 (button) (small blind) collected ($17.64)


PokerStars Hand #144883947888:  Hold'em Limit ($3/$6 USD) - 2015/12/05 18:13:14 ET
Table 'Arabella' 2-max Seat #1 is the button
Seat 1: Truelove13 ($120 in chips)
Seat 2: Mu Fc 450 05 ($80.82 in chips)
Truelove13: posts small blind $1
Mu Fc 450 05: posts big blind $3
*** HOLE CARDS ***
Truelove13: raises $3 to $6
Mu Fc 450 05: calls $3
*** FLOP *** [9h Qs Td]
Mu Fc 450 05: checks
Truelove13: bets $3
Mu Fc 450 05: calls $3
*** TURN *** [9h Qs Td] [3s]
Mu Fc 450 05: checks
Truelove13: bets $6
Mu Fc 450 05: calls $6
*** RIVER *** [9h Qs Td 3s] [Jc]
Mu Fc 450 05: checks
Truelove13: checks
*** SHOW DOWN ***
Mu Fc 450 05: shows [7s Qd] (a pair of Queens)
Truelove13: mucks hand
Mu Fc 450 05 collected $29.50 from pot
*** SUMMARY ***
Total pot $30 | Rake $0.50
Board [9h Qs Td 3s Jc]
Seat 1: Truelove13 (button) (small blind) mucked
Seat 2: Mu Fc 450 05 (big blind) showed [7s Qd] and won ($29.50) with a pair of Queens


PokerStars Hand #144883932582:  Hold'em Limit ($3/$6 USD) - 2015/12/05 18:12:54 ET
Table 'Arabella' 2-max Seat #2 is the button
Seat 1: Truelove13 ($125.76 in chips)
Seat 2: Mu Fc 450 05 ($72.18 in chips)
Mu Fc 450 05: posts small blind $1
Truelove13: posts big blind $3
*** HOLE CARDS ***
Mu Fc 450 05: calls $2
Truelove13: checks
*** FLOP *** [6c 5c Kh]
Truelove13: checks
Mu Fc 450 05: checks
*** TURN *** [6c 5c Kh] [Ac]
Truelove13: checks
Mu Fc 450 05: checks
*** RIVER *** [6c 5c Kh Ac] [7d]
Truelove13: bets $6
Mu Fc 450 05: calls $6
*** SHOW DOWN ***
Truelove13: shows [2d 7c] (a pair of Sevens)
Mu Fc 450 05: shows [7h 5d] (two pair, Sevens and Fives)
Mu Fc 450 05 collected $17.64 from pot
*** SUMMARY ***
Total pot $18 | Rake $0.36
Board [6c 5c Kh Ac 7d]
Seat 1: Truelove13 (big blind) showed [2d 7c] and lost with a pair of Sevens
Seat 2: Mu Fc 450 05 (button) (small blind) showed [7h 5d] and won ($17.64) with two pair, Sevens and Fives


PokerStars Hand #144883920559:  Hold'em Limit ($3/$6 USD) - 2015/12/05 18:12:40 ET
Table 'Arabella' 2-max Seat #1 is the button
Seat 1: Truelove13 ($120 in chips)
Seat 2: Mu Fc 450 05 ($78.18 in chips)
Truelove13: posts small blind $1
Mu Fc 450 05: posts big blind $3
*** HOLE CARDS ***
Truelove13: raises $3 to $6
Mu Fc 450 05: calls $3
*** FLOP *** [Ks Jc 8d]
Mu Fc 450 05: checks
Truelove13: bets $3
Mu Fc 450 05: folds
Uncalled bet ($3) returned to Truelove13
Truelove13 collected $11.76 from pot
*** SUMMARY ***
Total pot $12 | Rake $0.24
Board [Ks Jc 8d]
Seat 1: Truelove13 (button) (small blind) collected ($11.76)
Seat 2: Mu Fc 450 05 (big blind) folded on the Flop


PokerStars Hand #144884002072:  Hold'em Limit ($3/$6 USD) - 2015/12/05 18:14:21 ET
Table 'Arabella' 2-max Seat #1 is the button
Seat 1: Truelove13 ($120 in chips)
Seat 2: Mu Fc 450 05 ($119.70 in chips)
Truelove13: posts small blind $1
Mu Fc 450 05: posts big blind $3
*** HOLE CARDS ***
Truelove13: folds
Uncalled bet ($2) returned to Mu Fc 450 05
Mu Fc 450 05 collected $2 from pot
Mu Fc 450 05: doesn't show hand
*** SUMMARY ***
Total pot $2 | Rake $0
Seat 1: Truelove13 (button) (small blind) folded before Flop
Seat 2: Mu Fc 450 05 (big blind) collected ($2)


PokerStars Hand #144883986945:  Hold'em Limit ($3/$6 USD) - 2015/12/05 18:14:03 ET
Table 'Arabella' 2-max Seat #2 is the button
Seat 1: Truelove13 ($120 in chips)
Seat 2: Mu Fc 450 05 ($116.82 in chips)
Mu Fc 450 05: posts small blind $1
Truelove13: posts big blind $3
*** HOLE CARDS ***
Mu Fc 450 05: calls $2
Truelove13: checks
*** FLOP *** [Qc As 9d]
Truelove13: checks
Mu Fc 450 05: checks
*** TURN *** [Qc As 9d] [5c]
Truelove13: checks
Mu Fc 450 05: checks
*** RIVER *** [Qc As 9d 5c] [6d]
Truelove13: checks
Mu Fc 450 05: checks
*** SHOW DOWN ***
Truelove13: shows [3c 7d] (high card Ace)
Mu Fc 450 05: shows [7h Ts] (high card Ace - Queen+Ten kicker)
Mu Fc 450 05 collected $5.88 from pot
*** SUMMARY ***
Total pot $6 | Rake $0.12
Board [Qc As 9d 5c 6d]
Seat 1: Truelove13 (big blind) showed [3c 7d] and lost with high card Ace
Seat 2: Mu Fc 450 05 (button) (small blind) showed [7h Ts] and won ($5.88) with high card Ace


PokerStars Hand #144883982695:  Hold'em Limit ($3/$6 USD) - 2015/12/05 18:13:57 ET
Table 'Arabella' 2-max Seat #1 is the button
Seat 1: Truelove13 ($120 in chips)
Seat 2: Mu Fc 450 05 ($115.82 in chips)
Truelove13: posts small blind $1
Mu Fc 450 05: posts big blind $3
*** HOLE CARDS ***
Truelove13: folds
Uncalled bet ($2) returned to Mu Fc 450 05
Mu Fc 450 05 collected $2 from pot
Mu Fc 450 05: doesn't show hand
*** SUMMARY ***
Total pot $2 | Rake $0
Seat 1: Truelove13 (button) (small blind) folded before Flop
Seat 2: Mu Fc 450 05 (big blind) collected ($2)


PokerStars Hand #144883967684:  Hold'em Limit ($3/$6 USD) - 2015/12/05 18:13:38 ET
Table 'Arabella' 2-max Seat #2 is the button
Seat 1: Truelove13 ($120 in chips)
Seat 2: Mu Fc 450 05 ($95.32 in chips)
Mu Fc 450 05: posts small blind $1
Truelove13: posts big blind $3
*** HOLE CARDS ***
Mu Fc 450 05: calls $2
Truelove13: raises $3 to $6
Mu Fc 450 05: calls $3
*** FLOP *** [Qh 8c 5s]
Truelove13: bets $3
Mu Fc 450 05: calls $3
*** TURN *** [Qh 8c 5s] [Qd]
Truelove13: bets $6
Mu Fc 450 05: calls $6
*** RIVER *** [Qh 8c 5s Qd] [8s]
Truelove13: bets $6
Mu Fc 450 05: calls $6
*** SHOW DOWN ***
Truelove13: shows [9s Ts] (two pair, Queens and Eights)
Mu Fc 450 05: shows [6c Ah] (two pair, Queens and Eights - Ace kicker)
Mu Fc 450 05 collected $41.50 from pot
*** SUMMARY ***
Total pot $42 | Rake $0.50
Board [Qh 8c 5s Qd 8s]
Seat 1: Truelove13 (big blind) showed [9s Ts] and lost with two pair, Queens and Eights
Seat 2: Mu Fc 450 05 (button) (small blind) showed [6c Ah] and won ($41.50) with two pair, Queens and Eights


PokerStars Hand #144884006631:  Hold'em Limit ($3/$6 USD) - 2015/12/05 18:14:27 ET
Table 'Arabella' 2-max Seat #2 is the button
Seat 1: Truelove13 ($120 in chips)
Seat 2: Mu Fc 450 05 ($120.70 in chips)
Mu Fc 450 05: posts small blind $1
Truelove13: posts big blind $3
*** HOLE CARDS ***
Mu Fc 450 05: calls $2
Truelove13: raises $3 to $6
Mu Fc 450 05: calls $3
*** FLOP *** [Ac Kc 2s]
Truelove13: bets $3
Mu Fc 450 05: calls $3
*** TURN *** [Ac Kc 2s] [8c]
Truelove13: bets $6
Mu Fc 450 05: calls $6
*** RIVER *** [Ac Kc 2s 8c] [7h]
Truelove13: bets $6
Mu Fc 450 05: calls $6
*** SHOW DOWN ***
Truelove13: shows [3h Kh] (a pair of Kings)
Mu Fc 450 05: shows [8s Kd] (two pair, Kings and Eights)
Mu Fc 450 05 collected $41.50 from pot
*** SUMMARY ***
Total pot $42 | Rake $0.50
Board [Ac Kc 2s 8c 7h]
Seat 1: Truelove13 (big blind) showed [3h Kh] and lost with a pair of Kings
Seat 2: Mu Fc 450 05 (button) (small blind) showed [8s Kd] and won ($41.50) with two pair, Kings and Eights


PokerStars Hand #144884021413:  Hold'em Limit ($3/$6 USD) - 2015/12/05 18:14:46 ET
Table 'Arabella' 2-max Seat #1 is the button
Seat 1: Truelove13 ($120 in chips)
Seat 2: Mu Fc 450 05 ($141.20 in chips)
Truelove13: posts small blind $1
Mu Fc 450 05: posts big blind $3
*** HOLE CARDS ***
Truelove13: raises $3 to $6
Mu Fc 450 05: calls $3
*** FLOP *** [Jc 4h 4c]
Mu Fc 450 05: checks
Truelove13: bets $3
Mu Fc 450 05: calls $3
*** TURN *** [Jc 4h 4c] [Qd]
Mu Fc 450 05: checks
Truelove13: checks
*** RIVER *** [Jc 4h 4c Qd] [5d]
Mu Fc 450 05: bets $6
Truelove13: calls $6
*** SHOW DOWN ***
Mu Fc 450 05: shows [6s Jh] (two pair, Jacks and Fours)
Truelove13: mucks hand
Mu Fc 450 05 collected $29.50 from pot
*** SUMMARY ***
Total pot $30 | Rake $0.50
Board [Jc 4h 4c Qd 5d]
Seat 1: Truelove13 (button) (small blind) mucked
Seat 2: Mu Fc 450 05 (big blind) showed [6s Jh] and won ($29.50) with two pair, Jacks and Fours


PokerStars Hand #144884038350:  Hold'em Limit ($3/$6 USD) - 2015/12/05 18:15:07 ET
Table 'Arabella' 2-max Seat #2 is the button
Seat 1: Truelove13 ($120 in chips)
Seat 2: Mu Fc 450 05 ($155.70 in chips)
Mu Fc 450 05: posts small blind $1
Truelove13: posts big blind $3
*** HOLE CARDS ***
Mu Fc 450 05: calls $2
Truelove13: raises $3 to $6
Mu Fc 450 05: calls $3
*** FLOP *** [Ac 8s 4h]
Truelove13: bets $3
Mu Fc 450 05: folds
Uncalled bet ($3) returned to Truelove13
Truelove13 collected $11.76 from pot
*** SUMMARY ***
Total pot $12 | Rake $0.24
Board [Ac 8s 4h]
Seat 1: Truelove13 (big blind) collected ($11.76)
Seat 2: Mu Fc 450 05 (button) (small blind) folded on the Flop


PokerStars Hand #144884047581:  Hold'em Limit ($3/$6 USD) - 2015/12/05 18:15:19 ET
Table 'Arabella' 2-max Seat #1 is the button
Seat 1: Truelove13 ($125.76 in chips)
Seat 2: Mu Fc 450 05 ($149.70 in chips)
Truelove13: posts small blind $1
Mu Fc 450 05: posts big blind $3
*** HOLE CARDS ***
Truelove13: raises $3 to $6
Mu Fc 450 05: calls $3
*** FLOP *** [Jc 4s 2s]
Mu Fc 450 05: checks
Truelove13: bets $3
Mu Fc 450 05: calls $3
*** TURN *** [Jc 4s 2s] [Ad]
Mu Fc 450 05: checks
Truelove13: bets $6
Mu Fc 450 05: calls $6
*** RIVER *** [Jc 4s 2s Ad] [6c]
Mu Fc 450 05: checks
Truelove13: checks
*** SHOW DOWN ***
Mu Fc 450 05: shows [2c Tc] (a pair of Deuces)
Truelove13: mucks hand
Mu Fc 450 05 collected $29.50 from pot
*** SUMMARY ***
Total pot $30 | Rake $0.50
Board [Jc 4s 2s Ad 6c]
Seat 1: Truelove13 (button) (small blind) mucked
Seat 2: Mu Fc 450 05 (big blind) showed [2c Tc] and won ($29.50) with a pair of Deuces


PokerStars Hand #144884065311:  Hold'em Limit ($3/$6 USD) - 2015/12/05 18:15:41 ET
Table 'Arabella' 2-max Seat #2 is the button
Seat 1: Truelove13 ($120 in chips)
Seat 2: Mu Fc 450 05 ($164.20 in chips)
Mu Fc 450 05: posts small blind $1
Truelove13: posts big blind $3
*** HOLE CARDS ***
Mu Fc 450 05: calls $2
Truelove13: raises $3 to $6
Mu Fc 450 05: calls $3
*** FLOP *** [Js 2h Th]
Truelove13: bets $3
Mu Fc 450 05: calls $3
*** TURN *** [Js 2h Th] [6c]
Truelove13: checks
Mu Fc 450 05: checks
*** RIVER *** [Js 2h Th 6c] [7s]
Truelove13: checks
Mu Fc 450 05: bets $6
Truelove13: folds
Uncalled bet ($6) returned to Mu Fc 450 05
Mu Fc 450 05 collected $17.64 from pot
Mu Fc 450 05: doesn't show hand
*** SUMMARY ***
Total pot $18 | Rake $0.36
Board [Js 2h Th 6c 7s]
Seat 1: Truelove13 (big blind) folded on the River
Seat 2: Mu Fc 450 05 (button) (small blind) collected ($17.64)


PokerStars Hand #144884079235:  Hold'em Limit ($3/$6 USD) - 2015/12/05 18:15:58 ET
Table 'Arabella' 2-max Seat #1 is the button
Seat 1: Truelove13 ($120 in chips)
Seat 2: Mu Fc 450 05 ($172.84 in chips)
Truelove13: posts small blind $1
Mu Fc 450 05: posts big blind $3
*** HOLE CARDS ***
Truelove13: raises $3 to $6
Mu Fc 450 05: calls $3
*** FLOP *** [2h 3s Tc]
Mu Fc 450 05: checks
Truelove13: bets $3
Mu Fc 450 05: calls $3
*** TURN *** [2h 3s Tc] [4c]
Mu Fc 450 05: checks
Truelove13: checks
*** RIVER *** [2h 3s Tc 4c] [4d]
Mu Fc 450 05: bets $6
Truelove13: folds
Uncalled bet ($6) returned to Mu Fc 450 05
Mu Fc 450 05 collected $17.64 from pot
Mu Fc 450 05: doesn't show hand
*** SUMMARY ***
Total pot $18 | Rake $0.36
Board [2h 3s Tc 4c 4d]
Seat 1: Truelove13 (button) (small blind) folded on the River
Seat 2: Mu Fc 450 05 (big blind) collected ($17.64)


PokerStars Hand #144884091943:  Hold'em Limit ($3/$6 USD) - 2015/12/05 18:16:15 ET
Table 'Arabella' 2-max Seat #2 is the button
Seat 1: Truelove13 ($120 in chips)
Seat 2: Mu Fc 450 05 ($181.48 in chips)
Mu Fc 450 05: posts small blind $1
Truelove13: posts big blind $3
*** HOLE CARDS ***
Mu Fc 450 05: calls $2
Truelove13: raises $3 to $6
Mu Fc 450 05: calls $3
*** FLOP *** [Js Qh 5s]
Truelove13: bets $3
Mu Fc 450 05: calls $3
*** TURN *** [Js Qh 5s] [9h]
Truelove13: checks
Mu Fc 450 05: checks
*** RIVER *** [Js Qh 5s 9h] [9d]
Truelove13: checks
Mu Fc 450 05: checks
*** SHOW DOWN ***
Truelove13: shows [8h Kd] (a pair of Nines)
Mu Fc 450 05: shows [6h Ad] (a pair of Nines - Ace kicker)
Mu Fc 450 05 collected $17.64 from pot
*** SUMMARY ***
Total pot $18 | Rake $0.36
Board [Js Qh 5s 9h 9d]
Seat 1: Truelove13 (big blind) showed [8h Kd] and lost with a pair of Nines
Seat 2: Mu Fc 450 05 (button) (small blind) showed [6h Ad] and won ($17.64) with a pair of Nines


PokerStars Hand #144884106004:  Hold'em Limit ($3/$6 USD) - 2015/12/05 18:16:33 ET
Table 'Arabella' 2-max Seat #1 is the button
Seat 1: Truelove13 ($120 in chips)
Seat 2: Mu Fc 450 05 ($190.12 in chips)
Truelove13: posts small blind $1
Mu Fc 450 05: posts big blind $3
*** HOLE CARDS ***
Truelove13: raises $3 to $6
Mu Fc 450 05: calls $3
*** FLOP *** [4d 9h Tc]
Mu Fc 450 05: checks
Truelove13: bets $3
Mu Fc 450 05: calls $3
*** TURN *** [4d 9h Tc] [4c]
Mu Fc 450 05: checks
Truelove13: checks
*** RIVER *** [4d 9h Tc 4c] [6c]
Mu Fc 450 05: bets $6
Truelove13: folds
Uncalled bet ($6) returned to Mu Fc 450 05
Mu Fc 450 05 collected $17.64 from pot
Mu Fc 450 05: doesn't show hand
*** SUMMARY ***
Total pot $18 | Rake $0.36
Board [4d 9h Tc 4c 6c]
Seat 1: Truelove13 (button) (small blind) folded on the River
Seat 2: Mu Fc 450 05 (big blind) collected ($17.64)


PokerStars Hand #144884117808:  Hold'em Limit ($3/$6 USD) - 2015/12/05 18:16:48 ET
Table 'Arabella' 2-max Seat #2 is the button
Seat 1: Truelove13 ($120 in chips)
Seat 2: Mu Fc 450 05 ($198.76 in chips)
Mu Fc 450 05: posts small blind $1
Truelove13: posts big blind $3
*** HOLE CARDS ***
Mu Fc 450 05: calls $2
Truelove13: raises $3 to $6
Mu Fc 450 05: calls $3
*** FLOP *** [Tc Ac 5d]
Truelove13: bets $3
Mu Fc 450 05: folds
Uncalled bet ($3) returned to Truelove13
Truelove13 collected $11.76 from pot
*** SUMMARY ***
Total pot $12 | Rake $0.24
Board [Tc Ac 5d]
Seat 1: Truelove13 (big blind) collected ($11.76)
Seat 2: Mu Fc 450 05 (button) (small blind) folded on the Flop


PokerStars Hand #144884128307:  Hold'em Limit ($3/$6 USD) - 2015/12/05 18:17:01 ET
Table 'Arabella' 2-max Seat #1 is the button
Seat 1: Truelove13 ($125.76 in chips)
Seat 2: Mu Fc 450 05 ($192.76 in chips)
Truelove13: posts small blind $1
Mu Fc 450 05: posts big blind $3
*** HOLE CARDS ***
Truelove13: raises $3 to $6
Mu Fc 450 05: calls $3
*** FLOP *** [4c Ts 8d]
Mu Fc 450 05: checks
Truelove13: bets $3
Mu Fc 450 05: calls $3
*** TURN *** [4c Ts 8d] [4d]
Mu Fc 450 05: checks
Truelove13: bets $6
Mu Fc 450 05: calls $6
*** RIVER *** [4c Ts 8d 4d] [3c]
Mu Fc 450 05: checks
Truelove13: checks
*** SHOW DOWN ***
Mu Fc 450 05: shows [8c 3h] (two pair, Eights and Fours)
Truelove13: mucks hand
Mu Fc 450 05 collected $29.50 from pot
*** SUMMARY ***
Total pot $30 | Rake $0.50
Board [4c Ts 8d 4d 3c]
Seat 1: Truelove13 (button) (small blind) mucked
Seat 2: Mu Fc 450 05 (big blind) showed [8c 3h] and won ($29.50) with two pair, Eights and Fours


PokerStars Hand #144884145452:  Hold'em Limit ($3/$6 USD) - 2015/12/05 18:17:23 ET
Table 'Arabella' 2-max Seat #2 is the button
Seat 1: Truelove13 ($120 in chips)
Seat 2: Mu Fc 450 05 ($207.26 in chips)
Mu Fc 450 05: posts small blind $1
Truelove13: posts big blind $3
*** HOLE CARDS ***
Mu Fc 450 05: calls $2
Truelove13: raises $3 to $6
Mu Fc 450 05: calls $3
*** FLOP *** [9d 5s 6c]
Truelove13: bets $3
Mu Fc 450 05: calls $3
*** TURN *** [9d 5s 6c] [7s]
Truelove13: checks
Mu Fc 450 05: checks
*** RIVER *** [9d 5s 6c 7s] [Qc]
Truelove13: bets $6
Mu Fc 450 05: raises $6 to $12
Truelove13: calls $6
*** SHOW DOWN ***
Mu Fc 450 05: shows [5d Qh] (two pair, Queens and Fives)
Truelove13: mucks hand
Mu Fc 450 05 collected $41.50 from pot
*** SUMMARY ***
Total pot $42 | Rake $0.50
Board [9d 5s 6c 7s Qc]
Seat 1: Truelove13 (big blind) mucked
Seat 2: Mu Fc 450 05 (button) (small blind) showed [5d Qh] and won ($41.50) with two pair, Queens and Fives


PokerStars Hand #144884163231:  Hold'em Limit ($3/$6 USD) - 2015/12/05 18:17:45 ET
Table 'Arabella' 2-max Seat #1 is the button
Seat 1: Truelove13 ($120 in chips)
Seat 2: Mu Fc 450 05 ($227.76 in chips)
Truelove13: posts small blind $1
Mu Fc 450 05: posts big blind $3
*** HOLE CARDS ***
Truelove13: folds
Uncalled bet ($2) returned to Mu Fc 450 05
Mu Fc 450 05 collected $2 from pot
Mu Fc 450 05: doesn't show hand
*** SUMMARY ***
Total pot $2 | Rake $0
Seat 1: Truelove13 (button) (small blind) folded before Flop
Seat 2: Mu Fc 450 05 (big blind) collected ($2)


PokerStars Hand #144884167508:  Hold'em Limit ($3/$6 USD) - 2015/12/05 18:17:51 ET
Table 'Arabella' 2-max Seat #2 is the button
Seat 1: Truelove13 ($120 in chips)
Seat 2: Mu Fc 450 05 ($228.76 in chips)
Mu Fc 450 05: posts small blind $1
Truelove13: posts big blind $3
*** HOLE CARDS ***
Mu Fc 450 05: calls $2
Truelove13: checks
*** FLOP *** [7h Kc 3s]
Truelove13: checks
Mu Fc 450 05: checks
*** TURN *** [7h Kc 3s] [Jh]
Truelove13: checks
Mu Fc 450 05: checks
*** RIVER *** [7h Kc 3s Jh] [Js]
Truelove13: checks
Mu Fc 450 05: bets $6
Truelove13: folds
Uncalled bet ($6) returned to Mu Fc 450 05
Mu Fc 450 05 collected $5.88 from pot
Mu Fc 450 05: doesn't show hand
*** SUMMARY ***
Total pot $6 | Rake $0.12
Board [7h Kc 3s Jh Js]
Seat 1: Truelove13 (big blind) folded on the River
Seat 2: Mu Fc 450 05 (button) (small blind) collected ($5.88)


PokerStars Hand #144884180438:  Hold'em Limit ($3/$6 USD) - 2015/12/05 18:18:07 ET
Table 'Arabella' 2-max Seat #1 is the button
Seat 1: Truelove13 ($120 in chips)
Seat 2: Mu Fc 450 05 ($231.64 in chips)
Truelove13: posts small blind $1
Mu Fc 450 05: posts big blind $3
*** HOLE CARDS ***
Truelove13: raises $3 to $6
Mu Fc 450 05: calls $3
*** FLOP *** [5d Jh 7h]
Mu Fc 450 05: checks
Truelove13: bets $3
Mu Fc 450 05: calls $3
*** TURN *** [5d Jh 7h] [4c]
Mu Fc 450 05: checks
Truelove13: checks
*** RIVER *** [5d Jh 7h 4c] [Js]
Mu Fc 450 05: checks
Truelove13: checks
*** SHOW DOWN ***
Mu Fc 450 05: shows [Ah 6s] (a pair of Jacks)
Truelove13: mucks hand
Mu Fc 450 05 collected $17.64 from pot
*** SUMMARY ***
Total pot $18 | Rake $0.36
Board [5d Jh 7h 4c Js]
Seat 1: Truelove13 (button) (small blind) mucked
Seat 2: Mu Fc 450 05 (big blind) showed [Ah 6s] and won ($17.64) with a pair of Jacks


PokerStars Hand #144884196396:  Hold'em Limit ($3/$6 USD) - 2015/12/05 18:18:27 ET
Table 'Arabella' 2-max Seat #2 is the button
Seat 1: Truelove13 ($120 in chips)
Seat 2: Mu Fc 450 05 ($240.28 in chips)
Mu Fc 450 05: posts small blind $1
Truelove13: posts big blind $3
*** HOLE CARDS ***
Mu Fc 450 05: folds
Uncalled bet ($2) returned to Truelove13
Truelove13 collected $2 from pot
*** SUMMARY ***
Total pot $2 | Rake $0
Seat 1: Truelove13 (big blind) collected ($2)
Seat 2: Mu Fc 450 05 (button) (small blind) folded before Flop


PokerStars Hand #144884200846:  Hold'em Limit ($3/$6 USD) - 2015/12/05 18:18:33 ET
Table 'Arabella' 2-max Seat #1 is the button
Seat 1: Truelove13 ($121 in chips)
Seat 2: Mu Fc 450 05 ($239.28 in chips)
Truelove13: posts small blind $1
Mu Fc 450 05: posts big blind $3
*** HOLE CARDS ***
Truelove13: raises $3 to $6
Mu Fc 450 05: calls $3
*** FLOP *** [Ah 7s Ks]
Mu Fc 450 05: checks
Truelove13: bets $3
Mu Fc 450 05: calls $3
*** TURN *** [Ah 7s Ks] [8c]
Mu Fc 450 05: checks
Truelove13: checks
*** RIVER *** [Ah 7s Ks 8c] [9d]
Mu Fc 450 05: checks
Truelove13: checks
*** SHOW DOWN ***
Mu Fc 450 05: shows [Qd 8s] (a pair of Eights)
Truelove13: mucks hand
Mu Fc 450 05 collected $17.64 from pot
*** SUMMARY ***
Total pot $18 | Rake $0.36
Board [Ah 7s Ks 8c 9d]
Seat 1: Truelove13 (button) (small blind) mucked
Seat 2: Mu Fc 450 05 (big blind) showed [Qd 8s] and won ($17.64) with a pair of Eights


PokerStars Hand #144884216059:  Hold'em Limit ($3/$6 USD) - 2015/12/05 18:18:52 ET
Table 'Arabella' 2-max Seat #2 is the button
Seat 1: Truelove13 ($120 in chips)
Seat 2: Mu Fc 450 05 ($247.92 in chips)
Mu Fc 450 05: posts small blind $1
Truelove13: posts big blind $3
*** HOLE CARDS ***
Mu Fc 450 05: calls $2
Truelove13: raises $3 to $6
Mu Fc 450 05: calls $3
*** FLOP *** [Qs 8s Qd]
Truelove13: bets $3
Mu Fc 450 05: folds
Uncalled bet ($3) returned to Truelove13
Truelove13 collected $11.76 from pot
*** SUMMARY ***
Total pot $12 | Rake $0.24
Board [Qs 8s Qd]
Seat 1: Truelove13 (big blind) collected ($11.76)
Seat 2: Mu Fc 450 05 (button) (small blind) folded on the Flop


PokerStars Hand #144884226318:  Hold'em Limit ($3/$6 USD) - 2015/12/05 18:19:05 ET
Table 'Arabella' 2-max Seat #1 is the button
Seat 1: Truelove13 ($125.76 in chips)
Seat 2: Mu Fc 450 05 ($241.92 in chips)
Truelove13: posts small blind $1
Mu Fc 450 05: posts big blind $3
*** HOLE CARDS ***
Truelove13: folds
Uncalled bet ($2) returned to Mu Fc 450 05
Mu Fc 450 05 collected $2 from pot
Mu Fc 450 05: doesn't show hand
*** SUMMARY ***
Total pot $2 | Rake $0
Seat 1: Truelove13 (button) (small blind) folded before Flop
Seat 2: Mu Fc 450 05 (big blind) collected ($2)


PokerStars Hand #144884230552:  Hold'em Limit ($3/$6 USD) - 2015/12/05 18:19:10 ET
Table 'Arabella' 2-max Seat #2 is the button
Seat 1: Truelove13 ($124.76 in chips)
Seat 2: Mu Fc 450 05 ($242.92 in chips)
Mu Fc 450 05: posts small blind $1
Truelove13: posts big blind $3
*** HOLE CARDS ***
Mu Fc 450 05: calls $2
Truelove13: raises $3 to $6
Mu Fc 450 05: calls $3
*** FLOP *** [5d 7d Qd]
Truelove13: bets $3
Mu Fc 450 05: folds
Uncalled bet ($3) returned to Truelove13
Truelove13 collected $11.76 from pot
*** SUMMARY ***
Total pot $12 | Rake $0.24
Board [5d 7d Qd]
Seat 1: Truelove13 (big blind) collected ($11.76)
Seat 2: Mu Fc 450 05 (button) (small blind) folded on the Flop


PokerStars Hand #144884240680:  Hold'em Limit ($3/$6 USD) - 2015/12/05 18:19:23 ET
Table 'Arabella' 2-max Seat #1 is the button
Seat 1: Truelove13 ($130.52 in chips)
Seat 2: Mu Fc 450 05 ($236.92 in chips)
Truelove13: posts small blind $1
Mu Fc 450 05: posts big blind $3
*** HOLE CARDS ***
Truelove13: raises $3 to $6
Mu Fc 450 05: calls $3
*** FLOP *** [Ah 4s 5d]
Mu Fc 450 05: checks
Truelove13: bets $3
Mu Fc 450 05: calls $3
*** TURN *** [Ah 4s 5d] [3c]
Mu Fc 450 05: checks
Truelove13: checks
*** RIVER *** [Ah 4s 5d 3c] [6c]
Mu Fc 450 05: bets $6
Truelove13: folds
Uncalled bet ($6) returned to Mu Fc 450 05
Mu Fc 450 05 collected $17.64 from pot
Mu Fc 450 05: doesn't show hand
*** SUMMARY ***
Total pot $18 | Rake $0.36
Board [Ah 4s 5d 3c 6c]
Seat 1: Truelove13 (button) (small blind) folded on the River
Seat 2: Mu Fc 450 05 (big blind) collected ($17.64)


PokerStars Hand #144884254680:  Hold'em Limit ($3/$6 USD) - 2015/12/05 18:19:41 ET
Table 'Arabella' 2-max Seat #2 is the button
Seat 1: Truelove13 ($121.52 in chips)
Seat 2: Mu Fc 450 05 ($245.56 in chips)
Mu Fc 450 05: posts small blind $1
Truelove13: posts big blind $3
*** HOLE CARDS ***
Mu Fc 450 05: calls $2
Truelove13: checks
*** FLOP *** [Jd Qh 2c]
Truelove13: bets $3
Mu Fc 450 05: calls $3
*** TURN *** [Jd Qh 2c] [Tc]
Truelove13: bets $6
Mu Fc 450 05: calls $6
*** RIVER *** [Jd Qh 2c Tc] [6c]
Truelove13: bets $6
Mu Fc 450 05: calls $6
*** SHOW DOWN ***
Truelove13: shows [Qs 2h] (two pair, Queens and Deuces)
Mu Fc 450 05: mucks hand
Truelove13 collected $35.50 from pot
*** SUMMARY ***
Total pot $36 | Rake $0.50
Board [Jd Qh 2c Tc 6c]
Seat 1: Truelove13 (big blind) showed [Qs 2h] and won ($35.50) with two pair, Queens and Deuces
Seat 2: Mu Fc 450 05 (button) (small blind) mucked


PokerStars Hand #144884265752:  Hold'em Limit ($3/$6 USD) - 2015/12/05 18:19:55 ET
Table 'Arabella' 2-max Seat #1 is the button
Seat 1: Truelove13 ($139.02 in chips)
Seat 2: Mu Fc 450 05 ($227.56 in chips)
Truelove13: posts small blind $1
Mu Fc 450 05: posts big blind $3
*** HOLE CARDS ***
Truelove13: raises $3 to $6
Mu Fc 450 05: calls $3
*** FLOP *** [5d Kh Tc]
Mu Fc 450 05: checks
Truelove13: bets $3
Mu Fc 450 05: calls $3
*** TURN *** [5d Kh Tc] [6s]
Mu Fc 450 05: checks
Truelove13: bets $6
Mu Fc 450 05: folds
Uncalled bet ($6) returned to Truelove13
Truelove13 collected $17.64 from pot
*** SUMMARY ***
Total pot $18 | Rake $0.36
Board [5d Kh Tc 6s]
Seat 1: Truelove13 (button) (small blind) collected ($17.64)
Seat 2: Mu Fc 450 05 (big blind) folded on the Turn


PokerStars Hand #144884278195:  Hold'em Limit ($3/$6 USD) - 2015/12/05 18:20:11 ET
Table 'Arabella' 2-max Seat #2 is the button
Seat 1: Truelove13 ($147.66 in chips)
Seat 2: Mu Fc 450 05 ($218.56 in chips)
Mu Fc 450 05: posts small blind $1
Truelove13: posts big blind $3
*** HOLE CARDS ***
Mu Fc 450 05: calls $2
Truelove13: checks
*** FLOP *** [Tc 6h Ad]
Truelove13: bets $3
Mu Fc 450 05: calls $3
*** TURN *** [Tc 6h Ad] [Ac]
Truelove13: bets $6
Mu Fc 450 05: calls $6
*** RIVER *** [Tc 6h Ad Ac] [2d]
Truelove13: checks
Mu Fc 450 05: bets $6
Truelove13: folds
Uncalled bet ($6) returned to Mu Fc 450 05
Mu Fc 450 05 collected $23.52 from pot
Mu Fc 450 05: doesn't show hand
*** SUMMARY ***
Total pot $24 | Rake $0.48
Board [Tc 6h Ad Ac 2d]
Seat 1: Truelove13 (big blind) folded on the River
Seat 2: Mu Fc 450 05 (button) (small blind) collected ($23.52)


PokerStars Hand #144884300632:  Hold'em Limit ($3/$6 USD) - 2015/12/05 18:20:40 ET
Table 'Arabella' 2-max Seat #2 is the button
Seat 1: Truelove13 ($141.42 in chips)
Seat 2: Mu Fc 450 05 ($224.08 in chips)
Mu Fc 450 05: posts small blind $1
Truelove13: posts big blind $3
*** HOLE CARDS ***
Mu Fc 450 05: folds
Uncalled bet ($2) returned to Truelove13
Truelove13 collected $2 from pot
*** SUMMARY ***
Total pot $2 | Rake $0
Seat 1: Truelove13 (big blind) collected ($2)
Seat 2: Mu Fc 450 05 (button) (small blind) folded before Flop


PokerStars Hand #144884291899:  Hold'em Limit ($3/$6 USD) - 2015/12/05 18:20:29 ET
Table 'Arabella' 2-max Seat #1 is the button
Seat 1: Truelove13 ($135.66 in chips)
Seat 2: Mu Fc 450 05 ($230.08 in chips)
Truelove13: posts small blind $1
Mu Fc 450 05: posts big blind $3
*** HOLE CARDS ***
Truelove13: raises $3 to $6
Mu Fc 450 05: calls $3
*** FLOP *** [4d 2c Kd]
Mu Fc 450 05: checks
Truelove13: bets $3
Mu Fc 450 05: folds
Uncalled bet ($3) returned to Truelove13
Truelove13 collected $11.76 from pot
*** SUMMARY ***
Total pot $12 | Rake $0.24
Board [4d 2c Kd]
Seat 1: Truelove13 (button) (small blind) collected ($11.76)
Seat 2: Mu Fc 450 05 (big blind) folded on the Flop


PokerStars Hand #144884305064:  Hold'em Limit ($3/$6 USD) - 2015/12/05 18:20:46 ET
Table 'Arabella' 2-max Seat #1 is the button
Seat 1: Truelove13 ($142.42 in chips)
Seat 2: Mu Fc 450 05 ($223.08 in chips)
Truelove13: posts small blind $1
Mu Fc 450 05: posts big blind $3
*** HOLE CARDS ***
Truelove13: raises $3 to $6
Mu Fc 450 05: raises $3 to $9
Truelove13: calls $3
*** FLOP *** [9d 6c 2s]
Mu Fc 450 05: checks
Truelove13: checks
*** TURN *** [9d 6c 2s] [2h]
Mu Fc 450 05: bets $6
Truelove13: folds
Uncalled bet ($6) returned to Mu Fc 450 05
Mu Fc 450 05 collected $17.64 from pot
Mu Fc 450 05: doesn't show hand
*** SUMMARY ***
Total pot $18 | Rake $0.36
Board [9d 6c 2s 2h]
Seat 1: Truelove13 (button) (small blind) folded on the Turn
Seat 2: Mu Fc 450 05 (big blind) collected ($17.64)


PokerStars Hand #144884316014:  Hold'em Limit ($3/$6 USD) - 2015/12/05 18:20:59 ET
Table 'Arabella' 2-max Seat #2 is the button
Seat 1: Truelove13 ($133.42 in chips)
Seat 2: Mu Fc 450 05 ($231.72 in chips)
Mu Fc 450 05: posts small blind $1
Truelove13: posts big blind $3
*** HOLE CARDS ***
Mu Fc 450 05: raises $3 to $6
Truelove13: raises $3 to $9
Mu Fc 450 05: raises $3 to $12
Betting is capped
Truelove13: calls $3
*** FLOP *** [4c Qc Ah]
Truelove13: bets $3
Mu Fc 450 05: calls $3
*** TURN *** [4c Qc Ah] [4h]
Truelove13: bets $6
Mu Fc 450 05: calls $6
*** RIVER *** [4c Qc Ah 4h] [9d]
Truelove13: bets $6
Mu Fc 450 05: calls $6
*** SHOW DOWN ***
Truelove13: shows [Ad Qs] (two pair, Aces and Queens)
Mu Fc 450 05: mucks hand
Truelove13 collected $53.50 from pot
*** SUMMARY ***
Total pot $54 | Rake $0.50
Board [4c Qc Ah 4h 9d]
Seat 1: Truelove13 (big blind) showed [Ad Qs] and won ($53.50) with two pair, Aces and Queens
Seat 2: Mu Fc 450 05 (button) (small blind) mucked


PokerStars Hand #144884331402:  Hold'em Limit ($3/$6 USD) - 2015/12/05 18:21:19 ET
Table 'Arabella' 2-max Seat #1 is the button
Seat 1: Truelove13 ($159.92 in chips)
Seat 2: Mu Fc 450 05 ($204.72 in chips)
Truelove13: posts small blind $1
Mu Fc 450 05: posts big blind $3
*** HOLE CARDS ***
Truelove13: raises $3 to $6
Mu Fc 450 05: calls $3
*** FLOP *** [Qh Qs Jd]
Mu Fc 450 05: checks
Truelove13: bets $3
Mu Fc 450 05: folds
Uncalled bet ($3) returned to Truelove13
Truelove13 collected $11.76 from pot
*** SUMMARY ***
Total pot $12 | Rake $0.24
Board [Qh Qs Jd]
Seat 1: Truelove13 (button) (small blind) collected ($11.76)
Seat 2: Mu Fc 450 05 (big blind) folded on the Flop


PokerStars Hand #144884340658:  Hold'em Limit ($3/$6 USD) - 2015/12/05 18:21:31 ET
Table 'Arabella' 2-max Seat #2 is the button
Seat 1: Truelove13 ($165.68 in chips)
Seat 2: Mu Fc 450 05 ($198.72 in chips)
Mu Fc 450 05: posts small blind $1
Truelove13: posts big blind $3
*** HOLE CARDS ***
Mu Fc 450 05: raises $3 to $6
Truelove13: calls $3
*** FLOP *** [6d 7d Kh]
Truelove13: checks
Mu Fc 450 05: checks
*** TURN *** [6d 7d Kh] [Qd]
Truelove13: bets $6
Mu Fc 450 05: calls $6
*** RIVER *** [6d 7d Kh Qd] [2s]
Truelove13: checks
Mu Fc 450 05: bets $6
Truelove13: folds
Uncalled bet ($6) returned to Mu Fc 450 05
Mu Fc 450 05 collected $23.52 from pot
Mu Fc 450 05: doesn't show hand
*** SUMMARY ***
Total pot $24 | Rake $0.48
Board [6d 7d Kh Qd 2s]
Seat 1: Truelove13 (big blind) folded on the River
Seat 2: Mu Fc 450 05 (button) (small blind) collected ($23.52)


PokerStars Hand #144884354309:  Hold'em Limit ($3/$6 USD) - 2015/12/05 18:21:48 ET
Table 'Arabella' 2-max Seat #1 is the button
Seat 1: Truelove13 ($153.68 in chips)
Seat 2: Mu Fc 450 05 ($210.24 in chips)
Truelove13: posts small blind $1
Mu Fc 450 05: posts big blind $3
*** HOLE CARDS ***
Truelove13: raises $3 to $6
Mu Fc 450 05: calls $3
*** FLOP *** [9d 5s 4h]
Mu Fc 450 05: checks
Truelove13: bets $3
Mu Fc 450 05: calls $3
*** TURN *** [9d 5s 4h] [Ts]
Mu Fc 450 05: checks
Truelove13: bets $6
Mu Fc 450 05: calls $6
*** RIVER *** [9d 5s 4h Ts] [2d]
Mu Fc 450 05: checks
Truelove13: bets $6
Mu Fc 450 05: calls $6
*** SHOW DOWN ***
Truelove13: shows [Kh Ks] (a pair of Kings)
Mu Fc 450 05: mucks hand
Truelove13 collected $41.50 from pot
*** SUMMARY ***
Total pot $42 | Rake $0.50
Board [9d 5s 4h Ts 2d]
Seat 1: Truelove13 (button) (small blind) showed [Kh Ks] and won ($41.50) with a pair of Kings
Seat 2: Mu Fc 450 05 (big blind) mucked


PokerStars Hand #144884369669:  Hold'em Limit ($3/$6 USD) - 2015/12/05 18:22:08 ET
Table 'Arabella' 2-max Seat #2 is the button
Seat 1: Truelove13 ($174.18 in chips)
Seat 2: Mu Fc 450 05 ($189.24 in chips)
Mu Fc 450 05: posts small blind $1
Truelove13: posts big blind $3
*** HOLE CARDS ***
Mu Fc 450 05: calls $2
Truelove13: checks
*** FLOP *** [6h Ad Qh]
Truelove13: checks
Mu Fc 450 05: checks
*** TURN *** [6h Ad Qh] [Jc]
Truelove13: checks
Mu Fc 450 05: bets $6
Truelove13: folds
Uncalled bet ($6) returned to Mu Fc 450 05
Mu Fc 450 05 collected $5.88 from pot
Mu Fc 450 05: doesn't show hand
*** SUMMARY ***
Total pot $6 | Rake $0.12
Board [6h Ad Qh Jc]
Seat 1: Truelove13 (big blind) folded on the Turn
Seat 2: Mu Fc 450 05 (button) (small blind) collected ($5.88)


PokerStars Hand #144884385428:  Hold'em Limit ($3/$6 USD) - 2015/12/05 18:22:28 ET
Table 'Arabella' 2-max Seat #1 is the button
Seat 1: Truelove13 ($171.18 in chips)
Seat 2: Mu Fc 450 05 ($192.12 in chips)
Truelove13: posts small blind $1
Mu Fc 450 05: posts big blind $3
*** HOLE CARDS ***
Truelove13: raises $3 to $6
Mu Fc 450 05: calls $3
*** FLOP *** [3s 2s As]
Mu Fc 450 05: checks
Truelove13: bets $3
Mu Fc 450 05: calls $3
*** TURN *** [3s 2s As] [Jd]
Mu Fc 450 05: checks
Truelove13: bets $6
Mu Fc 450 05: calls $6
*** RIVER *** [3s 2s As Jd] [6d]
Mu Fc 450 05: checks
Truelove13: checks
*** SHOW DOWN ***
Mu Fc 450 05: shows [2h 6c] (two pair, Sixes and Deuces)
Truelove13: mucks hand
Mu Fc 450 05 collected $29.50 from pot
*** SUMMARY ***
Total pot $30 | Rake $0.50
Board [3s 2s As Jd 6d]
Seat 1: Truelove13 (button) (small blind) mucked
Seat 2: Mu Fc 450 05 (big blind) showed [2h 6c] and won ($29.50) with two pair, Sixes and Deuces


PokerStars Hand #144884400160:  Hold'em Limit ($3/$6 USD) - 2015/12/05 18:22:47 ET
Table 'Arabella' 2-max Seat #2 is the button
Seat 1: Truelove13 ($156.18 in chips)
Seat 2: Mu Fc 450 05 ($206.62 in chips)
Mu Fc 450 05: posts small blind $1
Truelove13: posts big blind $3
*** HOLE CARDS ***
Mu Fc 450 05: calls $2
Truelove13: checks
*** FLOP *** [7h 9h 6h]
Truelove13: bets $3
Mu Fc 450 05: calls $3
*** TURN *** [7h 9h 6h] [7d]
Truelove13: bets $6
Mu Fc 450 05: calls $6
*** RIVER *** [7h 9h 6h 7d] [5s]
Truelove13: bets $6
Mu Fc 450 05: calls $6
*** SHOW DOWN ***
Truelove13: shows [9c Td] (two pair, Nines and Sevens)
Mu Fc 450 05: mucks hand
Truelove13 collected $35.50 from pot
*** SUMMARY ***
Total pot $36 | Rake $0.50
Board [7h 9h 6h 7d 5s]
Seat 1: Truelove13 (big blind) showed [9c Td] and won ($35.50) with two pair, Nines and Sevens
Seat 2: Mu Fc 450 05 (button) (small blind) mucked


PokerStars Hand #144884412123:  Hold'em Limit ($3/$6 USD) - 2015/12/05 18:23:02 ET
Table 'Arabella' 2-max Seat #1 is the button
Seat 1: Truelove13 ($173.68 in chips)
Seat 2: Mu Fc 450 05 ($188.62 in chips)
Truelove13: posts small blind $1
Mu Fc 450 05: posts big blind $3
*** HOLE CARDS ***
Truelove13: raises $3 to $6
Mu Fc 450 05: calls $3
*** FLOP *** [5h 7h 6d]
Mu Fc 450 05: checks
Truelove13: bets $3
Mu Fc 450 05: calls $3
*** TURN *** [5h 7h 6d] [As]
Mu Fc 450 05: checks
Truelove13: bets $6
Mu Fc 450 05: calls $6
*** RIVER *** [5h 7h 6d As] [9s]
Mu Fc 450 05: checks
Truelove13: bets $6
Mu Fc 450 05: folds
Uncalled bet ($6) returned to Truelove13
Truelove13 collected $29.50 from pot
*** SUMMARY ***
Total pot $30 | Rake $0.50
Board [5h 7h 6d As 9s]
Seat 1: Truelove13 (button) (small blind) collected ($29.50)
Seat 2: Mu Fc 450 05 (big blind) folded on the River


PokerStars Hand #144884429015:  Hold'em Limit ($3/$6 USD) - 2015/12/05 18:23:23 ET
Table 'Arabella' 2-max Seat #2 is the button
Seat 1: Truelove13 ($188.18 in chips)
Seat 2: Mu Fc 450 05 ($173.62 in chips)
Mu Fc 450 05: posts small blind $1
Truelove13: posts big blind $3
*** HOLE CARDS ***
Mu Fc 450 05: calls $2
Truelove13: checks
*** FLOP *** [3d Qs Kh]
Truelove13: checks
Mu Fc 450 05: checks
*** TURN *** [3d Qs Kh] [Qh]
Truelove13: checks
Mu Fc 450 05: bets $6
Truelove13: folds
Uncalled bet ($6) returned to Mu Fc 450 05
Mu Fc 450 05 collected $5.88 from pot
Mu Fc 450 05: doesn't show hand
*** SUMMARY ***
Total pot $6 | Rake $0.12
Board [3d Qs Kh Qh]
Seat 1: Truelove13 (big blind) folded on the Turn
Seat 2: Mu Fc 450 05 (button) (small blind) collected ($5.88)


PokerStars Hand #144884439386:  Hold'em Limit ($3/$6 USD) - 2015/12/05 18:23:37 ET
Table 'Arabella' 2-max Seat #1 is the button
Seat 1: Truelove13 ($185.18 in chips)
Seat 2: Mu Fc 450 05 ($176.50 in chips)
Truelove13: posts small blind $1
Mu Fc 450 05: posts big blind $3
*** HOLE CARDS ***
Truelove13: raises $3 to $6
Mu Fc 450 05: calls $3
*** FLOP *** [3h Tc 4s]
Mu Fc 450 05: checks
Truelove13: bets $3
Mu Fc 450 05: calls $3
*** TURN *** [3h Tc 4s] [9h]
Mu Fc 450 05: checks
Truelove13: checks
*** RIVER *** [3h Tc 4s 9h] [Ad]
Mu Fc 450 05: checks
Truelove13: bets $6
Mu Fc 450 05: calls $6
*** SHOW DOWN ***
Truelove13: shows [Ah 6d] (a pair of Aces)
Mu Fc 450 05: mucks hand
Truelove13 collected $29.50 from pot
*** SUMMARY ***
Total pot $30 | Rake $0.50
Board [3h Tc 4s 9h Ad]
Seat 1: Truelove13 (button) (small blind) showed [Ah 6d] and won ($29.50) with a pair of Aces
Seat 2: Mu Fc 450 05 (big blind) mucked


PokerStars Hand #144884455922:  Hold'em Limit ($3/$6 USD) - 2015/12/05 18:23:58 ET
Table 'Arabella' 2-max Seat #2 is the button
Seat 1: Truelove13 ($199.68 in chips)
Seat 2: Mu Fc 450 05 ($161.50 in chips)
Mu Fc 450 05: posts small blind $1
Truelove13: posts big blind $3
*** HOLE CARDS ***
Mu Fc 450 05: calls $2
Truelove13: checks
*** FLOP *** [Qd 7c 8c]
Truelove13: checks
Mu Fc 450 05: checks
*** TURN *** [Qd 7c 8c] [4h]
Truelove13: bets $6
Mu Fc 450 05: calls $6
*** RIVER *** [Qd 7c 8c 4h] [5h]
Truelove13: bets $6
Mu Fc 450 05: calls $6
*** SHOW DOWN ***
Truelove13: shows [4d 6s] (a straight, Four to Eight)
Mu Fc 450 05: mucks hand
Truelove13 collected $29.50 from pot
*** SUMMARY ***
Total pot $30 | Rake $0.50
Board [Qd 7c 8c 4h 5h]
Seat 1: Truelove13 (big blind) showed [4d 6s] and won ($29.50) with a straight, Four to Eight
Seat 2: Mu Fc 450 05 (button) (small blind) mucked


PokerStars Hand #144884469753:  Hold'em Limit ($3/$6 USD) - 2015/12/05 18:24:16 ET
Table 'Arabella' 2-max Seat #1 is the button
Seat 1: Truelove13 ($214.18 in chips)
Seat 2: Mu Fc 450 05 ($146.50 in chips)
Truelove13: posts small blind $1
Mu Fc 450 05: posts big blind $3
*** HOLE CARDS ***
Truelove13: raises $3 to $6
Mu Fc 450 05: raises $3 to $9
Truelove13: calls $3
*** FLOP *** [6d 6c 5c]
Mu Fc 450 05: checks
Truelove13: checks
*** TURN *** [6d 6c 5c] [7c]
Mu Fc 450 05: checks
Truelove13: checks
*** RIVER *** [6d 6c 5c 7c] [9c]
Mu Fc 450 05: bets $6
Truelove13: folds
Uncalled bet ($6) returned to Mu Fc 450 05
Mu Fc 450 05 collected $17.64 from pot
Mu Fc 450 05: doesn't show hand
*** SUMMARY ***
Total pot $18 | Rake $0.36
Board [6d 6c 5c 7c 9c]
Seat 1: Truelove13 (button) (small blind) folded on the River
Seat 2: Mu Fc 450 05 (big blind) collected ($17.64)


PokerStars Hand #144884483346:  Hold'em Limit ($3/$6 USD) - 2015/12/05 18:24:33 ET
Table 'Arabella' 2-max Seat #2 is the button
Seat 1: Truelove13 ($205.18 in chips)
Seat 2: Mu Fc 450 05 ($155.14 in chips)
Mu Fc 450 05: posts small blind $1
Truelove13: posts big blind $3
*** HOLE CARDS ***
Mu Fc 450 05: calls $2
Truelove13: raises $3 to $6
Mu Fc 450 05: calls $3
*** FLOP *** [7s 3h 5h]
Truelove13: bets $3
Mu Fc 450 05: calls $3
*** TURN *** [7s 3h 5h] [5c]
Truelove13: bets $6
Mu Fc 450 05: calls $6
*** RIVER *** [7s 3h 5h 5c] [Ts]
Truelove13: bets $6
Mu Fc 450 05: folds
Uncalled bet ($6) returned to Truelove13
Truelove13 collected $29.50 from pot
*** SUMMARY ***
Total pot $30 | Rake $0.50
Board [7s 3h 5h 5c Ts]
Seat 1: Truelove13 (big blind) collected ($29.50)
Seat 2: Mu Fc 450 05 (button) (small blind) folded on the River


PokerStars Hand #144884495669:  Hold'em Limit ($3/$6 USD) - 2015/12/05 18:24:49 ET
Table 'Arabella' 2-max Seat #1 is the button
Seat 1: Truelove13 ($219.68 in chips)
Seat 2: Mu Fc 450 05 ($140.14 in chips)
Truelove13: posts small blind $1
Mu Fc 450 05: posts big blind $3
*** HOLE CARDS ***
Truelove13: raises $3 to $6
Mu Fc 450 05: calls $3
*** FLOP *** [9c Th 6c]
Mu Fc 450 05: checks
Truelove13: bets $3
Mu Fc 450 05: calls $3
*** TURN *** [9c Th 6c] [Js]
Mu Fc 450 05: checks
Truelove13: checks
*** RIVER *** [9c Th 6c Js] [Kc]
Mu Fc 450 05: checks
Truelove13: checks
*** SHOW DOWN ***
Mu Fc 450 05: shows [Qh 7c] (a straight, Nine to King)
Truelove13: mucks hand
Mu Fc 450 05 collected $17.64 from pot
*** SUMMARY ***
Total pot $18 | Rake $0.36
Board [9c Th 6c Js Kc]
Seat 1: Truelove13 (button) (small blind) mucked
Seat 2: Mu Fc 450 05 (big blind) showed [Qh 7c] and won ($17.64) with a straight, Nine to King


PokerStars Hand #144884512023:  Hold'em Limit ($3/$6 USD) - 2015/12/05 18:25:10 ET
Table 'Arabella' 2-max Seat #2 is the button
Seat 1: Truelove13 ($210.68 in chips)
Seat 2: Mu Fc 450 05 ($148.78 in chips)
Mu Fc 450 05: posts small blind $1
Truelove13: posts big blind $3
*** HOLE CARDS ***
Mu Fc 450 05: calls $2
Truelove13: raises $3 to $6
Mu Fc 450 05: calls $3
*** FLOP *** [Tc 3h Ks]
Truelove13: bets $3
Mu Fc 450 05: folds
Uncalled bet ($3) returned to Truelove13
Truelove13 collected $11.76 from pot
*** SUMMARY ***
Total pot $12 | Rake $0.24
Board [Tc 3h Ks]
Seat 1: Truelove13 (big blind) collected ($11.76)
Seat 2: Mu Fc 450 05 (button) (small blind) folded on the Flop


PokerStars Hand #144884521983:  Hold'em Limit ($3/$6 USD) - 2015/12/05 18:25:23 ET
Table 'Arabella' 2-max Seat #1 is the button
Seat 1: Truelove13 ($216.44 in chips)
Seat 2: Mu Fc 450 05 ($142.78 in chips)
Truelove13: posts small blind $1
Mu Fc 450 05: posts big blind $3
*** HOLE CARDS ***
Truelove13: raises $3 to $6
Mu Fc 450 05: calls $3
*** FLOP *** [5c Kh 9h]
Mu Fc 450 05: checks
Truelove13: bets $3
Mu Fc 450 05: calls $3
*** TURN *** [5c Kh 9h] [Qh]
Mu Fc 450 05: checks
Truelove13: bets $6
Mu Fc 450 05: calls $6
*** RIVER *** [5c Kh 9h Qh] [Jd]
Mu Fc 450 05: checks
Truelove13: bets $6
Mu Fc 450 05: calls $6
*** SHOW DOWN ***
Truelove13: shows [5h 8h] (a flush, King high)
Mu Fc 450 05: mucks hand
Truelove13 collected $41.50 from pot
*** SUMMARY ***
Total pot $42 | Rake $0.50
Board [5c Kh 9h Qh Jd]
Seat 1: Truelove13 (button) (small blind) showed [5h 8h] and won ($41.50) with a flush, King high
Seat 2: Mu Fc 450 05 (big blind) mucked


PokerStars Hand #144884540689:  Hold'em Limit ($3/$6 USD) - 2015/12/05 18:25:47 ET
Table 'Arabella' 2-max Seat #2 is the button
Seat 1: Truelove13 ($236.94 in chips)
Seat 2: Mu Fc 450 05 ($121.78 in chips)
Mu Fc 450 05: posts small blind $1
Truelove13: posts big blind $3
*** HOLE CARDS ***
Mu Fc 450 05: calls $2
Truelove13: checks
*** FLOP *** [5d Jd 2c]
Truelove13: checks
Mu Fc 450 05: checks
*** TURN *** [5d Jd 2c] [6h]
Truelove13: checks
Mu Fc 450 05: checks
*** RIVER *** [5d Jd 2c 6h] [8s]
Truelove13: checks
Mu Fc 450 05: checks
*** SHOW DOWN ***
Truelove13: shows [Ts 4d] (high card Jack)
Mu Fc 450 05: shows [3s Tc] (high card Jack)
Truelove13 collected $2.94 from pot
Mu Fc 450 05 collected $2.94 from pot
*** SUMMARY ***
Total pot $6 | Rake $0.12
Board [5d Jd 2c 6h 8s]
Seat 1: Truelove13 (big blind) showed [Ts 4d] and won ($2.94) with high card Jack
Seat 2: Mu Fc 450 05 (button) (small blind) showed [3s Tc] and won ($2.94) with high card Jack


PokerStars Hand #144884556572:  Hold'em Limit ($3/$6 USD) - 2015/12/05 18:26:07 ET
Table 'Arabella' 2-max Seat #1 is the button
Seat 1: Truelove13 ($236.88 in chips)
Seat 2: Mu Fc 450 05 ($121.72 in chips)
Truelove13: posts small blind $1
Mu Fc 450 05: posts big blind $3
*** HOLE CARDS ***
Truelove13: folds
Uncalled bet ($2) returned to Mu Fc 450 05
Mu Fc 450 05 collected $2 from pot
Mu Fc 450 05: doesn't show hand
*** SUMMARY ***
Total pot $2 | Rake $0
Seat 1: Truelove13 (button) (small blind) folded before Flop
Seat 2: Mu Fc 450 05 (big blind) collected ($2)


PokerStars Hand #144884563044:  Hold'em Limit ($3/$6 USD) - 2015/12/05 18:26:15 ET
Table 'Arabella' 2-max Seat #2 is the button
Seat 1: Truelove13 ($235.88 in chips)
Seat 2: Mu Fc 450 05 ($122.72 in chips)
Mu Fc 450 05: posts small blind $1
Truelove13: posts big blind $3
*** HOLE CARDS ***
Mu Fc 450 05: calls $2
Truelove13: raises $3 to $6
Mu Fc 450 05: calls $3
*** FLOP *** [Jd Ah 2h]
Truelove13: bets $3
Mu Fc 450 05: calls $3
*** TURN *** [Jd Ah 2h] [2c]
Truelove13: bets $6
Mu Fc 450 05: calls $6
*** RIVER *** [Jd Ah 2h 2c] [8d]
Truelove13: checks
Mu Fc 450 05: bets $6
Truelove13: calls $6
*** SHOW DOWN ***
Mu Fc 450 05: shows [5d 4s] (a pair of Deuces)
Truelove13: shows [9d 9s] (two pair, Nines and Deuces)
Truelove13 collected $41.50 from pot
*** SUMMARY ***
Total pot $42 | Rake $0.50
Board [Jd Ah 2h 2c 8d]
Seat 1: Truelove13 (big blind) showed [9d 9s] and won ($41.50) with two pair, Nines and Deuces
Seat 2: Mu Fc 450 05 (button) (small blind) showed [5d 4s] and lost with a pair of Deuces


PokerStars Hand #144884580592:  Hold'em Limit ($3/$6 USD) - 2015/12/05 18:26:37 ET
Table 'Arabella' 2-max Seat #1 is the button
Seat 1: Truelove13 ($256.38 in chips)
Seat 2: Mu Fc 450 05 ($101.72 in chips)
Truelove13: posts small blind $1
Mu Fc 450 05: posts big blind $3
*** HOLE CARDS ***
Truelove13: folds
Uncalled bet ($2) returned to Mu Fc 450 05
Mu Fc 450 05 collected $2 from pot
Mu Fc 450 05: doesn't show hand
*** SUMMARY ***
Total pot $2 | Rake $0
Seat 1: Truelove13 (button) (small blind) folded before Flop
Seat 2: Mu Fc 450 05 (big blind) collected ($2)


PokerStars Hand #144884584922:  Hold'em Limit ($3/$6 USD) - 2015/12/05 18:26:43 ET
Table 'Arabella' 2-max Seat #2 is the button
Seat 1: Truelove13 ($255.38 in chips)
Seat 2: Mu Fc 450 05 ($102.72 in chips)
Mu Fc 450 05: posts small blind $1
Truelove13: posts big blind $3
*** HOLE CARDS ***
Mu Fc 450 05: calls $2
Truelove13: checks
*** FLOP *** [4c 7c 6h]
Truelove13: bets $3
Mu Fc 450 05: calls $3
*** TURN *** [4c 7c 6h] [9s]
Truelove13: bets $6
Mu Fc 450 05: calls $6
*** RIVER *** [4c 7c 6h 9s] [Jh]
Truelove13: bets $6
Mu Fc 450 05: folds
Uncalled bet ($6) returned to Truelove13
Truelove13 collected $23.52 from pot
*** SUMMARY ***
Total pot $24 | Rake $0.48
Board [4c 7c 6h 9s Jh]
Seat 1: Truelove13 (big blind) collected ($23.52)
Seat 2: Mu Fc 450 05 (button) (small blind) folded on the River


PokerStars Hand #144884602600:  Hold'em Limit ($3/$6 USD) - 2015/12/05 18:27:06 ET
Table 'Arabella' 2-max Seat #1 is the button
Seat 1: Truelove13 ($266.90 in chips)
Seat 2: Mu Fc 450 05 ($90.72 in chips)
Truelove13: posts small blind $1
Mu Fc 450 05: posts big blind $3
*** HOLE CARDS ***
Truelove13: raises $3 to $6
Mu Fc 450 05: calls $3
*** FLOP *** [8h Kd 6d]
Mu Fc 450 05: checks
Truelove13: bets $3
Mu Fc 450 05: calls $3
*** TURN *** [8h Kd 6d] [4h]
Mu Fc 450 05: checks
Truelove13: bets $6
Mu Fc 450 05: calls $6
*** RIVER *** [8h Kd 6d 4h] [5h]
Mu Fc 450 05: checks
Truelove13: checks
*** SHOW DOWN ***
Mu Fc 450 05: shows [Qh 6s] (a pair of Sixes)
Truelove13: mucks hand
Mu Fc 450 05 collected $29.50 from pot
*** SUMMARY ***
Total pot $30 | Rake $0.50
Board [8h Kd 6d 4h 5h]
Seat 1: Truelove13 (button) (small blind) mucked
Seat 2: Mu Fc 450 05 (big blind) showed [Qh 6s] and won ($29.50) with a pair of Sixes


PokerStars Hand #144884620386:  Hold'em Limit ($3/$6 USD) - 2015/12/05 18:27:28 ET
Table 'Arabella' 2-max Seat #2 is the button
Seat 1: Truelove13 ($251.90 in chips)
Seat 2: Mu Fc 450 05 ($105.22 in chips)
Mu Fc 450 05: posts small blind $1
Truelove13: posts big blind $3
*** HOLE CARDS ***
Mu Fc 450 05: raises $3 to $6
Truelove13: calls $3
*** FLOP *** [Ac 6s 7c]
Truelove13: checks
Mu Fc 450 05: checks
*** TURN *** [Ac 6s 7c] [3h]
Truelove13: checks
Mu Fc 450 05: checks
*** RIVER *** [Ac 6s 7c 3h] [Qd]
Truelove13: checks
Mu Fc 450 05: checks
*** SHOW DOWN ***
Truelove13: shows [9s Th] (high card Ace)
Mu Fc 450 05: shows [5d 5h] (a pair of Fives)
Mu Fc 450 05 collected $11.76 from pot
*** SUMMARY ***
Total pot $12 | Rake $0.24
Board [Ac 6s 7c 3h Qd]
Seat 1: Truelove13 (big blind) showed [9s Th] and lost with high card Ace
Seat 2: Mu Fc 450 05 (button) (small blind) showed [5d 5h] and won ($11.76) with a pair of Fives


PokerStars Hand #144884631718:  Hold'em Limit ($3/$6 USD) - 2015/12/05 18:27:42 ET
Table 'Arabella' 2-max Seat #1 is the button
Seat 1: Truelove13 ($245.90 in chips)
Seat 2: Mu Fc 450 05 ($110.98 in chips)
Truelove13: posts small blind $1
Mu Fc 450 05: posts big blind $3
*** HOLE CARDS ***
Truelove13: raises $3 to $6
Mu Fc 450 05: calls $3
*** FLOP *** [Jc Qh Kd]
Mu Fc 450 05: checks
Truelove13: bets $3
Mu Fc 450 05: folds
Uncalled bet ($3) returned to Truelove13
Truelove13 collected $11.76 from pot
*** SUMMARY ***
Total pot $12 | Rake $0.24
Board [Jc Qh Kd]
Seat 1: Truelove13 (button) (small blind) collected ($11.76)
Seat 2: Mu Fc 450 05 (big blind) folded on the Flop


PokerStars Hand #144884639900:  Hold'em Limit ($3/$6 USD) - 2015/12/05 18:27:53 ET
Table 'Arabella' 2-max Seat #2 is the button
Seat 1: Truelove13 ($251.66 in chips)
Seat 2: Mu Fc 450 05 ($104.98 in chips)
Mu Fc 450 05: posts small blind $1
Truelove13: posts big blind $3
*** HOLE CARDS ***
Mu Fc 450 05: calls $2
Truelove13: checks
*** FLOP *** [4d 7s 2c]
Truelove13: checks
Mu Fc 450 05: checks
*** TURN *** [4d 7s 2c] [2h]
Truelove13: checks
Mu Fc 450 05: bets $6
Truelove13: folds
Uncalled bet ($6) returned to Mu Fc 450 05
Mu Fc 450 05 collected $5.88 from pot
Mu Fc 450 05: doesn't show hand
*** SUMMARY ***
Total pot $6 | Rake $0.12
Board [4d 7s 2c 2h]
Seat 1: Truelove13 (big blind) folded on the Turn
Seat 2: Mu Fc 450 05 (button) (small blind) collected ($5.88)


PokerStars Hand #144884650508:  Hold'em Limit ($3/$6 USD) - 2015/12/05 18:28:07 ET
Table 'Arabella' 2-max Seat #1 is the button
Seat 1: Truelove13 ($248.66 in chips)
Seat 2: Mu Fc 450 05 ($107.86 in chips)
Truelove13: posts small blind $1
Mu Fc 450 05: posts big blind $3
*** HOLE CARDS ***
Truelove13: raises $3 to $6
Mu Fc 450 05: raises $3 to $9
Truelove13: calls $3
*** FLOP *** [Kd 6c 9h]
Mu Fc 450 05: checks
Truelove13: bets $3
Mu Fc 450 05: calls $3
*** TURN *** [Kd 6c 9h] [2h]
Mu Fc 450 05: checks
Truelove13: checks
*** RIVER *** [Kd 6c 9h 2h] [2c]
Mu Fc 450 05: checks
Truelove13: checks
*** SHOW DOWN ***
Mu Fc 450 05: shows [7c As] (a pair of Deuces)
Truelove13: shows [Js Ad] (a pair of Deuces - Ace+King+Jack kicker)
Truelove13 collected $23.52 from pot
*** SUMMARY ***
Total pot $24 | Rake $0.48
Board [Kd 6c 9h 2h 2c]
Seat 1: Truelove13 (button) (small blind) showed [Js Ad] and won ($23.52) with a pair of Deuces
Seat 2: Mu Fc 450 05 (big blind) showed [7c As] and lost with a pair of Deuces


PokerStars Hand #144884664611:  Hold'em Limit ($3/$6 USD) - 2015/12/05 18:28:25 ET
Table 'Arabella' 2-max Seat #2 is the button
Seat 1: Truelove13 ($260.18 in chips)
Seat 2: Mu Fc 450 05 ($95.86 in chips)
Mu Fc 450 05: posts small blind $1
Truelove13: posts big blind $3
*** HOLE CARDS ***
Mu Fc 450 05: calls $2
Truelove13: raises $3 to $6
Mu Fc 450 05: calls $3
*** FLOP *** [Kd Kc Ah]
Truelove13: bets $3
Mu Fc 450 05: calls $3
*** TURN *** [Kd Kc Ah] [5s]
Truelove13: bets $6
Mu Fc 450 05: calls $6
*** RIVER *** [Kd Kc Ah 5s] [Js]
Truelove13: bets $6
Mu Fc 450 05: calls $6
*** SHOW DOWN ***
Truelove13: shows [Ad 7h] (two pair, Aces and Kings)
Mu Fc 450 05: shows [4h Ac] (two pair, Aces and Kings)
Truelove13 collected $20.75 from pot
Mu Fc 450 05 collected $20.75 from pot
*** SUMMARY ***
Total pot $42 | Rake $0.50
Board [Kd Kc Ah 5s Js]
Seat 1: Truelove13 (big blind) showed [Ad 7h] and won ($20.75) with two pair, Aces and Kings
Seat 2: Mu Fc 450 05 (button) (small blind) showed [4h Ac] and won ($20.75) with two pair, Aces and Kings


PokerStars Hand #144884677249:  Hold'em Limit ($3/$6 USD) - 2015/12/05 18:28:41 ET
Table 'Arabella' 2-max Seat #1 is the button
Seat 1: Truelove13 ($259.93 in chips)
Seat 2: Mu Fc 450 05 ($95.61 in chips)
Truelove13: posts small blind $1
Mu Fc 450 05: posts big blind $3
*** HOLE CARDS ***
Truelove13: raises $3 to $6
Mu Fc 450 05: calls $3
*** FLOP *** [9h 7h Ts]
Mu Fc 450 05: checks
Truelove13: bets $3
Mu Fc 450 05: calls $3
*** TURN *** [9h 7h Ts] [Jd]
Mu Fc 450 05: checks
Truelove13: bets $6
Mu Fc 450 05: calls $6
*** RIVER *** [9h 7h Ts Jd] [Kc]
Mu Fc 450 05: checks
Truelove13: checks
*** SHOW DOWN ***
Mu Fc 450 05: shows [Ks 7d] (two pair, Kings and Sevens)
Truelove13: mucks hand
Mu Fc 450 05 collected $29.50 from pot
*** SUMMARY ***
Total pot $30 | Rake $0.50
Board [9h 7h Ts Jd Kc]
Seat 1: Truelove13 (button) (small blind) mucked
Seat 2: Mu Fc 450 05 (big blind) showed [Ks 7d] and won ($29.50) with two pair, Kings and Sevens


PokerStars Hand #144884692640:  Hold'em Limit ($3/$6 USD) - 2015/12/05 18:29:01 ET
Table 'Arabella' 2-max Seat #2 is the button
Seat 1: Truelove13 ($244.93 in chips)
Seat 2: Mu Fc 450 05 ($110.11 in chips)
Mu Fc 450 05: posts small blind $1
Truelove13: posts big blind $3
*** HOLE CARDS ***
Mu Fc 450 05: calls $2
Truelove13: checks
*** FLOP *** [Ad Th Kd]
Truelove13: checks
Mu Fc 450 05: checks
*** TURN *** [Ad Th Kd] [5h]
Truelove13: checks
Mu Fc 450 05: bets $6
Truelove13: folds
Uncalled bet ($6) returned to Mu Fc 450 05
Mu Fc 450 05 collected $5.88 from pot
Mu Fc 450 05: doesn't show hand
*** SUMMARY ***
Total pot $6 | Rake $0.12
Board [Ad Th Kd 5h]
Seat 1: Truelove13 (big blind) folded on the Turn
Seat 2: Mu Fc 450 05 (button) (small blind) collected ($5.88)


PokerStars Hand #144884702443:  Hold'em Limit ($3/$6 USD) - 2015/12/05 18:29:14 ET
Table 'Arabella' 2-max Seat #1 is the button
Seat 1: Truelove13 ($241.93 in chips)
Seat 2: Mu Fc 450 05 ($112.99 in chips)
Truelove13: posts small blind $1
Mu Fc 450 05: posts big blind $3
*** HOLE CARDS ***
Truelove13: raises $3 to $6
Mu Fc 450 05: calls $3
*** FLOP *** [2c 7d Jc]
Mu Fc 450 05: checks
Truelove13: bets $3
Mu Fc 450 05: calls $3
*** TURN *** [2c 7d Jc] [9c]
Mu Fc 450 05: checks
Truelove13: checks
*** RIVER *** [2c 7d Jc 9c] [8s]
Mu Fc 450 05: checks
Truelove13: checks
*** SHOW DOWN ***
Mu Fc 450 05: shows [7s 6h] (a pair of Sevens)
Truelove13: shows [8d Ks] (a pair of Eights)
Truelove13 collected $17.64 from pot
*** SUMMARY ***
Total pot $18 | Rake $0.36
Board [2c 7d Jc 9c 8s]
Seat 1: Truelove13 (button) (small blind) showed [8d Ks] and won ($17.64) with a pair of Eights
Seat 2: Mu Fc 450 05 (big blind) showed [7s 6h] and lost with a pair of Sevens


PokerStars Hand #144884726742:  Hold'em Limit ($3/$6 USD) - 2015/12/05 18:29:45 ET
Table 'Arabella' 2-max Seat #1 is the button
Seat 1: Truelove13 ($253.45 in chips)
Seat 2: Mu Fc 450 05 ($100.99 in chips)
Truelove13: posts small blind $1
Mu Fc 450 05: posts big blind $3
*** HOLE CARDS ***
Truelove13: raises $3 to $6
Mu Fc 450 05: calls $3
*** FLOP *** [7s 2h 4h]
Mu Fc 450 05: checks
Truelove13: bets $3
Mu Fc 450 05: calls $3
*** TURN *** [7s 2h 4h] [Qc]
Mu Fc 450 05: checks
Truelove13: checks
*** RIVER *** [7s 2h 4h Qc] [6s]
Mu Fc 450 05: checks
Truelove13: bets $6
Mu Fc 450 05: calls $6
*** SHOW DOWN ***
Truelove13: shows [6c Th] (a pair of Sixes)
Mu Fc 450 05: mucks hand
Truelove13 collected $29.50 from pot
*** SUMMARY ***
Total pot $30 | Rake $0.50
Board [7s 2h 4h Qc 6s]
Seat 1: Truelove13 (button) (small blind) showed [6c Th] and won ($29.50) with a pair of Sixes
Seat 2: Mu Fc 450 05 (big blind) mucked


PokerStars Hand #144884740463:  Hold'em Limit ($3/$6 USD) - 2015/12/05 18:30:03 ET
Table 'Arabella' 2-max Seat #2 is the button
Seat 1: Truelove13 ($267.95 in chips)
Seat 2: Mu Fc 450 05 ($85.99 in chips)
Mu Fc 450 05: posts small blind $1
Truelove13: posts big blind $3
*** HOLE CARDS ***
Mu Fc 450 05: calls $2
Truelove13: raises $3 to $6
Mu Fc 450 05: calls $3
*** FLOP *** [8c Js 6s]
Truelove13: bets $3
Mu Fc 450 05: calls $3
*** TURN *** [8c Js 6s] [9d]
Truelove13: checks
Mu Fc 450 05: checks
*** RIVER *** [8c Js 6s 9d] [2d]
Truelove13: bets $6
Mu Fc 450 05: calls $6
*** SHOW DOWN ***
Truelove13: shows [Ac 2h] (a pair of Deuces)
Mu Fc 450 05: shows [3s 6d] (a pair of Sixes)
Mu Fc 450 05 collected $29.50 from pot
*** SUMMARY ***
Total pot $30 | Rake $0.50
Board [8c Js 6s 9d 2d]
Seat 1: Truelove13 (big blind) showed [Ac 2h] and lost with a pair of Deuces
Seat 2: Mu Fc 450 05 (button) (small blind) showed [3s 6d] and won ($29.50) with a pair of Sixes


PokerStars Hand #144884718536:  Hold'em Limit ($3/$6 USD) - 2015/12/05 18:29:34 ET
Table 'Arabella' 2-max Seat #2 is the button
Seat 1: Truelove13 ($250.57 in chips)
Seat 2: Mu Fc 450 05 ($103.99 in chips)
Mu Fc 450 05: posts small blind $1
Truelove13: posts big blind $3
*** HOLE CARDS ***
Mu Fc 450 05: calls $2
Truelove13: checks
*** FLOP *** [Qh Ad Ks]
Truelove13: bets $3
Mu Fc 450 05: folds
Uncalled bet ($3) returned to Truelove13
Truelove13 collected $5.88 from pot
*** SUMMARY ***
Total pot $6 | Rake $0.12
Board [Qh Ad Ks]
Seat 1: Truelove13 (big blind) collected ($5.88)
Seat 2: Mu Fc 450 05 (button) (small blind) folded on the Flop


PokerStars Hand #144884792750:  Hold'em Limit ($3/$6 USD) - 2015/12/05 18:31:11 ET
Table 'Arabella' 2-max Seat #2 is the button
Seat 1: Truelove13 ($255.45 in chips)
Seat 2: Mu Fc 450 05 ($97.01 in chips)
Mu Fc 450 05: posts small blind $1
Truelove13: posts big blind $3
*** HOLE CARDS ***
Mu Fc 450 05: calls $2
Truelove13: checks
*** FLOP *** [9h 2s 7d]
Truelove13: checks
Mu Fc 450 05: checks
*** TURN *** [9h 2s 7d] [Js]
Truelove13: checks
Mu Fc 450 05: checks
*** RIVER *** [9h 2s 7d Js] [9c]
Truelove13: checks
Mu Fc 450 05: bets $6
Truelove13: calls $6
*** SHOW DOWN ***
Mu Fc 450 05: shows [4d 5d] (a pair of Nines)
Truelove13: shows [6d Kh] (a pair of Nines - King kicker)
Truelove13 collected $17.64 from pot
*** SUMMARY ***
Total pot $18 | Rake $0.36
Board [9h 2s 7d Js 9c]
Seat 1: Truelove13 (big blind) showed [6d Kh] and won ($17.64) with a pair of Nines
Seat 2: Mu Fc 450 05 (button) (small blind) showed [4d 5d] and lost with a pair of Nines


PokerStars Hand #144884779061:  Hold'em Limit ($3/$6 USD) - 2015/12/05 18:30:54 ET
Table 'Arabella' 2-max Seat #1 is the button
Seat 1: Truelove13 ($240.95 in chips)
Seat 2: Mu Fc 450 05 ($112.01 in chips)
Truelove13: posts small blind $1
Mu Fc 450 05: posts big blind $3
*** HOLE CARDS ***
Truelove13: raises $3 to $6
Mu Fc 450 05: calls $3
*** FLOP *** [2d 8c 8d]
Mu Fc 450 05: checks
Truelove13: bets $3
Mu Fc 450 05: calls $3
*** TURN *** [2d 8c 8d] [Jc]
Mu Fc 450 05: checks
Truelove13: bets $6
Mu Fc 450 05: calls $6
*** RIVER *** [2d 8c 8d Jc] [Ks]
Mu Fc 450 05: checks
Truelove13: checks
*** SHOW DOWN ***
Mu Fc 450 05: shows [7s Qs] (a pair of Eights)
Truelove13: shows [Ah 3d] (a pair of Eights - Ace kicker)
Truelove13 collected $29.50 from pot
*** SUMMARY ***
Total pot $30 | Rake $0.50
Board [2d 8c 8d Jc Ks]
Seat 1: Truelove13 (button) (small blind) showed [Ah 3d] and won ($29.50) with a pair of Eights
Seat 2: Mu Fc 450 05 (big blind) showed [7s Qs] and lost with a pair of Eights


PokerStars Hand #144884806793:  Hold'em Limit ($3/$6 USD) - 2015/12/05 18:31:30 ET
Table 'Arabella' 2-max Seat #1 is the button
Seat 1: Truelove13 ($264.09 in chips)
Seat 2: Mu Fc 450 05 ($88.01 in chips)
Truelove13: posts small blind $1
Mu Fc 450 05: posts big blind $3
*** HOLE CARDS ***
Truelove13: raises $3 to $6
Mu Fc 450 05: raises $3 to $9
Truelove13: calls $3
*** FLOP *** [As 9d 8d]
Mu Fc 450 05: checks
Truelove13: checks
*** TURN *** [As 9d 8d] [Kh]
Mu Fc 450 05: checks
Truelove13: checks
*** RIVER *** [As 9d 8d Kh] [2c]
Mu Fc 450 05: bets $6
Truelove13: folds
Uncalled bet ($6) returned to Mu Fc 450 05
Mu Fc 450 05 collected $17.64 from pot
Mu Fc 450 05: doesn't show hand
*** SUMMARY ***
Total pot $18 | Rake $0.36
Board [As 9d 8d Kh 2c]
Seat 1: Truelove13 (button) (small blind) folded on the River
Seat 2: Mu Fc 450 05 (big blind) collected ($17.64)


PokerStars Hand #144884833957:  Hold'em Limit ($3/$6 USD) - 2015/12/05 18:32:05 ET
Table 'Arabella' 2-max Seat #1 is the button
Seat 1: Truelove13 ($246.09 in chips)
Seat 2: Mu Fc 450 05 ($105.29 in chips)
Truelove13: posts small blind $1
Mu Fc 450 05: posts big blind $3
*** HOLE CARDS ***
Truelove13: raises $3 to $6
Mu Fc 450 05: raises $3 to $9
Truelove13: calls $3
*** FLOP *** [Ah Tc 6h]
Mu Fc 450 05: checks
Truelove13: bets $3
Mu Fc 450 05: calls $3
*** TURN *** [Ah Tc 6h] [5h]
Mu Fc 450 05: checks
Truelove13: bets $6
Mu Fc 450 05: calls $6
*** RIVER *** [Ah Tc 6h 5h] [7h]
Mu Fc 450 05: checks
Truelove13: bets $6
Mu Fc 450 05: calls $6
*** SHOW DOWN ***
Truelove13: shows [Ac 5s] (two pair, Aces and Fives)
Mu Fc 450 05: mucks hand
Truelove13 collected $47.50 from pot
*** SUMMARY ***
Total pot $48 | Rake $0.50
Board [Ah Tc 6h 5h 7h]
Seat 1: Truelove13 (button) (small blind) showed [Ac 5s] and won ($47.50) with two pair, Aces and Fives
Seat 2: Mu Fc 450 05 (big blind) mucked


PokerStars Hand #144884819337:  Hold'em Limit ($3/$6 USD) - 2015/12/05 18:31:46 ET
Table 'Arabella' 2-max Seat #2 is the button
Seat 1: Truelove13 ($255.09 in chips)
Seat 2: Mu Fc 450 05 ($96.65 in chips)
Mu Fc 450 05: posts small blind $1
Truelove13: posts big blind $3
*** HOLE CARDS ***
Mu Fc 450 05: calls $2
Truelove13: checks
*** FLOP *** [9c Ad 6d]
Truelove13: checks
Mu Fc 450 05: checks
*** TURN *** [9c Ad 6d] [Td]
Truelove13: checks
Mu Fc 450 05: bets $6
Truelove13: calls $6
*** RIVER *** [9c Ad 6d Td] [6s]
Truelove13: checks
Mu Fc 450 05: bets $6
Truelove13: folds
Uncalled bet ($6) returned to Mu Fc 450 05
Mu Fc 450 05 collected $17.64 from pot
Mu Fc 450 05: doesn't show hand
*** SUMMARY ***
Total pot $18 | Rake $0.36
Board [9c Ad 6d Td 6s]
Seat 1: Truelove13 (big blind) folded on the River
Seat 2: Mu Fc 450 05 (button) (small blind) collected ($17.64)


PokerStars Hand #144884884946:  Hold'em Limit ($3/$6 USD) - 2015/12/05 18:33:13 ET
Table 'Arabella' 2-max Seat #2 is the button
Seat 1: Truelove13 ($233.59 in chips)
Seat 2: Mu Fc 450 05 ($116.29 in chips)
Mu Fc 450 05: posts small blind $1
Truelove13: posts big blind $3
*** HOLE CARDS ***
Mu Fc 450 05: calls $2
Truelove13: raises $3 to $6
Mu Fc 450 05: calls $3
*** FLOP *** [Kc 7c Ah]
Truelove13: bets $3
Mu Fc 450 05: calls $3
*** TURN *** [Kc 7c Ah] [Td]
Truelove13: bets $6
Mu Fc 450 05: folds
Uncalled bet ($6) returned to Truelove13
Truelove13 collected $17.64 from pot
*** SUMMARY ***
Total pot $18 | Rake $0.36
Board [Kc 7c Ah Td]
Seat 1: Truelove13 (big blind) collected ($17.64)
Seat 2: Mu Fc 450 05 (button) (small blind) folded on the Turn


PokerStars Hand #144884867050:  Hold'em Limit ($3/$6 USD) - 2015/12/05 18:32:49 ET
Table 'Arabella' 2-max Seat #1 is the button
Seat 1: Truelove13 ($248.59 in chips)
Seat 2: Mu Fc 450 05 ($101.79 in chips)
Truelove13: posts small blind $1
Mu Fc 450 05: posts big blind $3
*** HOLE CARDS ***
Truelove13: raises $3 to $6
Mu Fc 450 05: calls $3
*** FLOP *** [Ac 7h As]
Mu Fc 450 05: checks
Truelove13: bets $3
Mu Fc 450 05: calls $3
*** TURN *** [Ac 7h As] [Td]
Mu Fc 450 05: checks
Truelove13: bets $6
Mu Fc 450 05: raises $6 to $12
Truelove13: folds
Uncalled bet ($6) returned to Mu Fc 450 05
Mu Fc 450 05 collected $29.50 from pot
Mu Fc 450 05: doesn't show hand
*** SUMMARY ***
Total pot $30 | Rake $0.50
Board [Ac 7h As Td]
Seat 1: Truelove13 (button) (small blind) folded on the Turn
Seat 2: Mu Fc 450 05 (big blind) collected ($29.50)


PokerStars Hand #144884850218:  Hold'em Limit ($3/$6 USD) - 2015/12/05 18:32:27 ET
Table 'Arabella' 2-max Seat #2 is the button
Seat 1: Truelove13 ($269.59 in chips)
Seat 2: Mu Fc 450 05 ($81.29 in chips)
Mu Fc 450 05: posts small blind $1
Truelove13: posts big blind $3
*** HOLE CARDS ***
Mu Fc 450 05: calls $2
Truelove13: raises $3 to $6
Mu Fc 450 05: calls $3
*** FLOP *** [Kh 9c Qs]
Truelove13: bets $3
Mu Fc 450 05: calls $3
*** TURN *** [Kh 9c Qs] [3h]
Truelove13: bets $6
Mu Fc 450 05: calls $6
*** RIVER *** [Kh 9c Qs 3h] [9d]
Truelove13: bets $6
Mu Fc 450 05: calls $6
*** SHOW DOWN ***
Truelove13: shows [5h 8h] (a pair of Nines)
Mu Fc 450 05: shows [8s Kc] (two pair, Kings and Nines)
Mu Fc 450 05 collected $41.50 from pot
*** SUMMARY ***
Total pot $42 | Rake $0.50
Board [Kh 9c Qs 3h 9d]
Seat 1: Truelove13 (big blind) showed [5h 8h] and lost with a pair of Nines
Seat 2: Mu Fc 450 05 (button) (small blind) showed [8s Kc] and won ($41.50) with two pair, Kings and Nines


PokerStars Hand #144884940749:  Hold'em Limit ($3/$6 USD) - 2015/12/05 18:34:26 ET
Table 'Arabella' 2-max Seat #2 is the button
Seat 1: Truelove13 ($312.73 in chips)
Seat 2: Mu Fc 450 05 ($35.29 in chips)
Mu Fc 450 05: posts small blind $1
Truelove13: posts big blind $3
*** HOLE CARDS ***
Mu Fc 450 05: raises $3 to $6
Truelove13: folds
Uncalled bet ($3) returned to Mu Fc 450 05
Mu Fc 450 05 collected $6 from pot
Mu Fc 450 05: doesn't show hand
*** SUMMARY ***
Total pot $6 | Rake $0
Seat 1: Truelove13 (big blind) folded before Flop
Seat 2: Mu Fc 450 05 (button) (small blind) collected ($6)


PokerStars Hand #144884926609:  Hold'em Limit ($3/$6 USD) - 2015/12/05 18:34:08 ET
Table 'Arabella' 2-max Seat #1 is the button
Seat 1: Truelove13 ($292.23 in chips)
Seat 2: Mu Fc 450 05 ($56.29 in chips)
Truelove13: posts small blind $1
Mu Fc 450 05: posts big blind $3
*** HOLE CARDS ***
Truelove13: raises $3 to $6
Mu Fc 450 05: calls $3
*** FLOP *** [2s Jh 5h]
Mu Fc 450 05: checks
Truelove13: bets $3
Mu Fc 450 05: calls $3
*** TURN *** [2s Jh 5h] [6d]
Mu Fc 450 05: checks
Truelove13: bets $6
Mu Fc 450 05: calls $6
*** RIVER *** [2s Jh 5h 6d] [Qh]
Mu Fc 450 05: checks
Truelove13: bets $6
Mu Fc 450 05: calls $6
*** SHOW DOWN ***
Truelove13: shows [3d Jd] (a pair of Jacks)
Mu Fc 450 05: mucks hand
Truelove13 collected $41.50 from pot
*** SUMMARY ***
Total pot $42 | Rake $0.50
Board [2s Jh 5h 6d Qh]
Seat 1: Truelove13 (button) (small blind) showed [3d Jd] and won ($41.50) with a pair of Jacks
Seat 2: Mu Fc 450 05 (big blind) mucked


PokerStars Hand #144884912367:  Hold'em Limit ($3/$6 USD) - 2015/12/05 18:33:49 ET
Table 'Arabella' 2-max Seat #2 is the button
Seat 1: Truelove13 ($268.73 in chips)
Seat 2: Mu Fc 450 05 ($80.29 in chips)
Mu Fc 450 05: posts small blind $1
Truelove13: posts big blind $3
*** HOLE CARDS ***
Mu Fc 450 05: calls $2
Truelove13: raises $3 to $6
Mu Fc 450 05: calls $3
*** FLOP *** [Tc 3h 2c]
Truelove13: bets $3
Mu Fc 450 05: raises $3 to $6
Truelove13: calls $3
*** TURN *** [Tc 3h 2c] [Qc]
Truelove13: bets $6
Mu Fc 450 05: calls $6
*** RIVER *** [Tc 3h 2c Qc] [2h]
Truelove13: bets $6
Mu Fc 450 05: calls $6
*** SHOW DOWN ***
Truelove13: shows [Qs 9c] (two pair, Queens and Deuces)
Mu Fc 450 05: mucks hand
Truelove13 collected $47.50 from pot
*** SUMMARY ***
Total pot $48 | Rake $0.50
Board [Tc 3h 2c Qc 2h]
Seat 1: Truelove13 (big blind) showed [Qs 9c] and won ($47.50) with two pair, Queens and Deuces
Seat 2: Mu Fc 450 05 (button) (small blind) mucked


PokerStars Hand #144884895250:  Hold'em Limit ($3/$6 USD) - 2015/12/05 18:33:26 ET
Table 'Arabella' 2-max Seat #1 is the button
Seat 1: Truelove13 ($242.23 in chips)
Seat 2: Mu Fc 450 05 ($107.29 in chips)
Truelove13: posts small blind $1
Mu Fc 450 05: posts big blind $3
*** HOLE CARDS ***
Truelove13: raises $3 to $6
Mu Fc 450 05: calls $3
*** FLOP *** [6s Kd 7s]
Mu Fc 450 05: checks
Truelove13: bets $3
Mu Fc 450 05: calls $3
*** TURN *** [6s Kd 7s] [8h]
Mu Fc 450 05: checks
Truelove13: bets $6
Mu Fc 450 05: calls $6
*** RIVER *** [6s Kd 7s 8h] [3s]
Mu Fc 450 05: checks
Truelove13: bets $6
Mu Fc 450 05: raises $6 to $12
Truelove13: calls $6
*** SHOW DOWN ***
Mu Fc 450 05: shows [Tc Ks] (a pair of Kings)
Truelove13: shows [6c 7c] (two pair, Sevens and Sixes)
Truelove13 collected $53.50 from pot
*** SUMMARY ***
Total pot $54 | Rake $0.50
Board [6s Kd 7s 8h 3s]
Seat 1: Truelove13 (button) (small blind) showed [6c 7c] and won ($53.50) with two pair, Sevens and Sixes
Seat 2: Mu Fc 450 05 (big blind) showed [Tc Ks] and lost with a pair of Kings


PokerStars Hand #144884964810:  Hold'em Limit ($3/$6 USD) - 2015/12/05 18:34:58 ET
Table 'Arabella' 2-max Seat #2 is the button
Seat 1: Truelove13 ($342.23 in chips)
Seat 2: Mu Fc 450 05 ($5.29 in chips)
Mu Fc 450 05: posts small blind $1
Truelove13: posts big blind $3
*** HOLE CARDS ***
Mu Fc 450 05: raises $2.29 to $5.29 and is all-in
Truelove13: calls $2.29
*** FLOP *** [6d Td 9c]
*** TURN *** [6d Td 9c] [5d]
*** RIVER *** [6d Td 9c 5d] [8h]
*** SHOW DOWN ***
Truelove13: shows [7c 5c] (a straight, Six to Ten)
Mu Fc 450 05: shows [8s Qc] (a pair of Eights)
Truelove13 collected $10.37 from pot
*** SUMMARY ***
Total pot $10.58 | Rake $0.21
Board [6d Td 9c 5d 8h]
Seat 1: Truelove13 (big blind) showed [7c 5c] and won ($10.37) with a straight, Six to Ten
Seat 2: Mu Fc 450 05 (button) (small blind) showed [8s Qc] and lost with a pair of Eights


PokerStars Hand #144884947099:  Hold'em Limit ($3/$6 USD) - 2015/12/05 18:34:34 ET
Table 'Arabella' 2-max Seat #1 is the button
Seat 1: Truelove13 ($309.73 in chips)
Seat 2: Mu Fc 450 05 ($38.29 in chips)
Truelove13: posts small blind $1
Mu Fc 450 05: posts big blind $3
*** HOLE CARDS ***
Truelove13: raises $3 to $6
Mu Fc 450 05: calls $3
*** FLOP *** [9s 2h 2d]
Mu Fc 450 05: checks
Truelove13: bets $3
Mu Fc 450 05: calls $3
*** TURN *** [9s 2h 2d] [2s]
Mu Fc 450 05: checks
Truelove13: bets $6
Mu Fc 450 05: calls $6
*** RIVER *** [9s 2h 2d 2s] [6h]
Mu Fc 450 05: bets $6
Truelove13: raises $6 to $12
Mu Fc 450 05: raises $6 to $18
Truelove13: calls $6
*** SHOW DOWN ***
Mu Fc 450 05: shows [7s 6d] (a full house, Deuces full of Sixes)
Truelove13: shows [Qd Qc] (a full house, Deuces full of Queens)
Truelove13 collected $65.50 from pot
*** SUMMARY ***
Total pot $66 | Rake $0.50
Board [9s 2h 2d 2s 6h]
Seat 1: Truelove13 (button) (small blind) showed [Qd Qc] and won ($65.50) with a full house, Deuces full of Queens
Seat 2: Mu Fc 450 05 (big blind) showed [7s 6d] and lost with a full house, Deuces full of Sixes


