PokerStars Hand #162579015143:  Hold'em Limit ($3/$6 USD) - 2016/12/07 16:47:02 ET
Table 'Arabella' 6-max Seat #2 is the button
Seat 1: Zubasa07 ($476 in chips)
Seat 2: Pocook72 ($256.77 in chips)
Pocook72: posts small blind $1
Zubasa07: posts big blind $3
*** HOLE CARDS ***
Pocook72: folds
Uncalled bet ($2) returned to Zubasa07
Zubasa07 collected $2 from pot
Zubasa07: doesn't show hand
*** SUMMARY ***
Total pot $2 | Rake $0
Seat 1: Zubasa07 (big blind) collected ($2)
Seat 2: Pocook72 (button) (small blind) folded before Flop


PokerStars Hand #162578970510:  Hold'em Limit ($3/$6 USD) - 2016/12/07 16:46:15 ET
Table 'Arabella' 6-max Seat #1 is the button
Seat 1: Zubasa07 ($497 in chips)
Seat 2: Pocook72 ($236.27 in chips)
Zubasa07: posts small blind $1
Pocook72: posts big blind $3
*** HOLE CARDS ***
Zubasa07: raises $3 to $6
Pocook72: calls $3
*** FLOP *** [3h 9h Kd]
Pocook72: bets $3
Zubasa07: calls $3
*** TURN *** [3h 9h Kd] [3s]
Pocook72: bets $6
Zubasa07: calls $6
*** RIVER *** [3h 9h Kd 3s] [8h]
Pocook72: bets $6
Zubasa07: calls $6
*** SHOW DOWN ***
Pocook72: shows [Jh 5h] (a flush, Jack high)
Zubasa07: mucks hand
Pocook72 collected $41.50 from pot
*** SUMMARY ***
Total pot $42 | Rake $0.50
Board [3h 9h Kd 3s 8h]
Seat 1: Zubasa07 (button) (small blind) mucked
Seat 2: Pocook72 (big blind) showed [Jh 5h] and won ($41.50) with a flush, Jack high


PokerStars Hand #162579020187:  Hold'em Limit ($3/$6 USD) - 2016/12/07 16:47:07 ET
Table 'Arabella' 6-max Seat #1 is the button
Seat 1: Zubasa07 ($477 in chips)
Seat 2: Pocook72 ($255.77 in chips)
Zubasa07: posts small blind $1
Pocook72: posts big blind $3
*** HOLE CARDS ***
Zubasa07: raises $3 to $6
Pocook72: calls $3
*** FLOP *** [Ah 6d Ks]
Pocook72: checks
Zubasa07: bets $3
Pocook72: calls $3
*** TURN *** [Ah 6d Ks] [8c]
Pocook72: checks
Zubasa07: checks
*** RIVER *** [Ah 6d Ks 8c] [Jd]
Pocook72: bets $6
Zubasa07: folds
Uncalled bet ($6) returned to Pocook72
Pocook72 collected $17.64 from pot
Pocook72: doesn't show hand
*** SUMMARY ***
Total pot $18 | Rake $0.36
Board [Ah 6d Ks 8c Jd]
Seat 1: Zubasa07 (button) (small blind) folded on the River
Seat 2: Pocook72 (big blind) collected ($17.64)


PokerStars Hand #162579067718:  Hold'em Limit ($3/$6 USD) - 2016/12/07 16:47:54 ET
Table 'Arabella' 6-max Seat #2 is the button
Seat 1: Zubasa07 ($468 in chips)
Seat 2: Pocook72 ($264.41 in chips)
Pocook72: posts small blind $1
Zubasa07: posts big blind $3
*** HOLE CARDS ***
Pocook72: calls $2
Zubasa07: checks
*** FLOP *** [7h Kh Ah]
Zubasa07: bets $3
Pocook72: calls $3
*** TURN *** [7h Kh Ah] [Jd]
Zubasa07: checks
Pocook72: checks
*** RIVER *** [7h Kh Ah Jd] [5d]
Zubasa07: checks
Pocook72: checks
*** SHOW DOWN ***
Zubasa07: shows [2d 9s] (high card Ace)
Pocook72: shows [Jh Td] (a pair of Jacks)
Pocook72 collected $11.76 from pot
*** SUMMARY ***
Total pot $12 | Rake $0.24
Board [7h Kh Ah Jd 5d]
Seat 1: Zubasa07 (big blind) showed [2d 9s] and lost with high card Ace
Seat 2: Pocook72 (button) (small blind) showed [Jh Td] and won ($11.76) with a pair of Jacks


PokerStars Hand #162579114114:  Hold'em Limit ($3/$6 USD) - 2016/12/07 16:48:40 ET
Table 'Arabella' 6-max Seat #4 is the button
Seat 2: Pocook72 ($270.17 in chips)
Seat 4: sabrina2420 ($90.01 in chips)
sabrina2420: posts small blind $1
Zubasa07: is sitting out
Pocook72: posts big blind $3
*** HOLE CARDS ***
sabrina2420: raises $3 to $6
Zubasa07 leaves the table
Pocook72: calls $3
*** FLOP *** [Qh 5d As]
Pocook72: checks
sabrina2420: bets $3
Pocook72: calls $3
*** TURN *** [Qh 5d As] [Qd]
Pocook72: checks
sabrina2420: bets $6
Pocook72: calls $6
*** RIVER *** [Qh 5d As Qd] [4h]
Pocook72: checks
vestimokrec joins the table at seat #5
sabrina2420: bets $6
Pocook72: calls $6
*** SHOW DOWN ***
sabrina2420: shows [Qs Jc] (three of a kind, Queens)
Pocook72: mucks hand
sabrina2420 collected $41.50 from pot
*** SUMMARY ***
Total pot $42 | Rake $0.50
Board [Qh 5d As Qd 4h]
Seat 2: Pocook72 (big blind) mucked
Seat 4: sabrina2420 (button) (small blind) showed [Qs Jc] and won ($41.50) with three of a kind, Queens


PokerStars Hand #162579135092:  Hold'em Limit ($3/$6 USD) - 2016/12/07 16:49:00 ET
Table 'Arabella' 6-max Seat #2 is the button
Seat 2: Pocook72 ($249.17 in chips)
Seat 4: sabrina2420 ($110.51 in chips)
Pocook72: posts small blind $1
sabrina2420: posts big blind $3
*** HOLE CARDS ***
Pocook72: raises $3 to $6
sabrina2420: calls $3
*** FLOP *** [Qd 8d 9d]
sabrina2420: checks
Pocook72: bets $3
sabrina2420: raises $3 to $6
Pocook72: calls $3
*** TURN *** [Qd 8d 9d] [Kd]
sabrina2420: bets $6
Pocook72: calls $6
*** RIVER *** [Qd 8d 9d Kd] [5s]
sabrina2420: checks
Pocook72: bets $6
sabrina2420: calls $6
*** SHOW DOWN ***
Pocook72: shows [7c Td] (a flush, King high)
sabrina2420: mucks hand
Pocook72 collected $47.50 from pot
*** SUMMARY ***
Total pot $48 | Rake $0.50
Board [Qd 8d 9d Kd 5s]
Seat 2: Pocook72 (button) (small blind) showed [7c Td] and won ($47.50) with a flush, King high
Seat 4: sabrina2420 (big blind) mucked


PokerStars Hand #162579233282:  Hold'em Limit ($3/$6 USD) - 2016/12/07 16:50:37 ET
Table 'Arabella' 6-max Seat #4 is the button
Seat 2: Pocook72 ($268.67 in chips)
Seat 4: sabrina2420 ($100.58 in chips)
sabrina2420: posts small blind $1
vestimokrec: is sitting out
Pocook72: posts big blind $3
*** HOLE CARDS ***
sabrina2420: calls $2
Pocook72: checks
*** FLOP *** [Js 9h Jd]
Pocook72: checks
sabrina2420: checks
*** TURN *** [Js 9h Jd] [2d]
Pocook72: checks
sabrina2420: checks
*** RIVER *** [Js 9h Jd 2d] [Qh]
Pocook72: checks
sabrina2420: checks
*** SHOW DOWN ***
Pocook72: shows [Jc 2h] (a full house, Jacks full of Deuces)
sabrina2420: mucks hand
Pocook72 collected $5.88 from pot
*** SUMMARY ***
Total pot $6 | Rake $0.12
Board [Js 9h Jd 2d Qh]
Seat 2: Pocook72 (big blind) showed [Jc 2h] and won ($5.88) with a full house, Jacks full of Deuces
Seat 4: sabrina2420 (button) (small blind) mucked


PokerStars Hand #162579312510:  Hold'em Limit ($3/$6 USD) - 2016/12/07 16:51:56 ET
Table 'Arabella' 6-max Seat #2 is the button
Seat 2: Pocook72 ($292.81 in chips)
Seat 4: sabrina2420 ($75.58 in chips)
Pocook72: posts small blind $1
sabrina2420: posts big blind $3
*** HOLE CARDS ***
Pocook72: raises $3 to $6
sabrina2420: folds
Uncalled bet ($3) returned to Pocook72
Pocook72 collected $6 from pot
Pocook72: doesn't show hand
*** SUMMARY ***
Total pot $6 | Rake $0
Seat 2: Pocook72 (button) (small blind) collected ($6)
Seat 4: sabrina2420 (big blind) folded before Flop


PokerStars Hand #162579275470:  Hold'em Limit ($3/$6 USD) - 2016/12/07 16:51:19 ET
Table 'Arabella' 6-max Seat #2 is the button
Seat 2: Pocook72 ($290.05 in chips)
Seat 4: sabrina2420 ($78.58 in chips)
Pocook72: posts small blind $1
sabrina2420: posts big blind $3
*** HOLE CARDS ***
Pocook72: folds
Uncalled bet ($2) returned to sabrina2420
sabrina2420 collected $2 from pot
sabrina2420: doesn't show hand
*** SUMMARY ***
Total pot $2 | Rake $0
Seat 2: Pocook72 (button) (small blind) folded before Flop
Seat 4: sabrina2420 (big blind) collected ($2)


PokerStars Hand #162579296067:  Hold'em Limit ($3/$6 USD) - 2016/12/07 16:51:40 ET
Table 'Arabella' 6-max Seat #4 is the button
Seat 2: Pocook72 ($295.81 in chips)
Seat 4: sabrina2420 ($72.58 in chips)
sabrina2420: posts small blind $1
Pocook72: posts big blind $3
*** HOLE CARDS ***
sabrina2420: folds
Uncalled bet ($2) returned to Pocook72
Pocook72 collected $2 from pot
Pocook72: doesn't show hand
*** SUMMARY ***
Total pot $2 | Rake $0
Seat 2: Pocook72 (big blind) collected ($2)
Seat 4: sabrina2420 (button) (small blind) folded before Flop


PokerStars Hand #162579301751:  Hold'em Limit ($3/$6 USD) - 2016/12/07 16:51:46 ET
Table 'Arabella' 6-max Seat #2 is the button
Seat 2: Pocook72 ($296.81 in chips)
Seat 4: sabrina2420 ($71.58 in chips)
Pocook72: posts small blind $1
sabrina2420: posts big blind $3
*** HOLE CARDS ***
Pocook72: folds
Uncalled bet ($2) returned to sabrina2420
sabrina2420 collected $2 from pot
sabrina2420: doesn't show hand
*** SUMMARY ***
Total pot $2 | Rake $0
Seat 2: Pocook72 (button) (small blind) folded before Flop
Seat 4: sabrina2420 (big blind) collected ($2)


PokerStars Hand #162579279676:  Hold'em Limit ($3/$6 USD) - 2016/12/07 16:51:24 ET
Table 'Arabella' 6-max Seat #4 is the button
Seat 2: Pocook72 ($289.05 in chips)
Seat 4: sabrina2420 ($79.58 in chips)
sabrina2420: posts small blind $1
Pocook72: posts big blind $3
*** HOLE CARDS ***
sabrina2420: folds
Uncalled bet ($2) returned to Pocook72
Pocook72 collected $2 from pot
Pocook72: doesn't show hand
*** SUMMARY ***
Total pot $2 | Rake $0
Seat 2: Pocook72 (big blind) collected ($2)
Seat 4: sabrina2420 (button) (small blind) folded before Flop


PokerStars Hand #162579271258:  Hold'em Limit ($3/$6 USD) - 2016/12/07 16:51:15 ET
Table 'Arabella' 6-max Seat #4 is the button
Seat 2: Pocook72 ($289.05 in chips)
Seat 4: sabrina2420 ($79.58 in chips)
sabrina2420: posts small blind $1
Pocook72: posts big blind $3
*** HOLE CARDS ***
sabrina2420: folds
Uncalled bet ($2) returned to Pocook72
Pocook72 collected $2 from pot
Pocook72: doesn't show hand
*** SUMMARY ***
Total pot $2 | Rake $0
Seat 2: Pocook72 (big blind) collected ($2)
Seat 4: sabrina2420 (button) (small blind) folded before Flop


PokerStars Hand #162579284517:  Hold'em Limit ($3/$6 USD) - 2016/12/07 16:51:29 ET
Table 'Arabella' 6-max Seat #2 is the button
Seat 2: Pocook72 ($290.05 in chips)
Seat 4: sabrina2420 ($78.58 in chips)
Pocook72: posts small blind $1
sabrina2420: posts big blind $3
*** HOLE CARDS ***
Pocook72: raises $3 to $6
sabrina2420: calls $3
*** FLOP *** [2h Td 9s]
sabrina2420: checks
Pocook72: bets $3
sabrina2420: folds
Uncalled bet ($3) returned to Pocook72
Pocook72 collected $11.76 from pot
Pocook72: doesn't show hand
*** SUMMARY ***
Total pot $12 | Rake $0.24
Board [2h Td 9s]
Seat 2: Pocook72 (button) (small blind) collected ($11.76)
Seat 4: sabrina2420 (big blind) folded on the Flop


PokerStars Hand #162579306414:  Hold'em Limit ($3/$6 USD) - 2016/12/07 16:51:50 ET
Table 'Arabella' 6-max Seat #4 is the button
Seat 2: Pocook72 ($295.81 in chips)
Seat 4: sabrina2420 ($72.58 in chips)
sabrina2420: posts small blind $1
Pocook72: posts big blind $3
*** HOLE CARDS ***
sabrina2420: raises $3 to $6
Pocook72: folds
Uncalled bet ($3) returned to sabrina2420
sabrina2420 collected $6 from pot
sabrina2420: doesn't show hand
*** SUMMARY ***
Total pot $6 | Rake $0
Seat 2: Pocook72 (big blind) folded before Flop
Seat 4: sabrina2420 (button) (small blind) collected ($6)


PokerStars Hand #162579318667:  Hold'em Limit ($3/$6 USD) - 2016/12/07 16:52:02 ET
Table 'Arabella' 6-max Seat #4 is the button
Seat 2: Pocook72 ($295.81 in chips)
Seat 4: sabrina2420 ($72.58 in chips)
sabrina2420: posts small blind $1
Pocook72: posts big blind $3
*** HOLE CARDS ***
sabrina2420: raises $3 to $6
Pocook72: folds
Uncalled bet ($3) returned to sabrina2420
sabrina2420 collected $6 from pot
sabrina2420: doesn't show hand
*** SUMMARY ***
Total pot $6 | Rake $0
Seat 2: Pocook72 (big blind) folded before Flop
Seat 4: sabrina2420 (button) (small blind) collected ($6)


PokerStars Hand #162579255080:  Hold'em Limit ($3/$6 USD) - 2016/12/07 16:50:59 ET
Table 'Arabella' 6-max Seat #2 is the button
Seat 2: Pocook72 ($271.55 in chips)
Seat 4: sabrina2420 ($97.58 in chips)
Pocook72: posts small blind $1
sabrina2420: posts big blind $3
*** HOLE CARDS ***
Pocook72: calls $2
vestimokrec leaves the table
sabrina2420: checks
*** FLOP *** [Qd 4h 7d]
sabrina2420: bets $3
Pocook72: calls $3
*** TURN *** [Qd 4h 7d] [8s]
sabrina2420: bets $6
Pocook72: calls $6
*** RIVER *** [Qd 4h 7d 8s] [6s]
sabrina2420: bets $6
Pocook72: calls $6
*** SHOW DOWN ***
sabrina2420: shows [3d 8d] (a pair of Eights)
Pocook72: shows [Qs 3h] (a pair of Queens)
Pocook72 collected $35.50 from pot
*** SUMMARY ***
Total pot $36 | Rake $0.50
Board [Qd 4h 7d 8s 6s]
Seat 2: Pocook72 (button) (small blind) showed [Qs 3h] and won ($35.50) with a pair of Queens
Seat 4: sabrina2420 (big blind) showed [3d 8d] and lost with a pair of Eights


