PokerStars Hand #152749125456:  Hold'em Limit ($3/$6 USD) - 2016/05/02 9:48:48 ET
Table 'Arabis' 6-max Seat #4 is the button
Seat 3: K6power ($93 in chips)
Seat 4: Mudager ($146.50 in chips)
Mudager: posts small blind $1
K6power: posts big blind $3
*** HOLE CARDS ***
Mudager: raises $3 to $6
K6power: calls $3
*** FLOP *** [2d 5s 7s]
K6power: checks
Mudager: checks
*** TURN *** [2d 5s 7s] [Ad]
K6power: checks
Mudager: bets $6
K6power: folds
Uncalled bet ($6) returned to Mudager
Mudager collected $11.76 from pot
Mudager: doesn't show hand
*** SUMMARY ***
Total pot $12 | Rake $0.24
Board [2d 5s 7s Ad]
Seat 3: K6power (big blind) folded on the Turn
Seat 4: Mudager (button) (small blind) collected ($11.76)


PokerStars Hand #152749102136:  Hold'em Limit ($3/$6 USD) - 2016/05/02 9:48:07 ET
Table 'Arabis' 6-max Seat #3 is the button
Seat 3: K6power ($120 in chips)
Seat 4: Mudager ($120 in chips)
K6power: posts small blind $1
Mudager: posts big blind $3
*** HOLE CARDS ***
K6power: raises $3 to $6
Mudager: calls $3
*** FLOP *** [Th Ad 5c]
Mudager: checks
K6power: bets $3
Mudager: calls $3
*** TURN *** [Th Ad 5c] [3c]
Mudager: checks
K6power: bets $6
Mudager: raises $6 to $12
K6power: calls $6
*** RIVER *** [Th Ad 5c 3c] [Qs]
Mudager: bets $6
K6power: calls $6
*** SHOW DOWN ***
Mudager: shows [5h Tc] (two pair, Tens and Fives)
K6power: mucks hand
Mudager collected $53.50 from pot
*** SUMMARY ***
Total pot $54 | Rake $0.50
Board [Th Ad 5c 3c Qs]
Seat 3: K6power (button) (small blind) mucked
Seat 4: Mudager (big blind) showed [5h Tc] and won ($53.50) with two pair, Tens and Fives


PokerStars Hand #152749160016:  Hold'em Limit ($3/$6 USD) - 2016/05/02 9:49:48 ET
Table 'Arabis' 6-max Seat #3 is the button
Seat 3: K6power ($113.26 in chips)
Seat 4: Mudager ($125.26 in chips)
K6power: posts small blind $1
Mudager: posts big blind $3
*** HOLE CARDS ***
K6power: raises $3 to $6
Mudager: calls $3
*** FLOP *** [3c 5h Qh]
Mudager: checks
K6power: bets $3
Mudager: folds
Uncalled bet ($3) returned to K6power
K6power collected $11.76 from pot
K6power: doesn't show hand
*** SUMMARY ***
Total pot $12 | Rake $0.24
Board [3c 5h Qh]
Seat 3: K6power (button) (small blind) collected ($11.76)
Seat 4: Mudager (big blind) folded on the Flop


PokerStars Hand #152749146789:  Hold'em Limit ($3/$6 USD) - 2016/05/02 9:49:25 ET
Table 'Arabis' 6-max Seat #4 is the button
Seat 3: K6power ($92.76 in chips)
Seat 4: Mudager ($146.26 in chips)
Mudager: posts small blind $1
K6power: posts big blind $3
*** HOLE CARDS ***
Mudager: raises $3 to $6
K6power: calls $3
*** FLOP *** [Ah Jc 9s]
K6power: checks
Mudager: bets $3
K6power: calls $3
*** TURN *** [Ah Jc 9s] [Kh]
K6power: checks
Mudager: checks
*** RIVER *** [Ah Jc 9s Kh] [Ad]
K6power: checks
Mudager: bets $6
K6power: raises $6 to $12
Mudager: calls $6
*** SHOW DOWN ***
K6power: shows [5s Ac] (three of a kind, Aces)
Mudager: mucks hand
K6power collected $41.50 from pot
*** SUMMARY ***
Total pot $42 | Rake $0.50
Board [Ah Jc 9s Kh Ad]
Seat 3: K6power (big blind) showed [5s Ac] and won ($41.50) with three of a kind, Aces
Seat 4: Mudager (button) (small blind) mucked


PokerStars Hand #152749134572:  Hold'em Limit ($3/$6 USD) - 2016/05/02 9:49:04 ET
Table 'Arabis' 6-max Seat #3 is the button
Seat 3: K6power ($87 in chips)
Seat 4: Mudager ($152.26 in chips)
K6power: posts small blind $1
Mudager: posts big blind $3
*** HOLE CARDS ***
K6power: raises $3 to $6
Mudager: calls $3
*** FLOP *** [6c 9s 5s]
Mudager: checks
K6power: checks
*** TURN *** [6c 9s 5s] [4d]
Mudager: checks
K6power: checks
*** RIVER *** [6c 9s 5s 4d] [Js]
Mudager: checks
K6power: checks
*** SHOW DOWN ***
Mudager: shows [8s Tc] (high card Jack)
K6power: shows [7d Ac] (high card Ace)
K6power collected $11.76 from pot
*** SUMMARY ***
Total pot $12 | Rake $0.24
Board [6c 9s 5s 4d Js]
Seat 3: K6power (button) (small blind) showed [7d Ac] and won ($11.76) with high card Ace
Seat 4: Mudager (big blind) showed [8s Tc] and lost with high card Jack


PokerStars Hand #152749170341:  Hold'em Limit ($3/$6 USD) - 2016/05/02 9:50:06 ET
Table 'Arabis' 6-max Seat #4 is the button
Seat 3: K6power ($119.02 in chips)
Seat 4: Mudager ($120 in chips)
Mudager: posts small blind $1
K6power: posts big blind $3
*** HOLE CARDS ***
Mudager: raises $3 to $6
K6power: calls $3
*** FLOP *** [8h Ac 4s]
K6power: checks
Mudager: bets $3
K6power: folds
Uncalled bet ($3) returned to Mudager
Mudager collected $11.76 from pot
Mudager: doesn't show hand
*** SUMMARY ***
Total pot $12 | Rake $0.24
Board [8h Ac 4s]
Seat 3: K6power (big blind) folded on the Flop
Seat 4: Mudager (button) (small blind) collected ($11.76)


PokerStars Hand #152749189117:  Hold'em Limit ($3/$6 USD) - 2016/05/02 9:50:39 ET
Table 'Arabis' 6-max Seat #3 is the button
Seat 3: K6power ($113.77 in chips)
Seat 4: Mudager ($124.51 in chips)
K6power: posts small blind $1
Mudager: posts big blind $3
*** HOLE CARDS ***
K6power: folds
Uncalled bet ($2) returned to Mudager
Mudager collected $2 from pot
Mudager: doesn't show hand
*** SUMMARY ***
Total pot $2 | Rake $0
Seat 3: K6power (button) (small blind) folded before Flop
Seat 4: Mudager (big blind) collected ($2)


PokerStars Hand #152749186052:  Hold'em Limit ($3/$6 USD) - 2016/05/02 9:50:34 ET
Table 'Arabis' 6-max Seat #4 is the button
Seat 3: K6power ($112.77 in chips)
Seat 4: Mudager ($125.51 in chips)
Mudager: posts small blind $1
K6power: posts big blind $3
*** HOLE CARDS ***
Mudager: folds
Uncalled bet ($2) returned to K6power
K6power collected $2 from pot
K6power: doesn't show hand
*** SUMMARY ***
Total pot $2 | Rake $0
Seat 3: K6power (big blind) collected ($2)
Seat 4: Mudager (button) (small blind) folded before Flop


PokerStars Hand #152749176318:  Hold'em Limit ($3/$6 USD) - 2016/05/02 9:50:17 ET
Table 'Arabis' 6-max Seat #3 is the button
Seat 3: K6power ($113.02 in chips)
Seat 4: Mudager ($125.76 in chips)
K6power: posts small blind $1
Mudager: posts big blind $3
*** HOLE CARDS ***
K6power: raises $3 to $6
Mudager: calls $3
*** FLOP *** [2s Ac 2d]
Mudager: checks
K6power: bets $3
Mudager: calls $3
*** TURN *** [2s Ac 2d] [Ah]
Mudager: checks
K6power: bets $6
Mudager: calls $6
*** RIVER *** [2s Ac 2d Ah] [Qh]
Mudager: checks
K6power: checks
*** SHOW DOWN ***
Mudager: shows [Ks 4h] (two pair, Aces and Deuces)
K6power: shows [Kd 9h] (two pair, Aces and Deuces)
Mudager collected $14.75 from pot
K6power collected $14.75 from pot
*** SUMMARY ***
Total pot $30 | Rake $0.50
Board [2s Ac 2d Ah Qh]
Seat 3: K6power (button) (small blind) showed [Kd 9h] and won ($14.75) with two pair, Aces and Deuces
Seat 4: Mudager (big blind) showed [Ks 4h] and won ($14.75) with two pair, Aces and Deuces


PokerStars Hand #152749216011:  Hold'em Limit ($3/$6 USD) - 2016/05/02 9:51:27 ET
Table 'Arabis' 6-max Seat #3 is the button
Seat 3: K6power ($88.77 in chips)
Seat 4: Mudager ($149.01 in chips)
K6power: posts small blind $1
Mudager: posts big blind $3
*** HOLE CARDS ***
K6power: raises $3 to $6
Mudager: raises $3 to $9
K6power: calls $3
*** FLOP *** [9s Ks Td]
Krazy90 joins the table at seat #5
Mudager: bets $3
K6power: calls $3
*** TURN *** [9s Ks Td] [Ad]
Mudager: bets $6
K6power: calls $6
*** RIVER *** [9s Ks Td Ad] [4c]
Mudager: bets $6
K6power: calls $6
*** SHOW DOWN ***
Mudager: shows [9h Th] (two pair, Tens and Nines)
K6power: mucks hand
Mudager collected $47.50 from pot
*** SUMMARY ***
Total pot $48 | Rake $0.50
Board [9s Ks Td Ad 4c]
Seat 3: K6power (button) (small blind) mucked
Seat 4: Mudager (big blind) showed [9h Th] and won ($47.50) with two pair, Tens and Nines


PokerStars Hand #152749191620:  Hold'em Limit ($3/$6 USD) - 2016/05/02 9:50:44 ET
Table 'Arabis' 6-max Seat #4 is the button
Seat 3: K6power ($112.77 in chips)
Seat 4: Mudager ($125.51 in chips)
Mudager: posts small blind $1
K6power: posts big blind $3
*** HOLE CARDS ***
Mudager: raises $3 to $6
K6power: calls $3
*** FLOP *** [7d 8s 3s]
K6power: checks
Mudager: bets $3
K6power: raises $3 to $6
Mudager: calls $3
*** TURN *** [7d 8s 3s] [Kh]
K6power: checks
Mudager: bets $6
K6power: calls $6
*** RIVER *** [7d 8s 3s Kh] [Jd]
K6power: checks
Mudager: bets $6
K6power: calls $6
*** SHOW DOWN ***
Mudager: shows [Ks Jc] (two pair, Kings and Jacks)
K6power: mucks hand
Mudager collected $47.50 from pot
*** SUMMARY ***
Total pot $48 | Rake $0.50
Board [7d 8s 3s Kh Jd]
Seat 3: K6power (big blind) mucked
Seat 4: Mudager (button) (small blind) showed [Ks Jc] and won ($47.50) with two pair, Kings and Jacks


PokerStars Hand #152750162143:  Hold'em Limit ($3/$6 USD) - 2016/05/02 10:18:50 ET
Table 'Arabis' 6-max Seat #3 is the button
Seat 2: Günni1959 ($125.72 in chips)
Seat 3: LolDnkaments ($185.66 in chips)
LolDnkaments: posts small blind $1
Günni1959: posts big blind $3
*** HOLE CARDS ***
LolDnkaments: raises $3 to $6
Günni1959: calls $3
*** FLOP *** [6h Ks Jc]
Günni1959: checks
LolDnkaments: bets $3
Günni1959: calls $3
*** TURN *** [6h Ks Jc] [5c]
Fabulous108 leaves the table
Günni1959: checks
LolDnkaments: bets $6
Günni1959: calls $6
*** RIVER *** [6h Ks Jc 5c] [3s]
Günni1959: checks
LolDnkaments: bets $6
Günni1959: calls $6
*** SHOW DOWN ***
LolDnkaments: shows [Js 2d] (a pair of Jacks)
Günni1959: mucks hand
LolDnkaments collected $41.50 from pot
*** SUMMARY ***
Total pot $42 | Rake $0.50
Board [6h Ks Jc 5c 3s]
Seat 2: Günni1959 (big blind) mucked
Seat 3: LolDnkaments (button) (small blind) showed [Js 2d] and won ($41.50) with a pair of Jacks


PokerStars Hand #152750200338:  Hold'em Limit ($3/$6 USD) - 2016/05/02 10:19:53 ET
Table 'Arabis' 6-max Seat #3 is the button
Seat 2: Günni1959 ($80.72 in chips)
Seat 3: LolDnkaments ($229.42 in chips)
LolDnkaments: posts small blind $1
Günni1959: posts big blind $3
*** HOLE CARDS ***
LolDnkaments: raises $3 to $6
Günni1959: calls $3
*** FLOP *** [Js 5h 5s]
Günni1959: checks
LolDnkaments: bets $3
skogsbarn leaves the table
Günni1959: calls $3
*** TURN *** [Js 5h 5s] [Ts]
Günni1959: checks
LolDnkaments: bets $6
Günni1959: calls $6
*** RIVER *** [Js 5h 5s Ts] [Jc]
Günni1959: checks
LolDnkaments: bets $6
Günni1959: raises $6 to $12
LolDnkaments: folds
Uncalled bet ($6) returned to Günni1959
Günni1959 collected $41.50 from pot
Günni1959: doesn't show hand
*** SUMMARY ***
Total pot $42 | Rake $0.50
Board [Js 5h 5s Ts Jc]
Seat 2: Günni1959 (big blind) collected ($41.50)
Seat 3: LolDnkaments (button) (small blind) folded on the River


PokerStars Hand #152750188420:  Hold'em Limit ($3/$6 USD) - 2016/05/02 10:19:34 ET
Table 'Arabis' 6-max Seat #2 is the button
Seat 2: Günni1959 ($95.72 in chips)
Seat 3: LolDnkaments ($214.92 in chips)
Günni1959: posts small blind $1
LolDnkaments: posts big blind $3
*** HOLE CARDS ***
Günni1959: calls $2
LolDnkaments: raises $3 to $6
Günni1959: calls $3
*** FLOP *** [4s 8c 6h]
LolDnkaments: bets $3
Günni1959: calls $3
*** TURN *** [4s 8c 6h] [Ks]
LolDnkaments: bets $6
Günni1959: calls $6
*** RIVER *** [4s 8c 6h Ks] [Jh]
LolDnkaments: checks
Günni1959: checks
*** SHOW DOWN ***
LolDnkaments: shows [5d 5s] (a pair of Fives)
Günni1959: mucks hand
LolDnkaments collected $29.50 from pot
*** SUMMARY ***
Total pot $30 | Rake $0.50
Board [4s 8c 6h Ks Jh]
Seat 2: Günni1959 (button) (small blind) mucked
Seat 3: LolDnkaments (big blind) showed [5d 5s] and won ($29.50) with a pair of Fives


PokerStars Hand #152750185169:  Hold'em Limit ($3/$6 USD) - 2016/05/02 10:19:28 ET
Table 'Arabis' 6-max Seat #3 is the button
Seat 2: Günni1959 ($98.72 in chips)
Seat 3: LolDnkaments ($211.92 in chips)
LolDnkaments: posts small blind $1
Günni1959: posts big blind $3
*** HOLE CARDS ***
LolDnkaments: raises $3 to $6
Günni1959: folds
Uncalled bet ($3) returned to LolDnkaments
LolDnkaments collected $6 from pot
LolDnkaments: doesn't show hand
*** SUMMARY ***
Total pot $6 | Rake $0
Seat 2: Günni1959 (big blind) folded before Flop
Seat 3: LolDnkaments (button) (small blind) collected ($6)


PokerStars Hand #152750177269:  Hold'em Limit ($3/$6 USD) - 2016/05/02 10:19:15 ET
Table 'Arabis' 6-max Seat #2 is the button
Seat 2: Günni1959 ($104.72 in chips)
Seat 3: LolDnkaments ($206.16 in chips)
Günni1959: posts small blind $1
LolDnkaments: posts big blind $3
*** HOLE CARDS ***
Günni1959: calls $2
LolDnkaments: checks
*** FLOP *** [5h As 9s]
LolDnkaments: bets $3
Günni1959: calls $3
*** TURN *** [5h As 9s] [9h]
LolDnkaments: bets $6
Günni1959: folds
Uncalled bet ($6) returned to LolDnkaments
LolDnkaments collected $11.76 from pot
LolDnkaments: doesn't show hand
*** SUMMARY ***
Total pot $12 | Rake $0.24
Board [5h As 9s 9h]
Seat 2: Günni1959 (button) (small blind) folded on the Turn
Seat 3: LolDnkaments (big blind) collected ($11.76)


PokerStars Hand #152750213329:  Hold'em Limit ($3/$6 USD) - 2016/05/02 10:20:15 ET
Table 'Arabis' 6-max Seat #2 is the button
Seat 2: Günni1959 ($101.22 in chips)
Seat 3: LolDnkaments ($208.42 in chips)
Günni1959: posts small blind $1
LolDnkaments: posts big blind $3
*** HOLE CARDS ***
Günni1959: calls $2
LolDnkaments: checks
*** FLOP *** [7s 3s 8s]
LolDnkaments: bets $3
Günni1959: raises $3 to $6
LolDnkaments: calls $3
*** TURN *** [7s 3s 8s] [Td]
LolDnkaments: checks
Günni1959: bets $6
LolDnkaments: calls $6
*** RIVER *** [7s 3s 8s Td] [Jc]
LolDnkaments: checks
Günni1959: checks
Ultrafranke joins the table at seat #4
*** SHOW DOWN ***
LolDnkaments: shows [8c 2h] (a pair of Eights)
Günni1959: mucks hand
LolDnkaments collected $29.50 from pot
*** SUMMARY ***
Total pot $30 | Rake $0.50
Board [7s 3s 8s Td Jc]
Seat 2: Günni1959 (button) (small blind) mucked
Seat 3: LolDnkaments (big blind) showed [8c 2h] and won ($29.50) with a pair of Eights


PokerStars Hand #152752766043:  Hold'em Limit ($3/$6 USD) - 2016/05/02 11:29:44 ET
Table 'Arabis' 6-max Seat #5 is the button
Seat 5: slonopotam ($201.82 in chips)
Seat 6: assitoni ($118.63 in chips)
slonopotam: posts small blind $1
assitoni: posts big blind $3
*** HOLE CARDS ***
slonopotam: folds
Uncalled bet ($2) returned to assitoni
assitoni collected $2 from pot
assitoni: doesn't show hand
*** SUMMARY ***
Total pot $2 | Rake $0
Seat 5: slonopotam (button) (small blind) folded before Flop
Seat 6: assitoni (big blind) collected ($2)


