PokerStars Hand #176012410402:  Hold'em Limit ($3/$6 USD) - 2017/09/23 8:53:20 ET
Table 'Arabis II' 6-max Seat #3 is the button
Seat 3: gnatakurchpz ($66 in chips)
Seat 4: VolkovDmitri ($120 in chips)
gnatakurchpz: posts small blind $1
VolkovDmitri: posts big blind $3
*** HOLE CARDS ***
gnatakurchpz: raises $3 to $6
MATEKATA2 joins the table at seat #1
VolkovDmitri: calls $3
*** FLOP *** [4d 6d 8c]
VolkovDmitri: checks
ELCapitano26 joins the table at seat #2
gnatakurchpz: bets $3
VolkovDmitri: calls $3
*** TURN *** [4d 6d 8c] [7c]
VolkovDmitri: bets $6
gnatakurchpz: calls $6
*** RIVER *** [4d 6d 8c 7c] [3d]
VolkovDmitri: bets $6
gnatakurchpz: calls $6
*** SHOW DOWN ***
VolkovDmitri: shows [4s 5d] (a straight, Four to Eight)
gnatakurchpz: mucks hand
VolkovDmitri collected $41.50 from pot
*** SUMMARY ***
Total pot $42 | Rake $0.50
Board [4d 6d 8c 7c 3d]
Seat 3: gnatakurchpz (button) (small blind) mucked
Seat 4: VolkovDmitri (big blind) showed [4s 5d] and won ($41.50) with a straight, Four to Eight


PokerStars Hand #176015556508:  Hold'em Limit ($3/$6 USD) - 2017/09/23 10:27:41 ET
Table 'Arabis II' 6-max Seat #1 is the button
Seat 1: knas4 ($952.82 in chips)
Seat 6: Fabulous108 ($301.82 in chips)
knas4: posts small blind $1
masterblstr8: is sitting out
Fabulous108: posts big blind $3
*** HOLE CARDS ***
knas4: calls $2
Fabulous108: checks
*** FLOP *** [2s 6d 4s]
Fabulous108: checks
knas4: bets $3
Fabulous108: raises $3 to $6
knas4: calls $3
*** TURN *** [2s 6d 4s] [6h]
Fabulous108: bets $6
knas4: calls $6
*** RIVER *** [2s 6d 4s 6h] [Ks]
Fabulous108: checks
knas4: checks
*** SHOW DOWN ***
Fabulous108: shows [4c 8c] (two pair, Sixes and Fours)
knas4: shows [7s 4d] (two pair, Sixes and Fours)
Fabulous108 collected $14.75 from pot
knas4 collected $14.75 from pot
*** SUMMARY ***
Total pot $30 | Rake $0.50
Board [2s 6d 4s 6h Ks]
Seat 1: knas4 (button) (small blind) showed [7s 4d] and won ($14.75) with two pair, Sixes and Fours
Seat 6: Fabulous108 (big blind) showed [4c 8c] and won ($14.75) with two pair, Sixes and Fours


