PokerStars Hand #144299770576:  Hold'em Limit ($3/$6 USD) - 2015/11/24 2:35:09 ET
Table 'Arabella II' 2-max Seat #2 is the button
Seat 1: Kosova1968 ($72 in chips)
Seat 2: swarfiga755 ($72 in chips)
swarfiga755: posts small blind $1
Kosova1968: posts big blind $3
*** HOLE CARDS ***
swarfiga755: folds
Uncalled bet ($2) returned to Kosova1968
Kosova1968 collected $2 from pot
*** SUMMARY ***
Total pot $2 | Rake $0
Seat 1: Kosova1968 (big blind) collected ($2)
Seat 2: swarfiga755 (button) (small blind) folded before Flop


PokerStars Hand #144299778172:  Hold'em Limit ($3/$6 USD) - 2015/11/24 2:35:38 ET
Table 'Arabella II' 2-max Seat #1 is the button
Seat 1: Kosova1968 ($69 in chips)
Seat 2: swarfiga755 ($76 in chips)
Kosova1968: posts small blind $1
swarfiga755: posts big blind $3
*** HOLE CARDS ***
Kosova1968: raises $3 to $6
swarfiga755: calls $3
*** FLOP *** [Ah 5s Kc]
swarfiga755: checks
Kosova1968: checks
*** TURN *** [Ah 5s Kc] [7c]
swarfiga755: checks
Kosova1968: bets $6
swarfiga755: folds
Uncalled bet ($6) returned to Kosova1968
Kosova1968 collected $11.76 from pot
*** SUMMARY ***
Total pot $12 | Rake $0.24
Board [Ah 5s Kc 7c]
Seat 1: Kosova1968 (button) (small blind) collected ($11.76)
Seat 2: swarfiga755 (big blind) folded on the Turn


PokerStars Hand #144299782441:  Hold'em Limit ($3/$6 USD) - 2015/11/24 2:35:55 ET
Table 'Arabella II' 2-max Seat #2 is the button
Seat 1: Kosova1968 ($74.76 in chips)
Seat 2: swarfiga755 ($72 in chips)
swarfiga755: posts small blind $1
Kosova1968: posts big blind $3
*** HOLE CARDS ***
swarfiga755: raises $3 to $6
Kosova1968: raises $3 to $9
swarfiga755: calls $3
*** FLOP *** [2s 9s 7s]
Kosova1968: checks
swarfiga755: checks
*** TURN *** [2s 9s 7s] [Ks]
Kosova1968: bets $6
swarfiga755: folds
Uncalled bet ($6) returned to Kosova1968
Kosova1968 collected $17.64 from pot
*** SUMMARY ***
Total pot $18 | Rake $0.36
Board [2s 9s 7s Ks]
Seat 1: Kosova1968 (big blind) collected ($17.64)
Seat 2: swarfiga755 (button) (small blind) folded on the Turn


PokerStars Hand #144299776643:  Hold'em Limit ($3/$6 USD) - 2015/11/24 2:35:32 ET
Table 'Arabella II' 2-max Seat #2 is the button
Seat 1: Kosova1968 ($72 in chips)
Seat 2: swarfiga755 ($73 in chips)
swarfiga755: posts small blind $1
Kosova1968: posts big blind $3
*** HOLE CARDS ***
swarfiga755: raises $3 to $6
Kosova1968: folds
Uncalled bet ($3) returned to swarfiga755
swarfiga755 collected $6 from pot
swarfiga755: doesn't show hand
*** SUMMARY ***
Total pot $6 | Rake $0
Seat 1: Kosova1968 (big blind) folded before Flop
Seat 2: swarfiga755 (button) (small blind) collected ($6)


PokerStars Hand #144299775106:  Hold'em Limit ($3/$6 USD) - 2015/11/24 2:35:26 ET
Table 'Arabella II' 2-max Seat #1 is the button
Seat 1: Kosova1968 ($73 in chips)
Seat 2: swarfiga755 ($72 in chips)
Kosova1968: posts small blind $1
swarfiga755: posts big blind $3
*** HOLE CARDS ***
Kosova1968: folds
Uncalled bet ($2) returned to swarfiga755
swarfiga755 collected $2 from pot
swarfiga755: doesn't show hand
*** SUMMARY ***
Total pot $2 | Rake $0
Seat 1: Kosova1968 (button) (small blind) folded before Flop
Seat 2: swarfiga755 (big blind) collected ($2)


PokerStars Hand #144299792268:  Hold'em Limit ($3/$6 USD) - 2015/11/24 2:36:33 ET
Table 'Arabella II' 2-max Seat #2 is the button
Seat 1: Kosova1968 ($59.40 in chips)
Seat 2: swarfiga755 ($95.50 in chips)
swarfiga755: posts small blind $1
Kosova1968: posts big blind $3
*** HOLE CARDS ***
swarfiga755: raises $3 to $6
Kosova1968: calls $3
*** FLOP *** [Jc 8h Kh]
Kosova1968: bets $3
swarfiga755: calls $3
*** TURN *** [Jc 8h Kh] [5h]
Kosova1968: bets $6
swarfiga755: calls $6
*** RIVER *** [Jc 8h Kh 5h] [7d]
Kosova1968: bets $6
swarfiga755: calls $6
*** SHOW DOWN ***
Kosova1968: shows [3d 3s] (a pair of Threes)
swarfiga755: shows [8d 6s] (a pair of Eights)
swarfiga755 collected $41.50 from pot
*** SUMMARY ***
Total pot $42 | Rake $0.50
Board [Jc 8h Kh 5h 7d]
Seat 1: Kosova1968 (big blind) showed [3d 3s] and lost with a pair of Threes
Seat 2: swarfiga755 (button) (small blind) showed [8d 6s] and won ($41.50) with a pair of Eights


PokerStars Hand #144299787197:  Hold'em Limit ($3/$6 USD) - 2015/11/24 2:36:13 ET
Table 'Arabella II' 2-max Seat #1 is the button
Seat 1: Kosova1968 ($83.40 in chips)
Seat 2: swarfiga755 ($72 in chips)
Kosova1968: posts small blind $1
swarfiga755: posts big blind $3
*** HOLE CARDS ***
Kosova1968: raises $3 to $6
swarfiga755: calls $3
*** FLOP *** [Kc 5h Js]
swarfiga755: checks
Kosova1968: checks
*** TURN *** [Kc 5h Js] [Jc]
swarfiga755: checks
Kosova1968: bets $6
swarfiga755: raises $6 to $12
Kosova1968: calls $6
*** RIVER *** [Kc 5h Js Jc] [2s]
swarfiga755: bets $6
Kosova1968: calls $6
*** SHOW DOWN ***
swarfiga755: shows [6s Jd] (three of a kind, Jacks)
Kosova1968: shows [Ts Ad] (a pair of Jacks)
swarfiga755 collected $47.50 from pot
*** SUMMARY ***
Total pot $48 | Rake $0.50
Board [Kc 5h Js Jc 2s]
Seat 1: Kosova1968 (button) (small blind) showed [Ts Ad] and lost with a pair of Jacks
Seat 2: swarfiga755 (big blind) showed [6s Jd] and won ($47.50) with three of a kind, Jacks


PokerStars Hand #144299798177:  Hold'em Limit ($3/$6 USD) - 2015/11/24 2:36:56 ET
Table 'Arabella II' 2-max Seat #1 is the button
Seat 1: Kosova1968 ($38.40 in chips)
Seat 2: swarfiga755 ($116 in chips)
Kosova1968: posts small blind $1
swarfiga755: posts big blind $3
*** HOLE CARDS ***
Kosova1968: raises $3 to $6
swarfiga755: calls $3
*** FLOP *** [4c 7s 3s]
swarfiga755: checks
Kosova1968: bets $3
swarfiga755: calls $3
*** TURN *** [4c 7s 3s] [Qc]
swarfiga755: checks
Kosova1968: bets $6
swarfiga755: calls $6
*** RIVER *** [4c 7s 3s Qc] [4h]
swarfiga755: checks
Kosova1968: bets $6
swarfiga755: calls $6
*** SHOW DOWN ***
Kosova1968: shows [Ah 3d] (two pair, Fours and Threes)
swarfiga755: mucks hand
Kosova1968 collected $41.50 from pot
*** SUMMARY ***
Total pot $42 | Rake $0.50
Board [4c 7s 3s Qc 4h]
Seat 1: Kosova1968 (button) (small blind) showed [Ah 3d] and won ($41.50) with two pair, Fours and Threes
Seat 2: swarfiga755 (big blind) mucked


PokerStars Hand #144299802727:  Hold'em Limit ($3/$6 USD) - 2015/11/24 2:37:13 ET
Table 'Arabella II' 2-max Seat #2 is the button
Seat 1: Kosova1968 ($58.90 in chips)
Seat 2: swarfiga755 ($95 in chips)
swarfiga755: posts small blind $1
Kosova1968: posts big blind $3
*** HOLE CARDS ***
swarfiga755: raises $3 to $6
Kosova1968: calls $3
*** FLOP *** [5h Ah Qd]
Kosova1968: checks
swarfiga755: bets $3
Kosova1968: calls $3
*** TURN *** [5h Ah Qd] [2d]
Kosova1968: checks
swarfiga755: bets $6
Kosova1968: calls $6
*** RIVER *** [5h Ah Qd 2d] [3s]
Kosova1968: checks
swarfiga755: bets $6
Kosova1968: calls $6
*** SHOW DOWN ***
swarfiga755: shows [4h 7h] (a straight, Ace to Five)
Kosova1968: shows [Tc 2c] (a pair of Deuces)
swarfiga755 collected $41.50 from pot
*** SUMMARY ***
Total pot $42 | Rake $0.50
Board [5h Ah Qd 2d 3s]
Seat 1: Kosova1968 (big blind) showed [Tc 2c] and lost with a pair of Deuces
Seat 2: swarfiga755 (button) (small blind) showed [4h 7h] and won ($41.50) with a straight, Ace to Five


PokerStars Hand #144299816964:  Hold'em Limit ($3/$6 USD) - 2015/11/24 2:38:08 ET
Table 'Arabella II' 2-max Seat #2 is the button
Seat 1: Kosova1968 ($75.30 in chips)
Seat 2: swarfiga755 ($77.60 in chips)
swarfiga755: posts small blind $1
Kosova1968: posts big blind $3
*** HOLE CARDS ***
swarfiga755: folds
Uncalled bet ($2) returned to Kosova1968
Kosova1968 collected $2 from pot
*** SUMMARY ***
Total pot $2 | Rake $0
Seat 1: Kosova1968 (big blind) collected ($2)
Seat 2: swarfiga755 (button) (small blind) folded before Flop


PokerStars Hand #144299820809:  Hold'em Limit ($3/$6 USD) - 2015/11/24 2:38:22 ET
Table 'Arabella II' 2-max Seat #2 is the button
Seat 1: Kosova1968 ($82.06 in chips)
Seat 2: swarfiga755 ($72 in chips)
swarfiga755: posts small blind $1
Kosova1968: posts big blind $3
*** HOLE CARDS ***
swarfiga755: folds
Uncalled bet ($2) returned to Kosova1968
Kosova1968 collected $2 from pot
*** SUMMARY ***
Total pot $2 | Rake $0
Seat 1: Kosova1968 (big blind) collected ($2)
Seat 2: swarfiga755 (button) (small blind) folded before Flop


PokerStars Hand #144299818138:  Hold'em Limit ($3/$6 USD) - 2015/11/24 2:38:12 ET
Table 'Arabella II' 2-max Seat #1 is the button
Seat 1: Kosova1968 ($76.30 in chips)
Seat 2: swarfiga755 ($76.60 in chips)
Kosova1968: posts small blind $1
swarfiga755: posts big blind $3
*** HOLE CARDS ***
Kosova1968: raises $3 to $6
swarfiga755: calls $3
*** FLOP *** [6h 4h Ah]
swarfiga755: checks
Kosova1968: bets $3
swarfiga755: folds
Uncalled bet ($3) returned to Kosova1968
Kosova1968 collected $11.76 from pot
*** SUMMARY ***
Total pot $12 | Rake $0.24
Board [6h 4h Ah]
Seat 1: Kosova1968 (button) (small blind) collected ($11.76)
Seat 2: swarfiga755 (big blind) folded on the Flop


PokerStars Hand #144299821926:  Hold'em Limit ($3/$6 USD) - 2015/11/24 2:38:27 ET
Table 'Arabella II' 2-max Seat #1 is the button
Seat 1: Kosova1968 ($83.06 in chips)
Seat 2: swarfiga755 ($72 in chips)
Kosova1968: posts small blind $1
swarfiga755: posts big blind $3
*** HOLE CARDS ***
Kosova1968: raises $3 to $6
swarfiga755: calls $3
*** FLOP *** [6d 7h 9h]
swarfiga755: checks
Kosova1968: checks
*** TURN *** [6d 7h 9h] [Qd]
swarfiga755: checks
Kosova1968: bets $6
swarfiga755: calls $6
*** RIVER *** [6d 7h 9h Qd] [Jc]
swarfiga755: checks
Kosova1968: bets $6
swarfiga755: folds
Uncalled bet ($6) returned to Kosova1968
Kosova1968 collected $23.52 from pot
*** SUMMARY ***
Total pot $24 | Rake $0.48
Board [6d 7h 9h Qd Jc]
Seat 1: Kosova1968 (button) (small blind) collected ($23.52)
Seat 2: swarfiga755 (big blind) folded on the River


PokerStars Hand #144299828574:  Hold'em Limit ($3/$6 USD) - 2015/11/24 2:38:53 ET
Table 'Arabella II' 2-max Seat #1 is the button
Seat 1: Kosova1968 ($95.58 in chips)
Seat 2: swarfiga755 ($72 in chips)
Kosova1968: posts small blind $1
swarfiga755: posts big blind $3
*** HOLE CARDS ***
Kosova1968: raises $3 to $6
swarfiga755: folds
Uncalled bet ($3) returned to Kosova1968
Kosova1968 collected $6 from pot
*** SUMMARY ***
Total pot $6 | Rake $0
Seat 1: Kosova1968 (button) (small blind) collected ($6)
Seat 2: swarfiga755 (big blind) folded before Flop


PokerStars Hand #144299827455:  Hold'em Limit ($3/$6 USD) - 2015/11/24 2:38:48 ET
Table 'Arabella II' 2-max Seat #2 is the button
Seat 1: Kosova1968 ($94.58 in chips)
Seat 2: swarfiga755 ($72 in chips)
swarfiga755: posts small blind $1
Kosova1968: posts big blind $3
*** HOLE CARDS ***
swarfiga755: folds
Uncalled bet ($2) returned to Kosova1968
Kosova1968 collected $2 from pot
*** SUMMARY ***
Total pot $2 | Rake $0
Seat 1: Kosova1968 (big blind) collected ($2)
Seat 2: swarfiga755 (button) (small blind) folded before Flop


PokerStars Hand #144299830125:  Hold'em Limit ($3/$6 USD) - 2015/11/24 2:38:59 ET
Table 'Arabella II' 2-max Seat #2 is the button
Seat 1: Kosova1968 ($98.58 in chips)
Seat 2: swarfiga755 ($72 in chips)
swarfiga755: posts small blind $1
Kosova1968: posts big blind $3
*** HOLE CARDS ***
swarfiga755: raises $3 to $6
Kosova1968: folds
Uncalled bet ($3) returned to swarfiga755
swarfiga755 collected $6 from pot
swarfiga755: doesn't show hand
*** SUMMARY ***
Total pot $6 | Rake $0
Seat 1: Kosova1968 (big blind) folded before Flop
Seat 2: swarfiga755 (button) (small blind) collected ($6)


PokerStars Hand #144299831728:  Hold'em Limit ($3/$6 USD) - 2015/11/24 2:39:05 ET
Table 'Arabella II' 2-max Seat #1 is the button
Seat 1: Kosova1968 ($95.58 in chips)
Seat 2: swarfiga755 ($75 in chips)
Kosova1968: posts small blind $1
swarfiga755: posts big blind $3
*** HOLE CARDS ***
Kosova1968: raises $3 to $6
swarfiga755: raises $3 to $9
Kosova1968: calls $3
*** FLOP *** [Js 8s 6d]
swarfiga755: bets $3
Kosova1968: calls $3
*** TURN *** [Js 8s 6d] [5c]
swarfiga755: checks
Kosova1968: checks
*** RIVER *** [Js 8s 6d 5c] [4c]
swarfiga755: checks
Kosova1968: checks
*** SHOW DOWN ***
swarfiga755: shows [3s 3c] (a pair of Threes)
Kosova1968: shows [Qd Th] (high card Queen)
swarfiga755 collected $23.52 from pot
*** SUMMARY ***
Total pot $24 | Rake $0.48
Board [Js 8s 6d 5c 4c]
Seat 1: Kosova1968 (button) (small blind) showed [Qd Th] and lost with high card Queen
Seat 2: swarfiga755 (big blind) showed [3s 3c] and won ($23.52) with a pair of Threes


PokerStars Hand #144299837757:  Hold'em Limit ($3/$6 USD) - 2015/11/24 2:39:28 ET
Table 'Arabella II' 2-max Seat #2 is the button
Seat 1: Kosova1968 ($83.58 in chips)
Seat 2: swarfiga755 ($86.52 in chips)
swarfiga755: posts small blind $1
Kosova1968: posts big blind $3
*** HOLE CARDS ***
swarfiga755: raises $3 to $6
Kosova1968: folds
Uncalled bet ($3) returned to swarfiga755
swarfiga755 collected $6 from pot
swarfiga755: doesn't show hand
*** SUMMARY ***
Total pot $6 | Rake $0
Seat 1: Kosova1968 (big blind) folded before Flop
Seat 2: swarfiga755 (button) (small blind) collected ($6)


