PokerStars Hand #158042018489:  Hold'em Limit ($3/$6 USD) - 2016/09/01 20:33:53 ET
Table 'Arabis' 10-max Seat #5 is the button
Seat 5: simper11 ($120 in chips)
Seat 6: Wurst2000 ($120 in chips)
simper11: posts small blind $1
Wurst2000: posts big blind $3
*** HOLE CARDS ***
simper11: raises $3 to $6
Wurst2000: raises $3 to $9
simper11: calls $3
*** FLOP *** [Ks 4s Ad]
Wurst2000: bets $3
simper11: folds
Uncalled bet ($3) returned to Wurst2000
Wurst2000 collected $17.64 from pot
Wurst2000: doesn't show hand
*** SUMMARY ***
Total pot $18 | Rake $0.36
Board [Ks 4s Ad]
Seat 5: simper11 (button) (small blind) folded on the Flop
Seat 6: Wurst2000 (big blind) collected ($17.64)


PokerStars Hand #158042048800:  Hold'em Limit ($3/$6 USD) - 2016/09/01 20:35:03 ET
Table 'Arabis' 10-max Seat #6 is the button
Seat 5: simper11 ($158 in chips)
Seat 6: Wurst2000 ($89.64 in chips)
Wurst2000: posts small blind $1
simper11: posts big blind $3
*** HOLE CARDS ***
Wurst2000: raises $3 to $6
simper11: calls $3
*** FLOP *** [6d 8s 8c]
simper11: checks
Wurst2000: bets $3
simper11: calls $3
*** TURN *** [6d 8s 8c] [8d]
simper11: checks
Wurst2000: bets $6
simper11: calls $6
*** RIVER *** [6d 8s 8c 8d] [Jh]
simper11: checks
Wurst2000: checks
*** SHOW DOWN ***
simper11: shows [Ks 4h] (three of a kind, Eights)
Wurst2000: shows [Kh 2d] (three of a kind, Eights)
simper11 collected $14.75 from pot
Wurst2000 collected $14.75 from pot
*** SUMMARY ***
Total pot $30 | Rake $0.50
Board [6d 8s 8c 8d Jh]
Seat 5: simper11 (big blind) showed [Ks 4h] and won ($14.75) with three of a kind, Eights
Seat 6: Wurst2000 (button) (small blind) showed [Kh 2d] and won ($14.75) with three of a kind, Eights


PokerStars Hand #158042041055:  Hold'em Limit ($3/$6 USD) - 2016/09/01 20:34:45 ET
Table 'Arabis' 10-max Seat #5 is the button
Seat 5: simper11 ($137.50 in chips)
Seat 6: Wurst2000 ($110.64 in chips)
simper11: posts small blind $1
Wurst2000: posts big blind $3
*** HOLE CARDS ***
simper11: raises $3 to $6
Wurst2000: calls $3
*** FLOP *** [Qc Kh 6s]
Wurst2000: checks
simper11: bets $3
Wurst2000: calls $3
*** TURN *** [Qc Kh 6s] [9c]
Wurst2000: checks
simper11: bets $6
Wurst2000: calls $6
*** RIVER *** [Qc Kh 6s 9c] [5s]
Wurst2000: checks
simper11: bets $6
Wurst2000: calls $6
*** SHOW DOWN ***
simper11: shows [8d Ks] (a pair of Kings)
Wurst2000: mucks hand
simper11 collected $41.50 from pot
*** SUMMARY ***
Total pot $42 | Rake $0.50
Board [Qc Kh 6s 9c 5s]
Seat 5: simper11 (button) (small blind) showed [8d Ks] and won ($41.50) with a pair of Kings
Seat 6: Wurst2000 (big blind) mucked


PokerStars Hand #158042028305:  Hold'em Limit ($3/$6 USD) - 2016/09/01 20:34:16 ET
Table 'Arabis' 10-max Seat #6 is the button
Seat 5: simper11 ($120 in chips)
Seat 6: Wurst2000 ($128.64 in chips)
Wurst2000: posts small blind $1
simper11: posts big blind $3
*** HOLE CARDS ***
Wurst2000: raises $3 to $6
simper11: calls $3
*** FLOP *** [Qd 2h 8h]
simper11: checks
Wurst2000: bets $3
simper11: raises $3 to $6
Wurst2000: calls $3
*** TURN *** [Qd 2h 8h] [5h]
simper11: bets $6
Wurst2000: calls $6
*** RIVER *** [Qd 2h 8h 5h] [4h]
simper11: bets $6
Wurst2000: folds
Uncalled bet ($6) returned to simper11
simper11 collected $35.50 from pot
simper11: doesn't show hand
*** SUMMARY ***
Total pot $36 | Rake $0.50
Board [Qd 2h 8h 5h 4h]
Seat 5: simper11 (big blind) collected ($35.50)
Seat 6: Wurst2000 (button) (small blind) folded on the River


PokerStars Hand #158042069661:  Hold'em Limit ($3/$6 USD) - 2016/09/01 20:35:52 ET
Table 'Arabis' 10-max Seat #6 is the button
Seat 5: simper11 ($156.75 in chips)
Seat 6: Wurst2000 ($90.39 in chips)
Wurst2000: posts small blind $1
simper11: posts big blind $3
*** HOLE CARDS ***
Wurst2000: raises $3 to $6
simper11: calls $3
*** FLOP *** [Jh 4h 6c]
simper11: checks
Wurst2000: bets $3
simper11: raises $3 to $6
Wurst2000: calls $3
*** TURN *** [Jh 4h 6c] [3c]
simper11: bets $6
Wurst2000: calls $6
*** RIVER *** [Jh 4h 6c 3c] [Ah]
simper11: bets $6
Wurst2000: calls $6
*** SHOW DOWN ***
simper11: shows [5h Qh] (a flush, Ace high)
Wurst2000: mucks hand
simper11 collected $47.50 from pot
*** SUMMARY ***
Total pot $48 | Rake $0.50
Board [Jh 4h 6c 3c Ah]
Seat 5: simper11 (big blind) showed [5h Qh] and won ($47.50) with a flush, Ace high
Seat 6: Wurst2000 (button) (small blind) mucked


PokerStars Hand #158042067736:  Hold'em Limit ($3/$6 USD) - 2016/09/01 20:35:47 ET
Table 'Arabis' 10-max Seat #5 is the button
Seat 5: simper11 ($157.75 in chips)
Seat 6: Wurst2000 ($89.39 in chips)
simper11: posts small blind $1
Wurst2000: posts big blind $3
*** HOLE CARDS ***
simper11: folds
Uncalled bet ($2) returned to Wurst2000
Wurst2000 collected $2 from pot
Wurst2000: doesn't show hand
*** SUMMARY ***
Total pot $2 | Rake $0
Seat 5: simper11 (button) (small blind) folded before Flop
Seat 6: Wurst2000 (big blind) collected ($2)


PokerStars Hand #158042064293:  Hold'em Limit ($3/$6 USD) - 2016/09/01 20:35:39 ET
Table 'Arabis' 10-max Seat #6 is the button
Seat 5: simper11 ($160.75 in chips)
Seat 6: Wurst2000 ($86.39 in chips)
Wurst2000: posts small blind $1
simper11: posts big blind $3
*** HOLE CARDS ***
Wurst2000: raises $3 to $6
simper11: folds
Uncalled bet ($3) returned to Wurst2000
Wurst2000 collected $6 from pot
Wurst2000: doesn't show hand
*** SUMMARY ***
Total pot $6 | Rake $0
Seat 5: simper11 (big blind) folded before Flop
Seat 6: Wurst2000 (button) (small blind) collected ($6)


PokerStars Hand #158042061924:  Hold'em Limit ($3/$6 USD) - 2016/09/01 20:35:34 ET
Table 'Arabis' 10-max Seat #5 is the button
Seat 5: simper11 ($157.75 in chips)
Seat 6: Wurst2000 ($89.39 in chips)
simper11: posts small blind $1
Wurst2000: posts big blind $3
*** HOLE CARDS ***
simper11: raises $3 to $6
Wurst2000: folds
Uncalled bet ($3) returned to simper11
simper11 collected $6 from pot
simper11: doesn't show hand
*** SUMMARY ***
Total pot $6 | Rake $0
Seat 5: simper11 (button) (small blind) collected ($6)
Seat 6: Wurst2000 (big blind) folded before Flop


PokerStars Hand #158042059764:  Hold'em Limit ($3/$6 USD) - 2016/09/01 20:35:29 ET
Table 'Arabis' 10-max Seat #6 is the button
Seat 5: simper11 ($160.75 in chips)
Seat 6: Wurst2000 ($86.39 in chips)
Wurst2000: posts small blind $1
simper11: posts big blind $3
*** HOLE CARDS ***
Wurst2000: raises $3 to $6
simper11: folds
Uncalled bet ($3) returned to Wurst2000
Wurst2000 collected $6 from pot
Wurst2000: doesn't show hand
*** SUMMARY ***
Total pot $6 | Rake $0
Seat 5: simper11 (big blind) folded before Flop
Seat 6: Wurst2000 (button) (small blind) collected ($6)


PokerStars Hand #158042054940:  Hold'em Limit ($3/$6 USD) - 2016/09/01 20:35:18 ET
Table 'Arabis' 10-max Seat #5 is the button
Seat 5: simper11 ($157.75 in chips)
Seat 6: Wurst2000 ($89.39 in chips)
simper11: posts small blind $1
Wurst2000: posts big blind $3
*** HOLE CARDS ***
simper11: raises $3 to $6
Wurst2000: folds
Uncalled bet ($3) returned to simper11
simper11 collected $6 from pot
simper11: doesn't show hand
*** SUMMARY ***
Total pot $6 | Rake $0
Seat 5: simper11 (button) (small blind) collected ($6)
Seat 6: Wurst2000 (big blind) folded before Flop


PokerStars Hand #158042100953:  Hold'em Limit ($3/$6 USD) - 2016/09/01 20:37:05 ET
Table 'Arabis' 10-max Seat #5 is the button
Seat 5: simper11 ($157.25 in chips)
Seat 6: Wurst2000 ($88.53 in chips)
simper11: posts small blind $1
Wurst2000: posts big blind $3
*** HOLE CARDS ***
simper11: raises $3 to $6
Wurst2000: calls $3
*** FLOP *** [8c Ah Qc]
Wurst2000: checks
simper11: bets $3
Wurst2000: folds
Uncalled bet ($3) returned to simper11
simper11 collected $11.76 from pot
simper11: doesn't show hand
*** SUMMARY ***
Total pot $12 | Rake $0.24
Board [8c Ah Qc]
Seat 5: simper11 (button) (small blind) collected ($11.76)
Seat 6: Wurst2000 (big blind) folded on the Flop


PokerStars Hand #158042095623:  Hold'em Limit ($3/$6 USD) - 2016/09/01 20:36:52 ET
Table 'Arabis' 10-max Seat #6 is the button
Seat 5: simper11 ($175.25 in chips)
Seat 6: Wurst2000 ($71.03 in chips)
Wurst2000: posts small blind $1
simper11: posts big blind $3
*** HOLE CARDS ***
Wurst2000: raises $3 to $6
simper11: calls $3
*** FLOP *** [Qs Jh 5c]
simper11: checks
Wurst2000: bets $3
simper11: raises $3 to $6
Wurst2000: calls $3
*** TURN *** [Qs Jh 5c] [Td]
simper11: bets $6
Wurst2000: calls $6
*** RIVER *** [Qs Jh 5c Td] [9s]
simper11: checks
Wurst2000: checks
*** SHOW DOWN ***
simper11: shows [4c Tc] (a pair of Tens)
Wurst2000: shows [4s Js] (a pair of Jacks)
Wurst2000 collected $35.50 from pot
*** SUMMARY ***
Total pot $36 | Rake $0.50
Board [Qs Jh 5c Td 9s]
Seat 5: simper11 (big blind) showed [4c Tc] and lost with a pair of Tens
Seat 6: Wurst2000 (button) (small blind) showed [4s Js] and won ($35.50) with a pair of Jacks


PokerStars Hand #158042091785:  Hold'em Limit ($3/$6 USD) - 2016/09/01 20:36:43 ET
Table 'Arabis' 10-max Seat #5 is the button
Seat 5: simper11 ($184.25 in chips)
Seat 6: Wurst2000 ($62.39 in chips)
simper11: posts small blind $1
Wurst2000: posts big blind $3
*** HOLE CARDS ***
simper11: raises $3 to $6
Wurst2000: raises $3 to $9
simper11: calls $3
*** FLOP *** [Kc Jd 4s]
Wurst2000: bets $3
simper11: folds
Uncalled bet ($3) returned to Wurst2000
Wurst2000 collected $17.64 from pot
Wurst2000: doesn't show hand
*** SUMMARY ***
Total pot $18 | Rake $0.36
Board [Kc Jd 4s]
Seat 5: simper11 (button) (small blind) folded on the Flop
Seat 6: Wurst2000 (big blind) collected ($17.64)


PokerStars Hand #158042089741:  Hold'em Limit ($3/$6 USD) - 2016/09/01 20:36:39 ET
Table 'Arabis' 10-max Seat #6 is the button
Seat 5: simper11 ($183.25 in chips)
Seat 6: Wurst2000 ($63.39 in chips)
Wurst2000: posts small blind $1
simper11: posts big blind $3
*** HOLE CARDS ***
Wurst2000: folds
Uncalled bet ($2) returned to simper11
simper11 collected $2 from pot
simper11: doesn't show hand
*** SUMMARY ***
Total pot $2 | Rake $0
Seat 5: simper11 (big blind) collected ($2)
Seat 6: Wurst2000 (button) (small blind) folded before Flop


PokerStars Hand #158042081776:  Hold'em Limit ($3/$6 USD) - 2016/09/01 20:36:20 ET
Table 'Arabis' 10-max Seat #5 is the button
Seat 5: simper11 ($180.25 in chips)
Seat 6: Wurst2000 ($66.39 in chips)
simper11: posts small blind $1
Wurst2000: posts big blind $3
*** HOLE CARDS ***
simper11: raises $3 to $6
Wurst2000: folds
Uncalled bet ($3) returned to simper11
simper11 collected $6 from pot
simper11: doesn't show hand
*** SUMMARY ***
Total pot $6 | Rake $0
Seat 5: simper11 (button) (small blind) collected ($6)
Seat 6: Wurst2000 (big blind) folded before Flop


PokerStars Hand #158042128924:  Hold'em Limit ($3/$6 USD) - 2016/09/01 20:38:10 ET
Table 'Arabis' 10-max Seat #6 is the button
Seat 5: simper11 ($120 in chips)
Seat 6: Wurst2000 ($129.17 in chips)
Wurst2000: posts small blind $1
simper11: posts big blind $3
*** HOLE CARDS ***
simper11 said, "lolol"
Wurst2000: folds
Uncalled bet ($2) returned to simper11
simper11 said, "olol"
simper11 said, "olol"
simper11 collected $2 from pot
simper11: doesn't show hand
*** SUMMARY ***
Total pot $2 | Rake $0
Seat 5: simper11 (big blind) collected ($2)
Seat 6: Wurst2000 (button) (small blind) folded before Flop


PokerStars Hand #158042123029:  Hold'em Limit ($3/$6 USD) - 2016/09/01 20:37:56 ET
Table 'Arabis' 10-max Seat #5 is the button
Seat 5: simper11 ($138.77 in chips)
Seat 6: Wurst2000 ($105.67 in chips)
simper11: posts small blind $1
Wurst2000: posts big blind $3
*** HOLE CARDS ***
simper11: raises $3 to $6
Wurst2000: raises $3 to $9
simper11: calls $3
*** FLOP *** [Js 8s Jc]
Wurst2000: bets $3
simper11: calls $3
*** TURN *** [Js 8s Jc] [3d]
Wurst2000: bets $6
simper11: calls $6
*** RIVER *** [Js 8s Jc 3d] [Ah]
Wurst2000: bets $6
simper11: calls $6
*** SHOW DOWN ***
Wurst2000: shows [Kc 9c] (a pair of Jacks)
simper11: mucks hand
Wurst2000 collected $47.50 from pot
*** SUMMARY ***
Total pot $48 | Rake $0.50
Board [Js 8s Jc 3d Ah]
Seat 5: simper11 (button) (small blind) mucked
Seat 6: Wurst2000 (big blind) showed [Kc 9c] and won ($47.50) with a pair of Jacks


PokerStars Hand #158042116576:  Hold'em Limit ($3/$6 USD) - 2016/09/01 20:37:41 ET
Table 'Arabis' 10-max Seat #6 is the button
Seat 5: simper11 ($147.77 in chips)
Seat 6: Wurst2000 ($97.03 in chips)
Wurst2000: posts small blind $1
simper11: posts big blind $3
*** HOLE CARDS ***
Wurst2000: raises $3 to $6
simper11: calls $3
*** FLOP *** [8h Th Ad]
simper11: checks
Wurst2000: bets $3
simper11: calls $3
*** TURN *** [8h Th Ad] [9d]
simper11: checks
Wurst2000: bets $6
simper11: folds
Uncalled bet ($6) returned to Wurst2000
Wurst2000 collected $17.64 from pot
Wurst2000: doesn't show hand
*** SUMMARY ***
Total pot $18 | Rake $0.36
Board [8h Th Ad 9d]
Seat 5: simper11 (big blind) folded on the Turn
Seat 6: Wurst2000 (button) (small blind) collected ($17.64)


PokerStars Hand #158042110643:  Hold'em Limit ($3/$6 USD) - 2016/09/01 20:37:27 ET
Table 'Arabis' 10-max Seat #5 is the button
Seat 5: simper11 ($142.01 in chips)
Seat 6: Wurst2000 ($103.03 in chips)
simper11: posts small blind $1
Wurst2000: posts big blind $3
*** HOLE CARDS ***
simper11: raises $3 to $6
Wurst2000: calls $3
*** FLOP *** [Kh 8s 5h]
Wurst2000: checks
simper11: bets $3
Wurst2000: folds
Uncalled bet ($3) returned to simper11
simper11 collected $11.76 from pot
simper11: doesn't show hand
*** SUMMARY ***
Total pot $12 | Rake $0.24
Board [Kh 8s 5h]
Seat 5: simper11 (button) (small blind) collected ($11.76)
Seat 6: Wurst2000 (big blind) folded on the Flop


PokerStars Hand #158042104703:  Hold'em Limit ($3/$6 USD) - 2016/09/01 20:37:13 ET
Table 'Arabis' 10-max Seat #6 is the button
Seat 5: simper11 ($163.01 in chips)
Seat 6: Wurst2000 ($82.53 in chips)
Wurst2000: posts small blind $1
simper11: posts big blind $3
*** HOLE CARDS ***
Wurst2000: raises $3 to $6
simper11: calls $3
*** FLOP *** [5c 3d 8s]
simper11: checks
Wurst2000: bets $3
simper11: calls $3
*** TURN *** [5c 3d 8s] [Kc]
simper11: checks
Wurst2000: bets $6
simper11: calls $6
*** RIVER *** [5c 3d 8s Kc] [Kh]
simper11: checks
Wurst2000: bets $6
simper11: calls $6
*** SHOW DOWN ***
Wurst2000: shows [5h Ah] (two pair, Kings and Fives)
simper11: mucks hand
Wurst2000 collected $41.50 from pot
*** SUMMARY ***
Total pot $42 | Rake $0.50
Board [5c 3d 8s Kc Kh]
Seat 5: simper11 (big blind) mucked
Seat 6: Wurst2000 (button) (small blind) showed [5h Ah] and won ($41.50) with two pair, Kings and Fives


PokerStars Hand #158042158875:  Hold'em Limit ($3/$6 USD) - 2016/09/01 20:39:20 ET
Table 'Arabis' 10-max Seat #6 is the button
Seat 5: simper11 ($123.26 in chips)
Seat 6: Wurst2000 ($141.17 in chips)
Wurst2000: posts small blind $1
simper11: posts big blind $3
*** HOLE CARDS ***
Wurst2000: folds
Uncalled bet ($2) returned to simper11
simper11 collected $2 from pot
simper11: doesn't show hand
*** SUMMARY ***
Total pot $2 | Rake $0
Seat 5: simper11 (big blind) collected ($2)
Seat 6: Wurst2000 (button) (small blind) folded before Flop


PokerStars Hand #158042153535:  Hold'em Limit ($3/$6 USD) - 2016/09/01 20:39:07 ET
Table 'Arabis' 10-max Seat #5 is the button
Seat 5: simper11 ($147.26 in chips)
Seat 6: Wurst2000 ($117.67 in chips)
simper11: posts small blind $1
Wurst2000: posts big blind $3
*** HOLE CARDS ***
simper11: raises $3 to $6
Wurst2000: raises $3 to $9
simper11: calls $3
*** FLOP *** [4h Ts Kd]
Wurst2000: bets $3
simper11: calls $3
*** TURN *** [4h Ts Kd] [Qc]
Wurst2000: bets $6
simper11: calls $6
*** RIVER *** [4h Ts Kd Qc] [8s]
Wurst2000: bets $6
simper11: calls $6
*** SHOW DOWN ***
Wurst2000: shows [Jd Qs] (a pair of Queens)
simper11: mucks hand
Wurst2000 collected $47.50 from pot
*** SUMMARY ***
Total pot $48 | Rake $0.50
Board [4h Ts Kd Qc 8s]
Seat 5: simper11 (button) (small blind) mucked
Seat 6: Wurst2000 (big blind) showed [Jd Qs] and won ($47.50) with a pair of Queens


PokerStars Hand #158042151649:  Hold'em Limit ($3/$6 USD) - 2016/09/01 20:39:03 ET
Table 'Arabis' 10-max Seat #6 is the button
Seat 5: simper11 ($146.26 in chips)
Seat 6: Wurst2000 ($118.67 in chips)
Wurst2000: posts small blind $1
simper11: posts big blind $3
*** HOLE CARDS ***
Wurst2000: folds
Uncalled bet ($2) returned to simper11
simper11 collected $2 from pot
simper11: doesn't show hand
*** SUMMARY ***
Total pot $2 | Rake $0
Seat 5: simper11 (big blind) collected ($2)
Seat 6: Wurst2000 (button) (small blind) folded before Flop


PokerStars Hand #158042149419:  Hold'em Limit ($3/$6 USD) - 2016/09/01 20:38:58 ET
Table 'Arabis' 10-max Seat #5 is the button
Seat 5: simper11 ($143.26 in chips)
Seat 6: Wurst2000 ($121.67 in chips)
simper11: posts small blind $1
Wurst2000: posts big blind $3
*** HOLE CARDS ***
simper11: raises $3 to $6
Wurst2000: folds
Uncalled bet ($3) returned to simper11
simper11 collected $6 from pot
simper11: doesn't show hand
*** SUMMARY ***
Total pot $6 | Rake $0
Seat 5: simper11 (button) (small blind) collected ($6)
Seat 6: Wurst2000 (big blind) folded before Flop


PokerStars Hand #158042143267:  Hold'em Limit ($3/$6 USD) - 2016/09/01 20:38:44 ET
Table 'Arabis' 10-max Seat #6 is the button
Seat 5: simper11 ($125.76 in chips)
Seat 6: Wurst2000 ($139.67 in chips)
Wurst2000: posts small blind $1
simper11: posts big blind $3
*** HOLE CARDS ***
Wurst2000: raises $3 to $6
simper11: calls $3
*** FLOP *** [Jd 7s Td]
simper11: checks
Wurst2000: bets $3
simper11: raises $3 to $6
Wurst2000: calls $3
*** TURN *** [Jd 7s Td] [Ah]
simper11: bets $6
Wurst2000: calls $6
*** RIVER *** [Jd 7s Td Ah] [8s]
simper11: bets $6
Wurst2000: folds
Uncalled bet ($6) returned to simper11
simper11 collected $35.50 from pot
simper11: doesn't show hand
*** SUMMARY ***
Total pot $36 | Rake $0.50
Board [Jd 7s Td Ah 8s]
Seat 5: simper11 (big blind) collected ($35.50)
Seat 6: Wurst2000 (button) (small blind) folded on the River


PokerStars Hand #158042139152:  Hold'em Limit ($3/$6 USD) - 2016/09/01 20:38:34 ET
Table 'Arabis' 10-max Seat #5 is the button
Seat 5: simper11 ($120 in chips)
Seat 6: Wurst2000 ($145.67 in chips)
simper11: posts small blind $1
Wurst2000: posts big blind $3
*** HOLE CARDS ***
simper11: raises $3 to $6
Wurst2000: calls $3
*** FLOP *** [3s Ts 9d]
Wurst2000: checks
simper11: bets $3
Wurst2000: folds
Uncalled bet ($3) returned to simper11
simper11 collected $11.76 from pot
simper11: doesn't show hand
*** SUMMARY ***
Total pot $12 | Rake $0.24
Board [3s Ts 9d]
Seat 5: simper11 (button) (small blind) collected ($11.76)
Seat 6: Wurst2000 (big blind) folded on the Flop


PokerStars Hand #158042137135:  Hold'em Limit ($3/$6 USD) - 2016/09/01 20:38:29 ET
Table 'Arabis' 10-max Seat #6 is the button
Seat 5: simper11 ($120 in chips)
Seat 6: Wurst2000 ($142.67 in chips)
Wurst2000: posts small blind $1
simper11: posts big blind $3
*** HOLE CARDS ***
Wurst2000: raises $3 to $6
simper11: folds
Uncalled bet ($3) returned to Wurst2000
Wurst2000 collected $6 from pot
Wurst2000: doesn't show hand
*** SUMMARY ***
Total pot $6 | Rake $0
Seat 5: simper11 (big blind) folded before Flop
Seat 6: Wurst2000 (button) (small blind) collected ($6)


PokerStars Hand #158042131425:  Hold'em Limit ($3/$6 USD) - 2016/09/01 20:38:16 ET
Table 'Arabis' 10-max Seat #5 is the button
Seat 5: simper11 ($121 in chips)
Seat 6: Wurst2000 ($128.17 in chips)
simper11: posts small blind $1
Wurst2000: posts big blind $3
*** HOLE CARDS ***
simper11: raises $3 to $6
Wurst2000: calls $3
*** FLOP *** [9h 9s 4c]
Wurst2000: checks
simper11: bets $3
Wurst2000: calls $3
*** TURN *** [9h 9s 4c] [Qh]
Wurst2000: checks
simper11: bets $6
Wurst2000: calls $6
*** RIVER *** [9h 9s 4c Qh] [Th]
Wurst2000: checks
simper11: checks
*** SHOW DOWN ***
Wurst2000: shows [Ah 2c] (a pair of Nines)
simper11: mucks hand
Wurst2000 collected $29.50 from pot
*** SUMMARY ***
Total pot $30 | Rake $0.50
Board [9h 9s 4c Qh Th]
Seat 5: simper11 (button) (small blind) mucked
Seat 6: Wurst2000 (big blind) showed [Ah 2c] and won ($29.50) with a pair of Nines


PokerStars Hand #158042188063:  Hold'em Limit ($3/$6 USD) - 2016/09/01 20:40:14 ET
Table 'Arabis' 10-max Seat #5 is the button
Seat 5: simper11 ($149.50 in chips)
Seat 6: Wurst2000 ($135.19 in chips)
simper11: posts small blind $1
Wurst2000: posts big blind $3
*** HOLE CARDS ***
simper11: raises $3 to $6
Wurst2000: folds
Uncalled bet ($3) returned to simper11
simper11 collected $6 from pot
simper11: doesn't show hand
*** SUMMARY ***
Total pot $6 | Rake $0
Seat 5: simper11 (button) (small blind) collected ($6)
Seat 6: Wurst2000 (big blind) folded before Flop


PokerStars Hand #158042181197:  Hold'em Limit ($3/$6 USD) - 2016/09/01 20:39:58 ET
Table 'Arabis' 10-max Seat #6 is the button
Seat 5: simper11 ($120 in chips)
Seat 6: Wurst2000 ($165.19 in chips)
Wurst2000: posts small blind $1
simper11: posts big blind $3
*** HOLE CARDS ***
Wurst2000: raises $3 to $6
simper11: raises $3 to $9
Wurst2000: calls $3
*** FLOP *** [8c Td 8s]
simper11: bets $3
Wurst2000: raises $3 to $6
simper11: raises $3 to $9
Wurst2000: calls $3
*** TURN *** [8c Td 8s] [6d]
simper11: bets $6
Wurst2000: calls $6
*** RIVER *** [8c Td 8s 6d] [9h]
simper11: bets $6
Wurst2000: calls $6
*** SHOW DOWN ***
simper11: shows [Th Ts] (a full house, Tens full of Eights)
Wurst2000: mucks hand
simper11 collected $59.50 from pot
*** SUMMARY ***
Total pot $60 | Rake $0.50
Board [8c Td 8s 6d 9h]
Seat 5: simper11 (big blind) showed [Th Ts] and won ($59.50) with a full house, Tens full of Eights
Seat 6: Wurst2000 (button) (small blind) mucked


PokerStars Hand #158042175506:  Hold'em Limit ($3/$6 USD) - 2016/09/01 20:39:45 ET
Table 'Arabis' 10-max Seat #5 is the button
Seat 5: simper11 ($121 in chips)
Seat 6: Wurst2000 ($150.69 in chips)
simper11: posts small blind $1
Wurst2000: posts big blind $3
*** HOLE CARDS ***
simper11: raises $3 to $6
Wurst2000: calls $3
*** FLOP *** [7s Ad 2s]
Wurst2000: checks
simper11: bets $3
Wurst2000: calls $3
*** TURN *** [7s Ad 2s] [3s]
Wurst2000: checks
simper11: checks
*** RIVER *** [7s Ad 2s 3s] [Kd]
Wurst2000: bets $6
simper11: calls $6
*** SHOW DOWN ***
Wurst2000: shows [Js 9s] (a flush, Jack high)
simper11: mucks hand
Wurst2000 collected $29.50 from pot
*** SUMMARY ***
Total pot $30 | Rake $0.50
Board [7s Ad 2s 3s Kd]
Seat 5: simper11 (button) (small blind) mucked
Seat 6: Wurst2000 (big blind) showed [Js 9s] and won ($29.50) with a flush, Jack high


PokerStars Hand #158042173619:  Hold'em Limit ($3/$6 USD) - 2016/09/01 20:39:40 ET
Table 'Arabis' 10-max Seat #6 is the button
Seat 5: simper11 ($120 in chips)
Seat 6: Wurst2000 ($151.69 in chips)
Wurst2000: posts small blind $1
simper11: posts big blind $3
*** HOLE CARDS ***
Wurst2000: folds
Uncalled bet ($2) returned to simper11
simper11 collected $2 from pot
simper11: doesn't show hand
*** SUMMARY ***
Total pot $2 | Rake $0
Seat 5: simper11 (big blind) collected ($2)
Seat 6: Wurst2000 (button) (small blind) folded before Flop


PokerStars Hand #158042161094:  Hold'em Limit ($3/$6 USD) - 2016/09/01 20:39:25 ET
Table 'Arabis' 10-max Seat #5 is the button
Seat 5: simper11 ($124.26 in chips)
Seat 6: Wurst2000 ($140.17 in chips)
simper11: posts small blind $1
Wurst2000: posts big blind $3
*** HOLE CARDS ***
simper11: raises $3 to $6
Wurst2000: calls $3
*** FLOP *** [Ts 3c Th]
Wurst2000: bets $3
simper11: raises $3 to $6
Wurst2000: calls $3
*** TURN *** [Ts 3c Th] [4c]
Wurst2000: checks
simper11: checks
*** RIVER *** [Ts 3c Th 4c] [6d]
Wurst2000: checks
simper11: checks
*** SHOW DOWN ***
Wurst2000: shows [2h 2s] (two pair, Tens and Deuces)
simper11: mucks hand
Wurst2000 collected $23.52 from pot
*** SUMMARY ***
Total pot $24 | Rake $0.48
Board [Ts 3c Th 4c 6d]
Seat 5: simper11 (button) (small blind) mucked
Seat 6: Wurst2000 (big blind) showed [2h 2s] and won ($23.52) with two pair, Tens and Deuces


PokerStars Hand #158042205508:  Hold'em Limit ($3/$6 USD) - 2016/09/01 20:40:55 ET
Table 'Arabis' 10-max Seat #5 is the button
Seat 5: simper11 ($152.25 in chips)
Seat 6: Wurst2000 ($131.94 in chips)
simper11: posts small blind $1
Wurst2000: posts big blind $3
*** HOLE CARDS ***
simper11: raises $3 to $6
Wurst2000: raises $3 to $9
simper11: calls $3
*** FLOP *** [Kh 5h 6s]
Wurst2000: bets $3
simper11: calls $3
*** TURN *** [Kh 5h 6s] [8h]
Wurst2000: bets $6
simper11: calls $6
*** RIVER *** [Kh 5h 6s 8h] [2c]
Wurst2000: checks
simper11: bets $6
Wurst2000: calls $6
*** SHOW DOWN ***
simper11: shows [7c Kc] (a pair of Kings)
Wurst2000: mucks hand
simper11 collected $47.50 from pot
*** SUMMARY ***
Total pot $48 | Rake $0.50
Board [Kh 5h 6s 8h 2c]
Seat 5: simper11 (button) (small blind) showed [7c Kc] and won ($47.50) with a pair of Kings
Seat 6: Wurst2000 (big blind) mucked


PokerStars Hand #158042203518:  Hold'em Limit ($3/$6 USD) - 2016/09/01 20:40:51 ET
Table 'Arabis' 10-max Seat #6 is the button
Seat 5: simper11 ($151.25 in chips)
Seat 6: Wurst2000 ($132.94 in chips)
Wurst2000: posts small blind $1
simper11: posts big blind $3
*** HOLE CARDS ***
Wurst2000: folds
Uncalled bet ($2) returned to simper11
simper11 collected $2 from pot
simper11: doesn't show hand
*** SUMMARY ***
Total pot $2 | Rake $0
Seat 5: simper11 (big blind) collected ($2)
Seat 6: Wurst2000 (button) (small blind) folded before Flop


PokerStars Hand #158042201585:  Hold'em Limit ($3/$6 USD) - 2016/09/01 20:40:46 ET
Table 'Arabis' 10-max Seat #5 is the button
Seat 5: simper11 ($152.25 in chips)
Seat 6: Wurst2000 ($131.94 in chips)
simper11: posts small blind $1
Wurst2000: posts big blind $3
*** HOLE CARDS ***
simper11: folds
Uncalled bet ($2) returned to Wurst2000
Wurst2000 collected $2 from pot
Wurst2000: doesn't show hand
*** SUMMARY ***
Total pot $2 | Rake $0
Seat 5: simper11 (button) (small blind) folded before Flop
Seat 6: Wurst2000 (big blind) collected ($2)


PokerStars Hand #158042199503:  Hold'em Limit ($3/$6 USD) - 2016/09/01 20:40:41 ET
Table 'Arabis' 10-max Seat #6 is the button
Seat 5: simper11 ($151.25 in chips)
Seat 6: Wurst2000 ($132.94 in chips)
Wurst2000: posts small blind $1
simper11: posts big blind $3
*** HOLE CARDS ***
Wurst2000: folds
Uncalled bet ($2) returned to simper11
simper11 collected $2 from pot
simper11: doesn't show hand
*** SUMMARY ***
Total pot $2 | Rake $0
Seat 5: simper11 (big blind) collected ($2)
Seat 6: Wurst2000 (button) (small blind) folded before Flop


PokerStars Hand #158042197626:  Hold'em Limit ($3/$6 USD) - 2016/09/01 20:40:37 ET
Table 'Arabis' 10-max Seat #5 is the button
Seat 5: simper11 ($152.25 in chips)
Seat 6: Wurst2000 ($131.94 in chips)
simper11: posts small blind $1
Wurst2000: posts big blind $3
*** HOLE CARDS ***
simper11: folds
Uncalled bet ($2) returned to Wurst2000
Wurst2000 collected $2 from pot
Wurst2000: doesn't show hand
*** SUMMARY ***
Total pot $2 | Rake $0
Seat 5: simper11 (button) (small blind) folded before Flop
Seat 6: Wurst2000 (big blind) collected ($2)


PokerStars Hand #158042190357:  Hold'em Limit ($3/$6 USD) - 2016/09/01 20:40:20 ET
Table 'Arabis' 10-max Seat #6 is the button
Seat 5: simper11 ($152.50 in chips)
Seat 6: Wurst2000 ($132.19 in chips)
Wurst2000: posts small blind $1
simper11: posts big blind $3
*** HOLE CARDS ***
Wurst2000: raises $3 to $6
simper11: calls $3
*** FLOP *** [As 7c Th]
simper11: checks
Wurst2000: bets $3
simper11: raises $3 to $6
Wurst2000: calls $3
*** TURN *** [As 7c Th] [Ac]
simper11: bets $6
Wurst2000: calls $6
*** RIVER *** [As 7c Th Ac] [Ks]
simper11: checks
Wurst2000: checks
*** SHOW DOWN ***
simper11: shows [7s 5d] (two pair, Aces and Sevens)
Wurst2000: shows [9c 7d] (two pair, Aces and Sevens)
simper11 collected $17.75 from pot
Wurst2000 collected $17.75 from pot
*** SUMMARY ***
Total pot $36 | Rake $0.50
Board [As 7c Th Ac Ks]
Seat 5: simper11 (big blind) showed [7s 5d] and won ($17.75) with two pair, Aces and Sevens
Seat 6: Wurst2000 (button) (small blind) showed [9c 7d] and won ($17.75) with two pair, Aces and Sevens


PokerStars Hand #158042237718:  Hold'em Limit ($3/$6 USD) - 2016/09/01 20:42:14 ET
Table 'Arabis' 10-max Seat #7 is the button
Seat 6: Wurst2000 ($109.58 in chips)
Seat 7: ToDaFelt ($204 in chips)
ToDaFelt: posts small blind $1
simper11: is sitting out
Wurst2000: posts big blind $3
*** HOLE CARDS ***
ToDaFelt: raises $3 to $6
Wurst2000: folds
Uncalled bet ($3) returned to ToDaFelt
ToDaFelt collected $6 from pot
ToDaFelt: doesn't show hand
*** SUMMARY ***
Total pot $6 | Rake $0
Seat 6: Wurst2000 (big blind) folded before Flop
Seat 7: ToDaFelt (button) (small blind) collected ($6)


PokerStars Hand #158042223513:  Hold'em Limit ($3/$6 USD) - 2016/09/01 20:41:40 ET
Table 'Arabis' 10-max Seat #5 is the button
Seat 5: simper11 ($176.75 in chips)
Seat 6: Wurst2000 ($106.94 in chips)
simper11: posts small blind $1
Wurst2000: posts big blind $3
*** HOLE CARDS ***
simper11: raises $3 to $6
Wurst2000: folds
Uncalled bet ($3) returned to simper11
simper11 collected $6 from pot
simper11: doesn't show hand
*** SUMMARY ***
Total pot $6 | Rake $0
Seat 5: simper11 (button) (small blind) collected ($6)
Seat 6: Wurst2000 (big blind) folded before Flop


PokerStars Hand #158042217957:  Hold'em Limit ($3/$6 USD) - 2016/09/01 20:41:30 ET
Table 'Arabis' 10-max Seat #5 is the button
Seat 5: simper11 ($176.75 in chips)
Seat 6: Wurst2000 ($106.94 in chips)
simper11: posts small blind $1
Wurst2000: posts big blind $3
*** HOLE CARDS ***
simper11: folds
Uncalled bet ($2) returned to Wurst2000
Wurst2000 collected $2 from pot
Wurst2000: doesn't show hand
*** SUMMARY ***
Total pot $2 | Rake $0
Seat 5: simper11 (button) (small blind) folded before Flop
Seat 6: Wurst2000 (big blind) collected ($2)


PokerStars Hand #158042216029:  Hold'em Limit ($3/$6 USD) - 2016/09/01 20:41:21 ET
Table 'Arabis' 10-max Seat #6 is the button
Seat 5: simper11 ($175.75 in chips)
Seat 6: Wurst2000 ($107.94 in chips)
Wurst2000: posts small blind $1
simper11: posts big blind $3
*** HOLE CARDS ***
Wurst2000: folds
Uncalled bet ($2) returned to simper11
simper11 collected $2 from pot
simper11: doesn't show hand
*** SUMMARY ***
Total pot $2 | Rake $0
Seat 5: simper11 (big blind) collected ($2)
Seat 6: Wurst2000 (button) (small blind) folded before Flop


PokerStars Hand #158042260268:  Hold'em Limit ($3/$6 USD) - 2016/09/01 20:43:08 ET
Table 'Arabis' 10-max Seat #6 is the button
Seat 6: Wurst2000 ($60.58 in chips)
Seat 7: ToDaFelt ($252 in chips)
Wurst2000: posts small blind $1
ToDaFelt: posts big blind $3
*** HOLE CARDS ***
Wurst2000: folds
Uncalled bet ($2) returned to ToDaFelt
ToDaFelt collected $2 from pot
ToDaFelt: doesn't show hand
*** SUMMARY ***
Total pot $2 | Rake $0
Seat 6: Wurst2000 (button) (small blind) folded before Flop
Seat 7: ToDaFelt (big blind) collected ($2)


PokerStars Hand #158042252667:  Hold'em Limit ($3/$6 USD) - 2016/09/01 20:42:50 ET
Table 'Arabis' 10-max Seat #7 is the button
Seat 6: Wurst2000 ($84.58 in chips)
Seat 7: ToDaFelt ($228.50 in chips)
ToDaFelt: posts small blind $1
Wurst2000: posts big blind $3
*** HOLE CARDS ***
ToDaFelt: raises $3 to $6
Wurst2000: calls $3
*** FLOP *** [9h Jh 3h]
Wurst2000: checks
ToDaFelt: bets $3
Wurst2000: raises $3 to $6
ToDaFelt: calls $3
*** TURN *** [9h Jh 3h] [8h]
Wurst2000: bets $6
ToDaFelt: calls $6
*** RIVER *** [9h Jh 3h 8h] [Qh]
Wurst2000: checks
ToDaFelt: bets $6
Wurst2000: calls $6
*** SHOW DOWN ***
ToDaFelt: shows [Ah Td] (a flush, Ace high)
Wurst2000: mucks hand
ToDaFelt collected $47.50 from pot
*** SUMMARY ***
Total pot $48 | Rake $0.50
Board [9h Jh 3h 8h Qh]
Seat 6: Wurst2000 (big blind) mucked
Seat 7: ToDaFelt (button) (small blind) showed [Ah Td] and won ($47.50) with a flush, Ace high


PokerStars Hand #158042250872:  Hold'em Limit ($3/$6 USD) - 2016/09/01 20:42:46 ET
Table 'Arabis' 10-max Seat #6 is the button
Seat 6: Wurst2000 ($85.58 in chips)
Seat 7: ToDaFelt ($227.50 in chips)
Wurst2000: posts small blind $1
ToDaFelt: posts big blind $3
*** HOLE CARDS ***
Wurst2000: folds
Uncalled bet ($2) returned to ToDaFelt
ToDaFelt collected $2 from pot
ToDaFelt: doesn't show hand
*** SUMMARY ***
Total pot $2 | Rake $0
Seat 6: Wurst2000 (button) (small blind) folded before Flop
Seat 7: ToDaFelt (big blind) collected ($2)


PokerStars Hand #158042247750:  Hold'em Limit ($3/$6 USD) - 2016/09/01 20:42:38 ET
Table 'Arabis' 10-max Seat #7 is the button
Seat 6: Wurst2000 ($88.58 in chips)
Seat 7: ToDaFelt ($224.50 in chips)
ToDaFelt: posts small blind $1
Wurst2000: posts big blind $3
*** HOLE CARDS ***
ToDaFelt: raises $3 to $6
Wurst2000: folds
Uncalled bet ($3) returned to ToDaFelt
ToDaFelt collected $6 from pot
ToDaFelt: doesn't show hand
*** SUMMARY ***
Total pot $6 | Rake $0
Seat 6: Wurst2000 (big blind) folded before Flop
Seat 7: ToDaFelt (button) (small blind) collected ($6)


PokerStars Hand #158042240456:  Hold'em Limit ($3/$6 USD) - 2016/09/01 20:42:21 ET
Table 'Arabis' 10-max Seat #6 is the button
Seat 6: Wurst2000 ($106.58 in chips)
Seat 7: ToDaFelt ($207 in chips)
Wurst2000: posts small blind $1
ToDaFelt: posts big blind $3
*** HOLE CARDS ***
Wurst2000: raises $3 to $6
ToDaFelt: raises $3 to $9
Wurst2000: calls $3
*** FLOP *** [Kh 4s 4h]
ToDaFelt: bets $3
Wurst2000: raises $3 to $6
ToDaFelt: raises $3 to $9
Wurst2000: calls $3
*** TURN *** [Kh 4s 4h] [Qs]
ToDaFelt: bets $6
Wurst2000: folds
Uncalled bet ($6) returned to ToDaFelt
ToDaFelt collected $35.50 from pot
ToDaFelt: doesn't show hand
*** SUMMARY ***
Total pot $36 | Rake $0.50
Board [Kh 4s 4h Qs]
Seat 6: Wurst2000 (button) (small blind) folded on the Turn
Seat 7: ToDaFelt (big blind) collected ($35.50)


PokerStars Hand #158042283056:  Hold'em Limit ($3/$6 USD) - 2016/09/01 20:44:03 ET
Table 'Arabis' 10-max Seat #6 is the button
Seat 6: Wurst2000 ($35.22 in chips)
Seat 7: ToDaFelt ($276.50 in chips)
Wurst2000: posts small blind $1
ToDaFelt: posts big blind $3
*** HOLE CARDS ***
Wurst2000: folds
Uncalled bet ($2) returned to ToDaFelt
ToDaFelt collected $2 from pot
ToDaFelt: doesn't show hand
*** SUMMARY ***
Total pot $2 | Rake $0
Seat 6: Wurst2000 (button) (small blind) folded before Flop
Seat 7: ToDaFelt (big blind) collected ($2)


PokerStars Hand #158042280279:  Hold'em Limit ($3/$6 USD) - 2016/09/01 20:43:56 ET
Table 'Arabis' 10-max Seat #7 is the button
Seat 6: Wurst2000 ($38.22 in chips)
Seat 7: ToDaFelt ($273.50 in chips)
ToDaFelt: posts small blind $1
Wurst2000: posts big blind $3
*** HOLE CARDS ***
ToDaFelt: raises $3 to $6
Wurst2000: folds
Uncalled bet ($3) returned to ToDaFelt
ToDaFelt collected $6 from pot
ToDaFelt: doesn't show hand
*** SUMMARY ***
Total pot $6 | Rake $0
Seat 6: Wurst2000 (big blind) folded before Flop
Seat 7: ToDaFelt (button) (small blind) collected ($6)


PokerStars Hand #158042271926:  Hold'em Limit ($3/$6 USD) - 2016/09/01 20:43:36 ET
Table 'Arabis' 10-max Seat #6 is the button
Seat 6: Wurst2000 ($29.58 in chips)
Seat 7: ToDaFelt ($282.50 in chips)
Wurst2000: posts small blind $1
ToDaFelt: posts big blind $3
*** HOLE CARDS ***
Wurst2000: raises $3 to $6
ToDaFelt: calls $3
*** FLOP *** [2h Kh 4c]
ToDaFelt: checks
Wurst2000: bets $3
ToDaFelt: calls $3
*** TURN *** [2h Kh 4c] [5c]
ToDaFelt: checks
Wurst2000: bets $6
ToDaFelt: folds
Uncalled bet ($6) returned to Wurst2000
Wurst2000 collected $17.64 from pot
Wurst2000: doesn't show hand
*** SUMMARY ***
Total pot $18 | Rake $0.36
Board [2h Kh 4c 5c]
Seat 6: Wurst2000 (button) (small blind) collected ($17.64)
Seat 7: ToDaFelt (big blind) folded on the Turn


PokerStars Hand #158042262234:  Hold'em Limit ($3/$6 USD) - 2016/09/01 20:43:13 ET
Table 'Arabis' 10-max Seat #7 is the button
Seat 6: Wurst2000 ($59.58 in chips)
Seat 7: ToDaFelt ($253 in chips)
ToDaFelt: posts small blind $1
Wurst2000: posts big blind $3
*** HOLE CARDS ***
ToDaFelt: raises $3 to $6
Wurst2000: raises $3 to $9
ToDaFelt: calls $3
*** FLOP *** [Qd Kd 7d]
Wurst2000: bets $3
ToDaFelt: calls $3
*** TURN *** [Qd Kd 7d] [9c]
Wurst2000: bets $6
ToDaFelt: raises $6 to $12
Wurst2000: calls $6
*** RIVER *** [Qd Kd 7d 9c] [3s]
Wurst2000: checks
ToDaFelt: bets $6
Wurst2000: calls $6
*** SHOW DOWN ***
ToDaFelt: shows [7c 9d] (two pair, Nines and Sevens)
Wurst2000: mucks hand
ToDaFelt collected $59.50 from pot
*** SUMMARY ***
Total pot $60 | Rake $0.50
Board [Qd Kd 7d 9c 3s]
Seat 6: Wurst2000 (big blind) mucked
Seat 7: ToDaFelt (button) (small blind) showed [7c 9d] and won ($59.50) with two pair, Nines and Sevens


PokerStars Hand #158042306316:  Hold'em Limit ($3/$6 USD) - 2016/09/01 20:44:58 ET
Table 'Arabis' 10-max Seat #6 is the button
Seat 6: Wurst2000 ($18.22 in chips)
Seat 7: ToDaFelt ($292.90 in chips)
Wurst2000: posts small blind $1
ToDaFelt: posts big blind $3
*** HOLE CARDS ***
Wurst2000: raises $3 to $6
ToDaFelt: folds
Uncalled bet ($3) returned to Wurst2000
Wurst2000 collected $6 from pot
Wurst2000: doesn't show hand
*** SUMMARY ***
Total pot $6 | Rake $0
Seat 6: Wurst2000 (button) (small blind) collected ($6)
Seat 7: ToDaFelt (big blind) folded before Flop


PokerStars Hand #158042296101:  Hold'em Limit ($3/$6 USD) - 2016/09/01 20:44:33 ET
Table 'Arabis' 10-max Seat #7 is the button
Seat 6: Wurst2000 ($27.22 in chips)
Seat 7: ToDaFelt ($284.26 in chips)
ToDaFelt: posts small blind $1
Wurst2000: posts big blind $3
*** HOLE CARDS ***
ToDaFelt: raises $3 to $6
Wurst2000: calls $3
*** FLOP *** [4s 2h Jd]
Wurst2000: checks
ToDaFelt: bets $3
Wurst2000: calls $3
*** TURN *** [4s 2h Jd] [4c]
Wurst2000: checks
ToDaFelt: bets $6
Wurst2000: folds
Uncalled bet ($6) returned to ToDaFelt
ToDaFelt collected $17.64 from pot
ToDaFelt: doesn't show hand
*** SUMMARY ***
Total pot $18 | Rake $0.36
Board [4s 2h Jd 4c]
Seat 6: Wurst2000 (big blind) folded on the Turn
Seat 7: ToDaFelt (button) (small blind) collected ($17.64)


PokerStars Hand #158042294147:  Hold'em Limit ($3/$6 USD) - 2016/09/01 20:44:29 ET
Table 'Arabis' 10-max Seat #6 is the button
Seat 6: Wurst2000 ($28.22 in chips)
Seat 7: ToDaFelt ($283.26 in chips)
Wurst2000: posts small blind $1
ToDaFelt: posts big blind $3
*** HOLE CARDS ***
Wurst2000: folds
Uncalled bet ($2) returned to ToDaFelt
ToDaFelt collected $2 from pot
ToDaFelt: doesn't show hand
*** SUMMARY ***
Total pot $2 | Rake $0
Seat 6: Wurst2000 (button) (small blind) folded before Flop
Seat 7: ToDaFelt (big blind) collected ($2)


PokerStars Hand #158042285963:  Hold'em Limit ($3/$6 USD) - 2016/09/01 20:44:09 ET
Table 'Arabis' 10-max Seat #7 is the button
Seat 6: Wurst2000 ($34.22 in chips)
Seat 7: ToDaFelt ($277.50 in chips)
ToDaFelt: posts small blind $1
Wurst2000: posts big blind $3
*** HOLE CARDS ***
ToDaFelt: raises $3 to $6
Wurst2000: calls $3
*** FLOP *** [3s Jh Qs]
Wurst2000: checks
ToDaFelt: checks
*** TURN *** [3s Jh Qs] [2s]
Wurst2000: checks
ToDaFelt: bets $6
Wurst2000: folds
Uncalled bet ($6) returned to ToDaFelt
ToDaFelt collected $11.76 from pot
ToDaFelt: doesn't show hand
*** SUMMARY ***
Total pot $12 | Rake $0.24
Board [3s Jh Qs 2s]
Seat 6: Wurst2000 (big blind) folded on the Turn
Seat 7: ToDaFelt (button) (small blind) collected ($11.76)


PokerStars Hand #158042312059:  Hold'em Limit ($3/$6 USD) - 2016/09/01 20:45:12 ET
Table 'Arabis' 10-max Seat #6 is the button
Seat 6: Wurst2000 ($18.22 in chips)
Seat 7: ToDaFelt ($292.90 in chips)
Wurst2000: posts small blind $1
ToDaFelt: posts big blind $3
*** HOLE CARDS ***
Wurst2000: raises $3 to $6
ToDaFelt: raises $3 to $9
Wurst2000: calls $3
*** FLOP *** [Qs Ac Qh]
ToDaFelt: bets $3
Wurst2000: calls $3
*** TURN *** [Qs Ac Qh] [9d]
ToDaFelt: checks
Wurst2000: bets $6
ToDaFelt: calls $6
*** RIVER *** [Qs Ac Qh 9d] [5c]
ToDaFelt: checks
Wurst2000: bets $0.22 and is all-in
ToDaFelt: calls $0.22
*** SHOW DOWN ***
Wurst2000: shows [2d Ah] (two pair, Aces and Queens)
ToDaFelt: shows [Kc Js] (a pair of Queens)
Wurst2000 collected $35.94 from pot
*** SUMMARY ***
Total pot $36.44 | Rake $0.50
Board [Qs Ac Qh 9d 5c]
Seat 6: Wurst2000 (button) (small blind) showed [2d Ah] and won ($35.94) with two pair, Aces and Queens
Seat 7: ToDaFelt (big blind) showed [Kc Js] and lost with a pair of Queens


PokerStars Hand #158042322752:  Hold'em Limit ($3/$6 USD) - 2016/09/01 20:45:37 ET
Table 'Arabis' 10-max Seat #7 is the button
Seat 6: Wurst2000 ($35.94 in chips)
Seat 7: ToDaFelt ($274.68 in chips)
ToDaFelt: posts small blind $1
Wurst2000: posts big blind $3
*** HOLE CARDS ***
ToDaFelt: raises $3 to $6
Wurst2000: calls $3
*** FLOP *** [4d 3h As]
Wurst2000: checks
ToDaFelt: bets $3
Wurst2000: folds
Uncalled bet ($3) returned to ToDaFelt
ToDaFelt collected $11.76 from pot
ToDaFelt: doesn't show hand
*** SUMMARY ***
Total pot $12 | Rake $0.24
Board [4d 3h As]
Seat 6: Wurst2000 (big blind) folded on the Flop
Seat 7: ToDaFelt (button) (small blind) collected ($11.76)


PokerStars Hand #158042410236:  Hold'em Limit ($3/$6 USD) - 2016/09/01 20:49:07 ET
Table 'Arabis' 10-max Seat #6 is the button
Seat 5: simper11 ($140.26 in chips)
Seat 6: Wurst2000 ($125.50 in chips)
Wurst2000: posts small blind $1
simper11: posts big blind $3
*** HOLE CARDS ***
Wurst2000: folds
Uncalled bet ($2) returned to simper11
simper11 collected $2 from pot
simper11: doesn't show hand
*** SUMMARY ***
Total pot $2 | Rake $0
Seat 5: simper11 (big blind) collected ($2)
Seat 6: Wurst2000 (button) (small blind) folded before Flop


PokerStars Hand #158042412391:  Hold'em Limit ($3/$6 USD) - 2016/09/01 20:49:13 ET
Table 'Arabis' 10-max Seat #5 is the button
Seat 5: simper11 ($141.26 in chips)
Seat 6: Wurst2000 ($124.50 in chips)
simper11: posts small blind $1
Wurst2000: posts big blind $3
*** HOLE CARDS ***
simper11: raises $3 to $6
Wurst2000: calls $3
*** FLOP *** [8d 5d Qd]
Wurst2000: checks
simper11: bets $3
Wurst2000: raises $3 to $6
simper11: calls $3
*** TURN *** [8d 5d Qd] [4s]
Wurst2000: bets $6
simper11: calls $6
*** RIVER *** [8d 5d Qd 4s] [As]
Wurst2000: bets $6
simper11: folds
Uncalled bet ($6) returned to Wurst2000
Wurst2000 collected $35.50 from pot
Wurst2000: doesn't show hand
*** SUMMARY ***
Total pot $36 | Rake $0.50
Board [8d 5d Qd 4s As]
Seat 5: simper11 (button) (small blind) folded on the River
Seat 6: Wurst2000 (big blind) collected ($35.50)


PokerStars Hand #158042437896:  Hold'em Limit ($3/$6 USD) - 2016/09/01 20:50:15 ET
Table 'Arabis' 10-max Seat #5 is the button
Seat 5: simper11 ($149.18 in chips)
Seat 6: Wurst2000 ($115 in chips)
simper11: posts small blind $1
Wurst2000: posts big blind $3
*** HOLE CARDS ***
simper11: raises $3 to $6
Wurst2000: calls $3
*** FLOP *** [4c 4s Jh]
Wurst2000: checks
simper11: bets $3
Wurst2000: calls $3
*** TURN *** [4c 4s Jh] [Js]
Wurst2000: checks
simper11: checks
*** RIVER *** [4c 4s Jh Js] [8c]
Wurst2000: bets $6
simper11: calls $6
*** SHOW DOWN ***
Wurst2000: shows [7s 8h] (two pair, Jacks and Eights)
simper11: mucks hand
Wurst2000 collected $29.50 from pot
*** SUMMARY ***
Total pot $30 | Rake $0.50
Board [4c 4s Jh Js 8c]
Seat 5: simper11 (button) (small blind) mucked
Seat 6: Wurst2000 (big blind) showed [7s 8h] and won ($29.50) with two pair, Jacks and Eights


PokerStars Hand #158042432784:  Hold'em Limit ($3/$6 USD) - 2016/09/01 20:50:02 ET
Table 'Arabis' 10-max Seat #6 is the button
Seat 5: simper11 ($140.54 in chips)
Seat 6: Wurst2000 ($124 in chips)
Wurst2000: posts small blind $1
simper11: posts big blind $3
*** HOLE CARDS ***
Wurst2000: raises $3 to $6
simper11: calls $3
*** FLOP *** [Ah 3s Jd]
simper11: checks
Wurst2000: bets $3
simper11: raises $3 to $6
Wurst2000: folds
Uncalled bet ($3) returned to simper11
simper11 collected $17.64 from pot
simper11: doesn't show hand
*** SUMMARY ***
Total pot $18 | Rake $0.36
Board [Ah 3s Jd]
Seat 5: simper11 (big blind) collected ($17.64)
Seat 6: Wurst2000 (button) (small blind) folded on the Flop


PokerStars Hand #158042427901:  Hold'em Limit ($3/$6 USD) - 2016/09/01 20:49:50 ET
Table 'Arabis' 10-max Seat #5 is the button
Seat 5: simper11 ($134.78 in chips)
Seat 6: Wurst2000 ($130 in chips)
simper11: posts small blind $1
Wurst2000: posts big blind $3
*** HOLE CARDS ***
simper11: raises $3 to $6
Wurst2000: calls $3
*** FLOP *** [Td 7d Ks]
Wurst2000: checks
simper11: bets $3
Wurst2000: folds
Uncalled bet ($3) returned to simper11
simper11 collected $11.76 from pot
simper11: doesn't show hand
*** SUMMARY ***
Total pot $12 | Rake $0.24
Board [Td 7d Ks]
Seat 5: simper11 (button) (small blind) collected ($11.76)
Seat 6: Wurst2000 (big blind) folded on the Flop


PokerStars Hand #158042421160:  Hold'em Limit ($3/$6 USD) - 2016/09/01 20:49:34 ET
Table 'Arabis' 10-max Seat #6 is the button
Seat 5: simper11 ($123.26 in chips)
Seat 6: Wurst2000 ($142 in chips)
Wurst2000: posts small blind $1
simper11: posts big blind $3
*** HOLE CARDS ***
Wurst2000: raises $3 to $6
simper11: calls $3
*** FLOP *** [7c 6d Ah]
simper11: checks
Wurst2000: bets $3
simper11: raises $3 to $6
Wurst2000: calls $3
*** TURN *** [7c 6d Ah] [2d]
simper11: bets $6
Wurst2000: folds
Uncalled bet ($6) returned to simper11
simper11 collected $23.52 from pot
simper11: doesn't show hand
*** SUMMARY ***
Total pot $24 | Rake $0.48
Board [7c 6d Ah 2d]
Seat 5: simper11 (big blind) collected ($23.52)
Seat 6: Wurst2000 (button) (small blind) folded on the Turn


PokerStars Hand #158042464595:  Hold'em Limit ($3/$6 USD) - 2016/09/01 20:51:20 ET
Table 'Arabis' 10-max Seat #6 is the button
Seat 5: simper11 ($143.50 in chips)
Seat 6: Wurst2000 ($135 in chips)
Wurst2000: posts small blind $1
simper11: posts big blind $3
*** HOLE CARDS ***
Wurst2000: folds
Uncalled bet ($2) returned to simper11
simper11 collected $2 from pot
simper11: doesn't show hand
*** SUMMARY ***
Total pot $2 | Rake $0
Seat 5: simper11 (big blind) collected ($2)
Seat 6: Wurst2000 (button) (small blind) folded before Flop


PokerStars Hand #158042456986:  Hold'em Limit ($3/$6 USD) - 2016/09/01 20:51:01 ET
Table 'Arabis' 10-max Seat #5 is the button
Seat 5: simper11 ($120 in chips)
Seat 6: Wurst2000 ($159 in chips)
simper11: posts small blind $1
Wurst2000: posts big blind $3
*** HOLE CARDS ***
simper11: raises $3 to $6
Wurst2000: raises $3 to $9
simper11: calls $3
*** FLOP *** [6h Qc 4h]
Wurst2000: bets $3
simper11: calls $3
*** TURN *** [6h Qc 4h] [4c]
Wurst2000: bets $6
simper11: calls $6
*** RIVER *** [6h Qc 4h 4c] [9h]
Wurst2000: checks
simper11: bets $6
Wurst2000: calls $6
*** SHOW DOWN ***
simper11: shows [6d 9s] (two pair, Nines and Sixes)
Wurst2000: mucks hand
simper11 collected $47.50 from pot
*** SUMMARY ***
Total pot $48 | Rake $0.50
Board [6h Qc 4h 4c 9h]
Seat 5: simper11 (button) (small blind) showed [6d 9s] and won ($47.50) with two pair, Nines and Sixes
Seat 6: Wurst2000 (big blind) mucked


PokerStars Hand #158042446992:  Hold'em Limit ($3/$6 USD) - 2016/09/01 20:50:37 ET
Table 'Arabis' 10-max Seat #6 is the button
Seat 5: simper11 ($134.18 in chips)
Seat 6: Wurst2000 ($129.50 in chips)
Wurst2000: posts small blind $1
simper11: posts big blind $3
*** HOLE CARDS ***
Wurst2000: raises $3 to $6
simper11: calls $3
*** FLOP *** [3d 7s 4d]
simper11: checks
Wurst2000: bets $3
simper11: raises $3 to $6
Wurst2000: calls $3
*** TURN *** [3d 7s 4d] [Jh]
simper11: bets $6
Wurst2000: raises $6 to $12
simper11: calls $6
*** RIVER *** [3d 7s 4d Jh] [4c]
simper11: checks
Wurst2000: bets $6
simper11: calls $6
*** SHOW DOWN ***
Wurst2000: shows [5c 6s] (a straight, Three to Seven)
simper11: mucks hand
Wurst2000 collected $59.50 from pot
*** SUMMARY ***
Total pot $60 | Rake $0.50
Board [3d 7s 4d Jh 4c]
Seat 5: simper11 (big blind) mucked
Seat 6: Wurst2000 (button) (small blind) showed [5c 6s] and won ($59.50) with a straight, Three to Seven


PokerStars Hand #158042492592:  Hold'em Limit ($3/$6 USD) - 2016/09/01 20:52:27 ET
Table 'Arabis' 10-max Seat #6 is the button
Seat 5: simper11 ($167.64 in chips)
Seat 6: Wurst2000 ($109.76 in chips)
Wurst2000: posts small blind $1
simper11: posts big blind $3
*** HOLE CARDS ***
Wurst2000: raises $3 to $6
simper11: raises $3 to $9
Wurst2000: calls $3
*** FLOP *** [6h 9d 8c]
simper11: bets $3
Wurst2000: calls $3
*** TURN *** [6h 9d 8c] [5d]
simper11: bets $6
Wurst2000: calls $6
*** RIVER *** [6h 9d 8c 5d] [Js]
simper11: bets $6
Wurst2000: calls $6
*** SHOW DOWN ***
simper11: shows [Qs Jc] (a pair of Jacks)
Wurst2000: mucks hand
simper11 collected $47.50 from pot
*** SUMMARY ***
Total pot $48 | Rake $0.50
Board [6h 9d 8c 5d Js]
Seat 5: simper11 (big blind) showed [Qs Jc] and won ($47.50) with a pair of Jacks
Seat 6: Wurst2000 (button) (small blind) mucked


PokerStars Hand #158042484724:  Hold'em Limit ($3/$6 USD) - 2016/09/01 20:52:08 ET
Table 'Arabis' 10-max Seat #5 is the button
Seat 5: simper11 ($173.64 in chips)
Seat 6: Wurst2000 ($104 in chips)
simper11: posts small blind $1
Wurst2000: posts big blind $3
*** HOLE CARDS ***
simper11: raises $3 to $6
Wurst2000: calls $3
*** FLOP *** [6h 6s 9c]
Wurst2000: checks
simper11: checks
*** TURN *** [6h 6s 9c] [Kh]
Wurst2000: checks
simper11: checks
*** RIVER *** [6h 6s 9c Kh] [Ah]
Wurst2000: bets $6
simper11: folds
Uncalled bet ($6) returned to Wurst2000
Wurst2000 collected $11.76 from pot
Wurst2000: doesn't show hand
*** SUMMARY ***
Total pot $12 | Rake $0.24
Board [6h 6s 9c Kh Ah]
Seat 5: simper11 (button) (small blind) folded on the River
Seat 6: Wurst2000 (big blind) collected ($11.76)


PokerStars Hand #158042479562:  Hold'em Limit ($3/$6 USD) - 2016/09/01 20:51:55 ET
Table 'Arabis' 10-max Seat #6 is the button
Seat 5: simper11 ($165 in chips)
Seat 6: Wurst2000 ($113 in chips)
Wurst2000: posts small blind $1
simper11: posts big blind $3
*** HOLE CARDS ***
Wurst2000: raises $3 to $6
simper11: raises $3 to $9
Wurst2000: calls $3
*** FLOP *** [Qs Qh As]
simper11: bets $3
Wurst2000: folds
Uncalled bet ($3) returned to simper11
simper11 collected $17.64 from pot
simper11: doesn't show hand
*** SUMMARY ***
Total pot $18 | Rake $0.36
Board [Qs Qh As]
Seat 5: simper11 (big blind) collected ($17.64)
Seat 6: Wurst2000 (button) (small blind) folded on the Flop


PokerStars Hand #158042467050:  Hold'em Limit ($3/$6 USD) - 2016/09/01 20:51:25 ET
Table 'Arabis' 10-max Seat #5 is the button
Seat 5: simper11 ($144.50 in chips)
Seat 6: Wurst2000 ($134 in chips)
simper11: posts small blind $1
Wurst2000: posts big blind $3
*** HOLE CARDS ***
simper11: raises $3 to $6
Wurst2000: calls $3
*** FLOP *** [6d Qs 9s]
Wurst2000: checks
simper11: bets $3
Wurst2000: calls $3
*** TURN *** [6d Qs 9s] [Jh]
Wurst2000: checks
simper11: bets $6
Wurst2000: calls $6
*** RIVER *** [6d Qs 9s Jh] [3s]
Wurst2000: checks
simper11: bets $6
Wurst2000: calls $6
*** SHOW DOWN ***
simper11: shows [Th Kd] (a straight, Nine to King)
Wurst2000: mucks hand
simper11 collected $41.50 from pot
*** SUMMARY ***
Total pot $42 | Rake $0.50
Board [6d Qs 9s Jh 3s]
Seat 5: simper11 (button) (small blind) showed [Th Kd] and won ($41.50) with a straight, Nine to King
Seat 6: Wurst2000 (big blind) mucked


PokerStars Hand #158042522461:  Hold'em Limit ($3/$6 USD) - 2016/09/01 20:53:39 ET
Table 'Arabis' 10-max Seat #6 is the button
Seat 5: simper11 ($180.78 in chips)
Seat 6: Wurst2000 ($94.92 in chips)
Wurst2000: posts small blind $1
simper11: posts big blind $3
*** HOLE CARDS ***
Wurst2000: raises $3 to $6
simper11: calls $3
*** FLOP *** [Ks Ac 3h]
simper11: checks
Wurst2000: bets $3
simper11: folds
Uncalled bet ($3) returned to Wurst2000
Wurst2000 collected $11.76 from pot
Wurst2000: doesn't show hand
*** SUMMARY ***
Total pot $12 | Rake $0.24
Board [Ks Ac 3h]
Seat 5: simper11 (big blind) folded on the Flop
Seat 6: Wurst2000 (button) (small blind) collected ($11.76)


PokerStars Hand #158042516121:  Hold'em Limit ($3/$6 USD) - 2016/09/01 20:53:24 ET
Table 'Arabis' 10-max Seat #5 is the button
Seat 5: simper11 ($189.78 in chips)
Seat 6: Wurst2000 ($86.28 in chips)
simper11: posts small blind $1
Wurst2000: posts big blind $3
*** HOLE CARDS ***
simper11: raises $3 to $6
Wurst2000: calls $3
*** FLOP *** [As 9h 3c]
Wurst2000: checks
simper11: bets $3
Wurst2000: calls $3
*** TURN *** [As 9h 3c] [3d]
Wurst2000: checks
simper11: checks
*** RIVER *** [As 9h 3c 3d] [Td]
Wurst2000: checks
simper11: checks
*** SHOW DOWN ***
Wurst2000: shows [4h 4d] (two pair, Fours and Threes)
simper11: mucks hand
Wurst2000 collected $17.64 from pot
*** SUMMARY ***
Total pot $18 | Rake $0.36
Board [As 9h 3c 3d Td]
Seat 5: simper11 (button) (small blind) mucked
Seat 6: Wurst2000 (big blind) showed [4h 4d] and won ($17.64) with two pair, Fours and Threes


PokerStars Hand #158042513838:  Hold'em Limit ($3/$6 USD) - 2016/09/01 20:53:19 ET
Table 'Arabis' 10-max Seat #6 is the button
Seat 5: simper11 ($188.78 in chips)
Seat 6: Wurst2000 ($87.28 in chips)
Wurst2000: posts small blind $1
simper11: posts big blind $3
*** HOLE CARDS ***
Wurst2000: folds
Uncalled bet ($2) returned to simper11
simper11 collected $2 from pot
simper11: doesn't show hand
*** SUMMARY ***
Total pot $2 | Rake $0
Seat 5: simper11 (big blind) collected ($2)
Seat 6: Wurst2000 (button) (small blind) folded before Flop


PokerStars Hand #158042506469:  Hold'em Limit ($3/$6 USD) - 2016/09/01 20:53:01 ET
Table 'Arabis' 10-max Seat #5 is the button
Seat 5: simper11 ($180.14 in chips)
Seat 6: Wurst2000 ($96.28 in chips)
simper11: posts small blind $1
Wurst2000: posts big blind $3
*** HOLE CARDS ***
simper11: raises $3 to $6
Wurst2000: calls $3
*** FLOP *** [6h Kh 7c]
Wurst2000: checks
simper11: bets $3
Wurst2000: calls $3
*** TURN *** [6h Kh 7c] [7d]
Wurst2000: checks
simper11: checks
*** RIVER *** [6h Kh 7c 7d] [Ac]
Wurst2000: checks
simper11: bets $6
Wurst2000: folds
Uncalled bet ($6) returned to simper11
simper11 collected $17.64 from pot
simper11: doesn't show hand
*** SUMMARY ***
Total pot $18 | Rake $0.36
Board [6h Kh 7c 7d Ac]
Seat 5: simper11 (button) (small blind) collected ($17.64)
Seat 6: Wurst2000 (big blind) folded on the River


PokerStars Hand #158042504196:  Hold'em Limit ($3/$6 USD) - 2016/09/01 20:52:55 ET
Table 'Arabis' 10-max Seat #6 is the button
Seat 5: simper11 ($179.14 in chips)
Seat 6: Wurst2000 ($97.28 in chips)
Wurst2000: posts small blind $1
simper11: posts big blind $3
*** HOLE CARDS ***
Wurst2000: folds
Uncalled bet ($2) returned to simper11
simper11 collected $2 from pot
simper11: doesn't show hand
*** SUMMARY ***
Total pot $2 | Rake $0
Seat 5: simper11 (big blind) collected ($2)
Seat 6: Wurst2000 (button) (small blind) folded before Flop


PokerStars Hand #158042499343:  Hold'em Limit ($3/$6 USD) - 2016/09/01 20:52:43 ET
Table 'Arabis' 10-max Seat #5 is the button
Seat 5: simper11 ($191.14 in chips)
Seat 6: Wurst2000 ($85.76 in chips)
simper11: posts small blind $1
Wurst2000: posts big blind $3
*** HOLE CARDS ***
simper11: raises $3 to $6
Wurst2000: calls $3
*** FLOP *** [2d 2h 3h]
Wurst2000: checks
simper11: bets $3
Wurst2000: raises $3 to $6
simper11: calls $3
*** TURN *** [2d 2h 3h] [7h]
Wurst2000: bets $6
simper11: folds
Uncalled bet ($6) returned to Wurst2000
Wurst2000 collected $23.52 from pot
Wurst2000: doesn't show hand
*** SUMMARY ***
Total pot $24 | Rake $0.48
Board [2d 2h 3h 7h]
Seat 5: simper11 (button) (small blind) folded on the Turn
Seat 6: Wurst2000 (big blind) collected ($23.52)


PokerStars Hand #158042541044:  Hold'em Limit ($3/$6 USD) - 2016/09/01 20:54:24 ET
Table 'Arabis' 10-max Seat #6 is the button
Seat 5: simper11 ($181.78 in chips)
Seat 6: Wurst2000 ($93.68 in chips)
Wurst2000: posts small blind $1
simper11: posts big blind $3
*** HOLE CARDS ***
Wurst2000: raises $3 to $6
simper11: raises $3 to $9
Wurst2000: calls $3
*** FLOP *** [5c 4h 7d]
simper11: bets $3
Wurst2000: calls $3
*** TURN *** [5c 4h 7d] [4d]
simper11: bets $6
Wurst2000: calls $6
*** RIVER *** [5c 4h 7d 4d] [7h]
simper11: checks
Wurst2000: checks
*** SHOW DOWN ***
simper11: shows [Jd Qh] (two pair, Sevens and Fours)
Wurst2000: shows [6s Qc] (two pair, Sevens and Fours)
simper11 collected $17.75 from pot
Wurst2000 collected $17.75 from pot
*** SUMMARY ***
Total pot $36 | Rake $0.50
Board [5c 4h 7d 4d 7h]
Seat 5: simper11 (big blind) showed [Jd Qh] and won ($17.75) with two pair, Sevens and Fours
Seat 6: Wurst2000 (button) (small blind) showed [6s Qc] and won ($17.75) with two pair, Sevens and Fours


PokerStars Hand #158042539084:  Hold'em Limit ($3/$6 USD) - 2016/09/01 20:54:20 ET
Table 'Arabis' 10-max Seat #5 is the button
Seat 5: simper11 ($182.78 in chips)
Seat 6: Wurst2000 ($92.68 in chips)
simper11: posts small blind $1
Wurst2000: posts big blind $3
*** HOLE CARDS ***
simper11: folds
Uncalled bet ($2) returned to Wurst2000
Wurst2000 collected $2 from pot
Wurst2000: doesn't show hand
*** SUMMARY ***
Total pot $2 | Rake $0
Seat 5: simper11 (button) (small blind) folded before Flop
Seat 6: Wurst2000 (big blind) collected ($2)


PokerStars Hand #158042534258:  Hold'em Limit ($3/$6 USD) - 2016/09/01 20:54:08 ET
Table 'Arabis' 10-max Seat #6 is the button
Seat 5: simper11 ($181.78 in chips)
Seat 6: Wurst2000 ($93.68 in chips)
Wurst2000: posts small blind $1
simper11: posts big blind $3
*** HOLE CARDS ***
Wurst2000: folds
Uncalled bet ($2) returned to simper11
simper11 collected $2 from pot
simper11: doesn't show hand
*** SUMMARY ***
Total pot $2 | Rake $0
Seat 5: simper11 (big blind) collected ($2)
Seat 6: Wurst2000 (button) (small blind) folded before Flop


PokerStars Hand #158042531704:  Hold'em Limit ($3/$6 USD) - 2016/09/01 20:54:02 ET
Table 'Arabis' 10-max Seat #5 is the button
Seat 5: simper11 ($178.78 in chips)
Seat 6: Wurst2000 ($96.68 in chips)
simper11: posts small blind $1
Wurst2000: posts big blind $3
*** HOLE CARDS ***
simper11: raises $3 to $6
Wurst2000: folds
Uncalled bet ($3) returned to simper11
simper11 collected $6 from pot
simper11: doesn't show hand
*** SUMMARY ***
Total pot $6 | Rake $0
Seat 5: simper11 (button) (small blind) collected ($6)
Seat 6: Wurst2000 (big blind) folded before Flop


PokerStars Hand #158042529169:  Hold'em Limit ($3/$6 USD) - 2016/09/01 20:53:55 ET
Table 'Arabis' 10-max Seat #6 is the button
Seat 5: simper11 ($177.78 in chips)
Seat 6: Wurst2000 ($97.68 in chips)
Wurst2000: posts small blind $1
simper11: posts big blind $3
*** HOLE CARDS ***
Wurst2000: folds
Uncalled bet ($2) returned to simper11
simper11 collected $2 from pot
simper11: doesn't show hand
*** SUMMARY ***
Total pot $2 | Rake $0
Seat 5: simper11 (big blind) collected ($2)
Seat 6: Wurst2000 (button) (small blind) folded before Flop


PokerStars Hand #158042526447:  Hold'em Limit ($3/$6 USD) - 2016/09/01 20:53:49 ET
Table 'Arabis' 10-max Seat #5 is the button
Seat 5: simper11 ($174.78 in chips)
Seat 6: Wurst2000 ($100.68 in chips)
simper11: posts small blind $1
Wurst2000: posts big blind $3
*** HOLE CARDS ***
simper11: raises $3 to $6
Wurst2000: folds
Uncalled bet ($3) returned to simper11
simper11 collected $6 from pot
simper11: doesn't show hand
*** SUMMARY ***
Total pot $6 | Rake $0
Seat 5: simper11 (button) (small blind) collected ($6)
Seat 6: Wurst2000 (big blind) folded before Flop


PokerStars Hand #158042570120:  Hold'em Limit ($3/$6 USD) - 2016/09/01 20:55:41 ET
Table 'Arabis' 10-max Seat #6 is the button
Seat 5: simper11 ($143.53 in chips)
Seat 6: Wurst2000 ($130.43 in chips)
Wurst2000: posts small blind $1
simper11: posts big blind $3
*** HOLE CARDS ***
Wurst2000: folds
Uncalled bet ($2) returned to simper11
simper11 collected $2 from pot
simper11: doesn't show hand
*** SUMMARY ***
Total pot $2 | Rake $0
Seat 5: simper11 (big blind) collected ($2)
Seat 6: Wurst2000 (button) (small blind) folded before Flop


PokerStars Hand #158042568134:  Hold'em Limit ($3/$6 USD) - 2016/09/01 20:55:35 ET
Table 'Arabis' 10-max Seat #5 is the button
Seat 5: simper11 ($140.53 in chips)
Seat 6: Wurst2000 ($133.43 in chips)
simper11: posts small blind $1
Wurst2000: posts big blind $3
*** HOLE CARDS ***
simper11: raises $3 to $6
Wurst2000: folds
Uncalled bet ($3) returned to simper11
simper11 collected $6 from pot
simper11: doesn't show hand
*** SUMMARY ***
Total pot $6 | Rake $0
Seat 5: simper11 (button) (small blind) collected ($6)
Seat 6: Wurst2000 (big blind) folded before Flop


PokerStars Hand #158042565791:  Hold'em Limit ($3/$6 USD) - 2016/09/01 20:55:28 ET
Table 'Arabis' 10-max Seat #6 is the button
Seat 5: simper11 ($143.53 in chips)
Seat 6: Wurst2000 ($130.43 in chips)
Wurst2000: posts small blind $1
simper11: posts big blind $3
*** HOLE CARDS ***
Wurst2000: raises $3 to $6
simper11: folds
Uncalled bet ($3) returned to Wurst2000
Wurst2000 collected $6 from pot
Wurst2000: doesn't show hand
*** SUMMARY ***
Total pot $6 | Rake $0
Seat 5: simper11 (big blind) folded before Flop
Seat 6: Wurst2000 (button) (small blind) collected ($6)


PokerStars Hand #158042558722:  Hold'em Limit ($3/$6 USD) - 2016/09/01 20:55:08 ET
Table 'Arabis' 10-max Seat #5 is the button
Seat 5: simper11 ($158.53 in chips)
Seat 6: Wurst2000 ($115.93 in chips)
simper11: posts small blind $1
Wurst2000: posts big blind $3
*** HOLE CARDS ***
simper11: raises $3 to $6
Wurst2000: calls $3
*** FLOP *** [6c 2h Kc]
Wurst2000: checks
simper11: bets $3
Wurst2000: calls $3
*** TURN *** [6c 2h Kc] [Ac]
Wurst2000: checks
simper11: bets $6
Wurst2000: calls $6
*** RIVER *** [6c 2h Kc Ac] [Jh]
Wurst2000: checks
simper11: checks
*** SHOW DOWN ***
Wurst2000: shows [4c Ks] (a pair of Kings)
simper11: mucks hand
Wurst2000 collected $29.50 from pot
*** SUMMARY ***
Total pot $30 | Rake $0.50
Board [6c 2h Kc Ac Jh]
Seat 5: simper11 (button) (small blind) mucked
Seat 6: Wurst2000 (big blind) showed [4c Ks] and won ($29.50) with a pair of Kings


PokerStars Hand #158042555950:  Hold'em Limit ($3/$6 USD) - 2016/09/01 20:55:01 ET
Table 'Arabis' 10-max Seat #6 is the button
Seat 5: simper11 ($157.53 in chips)
Seat 6: Wurst2000 ($116.93 in chips)
Wurst2000: posts small blind $1
simper11: posts big blind $3
*** HOLE CARDS ***
Wurst2000: folds
Uncalled bet ($2) returned to simper11
simper11 collected $2 from pot
simper11: doesn't show hand
*** SUMMARY ***
Total pot $2 | Rake $0
Seat 5: simper11 (big blind) collected ($2)
Seat 6: Wurst2000 (button) (small blind) folded before Flop


PokerStars Hand #158042547954:  Hold'em Limit ($3/$6 USD) - 2016/09/01 20:54:41 ET
Table 'Arabis' 10-max Seat #5 is the button
Seat 5: simper11 ($181.53 in chips)
Seat 6: Wurst2000 ($93.43 in chips)
simper11: posts small blind $1
Wurst2000: posts big blind $3
*** HOLE CARDS ***
simper11: raises $3 to $6
Wurst2000: calls $3
*** FLOP *** [4h 5s Qc]
Wurst2000: checks
simper11: bets $3
Wurst2000: raises $3 to $6
simper11: calls $3
*** TURN *** [4h 5s Qc] [Ks]
Wurst2000: bets $6
simper11: calls $6
*** RIVER *** [4h 5s Qc Ks] [7s]
Wurst2000: bets $6
simper11: calls $6
*** SHOW DOWN ***
Wurst2000: shows [4d Qs] (two pair, Queens and Fours)
simper11: mucks hand
Wurst2000 collected $47.50 from pot
*** SUMMARY ***
Total pot $48 | Rake $0.50
Board [4h 5s Qc Ks 7s]
Seat 5: simper11 (button) (small blind) mucked
Seat 6: Wurst2000 (big blind) showed [4d Qs] and won ($47.50) with two pair, Queens and Fours


PokerStars Hand #158042582698:  Hold'em Limit ($3/$6 USD) - 2016/09/01 20:56:17 ET
Table 'Arabis' 10-max Seat #5 is the button
Seat 5: simper11 ($135.29 in chips)
Seat 6: Wurst2000 ($137.93 in chips)
simper11: posts small blind $1
Wurst2000: posts big blind $3
*** HOLE CARDS ***
simper11: raises $3 to $6
Wurst2000: raises $3 to $9
simper11: calls $3
*** FLOP *** [8c 3c 4h]
Wurst2000: bets $3
simper11: calls $3
*** TURN *** [8c 3c 4h] [4d]
Wurst2000: bets $6
simper11: raises $6 to $12
Wurst2000: folds
Uncalled bet ($6) returned to simper11
simper11 collected $35.50 from pot
simper11: doesn't show hand
*** SUMMARY ***
Total pot $36 | Rake $0.50
Board [8c 3c 4h 4d]
Seat 5: simper11 (button) (small blind) collected ($35.50)
Seat 6: Wurst2000 (big blind) folded on the Turn


PokerStars Hand #158042576145:  Hold'em Limit ($3/$6 USD) - 2016/09/01 20:55:58 ET
Table 'Arabis' 10-max Seat #6 is the button
Seat 5: simper11 ($150.29 in chips)
Seat 6: Wurst2000 ($123.43 in chips)
Wurst2000: posts small blind $1
simper11: posts big blind $3
*** HOLE CARDS ***
Wurst2000: raises $3 to $6
simper11: calls $3
*** FLOP *** [4s 2d 9s]
simper11: checks
Wurst2000: bets $3
simper11: calls $3
*** TURN *** [4s 2d 9s] [8s]
simper11: checks
Wurst2000: bets $6
simper11: calls $6
*** RIVER *** [4s 2d 9s 8s] [4d]
simper11: checks
Wurst2000: bets $6
simper11: folds
Uncalled bet ($6) returned to Wurst2000
Wurst2000 collected $29.50 from pot
Wurst2000: doesn't show hand
*** SUMMARY ***
Total pot $30 | Rake $0.50
Board [4s 2d 9s 8s 4d]
Seat 5: simper11 (big blind) folded on the River
Seat 6: Wurst2000 (button) (small blind) collected ($29.50)


PokerStars Hand #158042572130:  Hold'em Limit ($3/$6 USD) - 2016/09/01 20:55:46 ET
Table 'Arabis' 10-max Seat #5 is the button
Seat 5: simper11 ($144.53 in chips)
Seat 6: Wurst2000 ($129.43 in chips)
simper11: posts small blind $1
Wurst2000: posts big blind $3
*** HOLE CARDS ***
simper11: raises $3 to $6
Wurst2000: calls $3
*** FLOP *** [4d Ad 5d]
Wurst2000: checks
simper11: bets $3
Wurst2000: folds
Uncalled bet ($3) returned to simper11
simper11 collected $11.76 from pot
simper11: doesn't show hand
*** SUMMARY ***
Total pot $12 | Rake $0.24
Board [4d Ad 5d]
Seat 5: simper11 (button) (small blind) collected ($11.76)
Seat 6: Wurst2000 (big blind) folded on the Flop


PokerStars Hand #158042607722:  Hold'em Limit ($3/$6 USD) - 2016/09/01 20:57:30 ET
Table 'Arabis' 10-max Seat #5 is the button
Seat 5: simper11 ($155.29 in chips)
Seat 6: Wurst2000 ($116.33 in chips)
simper11: posts small blind $1
Wurst2000: posts big blind $3
*** HOLE CARDS ***
simper11: raises $3 to $6
Wurst2000: calls $3
*** FLOP *** [3h 4d Qc]
Wurst2000: checks
simper11: bets $3
Wurst2000: calls $3
*** TURN *** [3h 4d Qc] [9h]
Wurst2000: checks
simper11: bets $6
Wurst2000: calls $6
*** RIVER *** [3h 4d Qc 9h] [8s]
Wurst2000: checks
simper11: bets $6
Wurst2000: calls $6
*** SHOW DOWN ***
simper11: shows [Kh 8d] (a pair of Eights)
Wurst2000: mucks hand
simper11 collected $41.50 from pot
*** SUMMARY ***
Total pot $42 | Rake $0.50
Board [3h 4d Qc 9h 8s]
Seat 5: simper11 (button) (small blind) showed [Kh 8d] and won ($41.50) with a pair of Eights
Seat 6: Wurst2000 (big blind) mucked


PokerStars Hand #158042602606:  Hold'em Limit ($3/$6 USD) - 2016/09/01 20:57:16 ET
Table 'Arabis' 10-max Seat #6 is the button
Seat 5: simper11 ($164.29 in chips)
Seat 6: Wurst2000 ($107.69 in chips)
Wurst2000: posts small blind $1
simper11: posts big blind $3
*** HOLE CARDS ***
Wurst2000: raises $3 to $6
simper11: calls $3
*** FLOP *** [Ah Jc 6h]
simper11: checks
Wurst2000: bets $3
simper11: calls $3
*** TURN *** [Ah Jc 6h] [Kd]
simper11: checks
Wurst2000: bets $6
simper11: folds
Uncalled bet ($6) returned to Wurst2000
Wurst2000 collected $17.64 from pot
Wurst2000: doesn't show hand
*** SUMMARY ***
Total pot $18 | Rake $0.36
Board [Ah Jc 6h Kd]
Seat 5: simper11 (big blind) folded on the Turn
Seat 6: Wurst2000 (button) (small blind) collected ($17.64)


PokerStars Hand #158042597588:  Hold'em Limit ($3/$6 USD) - 2016/09/01 20:57:01 ET
Table 'Arabis' 10-max Seat #5 is the button
Seat 5: simper11 ($170.29 in chips)
Seat 6: Wurst2000 ($101.93 in chips)
simper11: posts small blind $1
Wurst2000: posts big blind $3
*** HOLE CARDS ***
simper11: raises $3 to $6
Wurst2000: calls $3
*** FLOP *** [8c Ah 4h]
Wurst2000: checks
simper11: checks
*** TURN *** [8c Ah 4h] [7s]
Wurst2000: checks
simper11: checks
*** RIVER *** [8c Ah 4h 7s] [4s]
Wurst2000: checks
simper11: checks
*** SHOW DOWN ***
Wurst2000: shows [Kh 3d] (a pair of Fours)
simper11: mucks hand
Wurst2000 collected $11.76 from pot
*** SUMMARY ***
Total pot $12 | Rake $0.24
Board [8c Ah 4h 7s 4s]
Seat 5: simper11 (button) (small blind) mucked
Seat 6: Wurst2000 (big blind) showed [Kh 3d] and won ($11.76) with a pair of Fours


PokerStars Hand #158042587609:  Hold'em Limit ($3/$6 USD) - 2016/09/01 20:56:32 ET
Table 'Arabis' 10-max Seat #6 is the button
Seat 5: simper11 ($152.79 in chips)
Seat 6: Wurst2000 ($119.93 in chips)
Wurst2000: posts small blind $1
simper11: posts big blind $3
*** HOLE CARDS ***
Wurst2000: raises $3 to $6
simper11: calls $3
*** FLOP *** [Ad 8s Th]
simper11: checks
Wurst2000: bets $3
simper11: raises $3 to $6
Wurst2000: calls $3
*** TURN *** [Ad 8s Th] [Kd]
simper11: bets $6
Wurst2000: calls $6
*** RIVER *** [Ad 8s Th Kd] [3d]
simper11: bets $6
Wurst2000: folds
Uncalled bet ($6) returned to simper11
simper11 collected $35.50 from pot
simper11: doesn't show hand
*** SUMMARY ***
Total pot $36 | Rake $0.50
Board [Ad 8s Th Kd 3d]
Seat 5: simper11 (big blind) collected ($35.50)
Seat 6: Wurst2000 (button) (small blind) folded on the River


PokerStars Hand #158042621145:  Hold'em Limit ($3/$6 USD) - 2016/09/01 20:58:09 ET
Table 'Arabis' 10-max Seat #5 is the button
Seat 5: simper11 ($203.29 in chips)
Seat 6: Wurst2000 ($67.33 in chips)
simper11: posts small blind $1
Wurst2000: posts big blind $3
*** HOLE CARDS ***
simper11: raises $3 to $6
Wurst2000: raises $3 to $9
simper11: calls $3
*** FLOP *** [2s 5h 7h]
Wurst2000: checks
simper11: checks
*** TURN *** [2s 5h 7h] [Js]
Wurst2000: bets $6
simper11: calls $6
*** RIVER *** [2s 5h 7h Js] [9d]
Wurst2000: checks
simper11: bets $6
Wurst2000: calls $6
*** SHOW DOWN ***
simper11: shows [7c Kc] (a pair of Sevens)
Wurst2000: mucks hand
simper11 collected $41.50 from pot
*** SUMMARY ***
Total pot $42 | Rake $0.50
Board [2s 5h 7h Js 9d]
Seat 5: simper11 (button) (small blind) showed [7c Kc] and won ($41.50) with a pair of Sevens
Seat 6: Wurst2000 (big blind) mucked


PokerStars Hand #158042616476:  Hold'em Limit ($3/$6 USD) - 2016/09/01 20:57:56 ET
Table 'Arabis' 10-max Seat #6 is the button
Seat 5: simper11 ($179.79 in chips)
Seat 6: Wurst2000 ($91.33 in chips)
Wurst2000: posts small blind $1
simper11: posts big blind $3
*** HOLE CARDS ***
Wurst2000: raises $3 to $6
simper11: calls $3
*** FLOP *** [Qh 2h Ks]
simper11: checks
Wurst2000: bets $3
simper11: raises $3 to $6
yayaya joins the table at seat #10
Wurst2000: calls $3
*** TURN *** [Qh 2h Ks] [4s]
simper11: bets $6
Wurst2000: calls $6
*** RIVER *** [Qh 2h Ks 4s] [Kc]
simper11: bets $6
Wurst2000: calls $6
*** SHOW DOWN ***
simper11: shows [5h Kh] (three of a kind, Kings)
Wurst2000: mucks hand
simper11 collected $47.50 from pot
*** SUMMARY ***
Total pot $48 | Rake $0.50
Board [Qh 2h Ks 4s Kc]
Seat 5: simper11 (big blind) showed [5h Kh] and won ($47.50) with three of a kind, Kings
Seat 6: Wurst2000 (button) (small blind) mucked


PokerStars Hand #158042614854:  Hold'em Limit ($3/$6 USD) - 2016/09/01 20:57:51 ET
Table 'Arabis' 10-max Seat #5 is the button
Seat 5: simper11 ($176.79 in chips)
Seat 6: Wurst2000 ($94.33 in chips)
simper11: posts small blind $1
Wurst2000: posts big blind $3
*** HOLE CARDS ***
simper11: raises $3 to $6
Wurst2000: folds
Uncalled bet ($3) returned to simper11
simper11 collected $6 from pot
simper11: doesn't show hand
*** SUMMARY ***
Total pot $6 | Rake $0
Seat 5: simper11 (button) (small blind) collected ($6)
Seat 6: Wurst2000 (big blind) folded before Flop


PokerStars Hand #158042613247:  Hold'em Limit ($3/$6 USD) - 2016/09/01 20:57:46 ET
Table 'Arabis' 10-max Seat #6 is the button
Seat 5: simper11 ($175.79 in chips)
Seat 6: Wurst2000 ($95.33 in chips)
Wurst2000: posts small blind $1
simper11: posts big blind $3
*** HOLE CARDS ***
Wurst2000: folds
Uncalled bet ($2) returned to simper11
simper11 collected $2 from pot
simper11: doesn't show hand
*** SUMMARY ***
Total pot $2 | Rake $0
Seat 5: simper11 (big blind) collected ($2)
Seat 6: Wurst2000 (button) (small blind) folded before Flop


PokerStars Hand #158042656650:  Hold'em Limit ($3/$6 USD) - 2016/09/01 20:59:30 ET
Table 'Arabis' 10-max Seat #10 is the button
Seat 6: Wurst2000 ($61.26 in chips)
Seat 10: yayaya ($118.29 in chips)
yayaya: posts small blind $1
simper11: is sitting out
Wurst2000: posts big blind $3
*** HOLE CARDS ***
yayaya: raises $3 to $6
Wurst2000: calls $3
*** FLOP *** [3h 6d 5c]
Wurst2000: checks
yayaya: bets $3
Wurst2000: raises $3 to $6
yayaya: calls $3
*** TURN *** [3h 6d 5c] [Qc]
Wurst2000: bets $6
yayaya: raises $6 to $12
Wurst2000: calls $6
*** RIVER *** [3h 6d 5c Qc] [9d]
Wurst2000: checks
yayaya: bets $6
Wurst2000: raises $6 to $12
yayaya: calls $6
*** SHOW DOWN ***
Wurst2000: shows [7c 8c] (a straight, Five to Nine)
yayaya: mucks hand
Wurst2000 collected $71.50 from pot
*** SUMMARY ***
Total pot $72 | Rake $0.50
Board [3h 6d 5c Qc 9d]
Seat 6: Wurst2000 (big blind) showed [7c 8c] and won ($71.50) with a straight, Five to Nine
Seat 10: yayaya (button) (small blind) mucked


PokerStars Hand #158042681930:  Hold'em Limit ($3/$6 USD) - 2016/09/01 21:00:42 ET
Table 'Arabis' 10-max Seat #10 is the button
Seat 6: Wurst2000 ($91.26 in chips)
Seat 10: yayaya ($86.79 in chips)
yayaya: posts small blind $1
Wurst2000: posts big blind $3
*** HOLE CARDS ***
yayaya: folds
Uncalled bet ($2) returned to Wurst2000
Wurst2000 collected $2 from pot
Wurst2000: doesn't show hand
*** SUMMARY ***
Total pot $2 | Rake $0
Seat 6: Wurst2000 (big blind) collected ($2)
Seat 10: yayaya (button) (small blind) folded before Flop


PokerStars Hand #158042676505:  Hold'em Limit ($3/$6 USD) - 2016/09/01 21:00:27 ET
Table 'Arabis' 10-max Seat #6 is the button
Seat 6: Wurst2000 ($73.76 in chips)
Seat 10: yayaya ($104.79 in chips)
Wurst2000: posts small blind $1
yayaya: posts big blind $3
*** HOLE CARDS ***
Wurst2000: raises $3 to $6
yayaya: raises $3 to $9
Wurst2000: calls $3
*** FLOP *** [8s As 3d]
yayaya: bets $3
Wurst2000: calls $3
*** TURN *** [8s As 3d] [5d]
yayaya: bets $6
Wurst2000: calls $6
*** RIVER *** [8s As 3d 5d] [2d]
yayaya: checks
Wurst2000: bets $6
yayaya: folds
Uncalled bet ($6) returned to Wurst2000
Wurst2000 collected $35.50 from pot
Wurst2000: doesn't show hand
*** SUMMARY ***
Total pot $36 | Rake $0.50
Board [8s As 3d 5d 2d]
Seat 6: Wurst2000 (button) (small blind) collected ($35.50)
Seat 10: yayaya (big blind) folded on the River


PokerStars Hand #158042675002:  Hold'em Limit ($3/$6 USD) - 2016/09/01 21:00:23 ET
Table 'Arabis' 10-max Seat #10 is the button
Seat 6: Wurst2000 ($72.76 in chips)
Seat 10: yayaya ($105.79 in chips)
yayaya: posts small blind $1
Wurst2000: posts big blind $3
*** HOLE CARDS ***
yayaya: folds
Uncalled bet ($2) returned to Wurst2000
Wurst2000 collected $2 from pot
Wurst2000: doesn't show hand
*** SUMMARY ***
Total pot $2 | Rake $0
Seat 6: Wurst2000 (big blind) collected ($2)
Seat 10: yayaya (button) (small blind) folded before Flop


PokerStars Hand #158042663760:  Hold'em Limit ($3/$6 USD) - 2016/09/01 20:59:50 ET
Table 'Arabis' 10-max Seat #6 is the button
Seat 6: Wurst2000 ($96.76 in chips)
Seat 10: yayaya ($82.29 in chips)
Wurst2000: posts small blind $1
yayaya: posts big blind $3
*** HOLE CARDS ***
Wurst2000: raises $3 to $6
yayaya: raises $3 to $9
Wurst2000: calls $3
*** FLOP *** [5d 8d 6h]
yayaya: bets $3
Wurst2000: calls $3
*** TURN *** [5d 8d 6h] [Ts]
yayaya: bets $6
Wurst2000: calls $6
*** RIVER *** [5d 8d 6h Ts] [Kh]
yayaya: bets $6
Wurst2000: calls $6
*** SHOW DOWN ***
yayaya: shows [As 8h] (a pair of Eights)
Wurst2000: mucks hand
yayaya collected $47.50 from pot
*** SUMMARY ***
Total pot $48 | Rake $0.50
Board [5d 8d 6h Ts Kh]
Seat 6: Wurst2000 (button) (small blind) mucked
Seat 10: yayaya (big blind) showed [As 8h] and won ($47.50) with a pair of Eights


PokerStars Hand #158042691943:  Hold'em Limit ($3/$6 USD) - 2016/09/01 21:01:09 ET
Table 'Arabis' 10-max Seat #6 is the button
Seat 6: Wurst2000 ($74.26 in chips)
Seat 10: yayaya ($103.07 in chips)
Wurst2000: posts small blind $1
yayaya: posts big blind $3
*** HOLE CARDS ***
Wurst2000: raises $3 to $6
yayaya: folds
Uncalled bet ($3) returned to Wurst2000
Wurst2000 collected $6 from pot
Wurst2000: doesn't show hand
*** SUMMARY ***
Total pot $6 | Rake $0
Seat 6: Wurst2000 (button) (small blind) collected ($6)
Seat 10: yayaya (big blind) folded before Flop


PokerStars Hand #158042687579:  Hold'em Limit ($3/$6 USD) - 2016/09/01 21:00:57 ET
Table 'Arabis' 10-max Seat #10 is the button
Seat 6: Wurst2000 ($80.26 in chips)
Seat 10: yayaya ($97.31 in chips)
yayaya: posts small blind $1
Wurst2000: posts big blind $3
*** HOLE CARDS ***
yayaya: raises $3 to $6
Wurst2000: calls $3
*** FLOP *** [8s Ah Td]
Wurst2000: checks
yayaya: bets $3
Wurst2000: folds
Uncalled bet ($3) returned to yayaya
yayaya collected $11.76 from pot
yayaya: doesn't show hand
*** SUMMARY ***
Total pot $12 | Rake $0.24
Board [8s Ah Td]
Seat 6: Wurst2000 (big blind) folded on the Flop
Seat 10: yayaya (button) (small blind) collected ($11.76)


PokerStars Hand #158042683657:  Hold'em Limit ($3/$6 USD) - 2016/09/01 21:00:46 ET
Table 'Arabis' 10-max Seat #6 is the button
Seat 6: Wurst2000 ($92.26 in chips)
Seat 10: yayaya ($85.79 in chips)
Wurst2000: posts small blind $1
yayaya: posts big blind $3
*** HOLE CARDS ***
Wurst2000: raises $3 to $6
yayaya: raises $3 to $9
Wurst2000: calls $3
*** FLOP *** [4d 3c 7h]
yayaya: bets $3
Wurst2000: calls $3
*** TURN *** [4d 3c 7h] [3h]
yayaya: bets $6
Wurst2000: folds
Uncalled bet ($6) returned to yayaya
yayaya collected $23.52 from pot
yayaya: doesn't show hand
*** SUMMARY ***
Total pot $24 | Rake $0.48
Board [4d 3c 7h 3h]
Seat 6: Wurst2000 (button) (small blind) folded on the Turn
Seat 10: yayaya (big blind) collected ($23.52)


PokerStars Hand #158042693923:  Hold'em Limit ($3/$6 USD) - 2016/09/01 21:01:14 ET
Table 'Arabis' 10-max Seat #10 is the button
Seat 6: Wurst2000 ($77.26 in chips)
Seat 10: yayaya ($100.07 in chips)
yayaya: posts small blind $1
Wurst2000: posts big blind $3
*** HOLE CARDS ***
yayaya: raises $3 to $6
Wurst2000: calls $3
*** FLOP *** [5s 3h 4h]
Wurst2000: checks
yayaya: bets $3
Wurst2000: raises $3 to $6
yayaya: raises $3 to $9
Wurst2000: calls $3
*** TURN *** [5s 3h 4h] [9h]
Wurst2000: checks
yayaya: bets $6
Wurst2000: calls $6
*** RIVER *** [5s 3h 4h 9h] [6d]
Wurst2000: checks
yayaya: checks
*** SHOW DOWN ***
Wurst2000: shows [5d Td] (a pair of Fives)
yayaya: shows [6h 6s] (three of a kind, Sixes)
yayaya collected $41.50 from pot
*** SUMMARY ***
Total pot $42 | Rake $0.50
Board [5s 3h 4h 9h 6d]
Seat 6: Wurst2000 (big blind) showed [5d Td] and lost with a pair of Fives
Seat 10: yayaya (button) (small blind) showed [6h 6s] and won ($41.50) with three of a kind, Sixes


PokerStars Hand #158042700165:  Hold'em Limit ($3/$6 USD) - 2016/09/01 21:01:30 ET
Table 'Arabis' 10-max Seat #6 is the button
Seat 6: Wurst2000 ($56.26 in chips)
Seat 10: yayaya ($120.57 in chips)
Wurst2000: posts small blind $1
yayaya: posts big blind $3
*** HOLE CARDS ***
Wurst2000: raises $3 to $6
yayaya: raises $3 to $9
Wurst2000: calls $3
*** FLOP *** [8s Ad 5s]
yayaya: bets $3
Wurst2000: calls $3
*** TURN *** [8s Ad 5s] [8c]
yayaya: bets $6
Wurst2000: folds
Uncalled bet ($6) returned to yayaya
yayaya collected $23.52 from pot
yayaya: doesn't show hand
*** SUMMARY ***
Total pot $24 | Rake $0.48
Board [8s Ad 5s 8c]
Seat 6: Wurst2000 (button) (small blind) folded on the Turn
Seat 10: yayaya (big blind) collected ($23.52)


PokerStars Hand #158042711001:  Hold'em Limit ($3/$6 USD) - 2016/09/01 21:01:56 ET
Table 'Arabis' 10-max Seat #10 is the button
Seat 6: Wurst2000 ($44.26 in chips)
Seat 10: yayaya ($132.09 in chips)
yayaya: posts small blind $1
Wurst2000: posts big blind $3
*** HOLE CARDS ***
yayaya: raises $3 to $6
Wurst2000: calls $3
*** FLOP *** [4c Jc Qc]
Wurst2000: checks
yayaya: bets $3
Wurst2000: folds
Uncalled bet ($3) returned to yayaya
yayaya collected $11.76 from pot
yayaya: doesn't show hand
*** SUMMARY ***
Total pot $12 | Rake $0.24
Board [4c Jc Qc]
Seat 6: Wurst2000 (big blind) folded on the Flop
Seat 10: yayaya (button) (small blind) collected ($11.76)


PokerStars Hand #158042717466:  Hold'em Limit ($3/$6 USD) - 2016/09/01 21:02:12 ET
Table 'Arabis' 10-max Seat #10 is the button
Seat 6: Wurst2000 ($41.26 in chips)
Seat 10: yayaya ($134.85 in chips)
yayaya: posts small blind $1
Wurst2000: posts big blind $3
*** HOLE CARDS ***
yayaya: raises $3 to $6
Wurst2000: folds
Uncalled bet ($3) returned to yayaya
yayaya collected $6 from pot
yayaya: doesn't show hand
*** SUMMARY ***
Total pot $6 | Rake $0
Seat 6: Wurst2000 (big blind) folded before Flop
Seat 10: yayaya (button) (small blind) collected ($6)


PokerStars Hand #158042715293:  Hold'em Limit ($3/$6 USD) - 2016/09/01 21:02:07 ET
Table 'Arabis' 10-max Seat #6 is the button
Seat 6: Wurst2000 ($38.26 in chips)
Seat 10: yayaya ($137.85 in chips)
Wurst2000: posts small blind $1
yayaya: posts big blind $3
*** HOLE CARDS ***
Wurst2000: raises $3 to $6
yayaya: folds
Uncalled bet ($3) returned to Wurst2000
Wurst2000 collected $6 from pot
Wurst2000: doesn't show hand
*** SUMMARY ***
Total pot $6 | Rake $0
Seat 6: Wurst2000 (button) (small blind) collected ($6)
Seat 10: yayaya (big blind) folded before Flop


PokerStars Hand #158042719343:  Hold'em Limit ($3/$6 USD) - 2016/09/01 21:02:17 ET
Table 'Arabis' 10-max Seat #6 is the button
Seat 6: Wurst2000 ($38.26 in chips)
Seat 10: yayaya ($137.85 in chips)
Wurst2000: posts small blind $1
yayaya: posts big blind $3
*** HOLE CARDS ***
Wurst2000: raises $3 to $6
yayaya: raises $3 to $9
Wurst2000: raises $3 to $12
Betting is capped
yayaya: calls $3
*** FLOP *** [Qd Jh Ad]
yayaya: bets $3
Wurst2000: raises $3 to $6
yayaya: calls $3
*** TURN *** [Qd Jh Ad] [4s]
yayaya: checks
Wurst2000: bets $6
yayaya: calls $6
*** RIVER *** [Qd Jh Ad 4s] [3c]
yayaya: checks
Wurst2000: bets $6
yayaya: calls $6
*** SHOW DOWN ***
Wurst2000: shows [Jc Js] (three of a kind, Jacks)
yayaya: mucks hand
Wurst2000 collected $59.50 from pot
*** SUMMARY ***
Total pot $60 | Rake $0.50
Board [Qd Jh Ad 4s 3c]
Seat 6: Wurst2000 (button) (small blind) showed [Jc Js] and won ($59.50) with three of a kind, Jacks
Seat 10: yayaya (big blind) mucked


PokerStars Hand #158042725821:  Hold'em Limit ($3/$6 USD) - 2016/09/01 21:02:33 ET
Table 'Arabis' 10-max Seat #10 is the button
Seat 6: Wurst2000 ($67.76 in chips)
Seat 10: yayaya ($107.85 in chips)
yayaya: posts small blind $1
Wurst2000: posts big blind $3
*** HOLE CARDS ***
yayaya: raises $3 to $6
Wurst2000: raises $3 to $9
yayaya: raises $3 to $12
Betting is capped
Wurst2000: calls $3
*** FLOP *** [8d 5h Tc]
Wurst2000: checks
yayaya: bets $3
Wurst2000: calls $3
*** TURN *** [8d 5h Tc] [Kh]
Wurst2000: checks
yayaya: checks
*** RIVER *** [8d 5h Tc Kh] [2h]
Wurst2000: checks
yayaya: checks
*** SHOW DOWN ***
Wurst2000: shows [Jh Ad] (high card Ace)
yayaya: shows [As Qd] (high card Ace - King+Queen kicker)
yayaya collected $29.50 from pot
*** SUMMARY ***
Total pot $30 | Rake $0.50
Board [8d 5h Tc Kh 2h]
Seat 6: Wurst2000 (big blind) showed [Jh Ad] and lost with high card Ace
Seat 10: yayaya (button) (small blind) showed [As Qd] and won ($29.50) with high card Ace


PokerStars Hand #158042749630:  Hold'em Limit ($3/$6 USD) - 2016/09/01 21:03:32 ET
Table 'Arabis' 10-max Seat #10 is the button
Seat 6: Wurst2000 ($62.52 in chips)
Seat 10: yayaya ($112.35 in chips)
yayaya: posts small blind $1
Wurst2000: posts big blind $3
*** HOLE CARDS ***
yayaya: raises $3 to $6
Wurst2000: calls $3
*** FLOP *** [8s Qc 4c]
Wurst2000: checks
yayaya: bets $3
Wurst2000: raises $3 to $6
yayaya: raises $3 to $9
Wurst2000: calls $3
*** TURN *** [8s Qc 4c] [6h]
Wurst2000: checks
yayaya: bets $6
Wurst2000: calls $6
*** RIVER *** [8s Qc 4c 6h] [6s]
Wurst2000: checks
yayaya: bets $6
Wurst2000: folds
Uncalled bet ($6) returned to yayaya
yayaya collected $41.50 from pot
yayaya: doesn't show hand
*** SUMMARY ***
Total pot $42 | Rake $0.50
Board [8s Qc 4c 6h 6s]
Seat 6: Wurst2000 (big blind) folded on the River
Seat 10: yayaya (button) (small blind) collected ($41.50)


PokerStars Hand #158042747764:  Hold'em Limit ($3/$6 USD) - 2016/09/01 21:03:28 ET
Table 'Arabis' 10-max Seat #6 is the button
Seat 6: Wurst2000 ($59.52 in chips)
Seat 10: yayaya ($115.35 in chips)
Wurst2000: posts small blind $1
yayaya: posts big blind $3
*** HOLE CARDS ***
Wurst2000: raises $3 to $6
yayaya: folds
Uncalled bet ($3) returned to Wurst2000
Wurst2000 collected $6 from pot
Wurst2000: doesn't show hand
*** SUMMARY ***
Total pot $6 | Rake $0
Seat 6: Wurst2000 (button) (small blind) collected ($6)
Seat 10: yayaya (big blind) folded before Flop


PokerStars Hand #158042745821:  Hold'em Limit ($3/$6 USD) - 2016/09/01 21:03:23 ET
Table 'Arabis' 10-max Seat #10 is the button
Seat 6: Wurst2000 ($62.52 in chips)
Seat 10: yayaya ($112.35 in chips)
yayaya: posts small blind $1
Wurst2000: posts big blind $3
*** HOLE CARDS ***
yayaya: raises $3 to $6
Wurst2000: folds
Uncalled bet ($3) returned to yayaya
yayaya collected $6 from pot
yayaya: doesn't show hand
*** SUMMARY ***
Total pot $6 | Rake $0
Seat 6: Wurst2000 (big blind) folded before Flop
Seat 10: yayaya (button) (small blind) collected ($6)


PokerStars Hand #158042742723:  Hold'em Limit ($3/$6 USD) - 2016/09/01 21:03:15 ET
Table 'Arabis' 10-max Seat #6 is the button
Seat 6: Wurst2000 ($56.76 in chips)
Seat 10: yayaya ($118.35 in chips)
Wurst2000: posts small blind $1
yayaya: posts big blind $3
*** HOLE CARDS ***
Wurst2000: raises $3 to $6
yayaya: calls $3
*** FLOP *** [Jc 2s Jd]
yayaya: checks
Wurst2000: bets $3
yayaya: folds
Uncalled bet ($3) returned to Wurst2000
Wurst2000 collected $11.76 from pot
Wurst2000: doesn't show hand
*** SUMMARY ***
Total pot $12 | Rake $0.24
Board [Jc 2s Jd]
Seat 6: Wurst2000 (button) (small blind) collected ($11.76)
Seat 10: yayaya (big blind) folded on the Flop


PokerStars Hand #158042741130:  Hold'em Limit ($3/$6 USD) - 2016/09/01 21:03:11 ET
Table 'Arabis' 10-max Seat #10 is the button
Seat 6: Wurst2000 ($55.76 in chips)
Seat 10: yayaya ($119.35 in chips)
yayaya: posts small blind $1
Wurst2000: posts big blind $3
*** HOLE CARDS ***
yayaya: folds
Uncalled bet ($2) returned to Wurst2000
Wurst2000 collected $2 from pot
Wurst2000: doesn't show hand
*** SUMMARY ***
Total pot $2 | Rake $0
Seat 6: Wurst2000 (big blind) collected ($2)
Seat 10: yayaya (button) (small blind) folded before Flop


PokerStars Hand #158042738901:  Hold'em Limit ($3/$6 USD) - 2016/09/01 21:03:06 ET
Table 'Arabis' 10-max Seat #6 is the button
Seat 6: Wurst2000 ($52.76 in chips)
Seat 10: yayaya ($122.35 in chips)
Wurst2000: posts small blind $1
yayaya: posts big blind $3
*** HOLE CARDS ***
Wurst2000: raises $3 to $6
yayaya: folds
Uncalled bet ($3) returned to Wurst2000
Wurst2000 collected $6 from pot
Wurst2000: doesn't show hand
*** SUMMARY ***
Total pot $6 | Rake $0
Seat 6: Wurst2000 (button) (small blind) collected ($6)
Seat 10: yayaya (big blind) folded before Flop


PokerStars Hand #158042737119:  Hold'em Limit ($3/$6 USD) - 2016/09/01 21:03:01 ET
Table 'Arabis' 10-max Seat #10 is the button
Seat 6: Wurst2000 ($51.76 in chips)
Seat 10: yayaya ($123.35 in chips)
yayaya: posts small blind $1
Wurst2000: posts big blind $3
*** HOLE CARDS ***
yayaya: folds
Uncalled bet ($2) returned to Wurst2000
Wurst2000 collected $2 from pot
Wurst2000: doesn't show hand
*** SUMMARY ***
Total pot $2 | Rake $0
Seat 6: Wurst2000 (big blind) collected ($2)
Seat 10: yayaya (button) (small blind) folded before Flop


PokerStars Hand #158042735262:  Hold'em Limit ($3/$6 USD) - 2016/09/01 21:02:56 ET
Table 'Arabis' 10-max Seat #6 is the button
Seat 6: Wurst2000 ($52.76 in chips)
Seat 10: yayaya ($122.35 in chips)
Wurst2000: posts small blind $1
yayaya: posts big blind $3
*** HOLE CARDS ***
Wurst2000: folds
Uncalled bet ($2) returned to yayaya
yayaya collected $2 from pot
yayaya: doesn't show hand
*** SUMMARY ***
Total pot $2 | Rake $0
Seat 6: Wurst2000 (button) (small blind) folded before Flop
Seat 10: yayaya (big blind) collected ($2)


PokerStars Hand #158042733463:  Hold'em Limit ($3/$6 USD) - 2016/09/01 21:02:52 ET
Table 'Arabis' 10-max Seat #10 is the button
Seat 6: Wurst2000 ($51.76 in chips)
Seat 10: yayaya ($123.35 in chips)
yayaya: posts small blind $1
Wurst2000: posts big blind $3
*** HOLE CARDS ***
yayaya: folds
Uncalled bet ($2) returned to Wurst2000
Wurst2000 collected $2 from pot
Wurst2000: doesn't show hand
*** SUMMARY ***
Total pot $2 | Rake $0
Seat 6: Wurst2000 (big blind) collected ($2)
Seat 10: yayaya (button) (small blind) folded before Flop


PokerStars Hand #158042731556:  Hold'em Limit ($3/$6 USD) - 2016/09/01 21:02:47 ET
Table 'Arabis' 10-max Seat #6 is the button
Seat 6: Wurst2000 ($52.76 in chips)
Seat 10: yayaya ($122.35 in chips)
Wurst2000: posts small blind $1
yayaya: posts big blind $3
*** HOLE CARDS ***
Wurst2000: folds
Uncalled bet ($2) returned to yayaya
yayaya collected $2 from pot
yayaya: doesn't show hand
*** SUMMARY ***
Total pot $2 | Rake $0
Seat 6: Wurst2000 (button) (small blind) folded before Flop
Seat 10: yayaya (big blind) collected ($2)


PokerStars Hand #158042763375:  Hold'em Limit ($3/$6 USD) - 2016/09/01 21:04:07 ET
Table 'Arabis' 10-max Seat #6 is the button
Seat 6: Wurst2000 ($20.52 in chips)
Seat 10: yayaya ($153.35 in chips)
Wurst2000: posts small blind $1
yayaya: posts big blind $3
*** HOLE CARDS ***
Wurst2000: raises $3 to $6
yayaya: folds
Uncalled bet ($3) returned to Wurst2000
Wurst2000 collected $6 from pot
Wurst2000: doesn't show hand
*** SUMMARY ***
Total pot $6 | Rake $0
Seat 6: Wurst2000 (button) (small blind) collected ($6)
Seat 10: yayaya (big blind) folded before Flop


PokerStars Hand #158042769949:  Hold'em Limit ($3/$6 USD) - 2016/09/01 21:04:23 ET
Table 'Arabis' 10-max Seat #6 is the button
Seat 6: Wurst2000 ($14.52 in chips)
Seat 10: yayaya ($158.99 in chips)
Wurst2000: posts small blind $1
yayaya: posts big blind $3
*** HOLE CARDS ***
Wurst2000: folds
Uncalled bet ($2) returned to yayaya
yayaya collected $2 from pot
yayaya: doesn't show hand
*** SUMMARY ***
Total pot $2 | Rake $0
Seat 6: Wurst2000 (button) (small blind) folded before Flop
Seat 10: yayaya (big blind) collected ($2)


PokerStars Hand #158042765360:  Hold'em Limit ($3/$6 USD) - 2016/09/01 21:04:11 ET
Table 'Arabis' 10-max Seat #10 is the button
Seat 6: Wurst2000 ($23.52 in chips)
Seat 10: yayaya ($150.35 in chips)
yayaya: posts small blind $1
Wurst2000: posts big blind $3
*** HOLE CARDS ***
yayaya: raises $3 to $6
Wurst2000: calls $3
*** FLOP *** [Td 3c 9s]
Wurst2000: checks
yayaya: bets $3
Wurst2000: calls $3
*** TURN *** [Td 3c 9s] [9d]
Wurst2000: checks
yayaya: checks
*** RIVER *** [Td 3c 9s 9d] [2h]
Wurst2000: checks
yayaya: checks
*** SHOW DOWN ***
Wurst2000: shows [7h 6s] (a pair of Nines)
yayaya: shows [Ks 4s] (a pair of Nines - King kicker)
yayaya collected $17.64 from pot
*** SUMMARY ***
Total pot $18 | Rake $0.36
Board [Td 3c 9s 9d 2h]
Seat 6: Wurst2000 (big blind) showed [7h 6s] and lost with a pair of Nines
Seat 10: yayaya (button) (small blind) showed [Ks 4s] and won ($17.64) with a pair of Nines


PokerStars Hand #158042771849:  Hold'em Limit ($3/$6 USD) - 2016/09/01 21:04:28 ET
Table 'Arabis' 10-max Seat #10 is the button
Seat 6: Wurst2000 ($13.52 in chips)
Seat 10: yayaya ($159.99 in chips)
yayaya: posts small blind $1
Wurst2000: posts big blind $3
*** HOLE CARDS ***
yayaya: raises $3 to $6
Wurst2000: calls $3
*** FLOP *** [Qh Ac 2d]
Wurst2000: checks
yayaya: bets $3
Wurst2000: calls $3
*** TURN *** [Qh Ac 2d] [5s]
Wurst2000: bets $4.52 and is all-in
yayaya: calls $4.52
*** RIVER *** [Qh Ac 2d 5s] [8d]
*** SHOW DOWN ***
Wurst2000: shows [Qc 7h] (a pair of Queens)
yayaya: shows [Ah Jd] (a pair of Aces)
yayaya collected $26.54 from pot
*** SUMMARY ***
Total pot $27.04 | Rake $0.50
Board [Qh Ac 2d 5s 8d]
Seat 6: Wurst2000 (big blind) showed [Qc 7h] and lost with a pair of Queens
Seat 10: yayaya (button) (small blind) showed [Ah Jd] and won ($26.54) with a pair of Aces


PokerStars Hand #158042761262:  Hold'em Limit ($3/$6 USD) - 2016/09/01 21:04:01 ET
Table 'Arabis' 10-max Seat #10 is the button
Seat 6: Wurst2000 ($23.52 in chips)
Seat 10: yayaya ($150.35 in chips)
yayaya: posts small blind $1
Wurst2000: posts big blind $3
*** HOLE CARDS ***
yayaya: raises $3 to $6
Wurst2000: folds
Uncalled bet ($3) returned to yayaya
yayaya collected $6 from pot
yayaya: doesn't show hand
*** SUMMARY ***
Total pot $6 | Rake $0
Seat 6: Wurst2000 (big blind) folded before Flop
Seat 10: yayaya (button) (small blind) collected ($6)


PokerStars Hand #158042755523:  Hold'em Limit ($3/$6 USD) - 2016/09/01 21:03:47 ET
Table 'Arabis' 10-max Seat #6 is the button
Seat 6: Wurst2000 ($41.52 in chips)
Seat 10: yayaya ($132.85 in chips)
Wurst2000: posts small blind $1
yayaya: posts big blind $3
*** HOLE CARDS ***
Wurst2000: raises $3 to $6
yayaya: raises $3 to $9
Wurst2000: calls $3
*** FLOP *** [Jh Qc Ad]
yayaya: bets $3
Wurst2000: calls $3
*** TURN *** [Jh Qc Ad] [Ah]
yayaya: bets $6
Wurst2000: calls $6
*** RIVER *** [Jh Qc Ad Ah] [Kh]
yayaya: checks
Wurst2000: checks
*** SHOW DOWN ***
yayaya: shows [8d Qd] (two pair, Aces and Queens)
Wurst2000: mucks hand
yayaya collected $35.50 from pot
*** SUMMARY ***
Total pot $36 | Rake $0.50
Board [Jh Qc Ad Ah Kh]
Seat 6: Wurst2000 (button) (small blind) mucked
Seat 10: yayaya (big blind) showed [8d Qd] and won ($35.50) with two pair, Aces and Queens


