PokerStars Hand #148200813316:  Hold'em Limit ($3/$6 USD) - 2016/02/03 21:23:32 ET
Table 'Arachne' 6-max Seat #3 is the button
Seat 3: ajmaster333 ($65 in chips)
Seat 4: AzureCaper ($72 in chips)
ajmaster333: posts small blind $1
AzureCaper: posts big blind $3
*** HOLE CARDS ***
ajmaster333: folds
Uncalled bet ($2) returned to AzureCaper
AzureCaper collected $2 from pot
AzureCaper: doesn't show hand
*** SUMMARY ***
Total pot $2 | Rake $0
Seat 3: ajmaster333 (button) (small blind) folded before Flop
Seat 4: AzureCaper (big blind) collected ($2)


PokerStars Hand #148200823604:  Hold'em Limit ($3/$6 USD) - 2016/02/03 21:23:55 ET
Table 'Arachne' 6-max Seat #4 is the button
Seat 3: ajmaster333 ($59 in chips)
Seat 4: AzureCaper ($77.76 in chips)
AzureCaper: posts small blind $1
ajmaster333: posts big blind $3
*** HOLE CARDS ***
AzureCaper: raises $3 to $6
ajmaster333: raises $3 to $9
AzureCaper: calls $3
*** FLOP *** [3h 5d 2s]
ajmaster333: checks
AzureCaper: bets $3
ajmaster333: calls $3
*** TURN *** [3h 5d 2s] [Tc]
ajmaster333: checks
AzureCaper: bets $6
ajmaster333: calls $6
*** RIVER *** [3h 5d 2s Tc] [Kh]
ajmaster333: checks
AzureCaper: checks
*** SHOW DOWN ***
ajmaster333: shows [Qc Jd] (high card King)
AzureCaper: shows [Ah 2h] (a pair of Deuces)
AzureCaper collected $35.50 from pot
*** SUMMARY ***
Total pot $36 | Rake $0.50
Board [3h 5d 2s Tc Kh]
Seat 3: ajmaster333 (big blind) showed [Qc Jd] and lost with high card King
Seat 4: AzureCaper (button) (small blind) showed [Ah 2h] and won ($35.50) with a pair of Deuces


PokerStars Hand #148200818583:  Hold'em Limit ($3/$6 USD) - 2016/02/03 21:23:44 ET
Table 'Arachne' 6-max Seat #3 is the button
Seat 3: ajmaster333 ($65 in chips)
Seat 4: AzureCaper ($72 in chips)
ajmaster333: posts small blind $1
AzureCaper: posts big blind $3
*** HOLE CARDS ***
ajmaster333: calls $2
AzureCaper: raises $3 to $6
ajmaster333: calls $3
*** FLOP *** [2c Kd Js]
AzureCaper: bets $3
ajmaster333: folds
Uncalled bet ($3) returned to AzureCaper
AzureCaper collected $11.76 from pot
AzureCaper: doesn't show hand
*** SUMMARY ***
Total pot $12 | Rake $0.24
Board [2c Kd Js]
Seat 3: ajmaster333 (button) (small blind) folded on the Flop
Seat 4: AzureCaper (big blind) collected ($11.76)


PokerStars Hand #148200816248:  Hold'em Limit ($3/$6 USD) - 2016/02/03 21:23:39 ET
Table 'Arachne' 6-max Seat #4 is the button
Seat 3: ajmaster333 ($64 in chips)
Seat 4: AzureCaper ($73 in chips)
AzureCaper: posts small blind $1
ajmaster333: posts big blind $3
*** HOLE CARDS ***
AzureCaper: folds
Uncalled bet ($2) returned to ajmaster333
ajmaster333 collected $2 from pot
ajmaster333: doesn't show hand
*** SUMMARY ***
Total pot $2 | Rake $0
Seat 3: ajmaster333 (big blind) collected ($2)
Seat 4: AzureCaper (button) (small blind) folded before Flop


PokerStars Hand #148200852742:  Hold'em Limit ($3/$6 USD) - 2016/02/03 21:24:59 ET
Table 'Arachne' 6-max Seat #3 is the button
Seat 3: ajmaster333 ($28.76 in chips)
Seat 4: AzureCaper ($106.76 in chips)
ajmaster333: posts small blind $1
AzureCaper: posts big blind $3
*** HOLE CARDS ***
ajmaster333: raises $3 to $6
AzureCaper: calls $3
*** FLOP *** [Js Jc Qs]
AzureCaper: checks
ajmaster333: bets $3
AzureCaper: calls $3
*** TURN *** [Js Jc Qs] [Ah]
AzureCaper: checks
ajmaster333: bets $6
AzureCaper: calls $6
*** RIVER *** [Js Jc Qs Ah] [Kh]
AzureCaper: checks
ajmaster333: bets $6
AzureCaper: calls $6
*** SHOW DOWN ***
ajmaster333: shows [Tc Qh] (a straight, Ten to Ace)
AzureCaper: mucks hand
ajmaster333 collected $41.50 from pot
*** SUMMARY ***
Total pot $42 | Rake $0.50
Board [Js Jc Qs Ah Kh]
Seat 3: ajmaster333 (button) (small blind) showed [Tc Qh] and won ($41.50) with a straight, Ten to Ace
Seat 4: AzureCaper (big blind) mucked


PokerStars Hand #148200837399:  Hold'em Limit ($3/$6 USD) - 2016/02/03 21:24:25 ET
Table 'Arachne' 6-max Seat #3 is the button
Seat 3: ajmaster333 ($41 in chips)
Seat 4: AzureCaper ($95.26 in chips)
ajmaster333: posts small blind $1
AzureCaper: posts big blind $3
*** HOLE CARDS ***
ajmaster333: calls $2
AzureCaper: checks
*** FLOP *** [Qd 4s Qc]
AzureCaper: bets $3
ajmaster333: calls $3
*** TURN *** [Qd 4s Qc] [6d]
AzureCaper: bets $6
ajmaster333: calls $6
*** RIVER *** [Qd 4s Qc 6d] [As]
AzureCaper: checks
ajmaster333: bets $6
AzureCaper: calls $6
*** SHOW DOWN ***
ajmaster333: shows [7h 5d] (a pair of Queens)
AzureCaper: shows [Kd 4c] (two pair, Queens and Fours)
AzureCaper collected $35.50 from pot
*** SUMMARY ***
Total pot $36 | Rake $0.50
Board [Qd 4s Qc 6d As]
Seat 3: ajmaster333 (button) (small blind) showed [7h 5d] and lost with a pair of Queens
Seat 4: AzureCaper (big blind) showed [Kd 4c] and won ($35.50) with two pair, Queens and Fours


PokerStars Hand #148200846552:  Hold'em Limit ($3/$6 USD) - 2016/02/03 21:24:45 ET
Table 'Arachne' 6-max Seat #4 is the button
Seat 3: ajmaster333 ($23 in chips)
Seat 4: AzureCaper ($112.76 in chips)
AzureCaper: posts small blind $1
ajmaster333: posts big blind $3
*** HOLE CARDS ***
AzureCaper: raises $3 to $6
ajmaster333: calls $3
*** FLOP *** [4s 8c Ts]
ajmaster333: bets $3
AzureCaper: folds
Uncalled bet ($3) returned to ajmaster333
ajmaster333 collected $11.76 from pot
ajmaster333: doesn't show hand
*** SUMMARY ***
Total pot $12 | Rake $0.24
Board [4s 8c Ts]
Seat 3: ajmaster333 (big blind) collected ($11.76)
Seat 4: AzureCaper (button) (small blind) folded on the Flop


PokerStars Hand #148200863704:  Hold'em Limit ($3/$6 USD) - 2016/02/03 21:25:23 ET
Table 'Arachne' 6-max Seat #4 is the button
Seat 3: ajmaster333 ($49.26 in chips)
Seat 4: AzureCaper ($85.76 in chips)
AzureCaper: posts small blind $1
ajmaster333: posts big blind $3
*** HOLE CARDS ***
AzureCaper: raises $3 to $6
ajmaster333: calls $3
*** FLOP *** [6h 4d 3s]
ajmaster333: checks
AzureCaper: bets $3
ajmaster333: calls $3
*** TURN *** [6h 4d 3s] [2c]
ajmaster333: checks
AzureCaper: bets $6
ajmaster333: calls $6
*** RIVER *** [6h 4d 3s 2c] [Js]
ajmaster333: checks
AzureCaper: checks
*** SHOW DOWN ***
ajmaster333: shows [7d Td] (high card Jack)
AzureCaper: shows [Tc 9c] (high card Jack - Ten+Nine kicker)
AzureCaper collected $29.50 from pot
*** SUMMARY ***
Total pot $30 | Rake $0.50
Board [6h 4d 3s 2c Js]
Seat 3: ajmaster333 (big blind) showed [7d Td] and lost with high card Jack
Seat 4: AzureCaper (button) (small blind) showed [Tc 9c] and won ($29.50) with high card Jack


PokerStars Hand #148200881204:  Hold'em Limit ($3/$6 USD) - 2016/02/03 21:26:02 ET
Table 'Arachne' 6-max Seat #4 is the button
Seat 3: ajmaster333 ($37.14 in chips)
Seat 4: AzureCaper ($97.26 in chips)
AzureCaper: posts small blind $1
ajmaster333: posts big blind $3
*** HOLE CARDS ***
AzureCaper: raises $3 to $6
ajmaster333: calls $3
*** FLOP *** [Ad 5s Kh]
ajmaster333: checks
AzureCaper: bets $3
ajmaster333: folds
Uncalled bet ($3) returned to AzureCaper
AzureCaper collected $11.76 from pot
AzureCaper: doesn't show hand
*** SUMMARY ***
Total pot $12 | Rake $0.24
Board [Ad 5s Kh]
Seat 3: ajmaster333 (big blind) folded on the Flop
Seat 4: AzureCaper (button) (small blind) collected ($11.76)


PokerStars Hand #148200886142:  Hold'em Limit ($3/$6 USD) - 2016/02/03 21:26:13 ET
Table 'Arachne' 6-max Seat #3 is the button
Seat 3: ajmaster333 ($31.14 in chips)
Seat 4: AzureCaper ($103.02 in chips)
ajmaster333: posts small blind $1
AzureCaper: posts big blind $3
*** HOLE CARDS ***
ajmaster333: raises $3 to $6
AzureCaper: calls $3
*** FLOP *** [2h 5d 9s]
AzureCaper: checks
ajmaster333: bets $3
AzureCaper: calls $3
*** TURN *** [2h 5d 9s] [Qh]
AzureCaper: checks
ajmaster333: bets $6
AzureCaper: calls $6
*** RIVER *** [2h 5d 9s Qh] [Qd]
silja4 joins the table at seat #5
AzureCaper: checks
ajmaster333: bets $6
AzureCaper: calls $6
*** SHOW DOWN ***
ajmaster333: shows [4h 4s] (two pair, Queens and Fours)
AzureCaper: shows [3d 5h] (two pair, Queens and Fives)
AzureCaper collected $41.50 from pot
*** SUMMARY ***
Total pot $42 | Rake $0.50
Board [2h 5d 9s Qh Qd]
Seat 3: ajmaster333 (button) (small blind) showed [4h 4s] and lost with two pair, Queens and Fours
Seat 4: AzureCaper (big blind) showed [3d 5h] and won ($41.50) with two pair, Queens and Fives


PokerStars Hand #148200875867:  Hold'em Limit ($3/$6 USD) - 2016/02/03 21:25:51 ET
Table 'Arachne' 6-max Seat #3 is the button
Seat 3: ajmaster333 ($34.26 in chips)
Seat 4: AzureCaper ($100.26 in chips)
ajmaster333: posts small blind $1
AzureCaper: posts big blind $3
*** HOLE CARDS ***
ajmaster333: calls $2
AzureCaper: checks
*** FLOP *** [5c Qh Td]
AzureCaper: checks
ajmaster333: bets $3
AzureCaper: folds
Uncalled bet ($3) returned to ajmaster333
ajmaster333 collected $5.88 from pot
ajmaster333: doesn't show hand
*** SUMMARY ***
Total pot $6 | Rake $0.12
Board [5c Qh Td]
Seat 3: ajmaster333 (button) (small blind) collected ($5.88)
Seat 4: AzureCaper (big blind) folded on the Flop


PokerStars Hand #148211495964:  Hold'em Limit ($3/$6 USD) - 2016/02/04 5:48:49 ET
Table 'Arachne' 6-max Seat #6 is the button
Seat 1: BelSv ($78 in chips)
Seat 6: Paulllchen ($128.40 in chips)
Paulllchen: posts small blind $1
BelSv: posts big blind $3
*** HOLE CARDS ***
Paulllchen: raises $3 to $6
BelSv: folds
Uncalled bet ($3) returned to Paulllchen
Paulllchen collected $6 from pot
Paulllchen: doesn't show hand
*** SUMMARY ***
Total pot $6 | Rake $0
Seat 1: BelSv (big blind) folded before Flop
Seat 6: Paulllchen (button) (small blind) collected ($6)


PokerStars Hand #148211490030:  Hold'em Limit ($3/$6 USD) - 2016/02/04 5:48:38 ET
Table 'Arachne' 6-max Seat #1 is the button
Seat 1: BelSv ($83.76 in chips)
Seat 6: Paulllchen ($122.64 in chips)
BelSv: posts small blind $1
Paulllchen: posts big blind $3
*** HOLE CARDS ***
BelSv: raises $3 to $6
Paulllchen: calls $3
*** FLOP *** [3s 9s Ac]
Paulllchen: bets $3
BelSv: folds
Uncalled bet ($3) returned to Paulllchen
Paulllchen collected $11.76 from pot
Paulllchen: doesn't show hand
*** SUMMARY ***
Total pot $12 | Rake $0.24
Board [3s 9s Ac]
Seat 1: BelSv (button) (small blind) folded on the Flop
Seat 6: Paulllchen (big blind) collected ($11.76)


PokerStars Hand #148211484638:  Hold'em Limit ($3/$6 USD) - 2016/02/04 5:48:27 ET
Table 'Arachne' 6-max Seat #6 is the button
Seat 1: BelSv ($78 in chips)
Seat 6: Paulllchen ($128.64 in chips)
Paulllchen: posts small blind $1
BelSv: posts big blind $3
*** HOLE CARDS ***
Paulllchen: calls $2
BelSv: raises $3 to $6
Paulllchen: calls $3
*** FLOP *** [Qs Qd 3d]
BelSv: bets $3
Paulllchen: folds
Uncalled bet ($3) returned to BelSv
BelSv collected $11.76 from pot
BelSv: doesn't show hand
*** SUMMARY ***
Total pot $12 | Rake $0.24
Board [Qs Qd 3d]
Seat 1: BelSv (big blind) collected ($11.76)
Seat 6: Paulllchen (button) (small blind) folded on the Flop


PokerStars Hand #148211467624:  Hold'em Limit ($3/$6 USD) - 2016/02/04 5:47:54 ET
Table 'Arachne' 6-max Seat #1 is the button
Seat 1: BelSv ($78 in chips)
Seat 6: Paulllchen ($120 in chips)
TbIP-TbIP 88 has timed out
TbIP-TbIP 88: is sitting out
BelSv: posts small blind $1
Paulllchen: posts big blind $3
*** HOLE CARDS ***
BelSv: raises $3 to $6
Paulllchen: calls $3
*** FLOP *** [5s Ad Ac]
Paulllchen: checks
BelSv: bets $3
Paulllchen: calls $3
*** TURN *** [5s Ad Ac] [8d]
Paulllchen: checks
BelSv: checks
*** RIVER *** [5s Ad Ac 8d] [Ah]
Paulllchen: bets $6
BelSv: folds
Uncalled bet ($6) returned to Paulllchen
Paulllchen collected $17.64 from pot
Paulllchen: doesn't show hand
*** SUMMARY ***
Total pot $18 | Rake $0.36
Board [5s Ad Ac 8d Ah]
Seat 1: BelSv (button) (small blind) folded on the River
Seat 6: Paulllchen (big blind) collected ($17.64)


