PokerStars Hand #159958541080:  Hold'em Limit ($3/$6 USD) - 2016/10/15 8:03:08 ET
Table 'Arachne' 10-max Seat #5 is the button
Seat 5: gamer78 ($80.50 in chips)
Seat 6: Agrotait ($80.64 in chips)
gamer78: posts small blind $1
Agrotait: posts big blind $3
*** HOLE CARDS ***
gamer78: folds
Uncalled bet ($2) returned to Agrotait
Agrotait collected $2 from pot
Agrotait: doesn't show hand
*** SUMMARY ***
Total pot $2 | Rake $0
Seat 5: gamer78 (button) (small blind) folded before Flop
Seat 6: Agrotait (big blind) collected ($2)


PokerStars Hand #159958532573:  Hold'em Limit ($3/$6 USD) - 2016/10/15 8:02:51 ET
Table 'Arachne' 10-max Seat #6 is the button
Seat 5: gamer78 ($89.50 in chips)
Seat 6: Agrotait ($72 in chips)
Agrotait: posts small blind $1
gamer78: posts big blind $3
*** HOLE CARDS ***
Agrotait: raises $3 to $6
gamer78: calls $3
*** FLOP *** [5h Jc 6c]
gamer78: checks
Agrotait: bets $3
gamer78: calls $3
*** TURN *** [5h Jc 6c] [5s]
gamer78: checks
Agrotait: checks
*** RIVER *** [5h Jc 6c 5s] [6s]
gamer78: checks
Agrotait: bets $6
gamer78: folds
Uncalled bet ($6) returned to Agrotait
Agrotait collected $17.64 from pot
Agrotait: doesn't show hand
*** SUMMARY ***
Total pot $18 | Rake $0.36
Board [5h Jc 6c 5s 6s]
Seat 5: gamer78 (big blind) folded on the River
Seat 6: Agrotait (button) (small blind) collected ($17.64)


PokerStars Hand #159958566354:  Hold'em Limit ($3/$6 USD) - 2016/10/15 8:03:57 ET
Table 'Arachne' 10-max Seat #5 is the button
Seat 5: gamer78 ($58.50 in chips)
Seat 6: Agrotait ($102.14 in chips)
gamer78: posts small blind $1
Agrotait: posts big blind $3
*** HOLE CARDS ***
gamer78: raises $3 to $6
Agrotait: folds
Uncalled bet ($3) returned to gamer78
gamer78 collected $6 from pot
gamer78: doesn't show hand
*** SUMMARY ***
Total pot $6 | Rake $0
Seat 5: gamer78 (button) (small blind) collected ($6)
Seat 6: Agrotait (big blind) folded before Flop


PokerStars Hand #159958543552:  Hold'em Limit ($3/$6 USD) - 2016/10/15 8:03:13 ET
Table 'Arachne' 10-max Seat #6 is the button
Seat 5: gamer78 ($79.50 in chips)
Seat 6: Agrotait ($81.64 in chips)
Agrotait: posts small blind $1
gamer78: posts big blind $3
*** HOLE CARDS ***
Agrotait: raises $3 to $6
gamer78: calls $3
*** FLOP *** [3d 5s 2h]
gamer78: bets $3
Agrotait: calls $3
*** TURN *** [3d 5s 2h] [6c]
gamer78: bets $6
Agrotait: calls $6
*** RIVER *** [3d 5s 2h 6c] [5h]
gamer78: bets $6
Agrotait: calls $6
*** SHOW DOWN ***
gamer78: shows [Kd 9h] (a pair of Fives)
Agrotait: shows [6h Jd] (two pair, Sixes and Fives)
Agrotait collected $41.50 from pot
*** SUMMARY ***
Total pot $42 | Rake $0.50
Board [3d 5s 2h 6c 5h]
Seat 5: gamer78 (big blind) showed [Kd 9h] and lost with a pair of Fives
Seat 6: Agrotait (button) (small blind) showed [6h Jd] and won ($41.50) with two pair, Sixes and Fives


PokerStars Hand #159958607234:  Hold'em Limit ($3/$6 USD) - 2016/10/15 8:05:18 ET
Table 'Arachne' 10-max Seat #5 is the button
Seat 5: gamer78 ($85 in chips)
Seat 6: Agrotait ($75.14 in chips)
gamer78: posts small blind $1
Agrotait: posts big blind $3
*** HOLE CARDS ***
gamer78: folds
Uncalled bet ($2) returned to Agrotait
Agrotait collected $2 from pot
Agrotait: doesn't show hand
*** SUMMARY ***
Total pot $2 | Rake $0
Seat 5: gamer78 (button) (small blind) folded before Flop
Seat 6: Agrotait (big blind) collected ($2)


PokerStars Hand #159958578456:  Hold'em Limit ($3/$6 USD) - 2016/10/15 8:04:21 ET
Table 'Arachne' 10-max Seat #6 is the button
Seat 5: gamer78 ($61.50 in chips)
Seat 6: Agrotait ($99.14 in chips)
Agrotait: posts small blind $1
gamer78: posts big blind $3
*** HOLE CARDS ***
Agrotait: raises $3 to $6
gamer78: raises $3 to $9
Agrotait: calls $3
*** FLOP *** [Tc 4d 9d]
gamer78: bets $3
Agrotait: calls $3
*** TURN *** [Tc 4d 9d] [9s]
gamer78: bets $6
Agrotait: calls $6
*** RIVER *** [Tc 4d 9d 9s] [6c]
gamer78: bets $6
Agrotait: calls $6
*** SHOW DOWN ***
gamer78: shows [9c 7h] (three of a kind, Nines)
Agrotait: mucks hand
gamer78 collected $47.50 from pot
*** SUMMARY ***
Total pot $48 | Rake $0.50
Board [Tc 4d 9d 9s 6c]
Seat 5: gamer78 (big blind) showed [9c 7h] and won ($47.50) with three of a kind, Nines
Seat 6: Agrotait (button) (small blind) mucked


PokerStars Hand #159958609849:  Hold'em Limit ($3/$6 USD) - 2016/10/15 8:05:23 ET
Table 'Arachne' 10-max Seat #6 is the button
Seat 5: gamer78 ($84 in chips)
Seat 6: Agrotait ($76.14 in chips)
Agrotait: posts small blind $1
gamer78: posts big blind $3
*** HOLE CARDS ***
Agrotait: raises $3 to $6
gamer78: calls $3
*** FLOP *** [Jc Ts 9s]
gamer78: checks
Agrotait: checks
*** TURN *** [Jc Ts 9s] [9c]
gamer78: bets $6
Agrotait: folds
Uncalled bet ($6) returned to gamer78
gamer78 collected $11.76 from pot
gamer78: doesn't show hand
*** SUMMARY ***
Total pot $12 | Rake $0.24
Board [Jc Ts 9s 9c]
Seat 5: gamer78 (big blind) collected ($11.76)
Seat 6: Agrotait (button) (small blind) folded on the Turn


PokerStars Hand #159958629537:  Hold'em Limit ($3/$6 USD) - 2016/10/15 8:06:01 ET
Table 'Arachne' 10-max Seat #5 is the button
Seat 5: gamer78 ($89.76 in chips)
Seat 6: Agrotait ($70.14 in chips)
gamer78: posts small blind $1
Agrotait: posts big blind $3
*** HOLE CARDS ***
gamer78: raises $3 to $6
Agrotait: raises $3 to $9
gamer78: raises $3 to $12
Betting is capped
Agrotait: calls $3
*** FLOP *** [4d 3c 5s]
Agrotait: checks
gamer78: checks
*** TURN *** [4d 3c 5s] [9s]
Agrotait: bets $6
gamer78: folds
Uncalled bet ($6) returned to Agrotait
Agrotait collected $23.52 from pot
Agrotait: doesn't show hand
*** SUMMARY ***
Total pot $24 | Rake $0.48
Board [4d 3c 5s 9s]
Seat 5: gamer78 (button) (small blind) folded on the Turn
Seat 6: Agrotait (big blind) collected ($23.52)


