PokerStars Hand #174442951363:  Hold'em Limit ($3/$6 USD) - 2017/08/17 9:08:10 ET
Table 'Arachne' 6-max Seat #2 is the button
Seat 1: apx0surry9 ($120 in chips)
Seat 2: B_loJkl ($150 in chips)
B_loJkl: posts small blind $1
VolkovDmitri: is sitting out
apx0surry9: posts big blind $3
VolkovDmitri leaves the table
*** HOLE CARDS ***
B_loJkl: raises $3 to $6
apx0surry9: calls $3
*** FLOP *** [2h 6c Tc]
apx0surry9: checks
B_loJkl: bets $3
apx0surry9: raises $3 to $6
B_loJkl: calls $3
*** TURN *** [2h 6c Tc] [Ah]
apx0surry9: bets $6
B_loJkl: calls $6
*** RIVER *** [2h 6c Tc Ah] [2d]
apx0surry9: bets $6
B_loJkl: calls $6
*** SHOW DOWN ***
apx0surry9: shows [Td 7c] (two pair, Tens and Deuces)
B_loJkl: mucks hand
apx0surry9 collected $47.50 from pot
*** SUMMARY ***
Total pot $48 | Rake $0.50
Board [2h 6c Tc Ah 2d]
Seat 1: apx0surry9 (big blind) showed [Td 7c] and won ($47.50) with two pair, Tens and Deuces
Seat 2: B_loJkl (button) (small blind) mucked


PokerStars Hand #174442970195:  Hold'em Limit ($3/$6 USD) - 2017/08/17 9:08:48 ET
Table 'Arachne' 6-max Seat #1 is the button
Seat 1: apx0surry9 ($143.50 in chips)
Seat 2: B_loJkl ($126 in chips)
apx0surry9: posts small blind $1
B_loJkl: posts big blind $3
*** HOLE CARDS ***
apx0surry9: raises $3 to $6
B_loJkl: folds
Uncalled bet ($3) returned to apx0surry9
apx0surry9 collected $6 from pot
apx0surry9: doesn't show hand
*** SUMMARY ***
Total pot $6 | Rake $0
Seat 1: apx0surry9 (button) (small blind) collected ($6)
Seat 2: B_loJkl (big blind) folded before Flop


PokerStars Hand #174442980908:  Hold'em Limit ($3/$6 USD) - 2017/08/17 9:09:09 ET
Table 'Arachne' 6-max Seat #1 is the button
Seat 1: apx0surry9 ($147.50 in chips)
Seat 2: B_loJkl ($122 in chips)
apx0surry9: posts small blind $1
B_loJkl: posts big blind $3
*** HOLE CARDS ***
apx0surry9: calls $2
B_loJkl: raises $3 to $6
apx0surry9: calls $3
*** FLOP *** [8s Ad 2c]
B_loJkl: checks
apx0surry9: bets $3
B_loJkl: calls $3
*** TURN *** [8s Ad 2c] [Kh]
B_loJkl: checks
apx0surry9: checks
*** RIVER *** [8s Ad 2c Kh] [7c]
B_loJkl: checks
apx0surry9: bets $6
B_loJkl: folds
Uncalled bet ($6) returned to apx0surry9
apx0surry9 collected $17.64 from pot
apx0surry9: doesn't show hand
*** SUMMARY ***
Total pot $18 | Rake $0.36
Board [8s Ad 2c Kh 7c]
Seat 1: apx0surry9 (button) (small blind) collected ($17.64)
Seat 2: B_loJkl (big blind) folded on the River


PokerStars Hand #174442978426:  Hold'em Limit ($3/$6 USD) - 2017/08/17 9:09:04 ET
Table 'Arachne' 6-max Seat #2 is the button
Seat 1: apx0surry9 ($146.50 in chips)
Seat 2: B_loJkl ($123 in chips)
B_loJkl: posts small blind $1
apx0surry9: posts big blind $3
*** HOLE CARDS ***
B_loJkl: folds
Uncalled bet ($2) returned to apx0surry9
apx0surry9 collected $2 from pot
apx0surry9: doesn't show hand
*** SUMMARY ***
Total pot $2 | Rake $0
Seat 1: apx0surry9 (big blind) collected ($2)
Seat 2: B_loJkl (button) (small blind) folded before Flop


PokerStars Hand #174443006810:  Hold'em Limit ($3/$6 USD) - 2017/08/17 9:10:00 ET
Table 'Arachne' 6-max Seat #1 is the button
Seat 1: apx0surry9 ($150.14 in chips)
Seat 2: B_loJkl ($118.76 in chips)
apx0surry9: posts small blind $1
B_loJkl: posts big blind $3
*** HOLE CARDS ***
apx0surry9: folds
Uncalled bet ($2) returned to B_loJkl
B_loJkl collected $2 from pot
B_loJkl: doesn't show hand
*** SUMMARY ***
Total pot $2 | Rake $0
Seat 1: apx0surry9 (button) (small blind) folded before Flop
Seat 2: B_loJkl (big blind) collected ($2)


PokerStars Hand #174442997026:  Hold'em Limit ($3/$6 USD) - 2017/08/17 9:09:41 ET
Table 'Arachne' 6-max Seat #2 is the button
Seat 1: apx0surry9 ($156.14 in chips)
Seat 2: B_loJkl ($113 in chips)
B_loJkl: posts small blind $1
apx0surry9: posts big blind $3
*** HOLE CARDS ***
B_loJkl: raises $3 to $6
apx0surry9: calls $3
*** FLOP *** [5c Ah 5s]
apx0surry9: checks
B_loJkl: bets $3
apx0surry9: folds
Uncalled bet ($3) returned to B_loJkl
B_loJkl collected $11.76 from pot
B_loJkl: doesn't show hand
*** SUMMARY ***
Total pot $12 | Rake $0.24
Board [5c Ah 5s]
Seat 1: apx0surry9 (big blind) folded on the Flop
Seat 2: B_loJkl (button) (small blind) collected ($11.76)


