PokerStars Hand #166373532111:  Hold'em Limit ($3/$6 USD) - 2017/02/17 19:55:58 ET
Table 'Arago' 6-max Seat #4 is the button
Seat 4: Actionni13 ($150 in chips)
Seat 5: AAAA_FULL_72 ($40.01 in chips)
Actionni13: posts small blind $1
AAAA_FULL_72: posts big blind $3
*** HOLE CARDS ***
Actionni13: raises $3 to $6
AAAA_FULL_72: raises $3 to $9
Actionni13: calls $3
*** FLOP *** [9c Ac 7d]
AAAA_FULL_72: bets $3
Actionni13: calls $3
*** TURN *** [9c Ac 7d] [9h]
AAAA_FULL_72: bets $6
Actionni13: folds
Uncalled bet ($6) returned to AAAA_FULL_72
AAAA_FULL_72 collected $23.52 from pot
*** SUMMARY ***
Total pot $24 | Rake $0.48
Board [9c Ac 7d 9h]
Seat 4: Actionni13 (button) (small blind) folded on the Turn
Seat 5: AAAA_FULL_72 (big blind) collected ($23.52)


PokerStars Hand #166373543335:  Hold'em Limit ($3/$6 USD) - 2017/02/17 19:56:21 ET
Table 'Arago' 6-max Seat #4 is the button
Seat 4: Actionni13 ($151 in chips)
Seat 5: AAAA_FULL_72 ($50.53 in chips)
Actionni13: posts small blind $1
AAAA_FULL_72: posts big blind $3
*** HOLE CARDS ***
Actionni13: raises $3 to $6
AAAA_FULL_72: calls $3
*** FLOP *** [Jc 4s 3d]
AAAA_FULL_72: checks
Actionni13: bets $3
AAAA_FULL_72: calls $3
*** TURN *** [Jc 4s 3d] [7s]
AAAA_FULL_72: checks
Actionni13: bets $6
AAAA_FULL_72: raises $6 to $12
Actionni13: calls $6
*** RIVER *** [Jc 4s 3d 7s] [6s]
AAAA_FULL_72: checks
Actionni13: checks
*** SHOW DOWN ***
AAAA_FULL_72: shows [7d Ah] (a pair of Sevens)
Actionni13: mucks hand
AAAA_FULL_72 collected $41.50 from pot
*** SUMMARY ***
Total pot $42 | Rake $0.50
Board [Jc 4s 3d 7s 6s]
Seat 4: Actionni13 (button) (small blind) mucked
Seat 5: AAAA_FULL_72 (big blind) showed [7d Ah] and won ($41.50) with a pair of Sevens


PokerStars Hand #166373566730:  Hold'em Limit ($3/$6 USD) - 2017/02/17 19:57:07 ET
Table 'Arago' 6-max Seat #4 is the button
Seat 4: Actionni13 ($150 in chips)
Seat 5: AAAA_FULL_72 ($76.79 in chips)
Actionni13: posts small blind $1
AAAA_FULL_72: posts big blind $3
*** HOLE CARDS ***
Actionni13: raises $3 to $6
AAAA_FULL_72: folds
Uncalled bet ($3) returned to Actionni13
Actionni13 collected $6 from pot
*** SUMMARY ***
Total pot $6 | Rake $0
Seat 4: Actionni13 (button) (small blind) collected ($6)
Seat 5: AAAA_FULL_72 (big blind) folded before Flop


PokerStars Hand #166373557628:  Hold'em Limit ($3/$6 USD) - 2017/02/17 19:56:49 ET
Table 'Arago' 6-max Seat #5 is the button
Seat 4: Actionni13 ($150 in chips)
Seat 5: AAAA_FULL_72 ($71.03 in chips)
AAAA_FULL_72: posts small blind $1
Actionni13: posts big blind $3
*** HOLE CARDS ***
AAAA_FULL_72: raises $3 to $6
Actionni13: calls $3
*** FLOP *** [4h 9s Td]
Actionni13: checks
AAAA_FULL_72: bets $3
Actionni13: folds
Uncalled bet ($3) returned to AAAA_FULL_72
AAAA_FULL_72 collected $11.76 from pot
AAAA_FULL_72: doesn't show hand
*** SUMMARY ***
Total pot $12 | Rake $0.24
Board [4h 9s Td]
Seat 4: Actionni13 (big blind) folded on the Flop
Seat 5: AAAA_FULL_72 (button) (small blind) collected ($11.76)


PokerStars Hand #166373541115:  Hold'em Limit ($3/$6 USD) - 2017/02/17 19:56:16 ET
Table 'Arago' 6-max Seat #5 is the button
Seat 4: Actionni13 ($150 in chips)
Seat 5: AAAA_FULL_72 ($51.53 in chips)
AAAA_FULL_72: posts small blind $1
Actionni13: posts big blind $3
*** HOLE CARDS ***
AAAA_FULL_72: folds
Uncalled bet ($2) returned to Actionni13
Actionni13 collected $2 from pot
*** SUMMARY ***
Total pot $2 | Rake $0
Seat 4: Actionni13 (big blind) collected ($2)
Seat 5: AAAA_FULL_72 (button) (small blind) folded before Flop


PokerStars Hand #166373570161:  Hold'em Limit ($3/$6 USD) - 2017/02/17 19:57:14 ET
Table 'Arago' 6-max Seat #5 is the button
Seat 4: Actionni13 ($153 in chips)
Seat 5: AAAA_FULL_72 ($73.79 in chips)
AAAA_FULL_72: posts small blind $1
Actionni13: posts big blind $3
*** HOLE CARDS ***
AAAA_FULL_72: raises $3 to $6
Actionni13: calls $3
*** FLOP *** [6h 9d 3d]
Actionni13: checks
AAAA_FULL_72: checks
*** TURN *** [6h 9d 3d] [2c]
Actionni13: bets $6
AAAA_FULL_72: folds
Uncalled bet ($6) returned to Actionni13
Actionni13 collected $11.76 from pot
*** SUMMARY ***
Total pot $12 | Rake $0.24
Board [6h 9d 3d 2c]
Seat 4: Actionni13 (big blind) collected ($11.76)
Seat 5: AAAA_FULL_72 (button) (small blind) folded on the Turn


