PokerStars Hand #149698222834:  Hold'em Limit ($3/$6 USD) - 2016/03/01 20:22:09 ET
Table 'Arago' 6-max Seat #6 is the button
Seat 5: RaisemyNut$ ($152.32 in chips)
Seat 6: Sagar_7 ($112.92 in chips)
Sagar_7: posts small blind $1
RaisemyNut$: posts big blind $3
*** HOLE CARDS ***
Sagar_7: folds
Uncalled bet ($2) returned to RaisemyNut$
RaisemyNut$ collected $2 from pot
RaisemyNut$: doesn't show hand
*** SUMMARY ***
Total pot $2 | Rake $0
Seat 5: RaisemyNut$ (big blind) collected ($2)
Seat 6: Sagar_7 (button) (small blind) folded before Flop


PokerStars Hand #149698229552:  Hold'em Limit ($3/$6 USD) - 2016/03/01 20:22:22 ET
Table 'Arago' 6-max Seat #5 is the button
Seat 5: RaisemyNut$ ($153.32 in chips)
Seat 6: Sagar_7 ($111.92 in chips)
RaisemyNut$: posts small blind $1
Sagar_7: posts big blind $3
*** HOLE CARDS ***
RaisemyNut$: raises $3 to $6
Sagar_7: raises $3 to $9
RaisemyNut$: calls $3
*** FLOP *** [2d 4s 3c]
Sagar_7: checks
RaisemyNut$: checks
*** TURN *** [2d 4s 3c] [4h]
Sagar_7: bets $6
RaisemyNut$: folds
Uncalled bet ($6) returned to Sagar_7
Sagar_7 collected $17.64 from pot
Sagar_7: doesn't show hand
*** SUMMARY ***
Total pot $18 | Rake $0.36
Board [2d 4s 3c 4h]
Seat 5: RaisemyNut$ (button) (small blind) folded on the Turn
Seat 6: Sagar_7 (big blind) collected ($17.64)


PokerStars Hand #149698242344:  Hold'em Limit ($3/$6 USD) - 2016/03/01 20:22:47 ET
Table 'Arago' 6-max Seat #6 is the button
Seat 5: RaisemyNut$ ($144.32 in chips)
Seat 6: Sagar_7 ($120.56 in chips)
Sagar_7: posts small blind $1
RaisemyNut$: posts big blind $3
*** HOLE CARDS ***
Sagar_7: raises $3 to $6
RaisemyNut$: calls $3
*** FLOP *** [3c 2h 5c]
RaisemyNut$: checks
Sagar_7: bets $3
Harlaur joins the table at seat #4
RaisemyNut$: calls $3
*** TURN *** [3c 2h 5c] [8d]
RaisemyNut$: checks
Sagar_7: bets $6
RaisemyNut$: calls $6
*** RIVER *** [3c 2h 5c 8d] [8c]
RaisemyNut$: checks
Sagar_7: bets $6
RaisemyNut$: folds
Uncalled bet ($6) returned to Sagar_7
Sagar_7 collected $29.50 from pot
Sagar_7: doesn't show hand
*** SUMMARY ***
Total pot $30 | Rake $0.50
Board [3c 2h 5c 8d 8c]
Seat 5: RaisemyNut$ (big blind) folded on the River
Seat 6: Sagar_7 (button) (small blind) collected ($29.50)


PokerStars Hand #149698257654:  Hold'em Limit ($3/$6 USD) - 2016/03/01 20:23:17 ET
Table 'Arago' 6-max Seat #5 is the button
Seat 5: RaisemyNut$ ($129.32 in chips)
Seat 6: Sagar_7 ($135.06 in chips)
RaisemyNut$: posts small blind $1
Sagar_7: posts big blind $3
*** HOLE CARDS ***
RaisemyNut$: folds
Uncalled bet ($2) returned to Sagar_7
Sagar_7 collected $2 from pot
Sagar_7: doesn't show hand
*** SUMMARY ***
Total pot $2 | Rake $0
Seat 5: RaisemyNut$ (button) (small blind) folded before Flop
Seat 6: Sagar_7 (big blind) collected ($2)


PokerStars Hand #149699596674:  Hold'em Limit ($3/$6 USD) - 2016/03/01 21:10:12 ET
Table 'Arago' 6-max Seat #1 is the button
Seat 1: BuzovaPro ($72 in chips)
Seat 4: yu1104 ($95.20 in chips)
BuzovaPro: posts small blind $1
yu1104: posts big blind $3
*** HOLE CARDS ***
BuzovaPro: raises $3 to $6
yu1104: calls $3
*** FLOP *** [3s 6d 5h]
69benji joins the table at seat #6
yu1104: checks
BuzovaPro: bets $3
yu1104: calls $3
*** TURN *** [3s 6d 5h] [Ks]
yu1104: checks
BuzovaPro: bets $6
yu1104: raises $6 to $12
BuzovaPro: calls $6
*** RIVER *** [3s 6d 5h Ks] [Jc]
yu1104: bets $6
BuzovaPro: folds
Uncalled bet ($6) returned to yu1104
yu1104 collected $41.50 from pot
yu1104: doesn't show hand
*** SUMMARY ***
Total pot $42 | Rake $0.50
Board [3s 6d 5h Ks Jc]
Seat 1: BuzovaPro (button) (small blind) folded on the River
Seat 4: yu1104 (big blind) collected ($41.50)


PokerStars Hand #149699739715:  Hold'em Limit ($3/$6 USD) - 2016/03/01 21:15:30 ET
Table 'Arago' 6-max Seat #4 is the button
Seat 4: yu1104 ($15.70 in chips)
Seat 6: 69benji ($179.22 in chips)
yu1104: posts small blind $1
69benji: posts big blind $3
*** HOLE CARDS ***
yu1104: folds
Uncalled bet ($2) returned to 69benji
69benji collected $2 from pot
*** SUMMARY ***
Total pot $2 | Rake $0
Seat 4: yu1104 (button) (small blind) folded before Flop
Seat 6: 69benji (big blind) collected ($2)


PokerStars Hand #149699732896:  Hold'em Limit ($3/$6 USD) - 2016/03/01 21:15:15 ET
Table 'Arago' 6-max Seat #6 is the button
Seat 4: yu1104 ($21.70 in chips)
Seat 6: 69benji ($173.46 in chips)
69benji: posts small blind $1
BuzovaPro: is sitting out
yu1104: posts big blind $3
*** HOLE CARDS ***
BuzovaPro leaves the table
69benji: raises $3 to $6
yu1104: calls $3
*** FLOP *** [Qd Ac 2h]
yu1104: checks
69benji: bets $3
yu1104: folds
Uncalled bet ($3) returned to 69benji
69benji collected $11.76 from pot
*** SUMMARY ***
Total pot $12 | Rake $0.24
Board [Qd Ac 2h]
Seat 4: yu1104 (big blind) folded on the Flop
Seat 6: 69benji (button) (small blind) collected ($11.76)


PokerStars Hand #149699767670:  Hold'em Limit ($3/$6 USD) - 2016/03/01 21:16:32 ET
Table 'Arago' 6-max Seat #4 is the button
Seat 4: yu1104 ($30.10 in chips)
Seat 6: 69benji ($164.22 in chips)
yu1104: posts small blind $1
69benji: posts big blind $3
*** HOLE CARDS ***
yu1104: folds
Uncalled bet ($2) returned to 69benji
69benji collected $2 from pot
*** SUMMARY ***
Total pot $2 | Rake $0
Seat 4: yu1104 (button) (small blind) folded before Flop
Seat 6: 69benji (big blind) collected ($2)


PokerStars Hand #149699763004:  Hold'em Limit ($3/$6 USD) - 2016/03/01 21:16:21 ET
Table 'Arago' 6-max Seat #6 is the button
Seat 4: yu1104 ($29.10 in chips)
Seat 6: 69benji ($165.22 in chips)
69benji: posts small blind $1
yu1104: posts big blind $3
*** HOLE CARDS ***
69benji: folds
Uncalled bet ($2) returned to yu1104
yu1104 collected $2 from pot
yu1104: doesn't show hand
*** SUMMARY ***
Total pot $2 | Rake $0
Seat 4: yu1104 (big blind) collected ($2)
Seat 6: 69benji (button) (small blind) folded before Flop


PokerStars Hand #149699756462:  Hold'em Limit ($3/$6 USD) - 2016/03/01 21:16:07 ET
Table 'Arago' 6-max Seat #4 is the button
Seat 4: yu1104 ($23.34 in chips)
Seat 6: 69benji ($171.22 in chips)
yu1104: posts small blind $1
69benji: posts big blind $3
*** HOLE CARDS ***
yu1104: raises $3 to $6
69benji: calls $3
*** FLOP *** [2s 8d 9s]
69benji: checks
yu1104: bets $3
69benji: folds
Uncalled bet ($3) returned to yu1104
yu1104 collected $11.76 from pot
yu1104: doesn't show hand
*** SUMMARY ***
Total pot $12 | Rake $0.24
Board [2s 8d 9s]
Seat 4: yu1104 (button) (small blind) collected ($11.76)
Seat 6: 69benji (big blind) folded on the Flop


PokerStars Hand #149699742455:  Hold'em Limit ($3/$6 USD) - 2016/03/01 21:15:36 ET
Table 'Arago' 6-max Seat #6 is the button
Seat 4: yu1104 ($14.70 in chips)
Seat 6: 69benji ($180.22 in chips)
69benji: posts small blind $1
yu1104: posts big blind $3
*** HOLE CARDS ***
69benji: raises $3 to $6
yu1104: calls $3
*** FLOP *** [7h 7d Jd]
yu1104: checks
69benji: bets $3
yu1104: calls $3
*** TURN *** [7h 7d Jd] [9d]
yu1104: checks
69benji: checks
*** RIVER *** [7h 7d Jd 9d] [6s]
yu1104: bets $5.70 and is all-in
69benji: folds
Uncalled bet ($5.70) returned to yu1104
yu1104 collected $17.64 from pot
yu1104: doesn't show hand
*** SUMMARY ***
Total pot $18 | Rake $0.36
Board [7h 7d Jd 9d 6s]
Seat 4: yu1104 (big blind) collected ($17.64)
Seat 6: 69benji (button) (small blind) folded on the River


PokerStars Hand #149699789377:  Hold'em Limit ($3/$6 USD) - 2016/03/01 21:17:21 ET
Table 'Arago' 6-max Seat #4 is the button
Seat 4: yu1104 ($12.10 in chips)
Seat 6: 69benji ($181.72 in chips)
yu1104: posts small blind $1
69benji: posts big blind $3
*** HOLE CARDS ***
yu1104: raises $3 to $6
69benji: calls $3
*** FLOP *** [2h Ts 7d]
69benji: checks
yu1104: bets $3
69benji: raises $3 to $6
yu1104: raises $0.10 to $6.10 and is all-in
69benji: calls $0.10
*** TURN *** [2h Ts 7d] [Th]
*** RIVER *** [2h Ts 7d Th] [Qd]
*** SHOW DOWN ***
69benji: shows [9s 7h] (two pair, Tens and Sevens)
yu1104: shows [Tc 8d] (three of a kind, Tens)
yu1104 collected $23.72 from pot
*** SUMMARY ***
Total pot $24.20 | Rake $0.48
Board [2h Ts 7d Th Qd]
Seat 4: yu1104 (button) (small blind) showed [Tc 8d] and won ($23.72) with three of a kind, Tens
Seat 6: 69benji (big blind) showed [9s 7h] and lost with two pair, Tens and Sevens


PokerStars Hand #149699770188:  Hold'em Limit ($3/$6 USD) - 2016/03/01 21:16:38 ET
Table 'Arago' 6-max Seat #6 is the button
Seat 4: yu1104 ($29.10 in chips)
Seat 6: 69benji ($165.22 in chips)
69benji: posts small blind $1
yu1104: posts big blind $3
*** HOLE CARDS ***
69benji: raises $3 to $6
yu1104: calls $3
*** FLOP *** [Ac 3c 9s]
yu1104: checks
69benji: bets $3
yu1104: calls $3
*** TURN *** [Ac 3c 9s] [Jd]
yu1104: checks
69benji: bets $6
yu1104: calls $6
*** RIVER *** [Ac 3c 9s Jd] [8d]
yu1104: checks
69benji: bets $6
yu1104: calls $6
*** SHOW DOWN ***
69benji: shows [Js Kd] (a pair of Jacks)
yu1104: mucks hand
69benji collected $41.50 from pot
*** SUMMARY ***
Total pot $42 | Rake $0.50
Board [Ac 3c 9s Jd 8d]
Seat 4: yu1104 (big blind) mucked
Seat 6: 69benji (button) (small blind) showed [Js Kd] and won ($41.50) with a pair of Jacks


PokerStars Hand #149699786920:  Hold'em Limit ($3/$6 USD) - 2016/03/01 21:17:15 ET
Table 'Arago' 6-max Seat #6 is the button
Seat 4: yu1104 ($11.10 in chips)
Seat 6: 69benji ($182.72 in chips)
69benji: posts small blind $1
yu1104: posts big blind $3
*** HOLE CARDS ***
69benji: folds
Uncalled bet ($2) returned to yu1104
yu1104 collected $2 from pot
yu1104: doesn't show hand
*** SUMMARY ***
Total pot $2 | Rake $0
Seat 4: yu1104 (big blind) collected ($2)
Seat 6: 69benji (button) (small blind) folded before Flop


PokerStars Hand #149699783373:  Hold'em Limit ($3/$6 USD) - 2016/03/01 21:17:07 ET
Table 'Arago' 6-max Seat #4 is the button
Seat 4: yu1104 ($8.10 in chips)
Seat 6: 69benji ($185.72 in chips)
yu1104: posts small blind $1
69benji: posts big blind $3
*** HOLE CARDS ***
yu1104: raises $3 to $6
69benji: folds
Uncalled bet ($3) returned to yu1104
yu1104 collected $6 from pot
yu1104: doesn't show hand
*** SUMMARY ***
Total pot $6 | Rake $0
Seat 4: yu1104 (button) (small blind) collected ($6)
Seat 6: 69benji (big blind) folded before Flop


PokerStars Hand #149699801737:  Hold'em Limit ($3/$6 USD) - 2016/03/01 21:17:48 ET
Table 'Arago' 6-max Seat #6 is the button
Seat 4: yu1104 ($23.72 in chips)
Seat 6: 69benji ($169.62 in chips)
69benji: posts small blind $1
yu1104: posts big blind $3
*** HOLE CARDS ***
69benji: raises $3 to $6
yu1104: calls $3
*** FLOP *** [Kc Jh 2h]
yu1104: checks
69benji: bets $3
yu1104: calls $3
*** TURN *** [Kc Jh 2h] [3s]
yu1104: checks
69benji: bets $6
yu1104: raises $6 to $12
69benji: calls $6
*** RIVER *** [Kc Jh 2h 3s] [7c]
yu1104: bets $2.72 and is all-in
69benji: calls $2.72
*** SHOW DOWN ***
yu1104: shows [Ks 5c] (a pair of Kings)
69benji: shows [7d Kd] (two pair, Kings and Sevens)
69benji collected $46.94 from pot
*** SUMMARY ***
Total pot $47.44 | Rake $0.50
Board [Kc Jh 2h 3s 7c]
Seat 4: yu1104 (big blind) showed [Ks 5c] and lost with a pair of Kings
Seat 6: 69benji (button) (small blind) showed [7d Kd] and won ($46.94) with two pair, Kings and Sevens


