PokerStars Hand #175065881901:  Hold'em Limit ($3/$6 USD) - 2017/09/01 11:28:54 ET
Table 'Arago' 6-max Seat #4 is the button
Seat 3: cola26licht ($43.72 in chips)
Seat 4: TbIP-TbIP 88 ($72 in chips)
TbIP-TbIP 88: posts small blind $1
cola26licht: posts big blind $3
*** HOLE CARDS ***
TbIP-TbIP 88: raises $3 to $6
cola26licht: calls $3
*** FLOP *** [7c 6d Jd]
cola26licht: checks
TbIP-TbIP 88: checks
*** TURN *** [7c 6d Jd] [9h]
cola26licht: bets $6
TbIP-TbIP 88: calls $6
*** RIVER *** [7c 6d Jd 9h] [Tc]
cola26licht: bets $6
TbIP-TbIP 88: folds
Uncalled bet ($6) returned to cola26licht
cola26licht collected $23.52 from pot
*** SUMMARY ***
Total pot $24 | Rake $0.48
Board [7c 6d Jd 9h Tc]
Seat 3: cola26licht (big blind) collected ($23.52)
Seat 4: TbIP-TbIP 88 (button) (small blind) folded on the River


PokerStars Hand #175065926553:  Hold'em Limit ($3/$6 USD) - 2017/09/01 11:30:11 ET
Table 'Arago' 6-max Seat #4 is the button
Seat 3: cola26licht ($63.88 in chips)
Seat 4: TbIP-TbIP 88 ($72 in chips)
TbIP-TbIP 88: posts small blind $1
cola26licht: posts big blind $3
*** HOLE CARDS ***
TbIP-TbIP 88: raises $3 to $6
cola26licht: folds
Uncalled bet ($3) returned to TbIP-TbIP 88
TbIP-TbIP 88 collected $6 from pot
TbIP-TbIP 88: doesn't show hand
*** SUMMARY ***
Total pot $6 | Rake $0
Seat 3: cola26licht (big blind) folded before Flop
Seat 4: TbIP-TbIP 88 (button) (small blind) collected ($6)


PokerStars Hand #175065916756:  Hold'em Limit ($3/$6 USD) - 2017/09/01 11:29:55 ET
Table 'Arago' 6-max Seat #3 is the button
Seat 3: cola26licht ($55.24 in chips)
Seat 4: TbIP-TbIP 88 ($72 in chips)
cola26licht: posts small blind $1
TbIP-TbIP 88: posts big blind $3
*** HOLE CARDS ***
cola26licht: raises $3 to $6
TbIP-TbIP 88: calls $3
*** FLOP *** [2c 4s Kd]
TbIP-TbIP 88: checks
cola26licht: bets $3
TbIP-TbIP 88: calls $3
*** TURN *** [2c 4s Kd] [Td]
TbIP-TbIP 88: checks
cola26licht: checks
*** RIVER *** [2c 4s Kd Td] [9s]
TbIP-TbIP 88: checks
cola26licht: checks
*** SHOW DOWN ***
TbIP-TbIP 88: shows [6c Ac] (high card Ace)
cola26licht: shows [Qc Ah] (high card Ace - King+Queen kicker)
cola26licht collected $17.64 from pot
*** SUMMARY ***
Total pot $18 | Rake $0.36
Board [2c 4s Kd Td 9s]
Seat 3: cola26licht (button) (small blind) showed [Qc Ah] and won ($17.64) with high card Ace
Seat 4: TbIP-TbIP 88 (big blind) showed [6c Ac] and lost with high card Ace


PokerStars Hand #175065967119:  Hold'em Limit ($3/$6 USD) - 2017/09/01 11:31:22 ET
Table 'Arago' 6-max Seat #4 is the button
Seat 3: cola26licht ($20.88 in chips)
Seat 4: TbIP-TbIP 88 ($113.78 in chips)
TbIP-TbIP 88: posts small blind $1
cola26licht: posts big blind $3
*** HOLE CARDS ***
TbIP-TbIP 88: folds
Uncalled bet ($2) returned to cola26licht
cola26licht collected $2 from pot
*** SUMMARY ***
Total pot $2 | Rake $0
Seat 3: cola26licht (big blind) collected ($2)
Seat 4: TbIP-TbIP 88 (button) (small blind) folded before Flop


PokerStars Hand #175065957688:  Hold'em Limit ($3/$6 USD) - 2017/09/01 11:31:05 ET
Table 'Arago' 6-max Seat #3 is the button
Seat 3: cola26licht ($26.88 in chips)
Seat 4: TbIP-TbIP 88 ($108.02 in chips)
cola26licht: posts small blind $1
TbIP-TbIP 88: posts big blind $3
*** HOLE CARDS ***
cola26licht: raises $3 to $6
TbIP-TbIP 88: calls $3
*** FLOP *** [As 2c 3d]
TbIP-TbIP 88: checks
cola26licht: checks
*** TURN *** [As 2c 3d] [8h]
TbIP-TbIP 88: checks
cola26licht: checks
*** RIVER *** [As 2c 3d 8h] [4c]
TbIP-TbIP 88: bets $6
cola26licht: folds
Uncalled bet ($6) returned to TbIP-TbIP 88
TbIP-TbIP 88 collected $11.76 from pot
TbIP-TbIP 88: doesn't show hand
*** SUMMARY ***
Total pot $12 | Rake $0.24
Board [As 2c 3d 8h 4c]
Seat 3: cola26licht (button) (small blind) folded on the River
Seat 4: TbIP-TbIP 88 (big blind) collected ($11.76)


PokerStars Hand #175065929554:  Hold'em Limit ($3/$6 USD) - 2017/09/01 11:30:16 ET
Table 'Arago' 6-max Seat #3 is the button
Seat 3: cola26licht ($60.88 in chips)
Seat 4: TbIP-TbIP 88 ($75 in chips)
cola26licht: posts small blind $1
TbIP-TbIP 88: posts big blind $3
*** HOLE CARDS ***
cola26licht: raises $3 to $6
TbIP-TbIP 88: raises $3 to $9
cola26licht: calls $3
*** FLOP *** [4c 6h 8c]
TbIP-TbIP 88: bets $3
cola26licht: calls $3
*** TURN *** [4c 6h 8c] [Kh]
TbIP-TbIP 88: checks
cola26licht: checks
*** RIVER *** [4c 6h 8c Kh] [Ah]
TbIP-TbIP 88: checks
cola26licht: checks
*** SHOW DOWN ***
TbIP-TbIP 88: shows [Ad Qs] (a pair of Aces)
cola26licht: mucks hand
TbIP-TbIP 88 collected $23.52 from pot
*** SUMMARY ***
Total pot $24 | Rake $0.48
Board [4c 6h 8c Kh Ah]
Seat 3: cola26licht (button) (small blind) mucked
Seat 4: TbIP-TbIP 88 (big blind) showed [Ad Qs] and won ($23.52) with a pair of Aces


PokerStars Hand #175065940565:  Hold'em Limit ($3/$6 USD) - 2017/09/01 11:30:35 ET
Table 'Arago' 6-max Seat #4 is the button
Seat 3: cola26licht ($48.88 in chips)
Seat 4: TbIP-TbIP 88 ($86.52 in chips)
TbIP-TbIP 88: posts small blind $1
cola26licht: posts big blind $3
*** HOLE CARDS ***
TbIP-TbIP 88: raises $3 to $6
cola26licht: folds
Uncalled bet ($3) returned to TbIP-TbIP 88
TbIP-TbIP 88 collected $6 from pot
TbIP-TbIP 88: doesn't show hand
*** SUMMARY ***
Total pot $6 | Rake $0
Seat 3: cola26licht (big blind) folded before Flop
Seat 4: TbIP-TbIP 88 (button) (small blind) collected ($6)


