PokerStars Hand #172215521558:  Hold'em Limit ($3/$6 USD) - 2017/06/25 8:35:19 ET
Table 'Archid' 6-max Seat #6 is the button
Seat 5: nedo1414 ($120 in chips)
Seat 6: AzureCaper ($72 in chips)
AzureCaper: posts small blind $1
nedo1414: posts big blind $3
*** HOLE CARDS ***
AzureCaper: folds
Uncalled bet ($2) returned to nedo1414
nedo1414 collected $2 from pot
nedo1414: doesn't show hand
*** SUMMARY ***
Total pot $2 | Rake $0
Seat 5: nedo1414 (big blind) collected ($2)
Seat 6: AzureCaper (button) (small blind) folded before Flop


PokerStars Hand #172215530144:  Hold'em Limit ($3/$6 USD) - 2017/06/25 8:35:35 ET
Table 'Archid' 6-max Seat #6 is the button
Seat 5: nedo1414 ($124 in chips)
Seat 6: AzureCaper ($72 in chips)
AzureCaper: posts small blind $1
nedo1414: posts big blind $3
*** HOLE CARDS ***
Agrotait leaves the table
AzureCaper: raises $3 to $6
nedo1414: calls $3
*** FLOP *** [7c Ks 7d]
nedo1414: checks
AzureCaper: bets $3
nedo1414: calls $3
*** TURN *** [7c Ks 7d] [3s]
nedo1414: checks
AzureCaper: checks
*** RIVER *** [7c Ks 7d 3s] [Ts]
nedo1414: bets $6
AzureCaper: folds
Uncalled bet ($6) returned to nedo1414
nedo1414 collected $17.64 from pot
nedo1414: doesn't show hand
*** SUMMARY ***
Total pot $18 | Rake $0.36
Board [7c Ks 7d 3s Ts]
Seat 5: nedo1414 (big blind) collected ($17.64)
Seat 6: AzureCaper (button) (small blind) folded on the River


PokerStars Hand #172215524847:  Hold'em Limit ($3/$6 USD) - 2017/06/25 8:35:25 ET
Table 'Archid' 6-max Seat #5 is the button
Seat 5: nedo1414 ($121 in chips)
Seat 6: AzureCaper ($72 in chips)
nedo1414: posts small blind $1
AzureCaper: posts big blind $3
*** HOLE CARDS ***
nedo1414: raises $3 to $6
AzureCaper: folds
Uncalled bet ($3) returned to nedo1414
nedo1414 collected $6 from pot
nedo1414: doesn't show hand
*** SUMMARY ***
Total pot $6 | Rake $0
Seat 5: nedo1414 (button) (small blind) collected ($6)
Seat 6: AzureCaper (big blind) folded before Flop


PokerStars Hand #172215542137:  Hold'em Limit ($3/$6 USD) - 2017/06/25 8:35:58 ET
Table 'Archid' 6-max Seat #6 is the button
Seat 5: nedo1414 ($131.64 in chips)
Seat 6: AzureCaper ($73 in chips)
AzureCaper: posts small blind $1
nedo1414: posts big blind $3
*** HOLE CARDS ***
AzureCaper: raises $3 to $6
nedo1414: calls $3
*** FLOP *** [Qh 6d 9s]
nedo1414: checks
AzureCaper: bets $3
nedo1414: folds
Uncalled bet ($3) returned to AzureCaper
AzureCaper collected $11.76 from pot
AzureCaper: doesn't show hand
*** SUMMARY ***
Total pot $12 | Rake $0.24
Board [Qh 6d 9s]
Seat 5: nedo1414 (big blind) folded on the Flop
Seat 6: AzureCaper (button) (small blind) collected ($11.76)


PokerStars Hand #172215538607:  Hold'em Limit ($3/$6 USD) - 2017/06/25 8:35:52 ET
Table 'Archid' 6-max Seat #5 is the button
Seat 5: nedo1414 ($132.64 in chips)
Seat 6: AzureCaper ($72 in chips)
nedo1414: posts small blind $1
AzureCaper: posts big blind $3
*** HOLE CARDS ***
nedo1414: folds
Uncalled bet ($2) returned to AzureCaper
AzureCaper collected $2 from pot
AzureCaper: doesn't show hand
*** SUMMARY ***
Total pot $2 | Rake $0
Seat 5: nedo1414 (button) (small blind) folded before Flop
Seat 6: AzureCaper (big blind) collected ($2)


PokerStars Hand #172215552394:  Hold'em Limit ($3/$6 USD) - 2017/06/25 8:36:18 ET
Table 'Archid' 6-max Seat #5 is the button
Seat 5: nedo1414 ($125.64 in chips)
Seat 6: AzureCaper ($78.76 in chips)
nedo1414: posts small blind $1
AzureCaper: posts big blind $3
*** HOLE CARDS ***
nedo1414: raises $3 to $6
AzureCaper: calls $3
*** FLOP *** [2s 9s 7c]
AzureCaper: checks
nedo1414: bets $3
AzureCaper: raises $3 to $6
nedo1414: calls $3
*** TURN *** [2s 9s 7c] [2c]
AzureCaper: bets $6
nedo1414: calls $6
*** RIVER *** [2s 9s 7c 2c] [6s]
AzureCaper: bets $6
nedo1414: raises $6 to $12
AzureCaper: folds
Uncalled bet ($6) returned to nedo1414
nedo1414 collected $47.50 from pot
nedo1414: doesn't show hand
*** SUMMARY ***
Total pot $48 | Rake $0.50
Board [2s 9s 7c 2c 6s]
Seat 5: nedo1414 (button) (small blind) collected ($47.50)
Seat 6: AzureCaper (big blind) folded on the River


PokerStars Hand #172215567487:  Hold'em Limit ($3/$6 USD) - 2017/06/25 8:36:47 ET
Table 'Archid' 6-max Seat #6 is the button
Seat 5: nedo1414 ($149.14 in chips)
Seat 6: AzureCaper ($72 in chips)
AzureCaper: posts small blind $1
nedo1414: posts big blind $3
*** HOLE CARDS ***
AzureCaper: folds
Uncalled bet ($2) returned to nedo1414
nedo1414 collected $2 from pot
nedo1414: doesn't show hand
*** SUMMARY ***
Total pot $2 | Rake $0
Seat 5: nedo1414 (big blind) collected ($2)
Seat 6: AzureCaper (button) (small blind) folded before Flop


PokerStars Hand #172215596573:  Hold'em Limit ($3/$6 USD) - 2017/06/25 8:37:42 ET
Table 'Archid' 6-max Seat #6 is the button
Seat 5: nedo1414 ($138.90 in chips)
Seat 6: AzureCaper ($82.50 in chips)
AzureCaper: posts small blind $1
nedo1414: posts big blind $3
*** HOLE CARDS ***
AzureCaper: folds
Uncalled bet ($2) returned to nedo1414
nedo1414 collected $2 from pot
nedo1414: doesn't show hand
*** SUMMARY ***
Total pot $2 | Rake $0
Seat 5: nedo1414 (big blind) collected ($2)
Seat 6: AzureCaper (button) (small blind) folded before Flop


PokerStars Hand #172215569828:  Hold'em Limit ($3/$6 USD) - 2017/06/25 8:36:51 ET
Table 'Archid' 6-max Seat #5 is the button
Seat 5: nedo1414 ($150.14 in chips)
Seat 6: AzureCaper ($72 in chips)
nedo1414: posts small blind $1
AzureCaper: posts big blind $3
*** HOLE CARDS ***
nedo1414: raises $3 to $6
AzureCaper: calls $3
*** FLOP *** [9s Jd 7d]
AzureCaper: checks
nedo1414: bets $3
AzureCaper: raises $3 to $6
nedo1414: calls $3
*** TURN *** [9s Jd 7d] [8s]
AzureCaper: bets $6
nedo1414: calls $6
*** RIVER *** [9s Jd 7d 8s] [7h]
AzureCaper: bets $6
nedo1414: folds
Uncalled bet ($6) returned to AzureCaper
AzureCaper collected $35.50 from pot
AzureCaper: doesn't show hand
*** SUMMARY ***
Total pot $36 | Rake $0.50
Board [9s Jd 7d 8s 7h]
Seat 5: nedo1414 (button) (small blind) folded on the River
Seat 6: AzureCaper (big blind) collected ($35.50)


PokerStars Hand #172215578912:  Hold'em Limit ($3/$6 USD) - 2017/06/25 8:37:08 ET
Table 'Archid' 6-max Seat #6 is the button
Seat 5: nedo1414 ($132.14 in chips)
Seat 6: AzureCaper ($89.50 in chips)
AzureCaper: posts small blind $1
nedo1414: posts big blind $3
*** HOLE CARDS ***
AzureCaper: folds
Uncalled bet ($2) returned to nedo1414
nedo1414 collected $2 from pot
nedo1414: doesn't show hand
*** SUMMARY ***
Total pot $2 | Rake $0
Seat 5: nedo1414 (big blind) collected ($2)
Seat 6: AzureCaper (button) (small blind) folded before Flop


PokerStars Hand #172215584768:  Hold'em Limit ($3/$6 USD) - 2017/06/25 8:37:19 ET
Table 'Archid' 6-max Seat #6 is the button
Seat 5: nedo1414 ($132.14 in chips)
Seat 6: AzureCaper ($89.50 in chips)
AzureCaper: posts small blind $1
nedo1414: posts big blind $3
*** HOLE CARDS ***
AzureCaper: folds
Uncalled bet ($2) returned to nedo1414
nedo1414 collected $2 from pot
nedo1414: doesn't show hand
*** SUMMARY ***
Total pot $2 | Rake $0
Seat 5: nedo1414 (big blind) collected ($2)
Seat 6: AzureCaper (button) (small blind) folded before Flop


PokerStars Hand #172215582197:  Hold'em Limit ($3/$6 USD) - 2017/06/25 8:37:14 ET
Table 'Archid' 6-max Seat #5 is the button
Seat 5: nedo1414 ($133.14 in chips)
Seat 6: AzureCaper ($88.50 in chips)
nedo1414: posts small blind $1
AzureCaper: posts big blind $3
*** HOLE CARDS ***
nedo1414: folds
Uncalled bet ($2) returned to AzureCaper
AzureCaper collected $2 from pot
AzureCaper: doesn't show hand
*** SUMMARY ***
Total pot $2 | Rake $0
Seat 5: nedo1414 (button) (small blind) folded before Flop
Seat 6: AzureCaper (big blind) collected ($2)


PokerStars Hand #172215587357:  Hold'em Limit ($3/$6 USD) - 2017/06/25 8:37:24 ET
Table 'Archid' 6-max Seat #5 is the button
Seat 5: nedo1414 ($133.14 in chips)
Seat 6: AzureCaper ($88.50 in chips)
nedo1414: posts small blind $1
AzureCaper: posts big blind $3
*** HOLE CARDS ***
nedo1414: raises $3 to $6
AzureCaper: calls $3
*** FLOP *** [3c 8s Kc]
AzureCaper: checks
nedo1414: bets $3
AzureCaper: folds
Uncalled bet ($3) returned to nedo1414
nedo1414 collected $11.76 from pot
nedo1414: doesn't show hand
*** SUMMARY ***
Total pot $12 | Rake $0.24
Board [3c 8s Kc]
Seat 5: nedo1414 (button) (small blind) collected ($11.76)
Seat 6: AzureCaper (big blind) folded on the Flop


PokerStars Hand #172215616056:  Hold'em Limit ($3/$6 USD) - 2017/06/25 8:38:18 ET
Table 'Archid' 6-max Seat #6 is the button
Seat 5: nedo1414 ($131.90 in chips)
Seat 6: AzureCaper ($89.02 in chips)
AzureCaper: posts small blind $1
nedo1414: posts big blind $3
*** HOLE CARDS ***
AzureCaper: raises $3 to $6
nedo1414: raises $3 to $9
AzureCaper: calls $3
*** FLOP *** [8s Js 7h]
nedo1414: bets $3
boyoz77 joins the table at seat #1
AzureCaper: calls $3
*** TURN *** [8s Js 7h] [6h]
nedo1414: bets $6
AzureCaper: folds
Uncalled bet ($6) returned to nedo1414
nedo1414 collected $23.52 from pot
nedo1414: doesn't show hand
*** SUMMARY ***
Total pot $24 | Rake $0.48
Board [8s Js 7h 6h]
Seat 5: nedo1414 (big blind) collected ($23.52)
Seat 6: AzureCaper (button) (small blind) folded on the Turn


PokerStars Hand #172215630112:  Hold'em Limit ($3/$6 USD) - 2017/06/25 8:38:45 ET
Table 'Archid' 6-max Seat #5 is the button
Seat 5: nedo1414 ($143.42 in chips)
Seat 6: AzureCaper ($77.02 in chips)
nedo1414: posts small blind $1
AzureCaper: posts big blind $3
*** HOLE CARDS ***
nedo1414: folds
Uncalled bet ($2) returned to AzureCaper
AzureCaper collected $2 from pot
AzureCaper: doesn't show hand
NewRocker joins the table at seat #2
*** SUMMARY ***
Total pot $2 | Rake $0
Seat 5: nedo1414 (button) (small blind) folded before Flop
Seat 6: AzureCaper (big blind) collected ($2)


PokerStars Hand #172215601362:  Hold'em Limit ($3/$6 USD) - 2017/06/25 8:37:51 ET
Table 'Archid' 6-max Seat #5 is the button
Seat 5: nedo1414 ($139.90 in chips)
Seat 6: AzureCaper ($81.50 in chips)
nedo1414: posts small blind $1
AzureCaper: posts big blind $3
*** HOLE CARDS ***
nedo1414: raises $3 to $6
AzureCaper: calls $3
*** FLOP *** [5h 6h 6c]
AzureCaper: checks
nedo1414: bets $3
AzureCaper: raises $3 to $6
nedo1414: calls $3
*** TURN *** [5h 6h 6c] [Ah]
AzureCaper: bets $6
nedo1414: folds
Uncalled bet ($6) returned to AzureCaper
AzureCaper collected $23.52 from pot
AzureCaper: doesn't show hand
*** SUMMARY ***
Total pot $24 | Rake $0.48
Board [5h 6h 6c Ah]
Seat 5: nedo1414 (button) (small blind) folded on the Turn
Seat 6: AzureCaper (big blind) collected ($23.52)


PokerStars Hand #172215609992:  Hold'em Limit ($3/$6 USD) - 2017/06/25 8:38:07 ET
Table 'Archid' 6-max Seat #6 is the button
Seat 5: nedo1414 ($127.90 in chips)
Seat 6: AzureCaper ($93.02 in chips)
AzureCaper: posts small blind $1
nedo1414: posts big blind $3
*** HOLE CARDS ***
AzureCaper: folds
Uncalled bet ($2) returned to nedo1414
nedo1414 collected $2 from pot
nedo1414: doesn't show hand
*** SUMMARY ***
Total pot $2 | Rake $0
Seat 5: nedo1414 (big blind) collected ($2)
Seat 6: AzureCaper (button) (small blind) folded before Flop


PokerStars Hand #172215612322:  Hold'em Limit ($3/$6 USD) - 2017/06/25 8:38:11 ET
Table 'Archid' 6-max Seat #5 is the button
Seat 5: nedo1414 ($128.90 in chips)
Seat 6: AzureCaper ($92.02 in chips)
nedo1414: posts small blind $1
AzureCaper: posts big blind $3
*** HOLE CARDS ***
nedo1414: raises $3 to $6
AzureCaper: folds
Uncalled bet ($3) returned to nedo1414
nedo1414 collected $6 from pot
nedo1414: doesn't show hand
*** SUMMARY ***
Total pot $6 | Rake $0
Seat 5: nedo1414 (button) (small blind) collected ($6)
Seat 6: AzureCaper (big blind) folded before Flop


PokerStars Hand #172217154359:  Hold'em Limit ($3/$6 USD) - 2017/06/25 9:25:44 ET
Table 'Archid' 6-max Seat #2 is the button
Seat 1: boyoz77 ($285.65 in chips)
Seat 2: ABATAPP ($90.32 in chips)
ABATAPP: posts small blind $1
SonneUndMond: is sitting out
boyoz77: posts big blind $3
*** HOLE CARDS ***
ABATAPP: raises $3 to $6
boyoz77: raises $3 to $9
ABATAPP: calls $3
*** FLOP *** [5d Qs Qh]
boyoz77: bets $3
MATEKATA2 joins the table at seat #4
ABATAPP: calls $3
*** TURN *** [5d Qs Qh] [7c]
boyoz77: bets $6
ABATAPP: calls $6
*** RIVER *** [5d Qs Qh 7c] [Tc]
boyoz77: bets $6
ABATAPP: calls $6
*** SHOW DOWN ***
boyoz77: shows [Kc Kd] (two pair, Kings and Queens)
ABATAPP: mucks hand
boyoz77 collected $47.50 from pot
*** SUMMARY ***
Total pot $48 | Rake $0.50
Board [5d Qs Qh 7c Tc]
Seat 1: boyoz77 (big blind) showed [Kc Kd] and won ($47.50) with two pair, Kings and Queens
Seat 2: ABATAPP (button) (small blind) mucked


PokerStars Hand #172217167023:  Hold'em Limit ($3/$6 USD) - 2017/06/25 9:26:06 ET
Table 'Archid' 6-max Seat #1 is the button
Seat 1: boyoz77 ($309.15 in chips)
Seat 2: ABATAPP ($66.32 in chips)
boyoz77: posts small blind $1
ABATAPP: posts big blind $3
*** HOLE CARDS ***
boyoz77: folds
Uncalled bet ($2) returned to ABATAPP
SonneUndMond leaves the table
ABATAPP collected $2 from pot
ABATAPP: doesn't show hand
*** SUMMARY ***
Total pot $2 | Rake $0
Seat 1: boyoz77 (button) (small blind) folded before Flop
Seat 2: ABATAPP (big blind) collected ($2)


PokerStars Hand #172220423526:  Hold'em Limit ($3/$6 USD) - 2017/06/25 10:54:50 ET
Table 'Archid' 6-max Seat #3 is the button
Seat 1: HAL9QQQ ($120 in chips)
Seat 3: scorpio04 ($398.56 in chips)
scorpio04: posts small blind $1
HAL9QQQ: posts big blind $3
*** HOLE CARDS ***
scorpio04: folds
Uncalled bet ($2) returned to HAL9QQQ
HAL9QQQ collected $2 from pot
HAL9QQQ: doesn't show hand
*** SUMMARY ***
Total pot $2 | Rake $0
Seat 1: HAL9QQQ (big blind) collected ($2)
Seat 3: scorpio04 (button) (small blind) folded before Flop


