PokerStars Hand #145218713042:  Hold'em Limit ($3/$6 USD) - 2015/12/12 7:01:14 ET
Table 'Archid II' 2-max Seat #2 is the button
Seat 1: ct-650 ($156.76 in chips)
Seat 2: melyh82 ($53 in chips)
melyh82: posts small blind $1
ct-650: posts big blind $3
*** HOLE CARDS ***
melyh82: raises $3 to $6
ct-650: calls $3
*** FLOP *** [4d 7s 7h]
ct-650: checks
melyh82: bets $3
ct-650: calls $3
*** TURN *** [4d 7s 7h] [8s]
ct-650: checks
melyh82: bets $6
ct-650: raises $6 to $12
melyh82: folds
Uncalled bet ($6) returned to ct-650
ct-650 collected $29.50 from pot
*** SUMMARY ***
Total pot $30 | Rake $0.50
Board [4d 7s 7h 8s]
Seat 1: ct-650 (big blind) collected ($29.50)
Seat 2: melyh82 (button) (small blind) folded on the Turn


PokerStars Hand #145218721079:  Hold'em Limit ($3/$6 USD) - 2015/12/12 7:01:30 ET
Table 'Archid II' 2-max Seat #1 is the button
Seat 1: ct-650 ($171.26 in chips)
Seat 2: melyh82 ($38 in chips)
ct-650: posts small blind $1
melyh82: posts big blind $3
*** HOLE CARDS ***
ct-650: raises $3 to $6
melyh82: calls $3
*** FLOP *** [Jd 6s 3d]
melyh82: checks
ct-650: bets $3
melyh82: raises $3 to $6
ct-650: calls $3
*** TURN *** [Jd 6s 3d] [Td]
melyh82: bets $6
ct-650: calls $6
*** RIVER *** [Jd 6s 3d Td] [4c]
melyh82: bets $6
ct-650: calls $6
*** SHOW DOWN ***
melyh82: shows [4s Js] (two pair, Jacks and Fours)
ct-650: mucks hand
melyh82 collected $47.50 from pot
*** SUMMARY ***
Total pot $48 | Rake $0.50
Board [Jd 6s 3d Td 4c]
Seat 1: ct-650 (button) (small blind) mucked
Seat 2: melyh82 (big blind) showed [4s Js] and won ($47.50) with two pair, Jacks and Fours


PokerStars Hand #145218738627:  Hold'em Limit ($3/$6 USD) - 2015/12/12 7:02:02 ET
Table 'Archid II' 2-max Seat #2 is the button
Seat 1: ct-650 ($147.26 in chips)
Seat 2: melyh82 ($61.50 in chips)
melyh82: posts small blind $1
ct-650: posts big blind $3
*** HOLE CARDS ***
melyh82: raises $3 to $6
ct-650: calls $3
*** FLOP *** [Kd 5c 9h]
ct-650: checks
melyh82: checks
*** TURN *** [Kd 5c 9h] [9s]
ct-650: bets $6
melyh82: calls $6
*** RIVER *** [Kd 5c 9h 9s] [4s]
ct-650: bets $6
melyh82: calls $6
*** SHOW DOWN ***
ct-650: shows [6d Kc] (two pair, Kings and Nines)
melyh82: mucks hand
ct-650 collected $35.50 from pot
*** SUMMARY ***
Total pot $36 | Rake $0.50
Board [Kd 5c 9h 9s 4s]
Seat 1: ct-650 (big blind) showed [6d Kc] and won ($35.50) with two pair, Kings and Nines
Seat 2: melyh82 (button) (small blind) mucked


PokerStars Hand #145218751684:  Hold'em Limit ($3/$6 USD) - 2015/12/12 7:02:27 ET
Table 'Archid II' 2-max Seat #1 is the button
Seat 1: ct-650 ($164.76 in chips)
Seat 2: melyh82 ($43.50 in chips)
ct-650: posts small blind $1
melyh82: posts big blind $3
*** HOLE CARDS ***
ct-650: raises $3 to $6
melyh82: calls $3
*** FLOP *** [Jc 7c Ad]
melyh82: checks
ct-650: bets $3
melyh82: raises $3 to $6
ct-650: calls $3
*** TURN *** [Jc 7c Ad] [Ts]
melyh82: checks
ct-650: checks
*** RIVER *** [Jc 7c Ad Ts] [8s]
melyh82: checks
ct-650: checks
*** SHOW DOWN ***
melyh82: shows [Kc 4s] (high card Ace)
ct-650: shows [6c Kh] (high card Ace)
melyh82 collected $11.76 from pot
ct-650 collected $11.76 from pot
*** SUMMARY ***
Total pot $24 | Rake $0.48
Board [Jc 7c Ad Ts 8s]
Seat 1: ct-650 (button) (small blind) showed [6c Kh] and won ($11.76) with high card Ace
Seat 2: melyh82 (big blind) showed [Kc 4s] and won ($11.76) with high card Ace


PokerStars Hand #145218760099:  Hold'em Limit ($3/$6 USD) - 2015/12/12 7:02:43 ET
Table 'Archid II' 2-max Seat #2 is the button
Seat 1: ct-650 ($164.52 in chips)
Seat 2: melyh82 ($43.26 in chips)
melyh82: posts small blind $1
ct-650: posts big blind $3
*** HOLE CARDS ***
melyh82: folds
Uncalled bet ($2) returned to ct-650
ct-650 collected $2 from pot
*** SUMMARY ***
Total pot $2 | Rake $0
Seat 1: ct-650 (big blind) collected ($2)
Seat 2: melyh82 (button) (small blind) folded before Flop


PokerStars Hand #145218762980:  Hold'em Limit ($3/$6 USD) - 2015/12/12 7:02:48 ET
Table 'Archid II' 2-max Seat #1 is the button
Seat 1: ct-650 ($165.52 in chips)
Seat 2: melyh82 ($42.26 in chips)
ct-650: posts small blind $1
melyh82: posts big blind $3
*** HOLE CARDS ***
ct-650: raises $3 to $6
melyh82: calls $3
*** FLOP *** [Kc 6s 5s]
melyh82: checks
ct-650: checks
*** TURN *** [Kc 6s 5s] [3s]
melyh82: checks
ct-650: bets $6
melyh82: calls $6
*** RIVER *** [Kc 6s 5s 3s] [2c]
melyh82: checks
ct-650: bets $6
melyh82: folds
Uncalled bet ($6) returned to ct-650
ct-650 collected $23.52 from pot
*** SUMMARY ***
Total pot $24 | Rake $0.48
Board [Kc 6s 5s 3s 2c]
Seat 1: ct-650 (button) (small blind) collected ($23.52)
Seat 2: melyh82 (big blind) folded on the River


PokerStars Hand #145218772926:  Hold'em Limit ($3/$6 USD) - 2015/12/12 7:03:06 ET
Table 'Archid II' 2-max Seat #2 is the button
Seat 1: ct-650 ($177.04 in chips)
Seat 2: melyh82 ($30.26 in chips)
melyh82: posts small blind $1
ct-650: posts big blind $3
*** HOLE CARDS ***
melyh82: raises $3 to $6
ct-650: calls $3
*** FLOP *** [9c 3c 2h]
ct-650: checks
melyh82: bets $3
ct-650: folds
Uncalled bet ($3) returned to melyh82
melyh82 collected $11.76 from pot
melyh82: doesn't show hand
*** SUMMARY ***
Total pot $12 | Rake $0.24
Board [9c 3c 2h]
Seat 1: ct-650 (big blind) folded on the Flop
Seat 2: melyh82 (button) (small blind) collected ($11.76)


PokerStars Hand #145218777431:  Hold'em Limit ($3/$6 USD) - 2015/12/12 7:03:14 ET
Table 'Archid II' 2-max Seat #1 is the button
Seat 1: ct-650 ($171.04 in chips)
Seat 2: melyh82 ($36.02 in chips)
ct-650: posts small blind $1
melyh82: posts big blind $3
*** HOLE CARDS ***
ct-650: raises $3 to $6
melyh82: raises $3 to $9
ct-650: calls $3
*** FLOP *** [7h Kh 2s]
melyh82: bets $3
ct-650: calls $3
*** TURN *** [7h Kh 2s] [4s]
melyh82: bets $6
ct-650: calls $6
*** RIVER *** [7h Kh 2s 4s] [5c]
melyh82: bets $6
ct-650: calls $6
*** SHOW DOWN ***
melyh82: shows [8d 8c] (a pair of Eights)
ct-650: mucks hand
melyh82 collected $47.50 from pot
*** SUMMARY ***
Total pot $48 | Rake $0.50
Board [7h Kh 2s 4s 5c]
Seat 1: ct-650 (button) (small blind) mucked
Seat 2: melyh82 (big blind) showed [8d 8c] and won ($47.50) with a pair of Eights


PokerStars Hand #145218785372:  Hold'em Limit ($3/$6 USD) - 2015/12/12 7:03:29 ET
Table 'Archid II' 2-max Seat #2 is the button
Seat 1: ct-650 ($147.04 in chips)
Seat 2: melyh82 ($59.52 in chips)
melyh82: posts small blind $1
ct-650: posts big blind $3
*** HOLE CARDS ***
melyh82: raises $3 to $6
ct-650: calls $3
*** FLOP *** [9d 5d Jh]
ct-650: bets $3
melyh82: calls $3
*** TURN *** [9d 5d Jh] [4d]
ct-650: bets $6
melyh82: folds
Uncalled bet ($6) returned to ct-650
ct-650 collected $17.64 from pot
*** SUMMARY ***
Total pot $18 | Rake $0.36
Board [9d 5d Jh 4d]
Seat 1: ct-650 (big blind) collected ($17.64)
Seat 2: melyh82 (button) (small blind) folded on the Turn


PokerStars Hand #145218793671:  Hold'em Limit ($3/$6 USD) - 2015/12/12 7:03:44 ET
Table 'Archid II' 2-max Seat #1 is the button
Seat 1: ct-650 ($155.68 in chips)
Seat 2: melyh82 ($50.52 in chips)
ct-650: posts small blind $1
melyh82: posts big blind $3
*** HOLE CARDS ***
ct-650: raises $3 to $6
melyh82: calls $3
*** FLOP *** [6d 9h 2d]
melyh82: checks
ct-650: checks
*** TURN *** [6d 9h 2d] [Qc]
melyh82: checks
ct-650: bets $6
melyh82: calls $6
*** RIVER *** [6d 9h 2d Qc] [2h]
melyh82: checks
ct-650: bets $6
melyh82: raises $6 to $12
ct-650: calls $6
*** SHOW DOWN ***
melyh82: shows [2c Ac] (three of a kind, Deuces)
ct-650: mucks hand
melyh82 collected $47.50 from pot
*** SUMMARY ***
Total pot $48 | Rake $0.50
Board [6d 9h 2d Qc 2h]
Seat 1: ct-650 (button) (small blind) mucked
Seat 2: melyh82 (big blind) showed [2c Ac] and won ($47.50) with three of a kind, Deuces


PokerStars Hand #145218805491:  Hold'em Limit ($3/$6 USD) - 2015/12/12 7:04:05 ET
Table 'Archid II' 2-max Seat #2 is the button
Seat 1: ct-650 ($131.68 in chips)
Seat 2: melyh82 ($74.02 in chips)
melyh82: posts small blind $1
ct-650: posts big blind $3
*** HOLE CARDS ***
melyh82: raises $3 to $6
ct-650: raises $3 to $9
melyh82: calls $3
*** FLOP *** [9h Qs 8d]
ct-650: bets $3
melyh82: folds
Uncalled bet ($3) returned to ct-650
ct-650 collected $17.64 from pot
*** SUMMARY ***
Total pot $18 | Rake $0.36
Board [9h Qs 8d]
Seat 1: ct-650 (big blind) collected ($17.64)
Seat 2: melyh82 (button) (small blind) folded on the Flop


PokerStars Hand #145218813714:  Hold'em Limit ($3/$6 USD) - 2015/12/12 7:04:20 ET
Table 'Archid II' 2-max Seat #1 is the button
Seat 1: ct-650 ($140.32 in chips)
Seat 2: melyh82 ($65.02 in chips)
ct-650: posts small blind $1
melyh82: posts big blind $3
*** HOLE CARDS ***
ct-650: raises $3 to $6
melyh82: calls $3
*** FLOP *** [4d Kc Ts]
melyh82: checks
ct-650: checks
*** TURN *** [4d Kc Ts] [9s]
melyh82: bets $6
ct-650: calls $6
*** RIVER *** [4d Kc Ts 9s] [Qd]
melyh82: checks
ct-650: checks
*** SHOW DOWN ***
melyh82: shows [9c 7d] (a pair of Nines)
ct-650: mucks hand
melyh82 collected $23.52 from pot
*** SUMMARY ***
Total pot $24 | Rake $0.48
Board [4d Kc Ts 9s Qd]
Seat 1: ct-650 (button) (small blind) mucked
Seat 2: melyh82 (big blind) showed [9c 7d] and won ($23.52) with a pair of Nines


PokerStars Hand #145218822475:  Hold'em Limit ($3/$6 USD) - 2015/12/12 7:04:36 ET
Table 'Archid II' 2-max Seat #2 is the button
Seat 1: ct-650 ($128.32 in chips)
Seat 2: melyh82 ($76.54 in chips)
melyh82: posts small blind $1
ct-650: posts big blind $3
*** HOLE CARDS ***
melyh82: raises $3 to $6
ct-650: folds
Uncalled bet ($3) returned to melyh82
melyh82 collected $6 from pot
melyh82: doesn't show hand
*** SUMMARY ***
Total pot $6 | Rake $0
Seat 1: ct-650 (big blind) folded before Flop
Seat 2: melyh82 (button) (small blind) collected ($6)


PokerStars Hand #145218825693:  Hold'em Limit ($3/$6 USD) - 2015/12/12 7:04:42 ET
Table 'Archid II' 2-max Seat #1 is the button
Seat 1: ct-650 ($125.32 in chips)
Seat 2: melyh82 ($79.54 in chips)
ct-650: posts small blind $1
melyh82: posts big blind $3
*** HOLE CARDS ***
ct-650: raises $3 to $6
melyh82: calls $3
*** FLOP *** [7h Th 4c]
melyh82: checks
ct-650: bets $3
melyh82: calls $3
*** TURN *** [7h Th 4c] [5s]
melyh82: checks
ct-650: bets $6
melyh82: calls $6
*** RIVER *** [7h Th 4c 5s] [7d]
melyh82: checks
ct-650: checks
*** SHOW DOWN ***
melyh82: shows [4d 8d] (two pair, Sevens and Fours)
ct-650: mucks hand
melyh82 collected $29.50 from pot
*** SUMMARY ***
Total pot $30 | Rake $0.50
Board [7h Th 4c 5s 7d]
Seat 1: ct-650 (button) (small blind) mucked
Seat 2: melyh82 (big blind) showed [4d 8d] and won ($29.50) with two pair, Sevens and Fours


PokerStars Hand #145218836060:  Hold'em Limit ($3/$6 USD) - 2015/12/12 7:05:00 ET
Table 'Archid II' 2-max Seat #2 is the button
Seat 1: ct-650 ($110.32 in chips)
Seat 2: melyh82 ($94.04 in chips)
melyh82: posts small blind $1
ct-650: posts big blind $3
*** HOLE CARDS ***
melyh82: raises $3 to $6
ct-650: calls $3
*** FLOP *** [9d 7h 8d]
ct-650: checks
melyh82: checks
*** TURN *** [9d 7h 8d] [Qh]
ct-650: checks
melyh82: checks
*** RIVER *** [9d 7h 8d Qh] [6s]
ct-650: bets $6
melyh82: folds
Uncalled bet ($6) returned to ct-650
ct-650 collected $11.76 from pot
*** SUMMARY ***
Total pot $12 | Rake $0.24
Board [9d 7h 8d Qh 6s]
Seat 1: ct-650 (big blind) collected ($11.76)
Seat 2: melyh82 (button) (small blind) folded on the River


PokerStars Hand #145218846179:  Hold'em Limit ($3/$6 USD) - 2015/12/12 7:05:18 ET
Table 'Archid II' 2-max Seat #1 is the button
Seat 1: ct-650 ($116.08 in chips)
Seat 2: melyh82 ($88.04 in chips)
ct-650: posts small blind $1
melyh82: posts big blind $3
*** HOLE CARDS ***
ct-650: raises $3 to $6
melyh82: calls $3
*** FLOP *** [Th 3c Qc]
melyh82: checks
ct-650: bets $3
melyh82: calls $3
*** TURN *** [Th 3c Qc] [Jd]
melyh82: checks
ct-650: bets $6
melyh82: folds
Uncalled bet ($6) returned to ct-650
ct-650 collected $17.64 from pot
*** SUMMARY ***
Total pot $18 | Rake $0.36
Board [Th 3c Qc Jd]
Seat 1: ct-650 (button) (small blind) collected ($17.64)
Seat 2: melyh82 (big blind) folded on the Turn


PokerStars Hand #145218859932:  Hold'em Limit ($3/$6 USD) - 2015/12/12 7:05:43 ET
Table 'Archid II' 2-max Seat #2 is the button
Seat 1: ct-650 ($124.72 in chips)
Seat 2: melyh82 ($79.04 in chips)
melyh82: posts small blind $1
ct-650: posts big blind $3
*** HOLE CARDS ***
melyh82: folds
Uncalled bet ($2) returned to ct-650
ct-650 collected $2 from pot
*** SUMMARY ***
Total pot $2 | Rake $0
Seat 1: ct-650 (big blind) collected ($2)
Seat 2: melyh82 (button) (small blind) folded before Flop


PokerStars Hand #145218865179:  Hold'em Limit ($3/$6 USD) - 2015/12/12 7:05:52 ET
Table 'Archid II' 2-max Seat #1 is the button
Seat 1: ct-650 ($125.72 in chips)
Seat 2: melyh82 ($78.04 in chips)
ct-650: posts small blind $1
melyh82: posts big blind $3
*** HOLE CARDS ***
ct-650: raises $3 to $6
melyh82: calls $3
*** FLOP *** [Ks 3s 2s]
melyh82: checks
ct-650: bets $3
melyh82: calls $3
*** TURN *** [Ks 3s 2s] [3d]
melyh82: checks
ct-650: bets $6
melyh82: calls $6
*** RIVER *** [Ks 3s 2s 3d] [9h]
melyh82: checks
ct-650: checks
*** SHOW DOWN ***
melyh82: shows [9d As] (two pair, Nines and Threes)
ct-650: mucks hand
melyh82 collected $29.50 from pot
*** SUMMARY ***
Total pot $30 | Rake $0.50
Board [Ks 3s 2s 3d 9h]
Seat 1: ct-650 (button) (small blind) mucked
Seat 2: melyh82 (big blind) showed [9d As] and won ($29.50) with two pair, Nines and Threes


PokerStars Hand #145218874562:  Hold'em Limit ($3/$6 USD) - 2015/12/12 7:06:09 ET
Table 'Archid II' 2-max Seat #2 is the button
Seat 1: ct-650 ($110.72 in chips)
Seat 2: melyh82 ($92.54 in chips)
melyh82: posts small blind $1
ct-650: posts big blind $3
*** HOLE CARDS ***
melyh82: folds
Uncalled bet ($2) returned to ct-650
ct-650 collected $2 from pot
*** SUMMARY ***
Total pot $2 | Rake $0
Seat 1: ct-650 (big blind) collected ($2)
Seat 2: melyh82 (button) (small blind) folded before Flop


PokerStars Hand #145218892007:  Hold'em Limit ($3/$6 USD) - 2015/12/12 7:06:41 ET
Table 'Archid II' 2-max Seat #2 is the button
Seat 1: ct-650 ($102.72 in chips)
Seat 2: melyh82 ($100.18 in chips)
melyh82: posts small blind $1
ct-650: posts big blind $3
*** HOLE CARDS ***
melyh82: raises $3 to $6
ct-650: folds
Uncalled bet ($3) returned to melyh82
melyh82 collected $6 from pot
melyh82: doesn't show hand
*** SUMMARY ***
Total pot $6 | Rake $0
Seat 1: ct-650 (big blind) folded before Flop
Seat 2: melyh82 (button) (small blind) collected ($6)


PokerStars Hand #145218884177:  Hold'em Limit ($3/$6 USD) - 2015/12/12 7:06:26 ET
Table 'Archid II' 2-max Seat #1 is the button
Seat 1: ct-650 ($111.72 in chips)
Seat 2: melyh82 ($91.54 in chips)
ct-650: posts small blind $1
melyh82: posts big blind $3
*** HOLE CARDS ***
ct-650: raises $3 to $6
melyh82: calls $3
*** FLOP *** [7s 8s Th]
melyh82: checks
ct-650: bets $3
melyh82: calls $3
*** TURN *** [7s 8s Th] [2s]
melyh82: checks
ct-650: checks
*** RIVER *** [7s 8s Th 2s] [9c]
melyh82: bets $6
ct-650: folds
Uncalled bet ($6) returned to melyh82
melyh82 collected $17.64 from pot
melyh82: doesn't show hand
*** SUMMARY ***
Total pot $18 | Rake $0.36
Board [7s 8s Th 2s 9c]
Seat 1: ct-650 (button) (small blind) folded on the River
Seat 2: melyh82 (big blind) collected ($17.64)


PokerStars Hand #145218895677:  Hold'em Limit ($3/$6 USD) - 2015/12/12 7:06:47 ET
Table 'Archid II' 2-max Seat #1 is the button
Seat 1: ct-650 ($99.72 in chips)
Seat 2: melyh82 ($103.18 in chips)
ct-650: posts small blind $1
melyh82: posts big blind $3
*** HOLE CARDS ***
ct-650: raises $3 to $6
melyh82: calls $3
*** FLOP *** [Kd 5d Ts]
melyh82: checks
ct-650: bets $3
melyh82: calls $3
*** TURN *** [Kd 5d Ts] [2s]
melyh82: bets $6
ct-650: calls $6
*** RIVER *** [Kd 5d Ts 2s] [4d]
melyh82: bets $6
ct-650: calls $6
*** SHOW DOWN ***
melyh82: shows [Kh 4c] (two pair, Kings and Fours)
ct-650: mucks hand
melyh82 collected $41.50 from pot
*** SUMMARY ***
Total pot $42 | Rake $0.50
Board [Kd 5d Ts 2s 4d]
Seat 1: ct-650 (button) (small blind) mucked
Seat 2: melyh82 (big blind) showed [Kh 4c] and won ($41.50) with two pair, Kings and Fours


PokerStars Hand #145218910461:  Hold'em Limit ($3/$6 USD) - 2015/12/12 7:07:13 ET
Table 'Archid II' 2-max Seat #2 is the button
Seat 1: ct-650 ($78.72 in chips)
Seat 2: melyh82 ($123.68 in chips)
melyh82: posts small blind $1
ct-650: posts big blind $3
*** HOLE CARDS ***
melyh82: raises $3 to $6
ct-650: raises $3 to $9
melyh82: calls $3
*** FLOP *** [4d Jd 7d]
ct-650: bets $3
melyh82: calls $3
*** TURN *** [4d Jd 7d] [Qd]
ct-650: bets $6
melyh82: calls $6
*** RIVER *** [4d Jd 7d Qd] [7c]
ct-650: bets $6
melyh82: folds
Uncalled bet ($6) returned to ct-650
ct-650 collected $35.50 from pot
*** SUMMARY ***
Total pot $36 | Rake $0.50
Board [4d Jd 7d Qd 7c]
Seat 1: ct-650 (big blind) collected ($35.50)
Seat 2: melyh82 (button) (small blind) folded on the River


PokerStars Hand #145218933643:  Hold'em Limit ($3/$6 USD) - 2015/12/12 7:07:54 ET
Table 'Archid II' 2-max Seat #1 is the button
Seat 1: ct-650 ($96.22 in chips)
Seat 2: melyh82 ($105.68 in chips)
ct-650: posts small blind $1
melyh82: posts big blind $3
*** HOLE CARDS ***
ct-650: raises $3 to $6
melyh82: folds
Uncalled bet ($3) returned to ct-650
ct-650 collected $6 from pot
*** SUMMARY ***
Total pot $6 | Rake $0
Seat 1: ct-650 (button) (small blind) collected ($6)
Seat 2: melyh82 (big blind) folded before Flop


PokerStars Hand #145218948937:  Hold'em Limit ($3/$6 USD) - 2015/12/12 7:08:22 ET
Table 'Archid II' 2-max Seat #2 is the button
Seat 1: ct-650 ($93.22 in chips)
Seat 2: melyh82 ($108.32 in chips)
melyh82: posts small blind $1
ct-650: posts big blind $3
*** HOLE CARDS ***
melyh82: folds
Uncalled bet ($2) returned to ct-650
ct-650 collected $2 from pot
*** SUMMARY ***
Total pot $2 | Rake $0
Seat 1: ct-650 (big blind) collected ($2)
Seat 2: melyh82 (button) (small blind) folded before Flop


PokerStars Hand #145218945860:  Hold'em Limit ($3/$6 USD) - 2015/12/12 7:08:16 ET
Table 'Archid II' 2-max Seat #1 is the button
Seat 1: ct-650 ($90.22 in chips)
Seat 2: melyh82 ($111.32 in chips)
ct-650: posts small blind $1
melyh82: posts big blind $3
*** HOLE CARDS ***
ct-650: raises $3 to $6
melyh82: folds
Uncalled bet ($3) returned to ct-650
ct-650 collected $6 from pot
*** SUMMARY ***
Total pot $6 | Rake $0
Seat 1: ct-650 (button) (small blind) collected ($6)
Seat 2: melyh82 (big blind) folded before Flop


PokerStars Hand #145218960770:  Hold'em Limit ($3/$6 USD) - 2015/12/12 7:08:43 ET
Table 'Archid II' 2-max Seat #2 is the button
Seat 1: ct-650 ($105.74 in chips)
Seat 2: melyh82 ($95.32 in chips)
melyh82: posts small blind $1
ct-650: posts big blind $3
*** HOLE CARDS ***
melyh82: folds
Uncalled bet ($2) returned to ct-650
ct-650 collected $2 from pot
*** SUMMARY ***
Total pot $2 | Rake $0
Seat 1: ct-650 (big blind) collected ($2)
Seat 2: melyh82 (button) (small blind) folded before Flop


PokerStars Hand #145218951834:  Hold'em Limit ($3/$6 USD) - 2015/12/12 7:08:27 ET
Table 'Archid II' 2-max Seat #1 is the button
Seat 1: ct-650 ($94.22 in chips)
Seat 2: melyh82 ($107.32 in chips)
ct-650: posts small blind $1
melyh82: posts big blind $3
*** HOLE CARDS ***
ct-650: raises $3 to $6
melyh82: calls $3
*** FLOP *** [5s As 4c]
melyh82: checks
ct-650: bets $3
melyh82: raises $3 to $6
ct-650: calls $3
*** TURN *** [5s As 4c] [4d]
melyh82: checks
ct-650: bets $6
melyh82: folds
Uncalled bet ($6) returned to ct-650
ct-650 collected $23.52 from pot
*** SUMMARY ***
Total pot $24 | Rake $0.48
Board [5s As 4c 4d]
Seat 1: ct-650 (button) (small blind) collected ($23.52)
Seat 2: melyh82 (big blind) folded on the Turn


PokerStars Hand #145218964045:  Hold'em Limit ($3/$6 USD) - 2015/12/12 7:08:49 ET
Table 'Archid II' 2-max Seat #1 is the button
Seat 1: ct-650 ($106.74 in chips)
Seat 2: melyh82 ($94.32 in chips)
ct-650: posts small blind $1
melyh82: posts big blind $3
*** HOLE CARDS ***
ct-650: raises $3 to $6
melyh82: calls $3
*** FLOP *** [Ad Qc 9c]
melyh82: checks
ct-650: bets $3
melyh82: raises $3 to $6
ct-650: calls $3
*** TURN *** [Ad Qc 9c] [3h]
melyh82: bets $6
ct-650: calls $6
*** RIVER *** [Ad Qc 9c 3h] [Jd]
melyh82: bets $6
ct-650: calls $6
*** SHOW DOWN ***
melyh82: shows [7d 5h] (high card Ace)
ct-650: shows [9d 8d] (a pair of Nines)
ct-650 collected $47.50 from pot
*** SUMMARY ***
Total pot $48 | Rake $0.50
Board [Ad Qc 9c 3h Jd]
Seat 1: ct-650 (button) (small blind) showed [9d 8d] and won ($47.50) with a pair of Nines
Seat 2: melyh82 (big blind) showed [7d 5h] and lost with high card Ace


PokerStars Hand #145218937070:  Hold'em Limit ($3/$6 USD) - 2015/12/12 7:08:01 ET
Table 'Archid II' 2-max Seat #2 is the button
Seat 1: ct-650 ($99.22 in chips)
Seat 2: melyh82 ($102.68 in chips)
melyh82: posts small blind $1
ct-650: posts big blind $3
*** HOLE CARDS ***
melyh82: raises $3 to $6
ct-650: calls $3
*** FLOP *** [4d Jh 7h]
ct-650: checks
melyh82: bets $3
ct-650: calls $3
*** TURN *** [4d Jh 7h] [Ts]
ct-650: checks
melyh82: bets $6
ct-650: folds
Uncalled bet ($6) returned to melyh82
melyh82 collected $17.64 from pot
melyh82: doesn't show hand
*** SUMMARY ***
Total pot $18 | Rake $0.36
Board [4d Jh 7h Ts]
Seat 1: ct-650 (big blind) folded on the Turn
Seat 2: melyh82 (button) (small blind) collected ($17.64)


PokerStars Hand #145218978053:  Hold'em Limit ($3/$6 USD) - 2015/12/12 7:09:14 ET
Table 'Archid II' 2-max Seat #1 is the button
Seat 1: ct-650 ($124.24 in chips)
Seat 2: melyh82 ($76.08 in chips)
ct-650: posts small blind $1
melyh82: posts big blind $3
*** HOLE CARDS ***
ct-650: raises $3 to $6
melyh82: calls $3
*** FLOP *** [As Ks 2c]
melyh82: checks
ct-650: checks
*** TURN *** [As Ks 2c] [2d]
melyh82: bets $6
ct-650: folds
Uncalled bet ($6) returned to melyh82
melyh82 collected $11.76 from pot
melyh82: doesn't show hand
*** SUMMARY ***
Total pot $12 | Rake $0.24
Board [As Ks 2c 2d]
Seat 1: ct-650 (button) (small blind) folded on the Turn
Seat 2: melyh82 (big blind) collected ($11.76)


PokerStars Hand #145218984398:  Hold'em Limit ($3/$6 USD) - 2015/12/12 7:09:25 ET
Table 'Archid II' 2-max Seat #2 is the button
Seat 1: ct-650 ($118.24 in chips)
Seat 2: melyh82 ($81.84 in chips)
melyh82: posts small blind $1
ct-650: posts big blind $3
*** HOLE CARDS ***
melyh82: raises $3 to $6
ct-650: calls $3
*** FLOP *** [As 3s 5h]
ct-650: checks
melyh82: bets $3
ct-650: raises $3 to $6
melyh82: raises $3 to $9
ct-650: calls $3
*** TURN *** [As 3s 5h] [4d]
ct-650: checks
melyh82: bets $6
ct-650: calls $6
*** RIVER *** [As 3s 5h 4d] [3c]
ct-650: checks
melyh82: bets $6
ct-650: calls $6
*** SHOW DOWN ***
melyh82: shows [2h 4s] (a straight, Ace to Five)
ct-650: mucks hand
melyh82 collected $53.50 from pot
*** SUMMARY ***
Total pot $54 | Rake $0.50
Board [As 3s 5h 4d 3c]
Seat 1: ct-650 (big blind) mucked
Seat 2: melyh82 (button) (small blind) showed [2h 4s] and won ($53.50) with a straight, Ace to Five


PokerStars Hand #145218996020:  Hold'em Limit ($3/$6 USD) - 2015/12/12 7:09:46 ET
Table 'Archid II' 2-max Seat #1 is the button
Seat 1: ct-650 ($91.24 in chips)
Seat 2: melyh82 ($108.34 in chips)
ct-650: posts small blind $1
melyh82: posts big blind $3
*** HOLE CARDS ***
ct-650: raises $3 to $6
melyh82: folds
Uncalled bet ($3) returned to ct-650
ct-650 collected $6 from pot
*** SUMMARY ***
Total pot $6 | Rake $0
Seat 1: ct-650 (button) (small blind) collected ($6)
Seat 2: melyh82 (big blind) folded before Flop


PokerStars Hand #145219001646:  Hold'em Limit ($3/$6 USD) - 2015/12/12 7:09:56 ET
Table 'Archid II' 2-max Seat #2 is the button
Seat 1: ct-650 ($94.24 in chips)
Seat 2: melyh82 ($105.34 in chips)
melyh82: posts small blind $1
ct-650: posts big blind $3
*** HOLE CARDS ***
melyh82: raises $3 to $6
ct-650: raises $3 to $9
melyh82: calls $3
*** FLOP *** [Jd Kh 6s]
ct-650: bets $3
melyh82: calls $3
*** TURN *** [Jd Kh 6s] [As]
ct-650: bets $6
melyh82: calls $6
*** RIVER *** [Jd Kh 6s As] [8d]
ct-650: bets $6
melyh82: calls $6
*** SHOW DOWN ***
ct-650: shows [Tc Kd] (a pair of Kings)
melyh82: mucks hand
ct-650 collected $47.50 from pot
*** SUMMARY ***
Total pot $48 | Rake $0.50
Board [Jd Kh 6s As 8d]
Seat 1: ct-650 (big blind) showed [Tc Kd] and won ($47.50) with a pair of Kings
Seat 2: melyh82 (button) (small blind) mucked


PokerStars Hand #145218973675:  Hold'em Limit ($3/$6 USD) - 2015/12/12 7:09:06 ET
Table 'Archid II' 2-max Seat #2 is the button
Seat 1: ct-650 ($130.24 in chips)
Seat 2: melyh82 ($70.32 in chips)
melyh82: posts small blind $1
ct-650: posts big blind $3
*** HOLE CARDS ***
melyh82: raises $3 to $6
ct-650: calls $3
*** FLOP *** [Kc 8d 6c]
ct-650: checks
melyh82: bets $3
ct-650: folds
Uncalled bet ($3) returned to melyh82
melyh82 collected $11.76 from pot
melyh82: doesn't show hand
*** SUMMARY ***
Total pot $12 | Rake $0.24
Board [Kc 8d 6c]
Seat 1: ct-650 (big blind) folded on the Flop
Seat 2: melyh82 (button) (small blind) collected ($11.76)


PokerStars Hand #145219008773:  Hold'em Limit ($3/$6 USD) - 2015/12/12 7:10:08 ET
Table 'Archid II' 2-max Seat #1 is the button
Seat 1: ct-650 ($117.74 in chips)
Seat 2: melyh82 ($81.34 in chips)
ct-650: posts small blind $1
melyh82: posts big blind $3
*** HOLE CARDS ***
ct-650: raises $3 to $6
melyh82: calls $3
*** FLOP *** [Jd Jh 5c]
melyh82: checks
ct-650: bets $3
melyh82: raises $3 to $6
ct-650: calls $3
*** TURN *** [Jd Jh 5c] [3h]
melyh82: checks
ct-650: bets $6
melyh82: raises $6 to $12
ct-650: calls $6
*** RIVER *** [Jd Jh 5c 3h] [3c]
melyh82: bets $6
ct-650: calls $6
*** SHOW DOWN ***
melyh82: shows [Qd 9s] (two pair, Jacks and Threes)
ct-650: shows [9c 5d] (two pair, Jacks and Fives)
ct-650 collected $59.50 from pot
*** SUMMARY ***
Total pot $60 | Rake $0.50
Board [Jd Jh 5c 3h 3c]
Seat 1: ct-650 (button) (small blind) showed [9c 5d] and won ($59.50) with two pair, Jacks and Fives
Seat 2: melyh82 (big blind) showed [Qd 9s] and lost with two pair, Jacks and Threes


PokerStars Hand #145219018028:  Hold'em Limit ($3/$6 USD) - 2015/12/12 7:10:25 ET
Table 'Archid II' 2-max Seat #2 is the button
Seat 1: ct-650 ($147.24 in chips)
Seat 2: melyh82 ($51.34 in chips)
melyh82: posts small blind $1
ct-650: posts big blind $3
*** HOLE CARDS ***
melyh82: raises $3 to $6
ct-650: calls $3
*** FLOP *** [Js 3c 6c]
ct-650: checks
melyh82: checks
*** TURN *** [Js 3c 6c] [Ah]
ct-650: checks
melyh82: checks
*** RIVER *** [Js 3c 6c Ah] [2c]
ct-650: checks
melyh82: checks
*** SHOW DOWN ***
ct-650: shows [Ks 8h] (high card Ace)
melyh82: shows [Ts 2s] (a pair of Deuces)
melyh82 collected $11.76 from pot
*** SUMMARY ***
Total pot $12 | Rake $0.24
Board [Js 3c 6c Ah 2c]
Seat 1: ct-650 (big blind) showed [Ks 8h] and lost with high card Ace
Seat 2: melyh82 (button) (small blind) showed [Ts 2s] and won ($11.76) with a pair of Deuces


PokerStars Hand #145219024695:  Hold'em Limit ($3/$6 USD) - 2015/12/12 7:10:37 ET
Table 'Archid II' 2-max Seat #1 is the button
Seat 1: ct-650 ($141.24 in chips)
Seat 2: melyh82 ($57.10 in chips)
ct-650: posts small blind $1
melyh82: posts big blind $3
*** HOLE CARDS ***
ct-650: raises $3 to $6
melyh82: calls $3
*** FLOP *** [Th 5s 4d]
melyh82: checks
ct-650: checks
*** TURN *** [Th 5s 4d] [Kh]
melyh82: checks
ct-650: bets $6
melyh82: folds
Uncalled bet ($6) returned to ct-650
ct-650 collected $11.76 from pot
*** SUMMARY ***
Total pot $12 | Rake $0.24
Board [Th 5s 4d Kh]
Seat 1: ct-650 (button) (small blind) collected ($11.76)
Seat 2: melyh82 (big blind) folded on the Turn


PokerStars Hand #145219030726:  Hold'em Limit ($3/$6 USD) - 2015/12/12 7:10:47 ET
Table 'Archid II' 2-max Seat #2 is the button
Seat 1: ct-650 ($147 in chips)
Seat 2: melyh82 ($51.10 in chips)
melyh82: posts small blind $1
ct-650: posts big blind $3
*** HOLE CARDS ***
melyh82: raises $3 to $6
ct-650: calls $3
*** FLOP *** [3c 4s 9d]
ct-650: checks
melyh82: checks
*** TURN *** [3c 4s 9d] [9s]
ct-650: bets $6
melyh82: folds
Uncalled bet ($6) returned to ct-650
ct-650 collected $11.76 from pot
*** SUMMARY ***
Total pot $12 | Rake $0.24
Board [3c 4s 9d 9s]
Seat 1: ct-650 (big blind) collected ($11.76)
Seat 2: melyh82 (button) (small blind) folded on the Turn


PokerStars Hand #145219037345:  Hold'em Limit ($3/$6 USD) - 2015/12/12 7:10:59 ET
Table 'Archid II' 2-max Seat #1 is the button
Seat 1: ct-650 ($152.76 in chips)
Seat 2: melyh82 ($45.10 in chips)
ct-650: posts small blind $1
melyh82: posts big blind $3
*** HOLE CARDS ***
ct-650: raises $3 to $6
melyh82: calls $3
*** FLOP *** [Qc 4c 6s]
melyh82: checks
ct-650: bets $3
melyh82: folds
Uncalled bet ($3) returned to ct-650
ct-650 collected $11.76 from pot
*** SUMMARY ***
Total pot $12 | Rake $0.24
Board [Qc 4c 6s]
Seat 1: ct-650 (button) (small blind) collected ($11.76)
Seat 2: melyh82 (big blind) folded on the Flop


PokerStars Hand #145219042165:  Hold'em Limit ($3/$6 USD) - 2015/12/12 7:11:08 ET
Table 'Archid II' 2-max Seat #2 is the button
Seat 1: ct-650 ($158.52 in chips)
Seat 2: melyh82 ($39.10 in chips)
melyh82: posts small blind $1
ct-650: posts big blind $3
*** HOLE CARDS ***
melyh82: raises $3 to $6
ct-650: calls $3
*** FLOP *** [Ac 3s 2s]
ct-650 is disconnected
ct-650 is connected
ct-650: checks
melyh82: bets $3
ct-650: calls $3
*** TURN *** [Ac 3s 2s] [8h]
ct-650: checks
melyh82: bets $6
ct-650: folds
Uncalled bet ($6) returned to melyh82
melyh82 collected $17.64 from pot
melyh82: doesn't show hand
*** SUMMARY ***
Total pot $18 | Rake $0.36
Board [Ac 3s 2s 8h]
Seat 1: ct-650 (big blind) folded on the Turn
Seat 2: melyh82 (button) (small blind) collected ($17.64)


PokerStars Hand #145219079221:  Hold'em Limit ($3/$6 USD) - 2015/12/12 7:12:14 ET
Table 'Archid II' 2-max Seat #1 is the button
Seat 1: ct-650 ($149.52 in chips)
Seat 2: melyh82 ($47.74 in chips)
ct-650: posts small blind $1
melyh82: posts big blind $3
*** HOLE CARDS ***
ct-650: raises $3 to $6
melyh82: calls $3
*** FLOP *** [6d Qc Jc]
melyh82: checks
ct-650: checks
*** TURN *** [6d Qc Jc] [Ad]
melyh82: bets $6
ct-650: folds
Uncalled bet ($6) returned to melyh82
melyh82 collected $11.76 from pot
melyh82: doesn't show hand
*** SUMMARY ***
Total pot $12 | Rake $0.24
Board [6d Qc Jc Ad]
Seat 1: ct-650 (button) (small blind) folded on the Turn
Seat 2: melyh82 (big blind) collected ($11.76)


PokerStars Hand #145219084216:  Hold'em Limit ($3/$6 USD) - 2015/12/12 7:12:23 ET
Table 'Archid II' 2-max Seat #2 is the button
Seat 1: ct-650 ($143.52 in chips)
Seat 2: melyh82 ($53.50 in chips)
melyh82: posts small blind $1
ct-650: posts big blind $3
*** HOLE CARDS ***
melyh82: raises $3 to $6
ct-650: raises $3 to $9
melyh82: calls $3
*** FLOP *** [7s 5h 8d]
ct-650: bets $3
melyh82: calls $3
*** TURN *** [7s 5h 8d] [Qc]
ct-650: bets $6
melyh82: calls $6
*** RIVER *** [7s 5h 8d Qc] [Qs]
ct-650: checks
melyh82: checks
*** SHOW DOWN ***
ct-650: shows [9d Td] (a pair of Queens)
melyh82: shows [8h 9c] (two pair, Queens and Eights)
melyh82 collected $35.50 from pot
*** SUMMARY ***
Total pot $36 | Rake $0.50
Board [7s 5h 8d Qc Qs]
Seat 1: ct-650 (big blind) showed [9d Td] and lost with a pair of Queens
Seat 2: melyh82 (button) (small blind) showed [8h 9c] and won ($35.50) with two pair, Queens and Eights


PokerStars Hand #145219092401:  Hold'em Limit ($3/$6 USD) - 2015/12/12 7:12:37 ET
Table 'Archid II' 2-max Seat #1 is the button
Seat 1: ct-650 ($125.52 in chips)
Seat 2: melyh82 ($71 in chips)
ct-650: posts small blind $1
melyh82: posts big blind $3
*** HOLE CARDS ***
ct-650: raises $3 to $6
melyh82: raises $3 to $9
ct-650: calls $3
*** FLOP *** [6d 6h Qc]
melyh82: bets $3
ct-650: calls $3
*** TURN *** [6d 6h Qc] [Jd]
melyh82: bets $6
ct-650: calls $6
*** RIVER *** [6d 6h Qc Jd] [7d]
melyh82: bets $6
ct-650: raises $6 to $12
melyh82: calls $6
*** SHOW DOWN ***
ct-650: shows [Qs 6s] (a full house, Sixes full of Queens)
melyh82: mucks hand
ct-650 collected $59.50 from pot
*** SUMMARY ***
Total pot $60 | Rake $0.50
Board [6d 6h Qc Jd 7d]
Seat 1: ct-650 (button) (small blind) showed [Qs 6s] and won ($59.50) with a full house, Sixes full of Queens
Seat 2: melyh82 (big blind) mucked


PokerStars Hand #145219101766:  Hold'em Limit ($3/$6 USD) - 2015/12/12 7:12:54 ET
Table 'Archid II' 2-max Seat #2 is the button
Seat 1: ct-650 ($155.02 in chips)
Seat 2: melyh82 ($41 in chips)
melyh82: posts small blind $1
ct-650: posts big blind $3
*** HOLE CARDS ***
melyh82: raises $3 to $6
ct-650: calls $3
*** FLOP *** [Th 8c 3h]
ct-650: checks
melyh82: bets $3
ct-650: calls $3
*** TURN *** [Th 8c 3h] [2c]
ct-650: checks
melyh82: checks
*** RIVER *** [Th 8c 3h 2c] [5c]
ct-650: bets $6
melyh82: calls $6
*** SHOW DOWN ***
ct-650: shows [Ah 4s] (a straight, Ace to Five)
melyh82: mucks hand
ct-650 collected $29.50 from pot
*** SUMMARY ***
Total pot $30 | Rake $0.50
Board [Th 8c 3h 2c 5c]
Seat 1: ct-650 (big blind) showed [Ah 4s] and won ($29.50) with a straight, Ace to Five
Seat 2: melyh82 (button) (small blind) mucked


PokerStars Hand #145219112351:  Hold'em Limit ($3/$6 USD) - 2015/12/12 7:13:13 ET
Table 'Archid II' 2-max Seat #2 is the button
Seat 1: ct-650 ($168.52 in chips)
Seat 2: melyh82 ($27 in chips)
melyh82: posts small blind $1
ct-650: posts big blind $3
*** HOLE CARDS ***
melyh82: raises $3 to $6
ct-650: raises $3 to $9
melyh82: raises $3 to $12
Betting is capped
ct-650: calls $3
*** FLOP *** [Ks Ad 3h]
ct-650: checks
melyh82: bets $3
ct-650: calls $3
*** TURN *** [Ks Ad 3h] [Kd]
ct-650: checks
melyh82: bets $6
ct-650: raises $6 to $12
melyh82: calls $6 and is all-in
*** RIVER *** [Ks Ad 3h Kd] [2h]
*** SHOW DOWN ***
ct-650: shows [5c 5d] (two pair, Kings and Fives)
melyh82: shows [Ac 7c] (two pair, Aces and Kings)
melyh82 collected $53.50 from pot
*** SUMMARY ***
Total pot $54 | Rake $0.50
Board [Ks Ad 3h Kd 2h]
Seat 1: ct-650 (big blind) showed [5c 5d] and lost with two pair, Kings and Fives
Seat 2: melyh82 (button) (small blind) showed [Ac 7c] and won ($53.50) with two pair, Aces and Kings


PokerStars Hand #145219110007:  Hold'em Limit ($3/$6 USD) - 2015/12/12 7:13:09 ET
Table 'Archid II' 2-max Seat #1 is the button
Seat 1: ct-650 ($169.52 in chips)
Seat 2: melyh82 ($26 in chips)
ct-650: posts small blind $1
melyh82: posts big blind $3
*** HOLE CARDS ***
ct-650: folds
Uncalled bet ($2) returned to melyh82
melyh82 collected $2 from pot
melyh82: doesn't show hand
*** SUMMARY ***
Total pot $2 | Rake $0
Seat 1: ct-650 (button) (small blind) folded before Flop
Seat 2: melyh82 (big blind) collected ($2)


PokerStars Hand #145219167989:  Hold'em Limit ($3/$6 USD) - 2015/12/12 7:14:52 ET
Table 'Archid II' 2-max Seat #1 is the button
Seat 1: ct-650 ($141.52 in chips)
Seat 2: melyh82 ($53.50 in chips)
ct-650: posts small blind $1
melyh82: posts big blind $3
*** HOLE CARDS ***
ct-650: raises $3 to $6
melyh82: folds
Uncalled bet ($3) returned to ct-650
ct-650 collected $6 from pot
*** SUMMARY ***
Total pot $6 | Rake $0
Seat 1: ct-650 (button) (small blind) collected ($6)
Seat 2: melyh82 (big blind) folded before Flop


PokerStars Hand #145219165126:  Hold'em Limit ($3/$6 USD) - 2015/12/12 7:14:47 ET
Table 'Archid II' 2-max Seat #2 is the button
Seat 1: ct-650 ($140.52 in chips)
Seat 2: melyh82 ($54.50 in chips)
melyh82: posts small blind $1
ct-650: posts big blind $3
*** HOLE CARDS ***
melyh82: folds
Uncalled bet ($2) returned to ct-650
ct-650 collected $2 from pot
*** SUMMARY ***
Total pot $2 | Rake $0
Seat 1: ct-650 (big blind) collected ($2)
Seat 2: melyh82 (button) (small blind) folded before Flop


PokerStars Hand #145219160762:  Hold'em Limit ($3/$6 USD) - 2015/12/12 7:14:39 ET
Table 'Archid II' 2-max Seat #1 is the button
Seat 1: ct-650 ($141.52 in chips)
Seat 2: melyh82 ($53.50 in chips)
ct-650: posts small blind $1
melyh82: posts big blind $3
*** HOLE CARDS ***
ct-650: folds
Uncalled bet ($2) returned to melyh82
melyh82 collected $2 from pot
melyh82: doesn't show hand
*** SUMMARY ***
Total pot $2 | Rake $0
Seat 1: ct-650 (button) (small blind) folded before Flop
Seat 2: melyh82 (big blind) collected ($2)


PokerStars Hand #145219182443:  Hold'em Limit ($3/$6 USD) - 2015/12/12 7:15:18 ET
Table 'Archid II' 2-max Seat #2 is the button
Seat 1: ct-650 ($167.02 in chips)
Seat 2: melyh82 ($27.50 in chips)
melyh82: posts small blind $1
ct-650: posts big blind $3
*** HOLE CARDS ***
melyh82: raises $3 to $6
ct-650: calls $3
*** FLOP *** [3h 3d 2d]
ct-650: checks
melyh82: bets $3
ct-650: folds
Uncalled bet ($3) returned to melyh82
melyh82 collected $11.76 from pot
melyh82: doesn't show hand
*** SUMMARY ***
Total pot $12 | Rake $0.24
Board [3h 3d 2d]
Seat 1: ct-650 (big blind) folded on the Flop
Seat 2: melyh82 (button) (small blind) collected ($11.76)


PokerStars Hand #145219180144:  Hold'em Limit ($3/$6 USD) - 2015/12/12 7:15:14 ET
Table 'Archid II' 2-max Seat #1 is the button
Seat 1: ct-650 ($168.02 in chips)
Seat 2: melyh82 ($26.50 in chips)
ct-650: posts small blind $1
melyh82: posts big blind $3
*** HOLE CARDS ***
ct-650: folds
Uncalled bet ($2) returned to melyh82
melyh82 collected $2 from pot
melyh82: doesn't show hand
*** SUMMARY ***
Total pot $2 | Rake $0
Seat 1: ct-650 (button) (small blind) folded before Flop
Seat 2: melyh82 (big blind) collected ($2)


PokerStars Hand #145219171197:  Hold'em Limit ($3/$6 USD) - 2015/12/12 7:14:58 ET
Table 'Archid II' 2-max Seat #2 is the button
Seat 1: ct-650 ($144.52 in chips)
Seat 2: melyh82 ($50.50 in chips)
melyh82: posts small blind $1
ct-650: posts big blind $3
*** HOLE CARDS ***
melyh82: raises $3 to $6
ct-650: calls $3
*** FLOP *** [Ad 6c 7d]
ct-650: checks
melyh82: bets $3
ct-650: raises $3 to $6
melyh82: calls $3
*** TURN *** [Ad 6c 7d] [3c]
ct-650: bets $6
melyh82: calls $6
*** RIVER *** [Ad 6c 7d 3c] [Ts]
ct-650: bets $6
melyh82: calls $6
*** SHOW DOWN ***
ct-650: shows [As 3h] (two pair, Aces and Threes)
melyh82: mucks hand
ct-650 collected $47.50 from pot
*** SUMMARY ***
Total pot $48 | Rake $0.50
Board [Ad 6c 7d 3c Ts]
Seat 1: ct-650 (big blind) showed [As 3h] and won ($47.50) with two pair, Aces and Threes
Seat 2: melyh82 (button) (small blind) mucked


PokerStars Hand #145219232937:  Hold'em Limit ($3/$6 USD) - 2015/12/12 7:16:46 ET
Table 'Archid II' 2-max Seat #1 is the button
Seat 1: ct-650 ($134.78 in chips)
Seat 2: melyh82 ($58.40 in chips)
ct-650: posts small blind $1
melyh82: posts big blind $3
*** HOLE CARDS ***
ct-650: raises $3 to $6
melyh82: calls $3
*** FLOP *** [Kh 4h 7c]
melyh82: checks
ct-650: bets $3
melyh82: calls $3
*** TURN *** [Kh 4h 7c] [6h]
melyh82: checks
ct-650: checks
*** RIVER *** [Kh 4h 7c 6h] [6s]
melyh82: bets $6
ct-650: calls $6
*** SHOW DOWN ***
melyh82: shows [7s Kc] (two pair, Kings and Sevens)
ct-650: mucks hand
melyh82 collected $29.50 from pot
*** SUMMARY ***
Total pot $30 | Rake $0.50
Board [Kh 4h 7c 6h 6s]
Seat 1: ct-650 (button) (small blind) mucked
Seat 2: melyh82 (big blind) showed [7s Kc] and won ($29.50) with two pair, Kings and Sevens


PokerStars Hand #145219229864:  Hold'em Limit ($3/$6 USD) - 2015/12/12 7:16:40 ET
Table 'Archid II' 2-max Seat #2 is the button
Seat 1: ct-650 ($133.78 in chips)
Seat 2: melyh82 ($59.40 in chips)
melyh82: posts small blind $1
ct-650: posts big blind $3
*** HOLE CARDS ***
melyh82: folds
Uncalled bet ($2) returned to ct-650
ct-650 collected $2 from pot
*** SUMMARY ***
Total pot $2 | Rake $0
Seat 1: ct-650 (big blind) collected ($2)
Seat 2: melyh82 (button) (small blind) folded before Flop


PokerStars Hand #145219224542:  Hold'em Limit ($3/$6 USD) - 2015/12/12 7:16:31 ET
Table 'Archid II' 2-max Seat #1 is the button
Seat 1: ct-650 ($128.02 in chips)
Seat 2: melyh82 ($65.40 in chips)
ct-650: posts small blind $1
melyh82: posts big blind $3
*** HOLE CARDS ***
ct-650: raises $3 to $6
melyh82: calls $3
*** FLOP *** [4h 7c 9c]
melyh82: checks
ct-650: bets $3
melyh82: folds
Uncalled bet ($3) returned to ct-650
ct-650 collected $11.76 from pot
*** SUMMARY ***
Total pot $12 | Rake $0.24
Board [4h 7c 9c]
Seat 1: ct-650 (button) (small blind) collected ($11.76)
Seat 2: melyh82 (big blind) folded on the Flop


PokerStars Hand #145219213498:  Hold'em Limit ($3/$6 USD) - 2015/12/12 7:16:12 ET
Table 'Archid II' 2-max Seat #2 is the button
Seat 1: ct-650 ($137.02 in chips)
Seat 2: melyh82 ($56.76 in chips)
melyh82: posts small blind $1
ct-650: posts big blind $3
*** HOLE CARDS ***
melyh82: raises $3 to $6
ct-650: calls $3
*** FLOP *** [Th Kh Kc]
ct-650: checks
melyh82: bets $3
ct-650: calls $3
*** TURN *** [Th Kh Kc] [6d]
ct-650: checks
melyh82: checks
*** RIVER *** [Th Kh Kc 6d] [4h]
ct-650: checks
melyh82: bets $6
ct-650: folds
Uncalled bet ($6) returned to melyh82
melyh82 collected $17.64 from pot
melyh82: doesn't show hand
*** SUMMARY ***
Total pot $18 | Rake $0.36
Board [Th Kh Kc 6d 4h]
Seat 1: ct-650 (big blind) folded on the River
Seat 2: melyh82 (button) (small blind) collected ($17.64)


PokerStars Hand #145219187675:  Hold'em Limit ($3/$6 USD) - 2015/12/12 7:15:27 ET
Table 'Archid II' 2-max Seat #1 is the button
Seat 1: ct-650 ($161.02 in chips)
Seat 2: melyh82 ($33.26 in chips)
ct-650: posts small blind $1
melyh82: posts big blind $3
*** HOLE CARDS ***
ct-650: raises $3 to $6
melyh82: calls $3
*** FLOP *** [Kd 6d 4s]
melyh82: checks
ct-650: bets $3
melyh82: raises $3 to $6
ct-650: calls $3
*** TURN *** [Kd 6d 4s] [8c]
melyh82: bets $6
ct-650: calls $6
*** RIVER *** [Kd 6d 4s 8c] [2d]
melyh82: bets $6
ct-650: calls $6
*** SHOW DOWN ***
melyh82: shows [9s Kh] (a pair of Kings)
ct-650: mucks hand
melyh82 collected $47.50 from pot
*** SUMMARY ***
Total pot $48 | Rake $0.50
Board [Kd 6d 4s 8c 2d]
Seat 1: ct-650 (button) (small blind) mucked
Seat 2: melyh82 (big blind) showed [9s Kh] and won ($47.50) with a pair of Kings


PokerStars Hand #145219271789:  Hold'em Limit ($3/$6 USD) - 2015/12/12 7:17:54 ET
Table 'Archid II' 2-max Seat #1 is the button
Seat 1: ct-650 ($172.42 in chips)
Seat 2: melyh82 ($18.90 in chips)
ct-650: posts small blind $1
melyh82: posts big blind $3
*** HOLE CARDS ***
ct-650: raises $3 to $6
melyh82: calls $3
*** FLOP *** [8d Jc 2h]
melyh82: checks
ct-650: checks
*** TURN *** [8d Jc 2h] [3s]
melyh82: bets $6
ct-650: folds
Uncalled bet ($6) returned to melyh82
melyh82 collected $11.76 from pot
melyh82: doesn't show hand
*** SUMMARY ***
Total pot $12 | Rake $0.24
Board [8d Jc 2h 3s]
Seat 1: ct-650 (button) (small blind) folded on the Turn
Seat 2: melyh82 (big blind) collected ($11.76)


PokerStars Hand #145219263294:  Hold'em Limit ($3/$6 USD) - 2015/12/12 7:17:39 ET
Table 'Archid II' 2-max Seat #2 is the button
Seat 1: ct-650 ($148.92 in chips)
Seat 2: melyh82 ($42.90 in chips)
melyh82: posts small blind $1
ct-650: posts big blind $3
*** HOLE CARDS ***
melyh82: raises $3 to $6
ct-650: raises $3 to $9
melyh82: calls $3
*** FLOP *** [6s 9d Qc]
ct-650: bets $3
melyh82: calls $3
*** TURN *** [6s 9d Qc] [8s]
ct-650: bets $6
melyh82: calls $6
*** RIVER *** [6s 9d Qc 8s] [Qh]
ct-650: bets $6
melyh82: calls $6
*** SHOW DOWN ***
ct-650: shows [Qd Ks] (three of a kind, Queens)
melyh82: mucks hand
ct-650 collected $47.50 from pot
*** SUMMARY ***
Total pot $48 | Rake $0.50
Board [6s 9d Qc 8s Qh]
Seat 1: ct-650 (big blind) showed [Qd Ks] and won ($47.50) with three of a kind, Queens
Seat 2: melyh82 (button) (small blind) mucked


PokerStars Hand #145219253405:  Hold'em Limit ($3/$6 USD) - 2015/12/12 7:17:21 ET
Table 'Archid II' 2-max Seat #1 is the button
Seat 1: ct-650 ($128.42 in chips)
Seat 2: melyh82 ($63.90 in chips)
ct-650: posts small blind $1
melyh82: posts big blind $3
*** HOLE CARDS ***
ct-650: raises $3 to $6
melyh82: calls $3
*** FLOP *** [9d Jc 7s]
melyh82: checks
ct-650: bets $3
melyh82: calls $3
*** TURN *** [9d Jc 7s] [5d]
melyh82: checks
ct-650: bets $6
melyh82: calls $6
*** RIVER *** [9d Jc 7s 5d] [7d]
melyh82: checks
ct-650: bets $6
melyh82: calls $6
*** SHOW DOWN ***
ct-650: shows [Th Jh] (two pair, Jacks and Sevens)
melyh82: mucks hand
ct-650 collected $41.50 from pot
*** SUMMARY ***
Total pot $42 | Rake $0.50
Board [9d Jc 7s 5d 7d]
Seat 1: ct-650 (button) (small blind) showed [Th Jh] and won ($41.50) with two pair, Jacks and Sevens
Seat 2: melyh82 (big blind) mucked


PokerStars Hand #145219243201:  Hold'em Limit ($3/$6 USD) - 2015/12/12 7:17:03 ET
Table 'Archid II' 2-max Seat #2 is the button
Seat 1: ct-650 ($119.78 in chips)
Seat 2: melyh82 ($72.90 in chips)
melyh82: posts small blind $1
ct-650: posts big blind $3
*** HOLE CARDS ***
melyh82: raises $3 to $6
ct-650: calls $3
*** FLOP *** [As 7c Jh]
ct-650: checks
melyh82: bets $3
ct-650: calls $3
*** TURN *** [As 7c Jh] [5d]
ct-650: checks
melyh82: checks
*** RIVER *** [As 7c Jh 5d] [2h]
ct-650: checks
melyh82: checks
*** SHOW DOWN ***
ct-650: shows [7s Qc] (a pair of Sevens)
melyh82: mucks hand
ct-650 collected $17.64 from pot
*** SUMMARY ***
Total pot $18 | Rake $0.36
Board [As 7c Jh 5d 2h]
Seat 1: ct-650 (big blind) showed [7s Qc] and won ($17.64) with a pair of Sevens
Seat 2: melyh82 (button) (small blind) mucked


PokerStars Hand #145219289829:  Hold'em Limit ($3/$6 USD) - 2015/12/12 7:18:25 ET
Table 'Archid II' 2-max Seat #1 is the button
Seat 1: ct-650 ($172.18 in chips)
Seat 2: melyh82 ($18.66 in chips)
ct-650: posts small blind $1
melyh82: posts big blind $3
*** HOLE CARDS ***
ct-650: raises $3 to $6
melyh82: raises $3 to $9
ct-650: calls $3
*** FLOP *** [Kh 5c 8c]
melyh82: bets $3
ct-650: calls $3
*** TURN *** [Kh 5c 8c] [Td]
melyh82: bets $6
ct-650: raises $6 to $12
melyh82: calls $0.66 and is all-in
Uncalled bet ($5.34) returned to ct-650
*** RIVER *** [Kh 5c 8c Td] [2h]
*** SHOW DOWN ***
melyh82: shows [7d Ah] (high card Ace)
ct-650: shows [Ts Qh] (a pair of Tens)
ct-650 collected $36.82 from pot
melyh82 leaves the table
*** SUMMARY ***
Total pot $37.32 | Rake $0.50
Board [Kh 5c 8c Td 2h]
Seat 1: ct-650 (button) (small blind) showed [Ts Qh] and won ($36.82) with a pair of Tens
Seat 2: melyh82 (big blind) showed [7d Ah] and lost with high card Ace


PokerStars Hand #145219278227:  Hold'em Limit ($3/$6 USD) - 2015/12/12 7:18:05 ET
Table 'Archid II' 2-max Seat #2 is the button
Seat 1: ct-650 ($166.42 in chips)
Seat 2: melyh82 ($24.66 in chips)
melyh82: posts small blind $1
ct-650: posts big blind $3
*** HOLE CARDS ***
melyh82: raises $3 to $6
ct-650: calls $3
*** FLOP *** [8d Td 9s]
ct-650: checks
melyh82: checks
*** TURN *** [8d Td 9s] [5c]
ct-650: bets $6
melyh82: folds
Uncalled bet ($6) returned to ct-650
ct-650 collected $11.76 from pot
*** SUMMARY ***
Total pot $12 | Rake $0.24
Board [8d Td 9s 5c]
Seat 1: ct-650 (big blind) collected ($11.76)
Seat 2: melyh82 (button) (small blind) folded on the Turn


