PokerStars Hand #145487985816:  Hold'em Limit ($3/$6 USD) - 2015/12/17 12:25:44 ET
Table 'Archid II' 2-max Seat #1 is the button
Seat 1: v13kurbatov ($117 in chips)
Seat 2: Crspy Bacon ($123 in chips)
v13kurbatov: posts small blind $1
Crspy Bacon: posts big blind $3
*** HOLE CARDS ***
v13kurbatov: raises $3 to $6
Crspy Bacon: calls $3
*** FLOP *** [Ah 2s 7d]
Crspy Bacon: checks
v13kurbatov: bets $3
Crspy Bacon: raises $3 to $6
v13kurbatov: calls $3
*** TURN *** [Ah 2s 7d] [6d]
Crspy Bacon: bets $6
v13kurbatov: folds
Uncalled bet ($6) returned to Crspy Bacon
Crspy Bacon collected $23.52 from pot
Crspy Bacon: doesn't show hand
*** SUMMARY ***
Total pot $24 | Rake $0.48
Board [Ah 2s 7d 6d]
Seat 1: v13kurbatov (button) (small blind) folded on the Turn
Seat 2: Crspy Bacon (big blind) collected ($23.52)


PokerStars Hand #145488003499:  Hold'em Limit ($3/$6 USD) - 2015/12/17 12:26:06 ET
Table 'Archid II' 2-max Seat #2 is the button
Seat 1: v13kurbatov ($105 in chips)
Seat 2: Crspy Bacon ($134.52 in chips)
Crspy Bacon: posts small blind $1
v13kurbatov: posts big blind $3
*** HOLE CARDS ***
Crspy Bacon: raises $3 to $6
v13kurbatov: raises $3 to $9
Crspy Bacon: calls $3
*** FLOP *** [Kd 5h Ks]
v13kurbatov: bets $3
Crspy Bacon: calls $3
*** TURN *** [Kd 5h Ks] [Kc]
v13kurbatov: bets $6
Crspy Bacon: folds
Uncalled bet ($6) returned to v13kurbatov
v13kurbatov collected $23.52 from pot
*** SUMMARY ***
Total pot $24 | Rake $0.48
Board [Kd 5h Ks Kc]
Seat 1: v13kurbatov (big blind) collected ($23.52)
Seat 2: Crspy Bacon (button) (small blind) folded on the Turn


PokerStars Hand #145488019231:  Hold'em Limit ($3/$6 USD) - 2015/12/17 12:26:25 ET
Table 'Archid II' 2-max Seat #2 is the button
Seat 1: v13kurbatov ($115.52 in chips)
Seat 2: Crspy Bacon ($123.52 in chips)
Crspy Bacon: posts small blind $1
v13kurbatov: posts big blind $3
*** HOLE CARDS ***
Crspy Bacon: raises $3 to $6
v13kurbatov: folds
Uncalled bet ($3) returned to Crspy Bacon
Crspy Bacon collected $6 from pot
Crspy Bacon: doesn't show hand
*** SUMMARY ***
Total pot $6 | Rake $0
Seat 1: v13kurbatov (big blind) folded before Flop
Seat 2: Crspy Bacon (button) (small blind) collected ($6)


PokerStars Hand #145488015280:  Hold'em Limit ($3/$6 USD) - 2015/12/17 12:26:21 ET
Table 'Archid II' 2-max Seat #1 is the button
Seat 1: v13kurbatov ($116.52 in chips)
Seat 2: Crspy Bacon ($122.52 in chips)
v13kurbatov: posts small blind $1
Crspy Bacon: posts big blind $3
*** HOLE CARDS ***
v13kurbatov: folds
Uncalled bet ($2) returned to Crspy Bacon
Crspy Bacon collected $2 from pot
Crspy Bacon: doesn't show hand
*** SUMMARY ***
Total pot $2 | Rake $0
Seat 1: v13kurbatov (button) (small blind) folded before Flop
Seat 2: Crspy Bacon (big blind) collected ($2)


PokerStars Hand #145488023270:  Hold'em Limit ($3/$6 USD) - 2015/12/17 12:26:30 ET
Table 'Archid II' 2-max Seat #1 is the button
Seat 1: v13kurbatov ($112.52 in chips)
Seat 2: Crspy Bacon ($126.52 in chips)
v13kurbatov: posts small blind $1
Crspy Bacon: posts big blind $3
*** HOLE CARDS ***
v13kurbatov: raises $3 to $6
Crspy Bacon: raises $3 to $9
v13kurbatov: calls $3
*** FLOP *** [9c 6d 5c]
Crspy Bacon: bets $3
v13kurbatov: folds
Uncalled bet ($3) returned to Crspy Bacon
Crspy Bacon collected $17.64 from pot
Crspy Bacon: doesn't show hand
*** SUMMARY ***
Total pot $18 | Rake $0.36
Board [9c 6d 5c]
Seat 1: v13kurbatov (button) (small blind) folded on the Flop
Seat 2: Crspy Bacon (big blind) collected ($17.64)


PokerStars Hand #145488031528:  Hold'em Limit ($3/$6 USD) - 2015/12/17 12:26:41 ET
Table 'Archid II' 2-max Seat #2 is the button
Seat 1: v13kurbatov ($103.52 in chips)
Seat 2: Crspy Bacon ($135.16 in chips)
Crspy Bacon: posts small blind $1
v13kurbatov: posts big blind $3
*** HOLE CARDS ***
Crspy Bacon: raises $3 to $6
v13kurbatov: calls $3
*** FLOP *** [9h 6c 3d]
v13kurbatov: checks
Crspy Bacon: bets $3
v13kurbatov: folds
Uncalled bet ($3) returned to Crspy Bacon
Crspy Bacon collected $11.76 from pot
Crspy Bacon: doesn't show hand
*** SUMMARY ***
Total pot $12 | Rake $0.24
Board [9h 6c 3d]
Seat 1: v13kurbatov (big blind) folded on the Flop
Seat 2: Crspy Bacon (button) (small blind) collected ($11.76)


PokerStars Hand #145488050346:  Hold'em Limit ($3/$6 USD) - 2015/12/17 12:27:04 ET
Table 'Archid II' 2-max Seat #2 is the button
Seat 1: v13kurbatov ($112.02 in chips)
Seat 2: Crspy Bacon ($125.92 in chips)
Crspy Bacon: posts small blind $1
v13kurbatov: posts big blind $3
*** HOLE CARDS ***
Crspy Bacon: raises $3 to $6
v13kurbatov: folds
Uncalled bet ($3) returned to Crspy Bacon
Crspy Bacon collected $6 from pot
Crspy Bacon: doesn't show hand
*** SUMMARY ***
Total pot $6 | Rake $0
Seat 1: v13kurbatov (big blind) folded before Flop
Seat 2: Crspy Bacon (button) (small blind) collected ($6)


PokerStars Hand #145488055843:  Hold'em Limit ($3/$6 USD) - 2015/12/17 12:27:11 ET
Table 'Archid II' 2-max Seat #1 is the button
Seat 1: v13kurbatov ($109.02 in chips)
Seat 2: Crspy Bacon ($128.92 in chips)
v13kurbatov: posts small blind $1
Crspy Bacon: posts big blind $3
*** HOLE CARDS ***
v13kurbatov: folds
Uncalled bet ($2) returned to Crspy Bacon
Crspy Bacon collected $2 from pot
Crspy Bacon: doesn't show hand
*** SUMMARY ***
Total pot $2 | Rake $0
Seat 1: v13kurbatov (button) (small blind) folded before Flop
Seat 2: Crspy Bacon (big blind) collected ($2)


PokerStars Hand #145488059875:  Hold'em Limit ($3/$6 USD) - 2015/12/17 12:27:16 ET
Table 'Archid II' 2-max Seat #2 is the button
Seat 1: v13kurbatov ($108.02 in chips)
Seat 2: Crspy Bacon ($129.92 in chips)
Crspy Bacon: posts small blind $1
v13kurbatov: posts big blind $3
*** HOLE CARDS ***
Crspy Bacon: raises $3 to $6
v13kurbatov: raises $3 to $9
Crspy Bacon: calls $3
*** FLOP *** [4h 3s 7d]
v13kurbatov: bets $3
Crspy Bacon: calls $3
*** TURN *** [4h 3s 7d] [As]
v13kurbatov: bets $6
Crspy Bacon: calls $6
*** RIVER *** [4h 3s 7d As] [Jc]
v13kurbatov: bets $6
Crspy Bacon: calls $6
*** SHOW DOWN ***
v13kurbatov: shows [Jd Js] (three of a kind, Jacks)
Crspy Bacon: mucks hand
v13kurbatov collected $47.50 from pot
*** SUMMARY ***
Total pot $48 | Rake $0.50
Board [4h 3s 7d As Jc]
Seat 1: v13kurbatov (big blind) showed [Jd Js] and won ($47.50) with three of a kind, Jacks
Seat 2: Crspy Bacon (button) (small blind) mucked


PokerStars Hand #145488072215:  Hold'em Limit ($3/$6 USD) - 2015/12/17 12:27:31 ET
Table 'Archid II' 2-max Seat #1 is the button
Seat 1: v13kurbatov ($131.52 in chips)
Seat 2: Crspy Bacon ($105.92 in chips)
v13kurbatov: posts small blind $1
Crspy Bacon: posts big blind $3
*** HOLE CARDS ***
v13kurbatov: folds
Uncalled bet ($2) returned to Crspy Bacon
Crspy Bacon collected $2 from pot
Crspy Bacon: doesn't show hand
*** SUMMARY ***
Total pot $2 | Rake $0
Seat 1: v13kurbatov (button) (small blind) folded before Flop
Seat 2: Crspy Bacon (big blind) collected ($2)


PokerStars Hand #145488077557:  Hold'em Limit ($3/$6 USD) - 2015/12/17 12:27:38 ET
Table 'Archid II' 2-max Seat #2 is the button
Seat 1: v13kurbatov ($130.52 in chips)
Seat 2: Crspy Bacon ($106.92 in chips)
Crspy Bacon: posts small blind $1
v13kurbatov: posts big blind $3
*** HOLE CARDS ***
Crspy Bacon: raises $3 to $6
v13kurbatov: calls $3
*** FLOP *** [Jc 8h Kd]
v13kurbatov: checks
Crspy Bacon: bets $3
v13kurbatov: calls $3
*** TURN *** [Jc 8h Kd] [7d]
v13kurbatov: checks
Crspy Bacon: bets $6
v13kurbatov: folds
Uncalled bet ($6) returned to Crspy Bacon
Crspy Bacon collected $17.64 from pot
Crspy Bacon: doesn't show hand
*** SUMMARY ***
Total pot $18 | Rake $0.36
Board [Jc 8h Kd 7d]
Seat 1: v13kurbatov (big blind) folded on the Turn
Seat 2: Crspy Bacon (button) (small blind) collected ($17.64)


PokerStars Hand #145488040335:  Hold'em Limit ($3/$6 USD) - 2015/12/17 12:26:52 ET
Table 'Archid II' 2-max Seat #1 is the button
Seat 1: v13kurbatov ($97.52 in chips)
Seat 2: Crspy Bacon ($140.92 in chips)
v13kurbatov: posts small blind $1
Crspy Bacon: posts big blind $3
*** HOLE CARDS ***
v13kurbatov: raises $3 to $6
Crspy Bacon: raises $3 to $9
v13kurbatov: raises $3 to $12
Betting is capped
Crspy Bacon: calls $3
*** FLOP *** [6h Jh Qs]
Crspy Bacon: checks
v13kurbatov: bets $3
Crspy Bacon: calls $3
*** TURN *** [6h Jh Qs] [6s]
Crspy Bacon: checks
v13kurbatov: bets $6
Crspy Bacon: folds
Uncalled bet ($6) returned to v13kurbatov
v13kurbatov collected $29.50 from pot
*** SUMMARY ***
Total pot $30 | Rake $0.50
Board [6h Jh Qs 6s]
Seat 1: v13kurbatov (button) (small blind) collected ($29.50)
Seat 2: Crspy Bacon (big blind) folded on the Turn


PokerStars Hand #145488120610:  Hold'em Limit ($3/$6 USD) - 2015/12/17 12:28:31 ET
Table 'Archid II' 2-max Seat #1 is the button
Seat 1: v13kurbatov ($105.28 in chips)
Seat 2: Crspy Bacon ($131.06 in chips)
v13kurbatov: posts small blind $1
Crspy Bacon: posts big blind $3
*** HOLE CARDS ***
v13kurbatov: raises $3 to $6
Crspy Bacon: calls $3
*** FLOP *** [Ts Ac 4s]
Crspy Bacon: checks
v13kurbatov: bets $3
Crspy Bacon: folds
Uncalled bet ($3) returned to v13kurbatov
v13kurbatov collected $11.76 from pot
*** SUMMARY ***
Total pot $12 | Rake $0.24
Board [Ts Ac 4s]
Seat 1: v13kurbatov (button) (small blind) collected ($11.76)
Seat 2: Crspy Bacon (big blind) folded on the Flop


PokerStars Hand #145488116869:  Hold'em Limit ($3/$6 USD) - 2015/12/17 12:28:26 ET
Table 'Archid II' 2-max Seat #2 is the button
Seat 1: v13kurbatov ($108.28 in chips)
Seat 2: Crspy Bacon ($128.06 in chips)
Crspy Bacon: posts small blind $1
v13kurbatov: posts big blind $3
*** HOLE CARDS ***
Crspy Bacon: raises $3 to $6
v13kurbatov: folds
Uncalled bet ($3) returned to Crspy Bacon
Crspy Bacon collected $6 from pot
Crspy Bacon: doesn't show hand
*** SUMMARY ***
Total pot $6 | Rake $0
Seat 1: v13kurbatov (big blind) folded before Flop
Seat 2: Crspy Bacon (button) (small blind) collected ($6)


PokerStars Hand #145488112893:  Hold'em Limit ($3/$6 USD) - 2015/12/17 12:28:21 ET
Table 'Archid II' 2-max Seat #1 is the button
Seat 1: v13kurbatov ($109.28 in chips)
Seat 2: Crspy Bacon ($127.06 in chips)
v13kurbatov: posts small blind $1
Crspy Bacon: posts big blind $3
*** HOLE CARDS ***
v13kurbatov: folds
Uncalled bet ($2) returned to Crspy Bacon
Crspy Bacon collected $2 from pot
Crspy Bacon: doesn't show hand
*** SUMMARY ***
Total pot $2 | Rake $0
Seat 1: v13kurbatov (button) (small blind) folded before Flop
Seat 2: Crspy Bacon (big blind) collected ($2)


PokerStars Hand #145488100055:  Hold'em Limit ($3/$6 USD) - 2015/12/17 12:28:05 ET
Table 'Archid II' 2-max Seat #2 is the button
Seat 1: v13kurbatov ($127.28 in chips)
Seat 2: Crspy Bacon ($109.56 in chips)
Crspy Bacon: posts small blind $1
v13kurbatov: posts big blind $3
*** HOLE CARDS ***
Crspy Bacon: raises $3 to $6
v13kurbatov: raises $3 to $9
Crspy Bacon: calls $3
*** FLOP *** [4c 2c 7d]
v13kurbatov: bets $3
Crspy Bacon: calls $3
*** TURN *** [4c 2c 7d] [8d]
v13kurbatov: checks
Crspy Bacon: bets $6
v13kurbatov: calls $6
*** RIVER *** [4c 2c 7d 8d] [9d]
v13kurbatov: checks
Crspy Bacon: bets $6
v13kurbatov: folds
Uncalled bet ($6) returned to Crspy Bacon
Crspy Bacon collected $35.50 from pot
Crspy Bacon: doesn't show hand
*** SUMMARY ***
Total pot $36 | Rake $0.50
Board [4c 2c 7d 8d 9d]
Seat 1: v13kurbatov (big blind) folded on the River
Seat 2: Crspy Bacon (button) (small blind) collected ($35.50)


PokerStars Hand #145488089217:  Hold'em Limit ($3/$6 USD) - 2015/12/17 12:27:52 ET
Table 'Archid II' 2-max Seat #1 is the button
Seat 1: v13kurbatov ($121.52 in chips)
Seat 2: Crspy Bacon ($115.56 in chips)
v13kurbatov: posts small blind $1
Crspy Bacon: posts big blind $3
*** HOLE CARDS ***
v13kurbatov: raises $3 to $6
Crspy Bacon: calls $3
*** FLOP *** [2c Ts Kc]
Crspy Bacon: checks
v13kurbatov: checks
*** TURN *** [2c Ts Kc] [6c]
Crspy Bacon: checks
v13kurbatov: checks
*** RIVER *** [2c Ts Kc 6c] [Qd]
Crspy Bacon: checks
v13kurbatov: bets $6
Crspy Bacon: folds
Uncalled bet ($6) returned to v13kurbatov
v13kurbatov collected $11.76 from pot
*** SUMMARY ***
Total pot $12 | Rake $0.24
Board [2c Ts Kc 6c Qd]
Seat 1: v13kurbatov (button) (small blind) collected ($11.76)
Seat 2: Crspy Bacon (big blind) folded on the River


PokerStars Hand #145488162675:  Hold'em Limit ($3/$6 USD) - 2015/12/17 12:29:23 ET
Table 'Archid II' 2-max Seat #1 is the button
Seat 1: v13kurbatov ($98.38 in chips)
Seat 2: Crspy Bacon ($136.38 in chips)
v13kurbatov: posts small blind $1
Crspy Bacon: posts big blind $3
*** HOLE CARDS ***
v13kurbatov: calls $2
Crspy Bacon: raises $3 to $6
v13kurbatov: calls $3
*** FLOP *** [2h Ah 5c]
Crspy Bacon: bets $3
v13kurbatov: calls $3
*** TURN *** [2h Ah 5c] [3h]
Crspy Bacon: bets $6
v13kurbatov: calls $6
*** RIVER *** [2h Ah 5c 3h] [Kh]
Crspy Bacon: checks
v13kurbatov: checks
*** SHOW DOWN ***
Crspy Bacon: shows [6s 6d] (a pair of Sixes)
v13kurbatov: mucks hand
Crspy Bacon collected $29.50 from pot
*** SUMMARY ***
Total pot $30 | Rake $0.50
Board [2h Ah 5c 3h Kh]
Seat 1: v13kurbatov (button) (small blind) mucked
Seat 2: Crspy Bacon (big blind) showed [6s 6d] and won ($29.50) with a pair of Sixes


PokerStars Hand #145488150961:  Hold'em Limit ($3/$6 USD) - 2015/12/17 12:29:09 ET
Table 'Archid II' 2-max Seat #2 is the button
Seat 1: v13kurbatov ($86.86 in chips)
Seat 2: Crspy Bacon ($148.38 in chips)
Crspy Bacon: posts small blind $1
v13kurbatov: posts big blind $3
*** HOLE CARDS ***
Crspy Bacon: raises $3 to $6
v13kurbatov: calls $3
*** FLOP *** [8h Qd 7s]
v13kurbatov: checks
Crspy Bacon: bets $3
v13kurbatov: raises $3 to $6
Crspy Bacon: calls $3
*** TURN *** [8h Qd 7s] [Ac]
v13kurbatov: checks
Crspy Bacon: checks
*** RIVER *** [8h Qd 7s Ac] [Ts]
v13kurbatov: checks
Crspy Bacon: checks
*** SHOW DOWN ***
v13kurbatov: shows [6h Qh] (a pair of Queens)
Crspy Bacon: mucks hand
v13kurbatov collected $23.52 from pot
*** SUMMARY ***
Total pot $24 | Rake $0.48
Board [8h Qd 7s Ac Ts]
Seat 1: v13kurbatov (big blind) showed [6h Qh] and won ($23.52) with a pair of Queens
Seat 2: Crspy Bacon (button) (small blind) mucked


PokerStars Hand #145488140798:  Hold'em Limit ($3/$6 USD) - 2015/12/17 12:28:56 ET
Table 'Archid II' 2-max Seat #1 is the button
Seat 1: v13kurbatov ($87.04 in chips)
Seat 2: Crspy Bacon ($148.56 in chips)
v13kurbatov: posts small blind $1
Crspy Bacon: posts big blind $3
*** HOLE CARDS ***
v13kurbatov: raises $3 to $6
Crspy Bacon: calls $3
*** FLOP *** [Ac 5c 5h]
Crspy Bacon: checks
v13kurbatov: bets $3
Crspy Bacon: calls $3
*** TURN *** [Ac 5c 5h] [7s]
Crspy Bacon: checks
v13kurbatov: checks
*** RIVER *** [Ac 5c 5h 7s] [Jd]
Crspy Bacon: checks
v13kurbatov: checks
*** SHOW DOWN ***
Crspy Bacon: shows [2h Qc] (a pair of Fives)
v13kurbatov: shows [Qh 4s] (a pair of Fives)
Crspy Bacon collected $8.82 from pot
v13kurbatov collected $8.82 from pot
*** SUMMARY ***
Total pot $18 | Rake $0.36
Board [Ac 5c 5h 7s Jd]
Seat 1: v13kurbatov (button) (small blind) showed [Qh 4s] and won ($8.82) with a pair of Fives
Seat 2: Crspy Bacon (big blind) showed [2h Qc] and won ($8.82) with a pair of Fives


PokerStars Hand #145488174281:  Hold'em Limit ($3/$6 USD) - 2015/12/17 12:29:38 ET
Table 'Archid II' 2-max Seat #2 is the button
Seat 1: v13kurbatov ($83.38 in chips)
Seat 2: Crspy Bacon ($150.88 in chips)
Crspy Bacon: posts small blind $1
v13kurbatov: posts big blind $3
*** HOLE CARDS ***
Crspy Bacon: raises $3 to $6
v13kurbatov: raises $3 to $9
Crspy Bacon: raises $3 to $12
Betting is capped
v13kurbatov: calls $3
*** FLOP *** [5c Kc 7d]
v13kurbatov: checks
Crspy Bacon: bets $3
v13kurbatov: calls $3
*** TURN *** [5c Kc 7d] [9s]
v13kurbatov: checks
Crspy Bacon: bets $6
v13kurbatov: calls $6
*** RIVER *** [5c Kc 7d 9s] [6d]
v13kurbatov: checks
Crspy Bacon: bets $6
v13kurbatov: folds
Uncalled bet ($6) returned to Crspy Bacon
Crspy Bacon collected $41.50 from pot
Crspy Bacon: doesn't show hand
*** SUMMARY ***
Total pot $42 | Rake $0.50
Board [5c Kc 7d 9s 6d]
Seat 1: v13kurbatov (big blind) folded on the River
Seat 2: Crspy Bacon (button) (small blind) collected ($41.50)


PokerStars Hand #145488126729:  Hold'em Limit ($3/$6 USD) - 2015/12/17 12:28:38 ET
Table 'Archid II' 2-max Seat #2 is the button
Seat 1: v13kurbatov ($111.04 in chips)
Seat 2: Crspy Bacon ($125.06 in chips)
Crspy Bacon: posts small blind $1
v13kurbatov: posts big blind $3
*** HOLE CARDS ***
Crspy Bacon: raises $3 to $6
v13kurbatov: raises $3 to $9
Crspy Bacon: calls $3
*** FLOP *** [4d 3d 9c]
v13kurbatov: bets $3
Crspy Bacon: calls $3
*** TURN *** [4d 3d 9c] [9s]
v13kurbatov: checks
Crspy Bacon: bets $6
v13kurbatov: calls $6
*** RIVER *** [4d 3d 9c 9s] [Ts]
v13kurbatov: checks
Crspy Bacon: bets $6
v13kurbatov: calls $6
*** SHOW DOWN ***
Crspy Bacon: shows [9h 7s] (three of a kind, Nines)
v13kurbatov: mucks hand
Crspy Bacon collected $47.50 from pot
*** SUMMARY ***
Total pot $48 | Rake $0.50
Board [4d 3d 9c 9s Ts]
Seat 1: v13kurbatov (big blind) mucked
Seat 2: Crspy Bacon (button) (small blind) showed [9h 7s] and won ($47.50) with three of a kind, Nines


PokerStars Hand #145488219574:  Hold'em Limit ($3/$6 USD) - 2015/12/17 12:30:33 ET
Table 'Archid II' 2-max Seat #1 is the button
Seat 1: v13kurbatov ($97.16 in chips)
Seat 2: Crspy Bacon ($135.38 in chips)
v13kurbatov: posts small blind $1
Crspy Bacon: posts big blind $3
*** HOLE CARDS ***
v13kurbatov: raises $3 to $6
Crspy Bacon: calls $3
*** FLOP *** [7h 3c Js]
Crspy Bacon: checks
v13kurbatov: checks
*** TURN *** [7h 3c Js] [Kd]
Crspy Bacon: bets $6
v13kurbatov: calls $6
*** RIVER *** [7h 3c Js Kd] [Kc]
Crspy Bacon: checks
v13kurbatov: checks
*** SHOW DOWN ***
Crspy Bacon: shows [Th 4c] (a pair of Kings)
v13kurbatov: shows [7d 9s] (two pair, Kings and Sevens)
v13kurbatov collected $23.52 from pot
*** SUMMARY ***
Total pot $24 | Rake $0.48
Board [7h 3c Js Kd Kc]
Seat 1: v13kurbatov (button) (small blind) showed [7d 9s] and won ($23.52) with two pair, Kings and Sevens
Seat 2: Crspy Bacon (big blind) showed [Th 4c] and lost with a pair of Kings


PokerStars Hand #145488211689:  Hold'em Limit ($3/$6 USD) - 2015/12/17 12:30:23 ET
Table 'Archid II' 2-max Seat #2 is the button
Seat 1: v13kurbatov ($91.40 in chips)
Seat 2: Crspy Bacon ($141.38 in chips)
Crspy Bacon: posts small blind $1
v13kurbatov: posts big blind $3
*** HOLE CARDS ***
Crspy Bacon: raises $3 to $6
v13kurbatov: calls $3
*** FLOP *** [Qc 5h 3c]
v13kurbatov: checks
Crspy Bacon: checks
*** TURN *** [Qc 5h 3c] [9h]
v13kurbatov: checks
Crspy Bacon: checks
*** RIVER *** [Qc 5h 3c 9h] [Js]
v13kurbatov: bets $6
Crspy Bacon: folds
Uncalled bet ($6) returned to v13kurbatov
v13kurbatov collected $11.76 from pot
*** SUMMARY ***
Total pot $12 | Rake $0.24
Board [Qc 5h 3c 9h Js]
Seat 1: v13kurbatov (big blind) collected ($11.76)
Seat 2: Crspy Bacon (button) (small blind) folded on the River


PokerStars Hand #145488205645:  Hold'em Limit ($3/$6 USD) - 2015/12/17 12:30:16 ET
Table 'Archid II' 2-max Seat #1 is the button
Seat 1: v13kurbatov ($85.64 in chips)
Seat 2: Crspy Bacon ($147.38 in chips)
v13kurbatov: posts small blind $1
Crspy Bacon: posts big blind $3
*** HOLE CARDS ***
v13kurbatov: raises $3 to $6
Crspy Bacon: calls $3
*** FLOP *** [Ac Kc 5s]
Crspy Bacon: checks
v13kurbatov: bets $3
Crspy Bacon: folds
Uncalled bet ($3) returned to v13kurbatov
v13kurbatov collected $11.76 from pot
*** SUMMARY ***
Total pot $12 | Rake $0.24
Board [Ac Kc 5s]
Seat 1: v13kurbatov (button) (small blind) collected ($11.76)
Seat 2: Crspy Bacon (big blind) folded on the Flop


PokerStars Hand #145488193435:  Hold'em Limit ($3/$6 USD) - 2015/12/17 12:30:02 ET
Table 'Archid II' 2-max Seat #2 is the button
Seat 1: v13kurbatov ($68.14 in chips)
Seat 2: Crspy Bacon ($165.38 in chips)
Crspy Bacon: posts small blind $1
v13kurbatov: posts big blind $3
*** HOLE CARDS ***
Crspy Bacon: raises $3 to $6
v13kurbatov: raises $3 to $9
Crspy Bacon: calls $3
*** FLOP *** [9d Ah 4h]
v13kurbatov: bets $3
Crspy Bacon: calls $3
*** TURN *** [9d Ah 4h] [5h]
v13kurbatov: checks
Crspy Bacon: bets $6
v13kurbatov: calls $6
*** RIVER *** [9d Ah 4h 5h] [6h]
v13kurbatov: bets $6
Crspy Bacon: folds
Uncalled bet ($6) returned to v13kurbatov
v13kurbatov collected $35.50 from pot
*** SUMMARY ***
Total pot $36 | Rake $0.50
Board [9d Ah 4h 5h 6h]
Seat 1: v13kurbatov (big blind) collected ($35.50)
Seat 2: Crspy Bacon (button) (small blind) folded on the River


PokerStars Hand #145488187737:  Hold'em Limit ($3/$6 USD) - 2015/12/17 12:29:54 ET
Table 'Archid II' 2-max Seat #1 is the button
Seat 1: v13kurbatov ($62.38 in chips)
Seat 2: Crspy Bacon ($171.38 in chips)
v13kurbatov: posts small blind $1
Crspy Bacon: posts big blind $3
*** HOLE CARDS ***
v13kurbatov: raises $3 to $6
Crspy Bacon: calls $3
*** FLOP *** [7d Jd Ad]
Crspy Bacon: checks
v13kurbatov: bets $3
Crspy Bacon: folds
Uncalled bet ($3) returned to v13kurbatov
v13kurbatov collected $11.76 from pot
*** SUMMARY ***
Total pot $12 | Rake $0.24
Board [7d Jd Ad]
Seat 1: v13kurbatov (button) (small blind) collected ($11.76)
Seat 2: Crspy Bacon (big blind) folded on the Flop


PokerStars Hand #145488265549:  Hold'em Limit ($3/$6 USD) - 2015/12/17 12:31:30 ET
Table 'Archid II' 2-max Seat #1 is the button
Seat 1: v13kurbatov ($133.70 in chips)
Seat 2: Crspy Bacon ($97.38 in chips)
v13kurbatov: posts small blind $1
Crspy Bacon: posts big blind $3
*** HOLE CARDS ***
v13kurbatov: raises $3 to $6
Crspy Bacon: raises $3 to $9
v13kurbatov: calls $3
*** FLOP *** [3h 7c Tc]
Crspy Bacon: bets $3
v13kurbatov: calls $3
*** TURN *** [3h 7c Tc] [9s]
Crspy Bacon: bets $6
v13kurbatov: folds
Uncalled bet ($6) returned to Crspy Bacon
Crspy Bacon collected $23.52 from pot
Crspy Bacon: doesn't show hand
*** SUMMARY ***
Total pot $24 | Rake $0.48
Board [3h 7c Tc 9s]
Seat 1: v13kurbatov (button) (small blind) folded on the Turn
Seat 2: Crspy Bacon (big blind) collected ($23.52)


PokerStars Hand #145488261870:  Hold'em Limit ($3/$6 USD) - 2015/12/17 12:31:25 ET
Table 'Archid II' 2-max Seat #2 is the button
Seat 1: v13kurbatov ($136.70 in chips)
Seat 2: Crspy Bacon ($94.38 in chips)
Crspy Bacon: posts small blind $1
v13kurbatov: posts big blind $3
*** HOLE CARDS ***
Crspy Bacon: raises $3 to $6
v13kurbatov: folds
Uncalled bet ($3) returned to Crspy Bacon
Crspy Bacon collected $6 from pot
Crspy Bacon: doesn't show hand
*** SUMMARY ***
Total pot $6 | Rake $0
Seat 1: v13kurbatov (big blind) folded before Flop
Seat 2: Crspy Bacon (button) (small blind) collected ($6)


PokerStars Hand #145488257737:  Hold'em Limit ($3/$6 USD) - 2015/12/17 12:31:21 ET
Table 'Archid II' 2-max Seat #1 is the button
Seat 1: v13kurbatov ($137.70 in chips)
Seat 2: Crspy Bacon ($93.38 in chips)
v13kurbatov: posts small blind $1
Crspy Bacon: posts big blind $3
*** HOLE CARDS ***
v13kurbatov: folds
Uncalled bet ($2) returned to Crspy Bacon
Crspy Bacon collected $2 from pot
Crspy Bacon: doesn't show hand
*** SUMMARY ***
Total pot $2 | Rake $0
Seat 1: v13kurbatov (button) (small blind) folded before Flop
Seat 2: Crspy Bacon (big blind) collected ($2)


PokerStars Hand #145488253838:  Hold'em Limit ($3/$6 USD) - 2015/12/17 12:31:16 ET
Table 'Archid II' 2-max Seat #2 is the button
Seat 1: v13kurbatov ($140.70 in chips)
Seat 2: Crspy Bacon ($90.38 in chips)
Crspy Bacon: posts small blind $1
v13kurbatov: posts big blind $3
*** HOLE CARDS ***
Crspy Bacon: raises $3 to $6
v13kurbatov: folds
Uncalled bet ($3) returned to Crspy Bacon
Crspy Bacon collected $6 from pot
Crspy Bacon: doesn't show hand
*** SUMMARY ***
Total pot $6 | Rake $0
Seat 1: v13kurbatov (big blind) folded before Flop
Seat 2: Crspy Bacon (button) (small blind) collected ($6)


PokerStars Hand #145488242055:  Hold'em Limit ($3/$6 USD) - 2015/12/17 12:31:01 ET
Table 'Archid II' 2-max Seat #1 is the button
Seat 1: v13kurbatov ($120.20 in chips)
Seat 2: Crspy Bacon ($111.38 in chips)
v13kurbatov: posts small blind $1
Crspy Bacon: posts big blind $3
*** HOLE CARDS ***
v13kurbatov: raises $3 to $6
Crspy Bacon: calls $3
*** FLOP *** [4c 8s 7d]
Crspy Bacon: checks
v13kurbatov: bets $3
Crspy Bacon: calls $3
*** TURN *** [4c 8s 7d] [Qd]
Crspy Bacon: checks
v13kurbatov: checks
*** RIVER *** [4c 8s 7d Qd] [7h]
Crspy Bacon: bets $6
v13kurbatov: raises $6 to $12
Crspy Bacon: calls $6
*** SHOW DOWN ***
v13kurbatov: shows [7s Js] (three of a kind, Sevens)
Crspy Bacon: mucks hand
v13kurbatov collected $41.50 from pot
*** SUMMARY ***
Total pot $42 | Rake $0.50
Board [4c 8s 7d Qd 7h]
Seat 1: v13kurbatov (button) (small blind) showed [7s Js] and won ($41.50) with three of a kind, Sevens
Seat 2: Crspy Bacon (big blind) mucked


PokerStars Hand #145488228769:  Hold'em Limit ($3/$6 USD) - 2015/12/17 12:30:45 ET
Table 'Archid II' 2-max Seat #2 is the button
Seat 1: v13kurbatov ($108.68 in chips)
Seat 2: Crspy Bacon ($123.38 in chips)
Crspy Bacon: posts small blind $1
v13kurbatov: posts big blind $3
*** HOLE CARDS ***
Crspy Bacon: raises $3 to $6
v13kurbatov: calls $3
*** FLOP *** [9h 7s Kd]
v13kurbatov: checks
Crspy Bacon: bets $3
v13kurbatov: raises $3 to $6
Crspy Bacon: calls $3
*** TURN *** [9h 7s Kd] [Th]
v13kurbatov: checks
Crspy Bacon: checks
*** RIVER *** [9h 7s Kd Th] [6d]
v13kurbatov: bets $6
Crspy Bacon: folds
Uncalled bet ($6) returned to v13kurbatov
v13kurbatov collected $23.52 from pot
*** SUMMARY ***
Total pot $24 | Rake $0.48
Board [9h 7s Kd Th 6d]
Seat 1: v13kurbatov (big blind) collected ($23.52)
Seat 2: Crspy Bacon (button) (small blind) folded on the River


PokerStars Hand #145488272927:  Hold'em Limit ($3/$6 USD) - 2015/12/17 12:31:39 ET
Table 'Archid II' 2-max Seat #2 is the button
Seat 1: v13kurbatov ($121.70 in chips)
Seat 2: Crspy Bacon ($108.90 in chips)
Crspy Bacon: posts small blind $1
v13kurbatov: posts big blind $3
*** HOLE CARDS ***
Crspy Bacon: raises $3 to $6
v13kurbatov: calls $3
*** FLOP *** [Jh 5h Qh]
v13kurbatov: checks
Crspy Bacon: bets $3
v13kurbatov: calls $3
*** TURN *** [Jh 5h Qh] [Qd]
v13kurbatov: checks
Crspy Bacon: checks
*** RIVER *** [Jh 5h Qh Qd] [7d]
v13kurbatov: bets $6
Crspy Bacon: calls $6
*** SHOW DOWN ***
v13kurbatov: shows [7s Th] (two pair, Queens and Sevens)
Crspy Bacon: mucks hand
v13kurbatov collected $29.50 from pot
*** SUMMARY ***
Total pot $30 | Rake $0.50
Board [Jh 5h Qh Qd 7d]
Seat 1: v13kurbatov (big blind) showed [7s Th] and won ($29.50) with two pair, Queens and Sevens
Seat 2: Crspy Bacon (button) (small blind) mucked


PokerStars Hand #145488321033:  Hold'em Limit ($3/$6 USD) - 2015/12/17 12:32:39 ET
Table 'Archid II' 2-max Seat #1 is the button
Seat 1: v13kurbatov ($170.96 in chips)
Seat 2: Crspy Bacon ($57.90 in chips)
v13kurbatov: posts small blind $1
Crspy Bacon: posts big blind $3
*** HOLE CARDS ***
v13kurbatov: raises $3 to $6
Crspy Bacon: calls $3
*** FLOP *** [Jd 2d Jh]
Crspy Bacon: checks
v13kurbatov: bets $3
Crspy Bacon: calls $3
*** TURN *** [Jd 2d Jh] [7c]
Crspy Bacon: checks
v13kurbatov: checks
*** RIVER *** [Jd 2d Jh 7c] [5c]
Crspy Bacon: checks
v13kurbatov: bets $6
Crspy Bacon: folds
Uncalled bet ($6) returned to v13kurbatov
v13kurbatov collected $17.64 from pot
*** SUMMARY ***
Total pot $18 | Rake $0.36
Board [Jd 2d Jh 7c 5c]
Seat 1: v13kurbatov (button) (small blind) collected ($17.64)
Seat 2: Crspy Bacon (big blind) folded on the River


PokerStars Hand #145488308375:  Hold'em Limit ($3/$6 USD) - 2015/12/17 12:32:23 ET
Table 'Archid II' 2-max Seat #2 is the button
Seat 1: v13kurbatov ($153.46 in chips)
Seat 2: Crspy Bacon ($75.90 in chips)
Crspy Bacon: posts small blind $1
v13kurbatov: posts big blind $3
*** HOLE CARDS ***
Crspy Bacon: raises $3 to $6
v13kurbatov: raises $3 to $9
Crspy Bacon: calls $3
*** FLOP *** [5c 6h 8c]
v13kurbatov: checks
Crspy Bacon: bets $3
v13kurbatov: calls $3
*** TURN *** [5c 6h 8c] [9d]
v13kurbatov: checks
Crspy Bacon: bets $6
v13kurbatov: raises $6 to $12
Crspy Bacon: folds
Uncalled bet ($6) returned to v13kurbatov
v13kurbatov collected $35.50 from pot
*** SUMMARY ***
Total pot $36 | Rake $0.50
Board [5c 6h 8c 9d]
Seat 1: v13kurbatov (big blind) collected ($35.50)
Seat 2: Crspy Bacon (button) (small blind) folded on the Turn


PokerStars Hand #145488298675:  Hold'em Limit ($3/$6 USD) - 2015/12/17 12:32:11 ET
Table 'Archid II' 2-max Seat #1 is the button
Seat 1: v13kurbatov ($147.70 in chips)
Seat 2: Crspy Bacon ($81.90 in chips)
v13kurbatov: posts small blind $1
Crspy Bacon: posts big blind $3
*** HOLE CARDS ***
v13kurbatov: raises $3 to $6
Crspy Bacon: calls $3
*** FLOP *** [Tc 2s As]
Crspy Bacon: checks
v13kurbatov: bets $3
Crspy Bacon: folds
Uncalled bet ($3) returned to v13kurbatov
v13kurbatov collected $11.76 from pot
*** SUMMARY ***
Total pot $12 | Rake $0.24
Board [Tc 2s As]
Seat 1: v13kurbatov (button) (small blind) collected ($11.76)
Seat 2: Crspy Bacon (big blind) folded on the Flop


PokerStars Hand #145488294770:  Hold'em Limit ($3/$6 USD) - 2015/12/17 12:32:06 ET
Table 'Archid II' 2-max Seat #2 is the button
Seat 1: v13kurbatov ($150.70 in chips)
Seat 2: Crspy Bacon ($78.90 in chips)
Crspy Bacon: posts small blind $1
v13kurbatov: posts big blind $3
*** HOLE CARDS ***
Crspy Bacon: raises $3 to $6
v13kurbatov: folds
Uncalled bet ($3) returned to Crspy Bacon
Crspy Bacon collected $6 from pot
Crspy Bacon: doesn't show hand
*** SUMMARY ***
Total pot $6 | Rake $0
Seat 1: v13kurbatov (big blind) folded before Flop
Seat 2: Crspy Bacon (button) (small blind) collected ($6)


PokerStars Hand #145488282923:  Hold'em Limit ($3/$6 USD) - 2015/12/17 12:31:51 ET
Table 'Archid II' 2-max Seat #1 is the button
Seat 1: v13kurbatov ($136.20 in chips)
Seat 2: Crspy Bacon ($93.90 in chips)
v13kurbatov: posts small blind $1
Crspy Bacon: posts big blind $3
*** HOLE CARDS ***
v13kurbatov: raises $3 to $6
Crspy Bacon: calls $3
*** FLOP *** [6h 4h 8d]
Crspy Bacon: checks
v13kurbatov: bets $3
Crspy Bacon: calls $3
*** TURN *** [6h 4h 8d] [2c]
Crspy Bacon: checks
v13kurbatov: bets $6
Crspy Bacon: calls $6
*** RIVER *** [6h 4h 8d 2c] [3d]
Crspy Bacon: checks
v13kurbatov: bets $6
Crspy Bacon: folds
Uncalled bet ($6) returned to v13kurbatov
v13kurbatov collected $29.50 from pot
*** SUMMARY ***
Total pot $30 | Rake $0.50
Board [6h 4h 8d 2c 3d]
Seat 1: v13kurbatov (button) (small blind) collected ($29.50)
Seat 2: Crspy Bacon (big blind) folded on the River


PokerStars Hand #145488375077:  Hold'em Limit ($3/$6 USD) - 2015/12/17 12:33:45 ET
Table 'Archid II' 2-max Seat #2 is the button
Seat 1: v13kurbatov ($169.10 in chips)
Seat 2: Crspy Bacon ($58.04 in chips)
Crspy Bacon: posts small blind $1
v13kurbatov: posts big blind $3
*** HOLE CARDS ***
Crspy Bacon: raises $3 to $6
v13kurbatov: calls $3
*** FLOP *** [Ts Td 5d]
v13kurbatov: checks
Crspy Bacon: bets $3
v13kurbatov: folds
Uncalled bet ($3) returned to Crspy Bacon
Crspy Bacon collected $11.76 from pot
Crspy Bacon: doesn't show hand
*** SUMMARY ***
Total pot $12 | Rake $0.24
Board [Ts Td 5d]
Seat 1: v13kurbatov (big blind) folded on the Flop
Seat 2: Crspy Bacon (button) (small blind) collected ($11.76)


PokerStars Hand #145488363567:  Hold'em Limit ($3/$6 USD) - 2015/12/17 12:33:30 ET
Table 'Archid II' 2-max Seat #1 is the button
Seat 1: v13kurbatov ($151.60 in chips)
Seat 2: Crspy Bacon ($76.04 in chips)
v13kurbatov: posts small blind $1
Crspy Bacon: posts big blind $3
*** HOLE CARDS ***
v13kurbatov: raises $3 to $6
Crspy Bacon: raises $3 to $9
v13kurbatov: calls $3
*** FLOP *** [Kh Th Qh]
Crspy Bacon: bets $3
v13kurbatov: calls $3
*** TURN *** [Kh Th Qh] [5c]
Crspy Bacon: bets $6
v13kurbatov: calls $6
*** RIVER *** [Kh Th Qh 5c] [Js]
Crspy Bacon: checks
v13kurbatov: checks
*** SHOW DOWN ***
Crspy Bacon: shows [7h 7s] (a pair of Sevens)
v13kurbatov: shows [6c Qc] (a pair of Queens)
v13kurbatov collected $35.50 from pot
*** SUMMARY ***
Total pot $36 | Rake $0.50
Board [Kh Th Qh 5c Js]
Seat 1: v13kurbatov (button) (small blind) showed [6c Qc] and won ($35.50) with a pair of Queens
Seat 2: Crspy Bacon (big blind) showed [7h 7s] and lost with a pair of Sevens


PokerStars Hand #145488351157:  Hold'em Limit ($3/$6 USD) - 2015/12/17 12:33:15 ET
Table 'Archid II' 2-max Seat #2 is the button
Seat 1: v13kurbatov ($169.60 in chips)
Seat 2: Crspy Bacon ($58.54 in chips)
Crspy Bacon: posts small blind $1
v13kurbatov: posts big blind $3
*** HOLE CARDS ***
Crspy Bacon: raises $3 to $6
v13kurbatov: calls $3
*** FLOP *** [9h Jc 9c]
v13kurbatov: checks
Crspy Bacon: bets $3
v13kurbatov: raises $3 to $6
Crspy Bacon: calls $3
*** TURN *** [9h Jc 9c] [Td]
v13kurbatov: bets $6
Crspy Bacon: calls $6
*** RIVER *** [9h Jc 9c Td] [5d]
v13kurbatov: checks
Crspy Bacon: checks
*** SHOW DOWN ***
v13kurbatov: shows [6d Kh] (a pair of Nines)
Crspy Bacon: shows [5s Ks] (two pair, Nines and Fives)
Crspy Bacon collected $35.50 from pot
*** SUMMARY ***
Total pot $36 | Rake $0.50
Board [9h Jc 9c Td 5d]
Seat 1: v13kurbatov (big blind) showed [6d Kh] and lost with a pair of Nines
Seat 2: Crspy Bacon (button) (small blind) showed [5s Ks] and won ($35.50) with two pair, Nines and Fives


PokerStars Hand #145488346730:  Hold'em Limit ($3/$6 USD) - 2015/12/17 12:33:10 ET
Table 'Archid II' 2-max Seat #1 is the button
Seat 1: v13kurbatov ($170.60 in chips)
Seat 2: Crspy Bacon ($57.54 in chips)
v13kurbatov: posts small blind $1
Crspy Bacon: posts big blind $3
*** HOLE CARDS ***
v13kurbatov: folds
Uncalled bet ($2) returned to Crspy Bacon
Crspy Bacon collected $2 from pot
Crspy Bacon: doesn't show hand
*** SUMMARY ***
Total pot $2 | Rake $0
Seat 1: v13kurbatov (button) (small blind) folded before Flop
Seat 2: Crspy Bacon (big blind) collected ($2)


PokerStars Hand #145488335375:  Hold'em Limit ($3/$6 USD) - 2015/12/17 12:32:56 ET
Table 'Archid II' 2-max Seat #2 is the button
Seat 1: v13kurbatov ($179.60 in chips)
Seat 2: Crspy Bacon ($48.90 in chips)
Crspy Bacon: posts small blind $1
v13kurbatov: posts big blind $3
*** HOLE CARDS ***
Crspy Bacon: raises $3 to $6
v13kurbatov: calls $3
*** FLOP *** [Jd Jh 8c]
v13kurbatov: checks
Crspy Bacon: bets $3
v13kurbatov: calls $3
*** TURN *** [Jd Jh 8c] [8s]
v13kurbatov: checks
Crspy Bacon: bets $6
v13kurbatov: folds
Uncalled bet ($6) returned to Crspy Bacon
Crspy Bacon collected $17.64 from pot
Crspy Bacon: doesn't show hand
*** SUMMARY ***
Total pot $18 | Rake $0.36
Board [Jd Jh 8c 8s]
Seat 1: v13kurbatov (big blind) folded on the Turn
Seat 2: Crspy Bacon (button) (small blind) collected ($17.64)


PokerStars Hand #145488426214:  Hold'em Limit ($3/$6 USD) - 2015/12/17 12:34:47 ET
Table 'Archid II' 2-max Seat #2 is the button
Seat 1: v13kurbatov ($165.80 in chips)
Seat 2: Crspy Bacon ($60.50 in chips)
Crspy Bacon: posts small blind $1
v13kurbatov: posts big blind $3
*** HOLE CARDS ***
Crspy Bacon: raises $3 to $6
v13kurbatov: calls $3
*** FLOP *** [6d Kc 4h]
v13kurbatov: checks
Crspy Bacon: bets $3
v13kurbatov: folds
Uncalled bet ($3) returned to Crspy Bacon
Crspy Bacon collected $11.76 from pot
Crspy Bacon: doesn't show hand
*** SUMMARY ***
Total pot $12 | Rake $0.24
Board [6d Kc 4h]
Seat 1: v13kurbatov (big blind) folded on the Flop
Seat 2: Crspy Bacon (button) (small blind) collected ($11.76)


PokerStars Hand #145488417865:  Hold'em Limit ($3/$6 USD) - 2015/12/17 12:34:37 ET
Table 'Archid II' 2-max Seat #1 is the button
Seat 1: v13kurbatov ($162.80 in chips)
Seat 2: Crspy Bacon ($63.50 in chips)
v13kurbatov: posts small blind $1
Crspy Bacon: posts big blind $3
*** HOLE CARDS ***
v13kurbatov: raises $3 to $6
Crspy Bacon: folds
Uncalled bet ($3) returned to v13kurbatov
v13kurbatov collected $6 from pot
*** SUMMARY ***
Total pot $6 | Rake $0
Seat 1: v13kurbatov (button) (small blind) collected ($6)
Seat 2: Crspy Bacon (big blind) folded before Flop


PokerStars Hand #145488405880:  Hold'em Limit ($3/$6 USD) - 2015/12/17 12:34:22 ET
Table 'Archid II' 2-max Seat #2 is the button
Seat 1: v13kurbatov ($162.98 in chips)
Seat 2: Crspy Bacon ($63.68 in chips)
Crspy Bacon: posts small blind $1
v13kurbatov: posts big blind $3
*** HOLE CARDS ***
Crspy Bacon: raises $3 to $6
v13kurbatov: raises $3 to $9
Crspy Bacon: calls $3
*** FLOP *** [Kc 9c Jh]
v13kurbatov: checks
Crspy Bacon: checks
*** TURN *** [Kc 9c Jh] [6d]
v13kurbatov: checks
Crspy Bacon: checks
*** RIVER *** [Kc 9c Jh 6d] [2c]
v13kurbatov: checks
Crspy Bacon: checks
*** SHOW DOWN ***
v13kurbatov: shows [4d Ac] (high card Ace)
Crspy Bacon: shows [As 4c] (high card Ace)
v13kurbatov collected $8.82 from pot
Crspy Bacon collected $8.82 from pot
*** SUMMARY ***
Total pot $18 | Rake $0.36
Board [Kc 9c Jh 6d 2c]
Seat 1: v13kurbatov (big blind) showed [4d Ac] and won ($8.82) with high card Ace
Seat 2: Crspy Bacon (button) (small blind) showed [As 4c] and won ($8.82) with high card Ace


PokerStars Hand #145488382560:  Hold'em Limit ($3/$6 USD) - 2015/12/17 12:33:54 ET
Table 'Archid II' 2-max Seat #1 is the button
Seat 1: v13kurbatov ($163.10 in chips)
Seat 2: Crspy Bacon ($63.80 in chips)
v13kurbatov: posts small blind $1
Crspy Bacon: posts big blind $3
*** HOLE CARDS ***
v13kurbatov: raises $3 to $6
Crspy Bacon: calls $3
*** FLOP *** [2c Kd 2s]
Crspy Bacon: checks
v13kurbatov: checks
*** TURN *** [2c Kd 2s] [8c]
Crspy Bacon: checks
v13kurbatov: checks
*** RIVER *** [2c Kd 2s 8c] [5d]
Crspy Bacon: checks
v13kurbatov: checks
*** SHOW DOWN ***
Crspy Bacon: shows [4h Jd] (a pair of Deuces)
v13kurbatov: shows [Jh 6s] (a pair of Deuces)
Crspy Bacon collected $5.88 from pot
v13kurbatov collected $5.88 from pot
*** SUMMARY ***
Total pot $12 | Rake $0.24
Board [2c Kd 2s 8c 5d]
Seat 1: v13kurbatov (button) (small blind) showed [Jh 6s] and won ($5.88) with a pair of Deuces
Seat 2: Crspy Bacon (big blind) showed [4h Jd] and won ($5.88) with a pair of Deuces


PokerStars Hand #145488442917:  Hold'em Limit ($3/$6 USD) - 2015/12/17 12:35:07 ET
Table 'Archid II' 2-max Seat #2 is the button
Seat 1: v13kurbatov ($165.56 in chips)
Seat 2: Crspy Bacon ($60.26 in chips)
Crspy Bacon: posts small blind $1
v13kurbatov: posts big blind $3
*** HOLE CARDS ***
Crspy Bacon: folds
Uncalled bet ($2) returned to v13kurbatov
v13kurbatov collected $2 from pot
*** SUMMARY ***
Total pot $2 | Rake $0
Seat 1: v13kurbatov (big blind) collected ($2)
Seat 2: Crspy Bacon (button) (small blind) folded before Flop


PokerStars Hand #145488433276:  Hold'em Limit ($3/$6 USD) - 2015/12/17 12:34:56 ET
Table 'Archid II' 2-max Seat #1 is the button
Seat 1: v13kurbatov ($159.80 in chips)
Seat 2: Crspy Bacon ($66.26 in chips)
v13kurbatov: posts small blind $1
Crspy Bacon: posts big blind $3
*** HOLE CARDS ***
v13kurbatov: raises $3 to $6
Crspy Bacon: calls $3
*** FLOP *** [2c Kh Td]
Crspy Bacon: checks
v13kurbatov: bets $3
Crspy Bacon: folds
Uncalled bet ($3) returned to v13kurbatov
v13kurbatov collected $11.76 from pot
*** SUMMARY ***
Total pot $12 | Rake $0.24
Board [2c Kh Td]
Seat 1: v13kurbatov (button) (small blind) collected ($11.76)
Seat 2: Crspy Bacon (big blind) folded on the Flop


