PokerStars Hand #152504631618:  Hold'em Limit ($3/$6 USD) - 2016/04/27 0:47:52 ET
Table 'Arcturus II' 6-max Seat #4 is the button
Seat 2: sawel888 ($83.80 in chips)
Seat 4: VolkovDmitri ($171 in chips)
VolkovDmitri: posts small blind $1
sawel888: posts big blind $3
*** HOLE CARDS ***
VolkovDmitri: raises $3 to $6
sawel888: folds
Uncalled bet ($3) returned to VolkovDmitri
VolkovDmitri collected $6 from pot
VolkovDmitri: doesn't show hand
*** SUMMARY ***
Total pot $6 | Rake $0
Seat 2: sawel888 (big blind) folded before Flop
Seat 4: VolkovDmitri (button) (small blind) collected ($6)


PokerStars Hand #152504629444:  Hold'em Limit ($3/$6 USD) - 2016/04/27 0:47:44 ET
Table 'Arcturus II' 6-max Seat #2 is the button
Seat 2: sawel888 ($84.80 in chips)
Seat 4: VolkovDmitri ($170 in chips)
sawel888: posts small blind $1
VolkovDmitri: posts big blind $3
*** HOLE CARDS ***
sawel888: folds
Uncalled bet ($2) returned to VolkovDmitri
VolkovDmitri collected $2 from pot
VolkovDmitri: doesn't show hand
*** SUMMARY ***
Total pot $2 | Rake $0
Seat 2: sawel888 (button) (small blind) folded before Flop
Seat 4: VolkovDmitri (big blind) collected ($2)


PokerStars Hand #152504655569:  Hold'em Limit ($3/$6 USD) - 2016/04/27 0:49:27 ET
Table 'Arcturus II' 6-max Seat #2 is the button
Seat 2: sawel888 ($80.30 in chips)
Seat 4: VolkovDmitri ($173.50 in chips)
sawel888: posts small blind $1
VolkovDmitri: posts big blind $3
*** HOLE CARDS ***
sawel888: folds
Uncalled bet ($2) returned to VolkovDmitri
VolkovDmitri collected $2 from pot
VolkovDmitri: doesn't show hand
*** SUMMARY ***
Total pot $2 | Rake $0
Seat 2: sawel888 (button) (small blind) folded before Flop
Seat 4: VolkovDmitri (big blind) collected ($2)


PokerStars Hand #152504648630:  Hold'em Limit ($3/$6 USD) - 2016/04/27 0:48:59 ET
Table 'Arcturus II' 6-max Seat #4 is the button
Seat 2: sawel888 ($101.30 in chips)
Seat 4: VolkovDmitri ($153 in chips)
VolkovDmitri: posts small blind $1
sawel888: posts big blind $3
*** HOLE CARDS ***
VolkovDmitri: raises $3 to $6
sawel888: calls $3
*** FLOP *** [5s 9h 8h]
sawel888: bets $3
VolkovDmitri: calls $3
*** TURN *** [5s 9h 8h] [4d]
sawel888: bets $6
VolkovDmitri: calls $6
*** RIVER *** [5s 9h 8h 4d] [4s]
sawel888: bets $6
VolkovDmitri: calls $6
*** SHOW DOWN ***
sawel888: shows [Qh 7s] (a pair of Fours)
VolkovDmitri: shows [As Ts] (a pair of Fours - Ace kicker)
VolkovDmitri collected $41.50 from pot
*** SUMMARY ***
Total pot $42 | Rake $0.50
Board [5s 9h 8h 4d 4s]
Seat 2: sawel888 (big blind) showed [Qh 7s] and lost with a pair of Fours
Seat 4: VolkovDmitri (button) (small blind) showed [As Ts] and won ($41.50) with a pair of Fours


PokerStars Hand #152504636242:  Hold'em Limit ($3/$6 USD) - 2016/04/27 0:48:10 ET
Table 'Arcturus II' 6-max Seat #2 is the button
Seat 2: sawel888 ($80.80 in chips)
Seat 4: VolkovDmitri ($174 in chips)
sawel888: posts small blind $1
VolkovDmitri: posts big blind $3
*** HOLE CARDS ***
sawel888: raises $3 to $6
VolkovDmitri: calls $3
*** FLOP *** [9c 5h Td]
VolkovDmitri: checks
sawel888: bets $3
VolkovDmitri: calls $3
*** TURN *** [9c 5h Td] [8c]
VolkovDmitri: checks
sawel888: bets $6
VolkovDmitri: calls $6
*** RIVER *** [9c 5h Td 8c] [3c]
VolkovDmitri: checks
sawel888: bets $6
VolkovDmitri: calls $6
*** SHOW DOWN ***
sawel888: shows [7s 6d] (a straight, Six to Ten)
VolkovDmitri: mucks hand
sawel888 collected $41.50 from pot
*** SUMMARY ***
Total pot $42 | Rake $0.50
Board [9c 5h Td 8c 3c]
Seat 2: sawel888 (button) (small blind) showed [7s 6d] and won ($41.50) with a straight, Six to Ten
Seat 4: VolkovDmitri (big blind) mucked


PokerStars Hand #152504657107:  Hold'em Limit ($3/$6 USD) - 2016/04/27 0:49:33 ET
Table 'Arcturus II' 6-max Seat #4 is the button
Seat 2: sawel888 ($79.30 in chips)
Seat 4: VolkovDmitri ($174.50 in chips)
VolkovDmitri: posts small blind $1
sawel888: posts big blind $3
*** HOLE CARDS ***
VolkovDmitri: raises $3 to $6
sawel888: calls $3
*** FLOP *** [Jd 7c 9d]
sawel888: checks
VolkovDmitri: bets $3
sawel888: folds
Uncalled bet ($3) returned to VolkovDmitri
VolkovDmitri collected $11.76 from pot
VolkovDmitri: doesn't show hand
*** SUMMARY ***
Total pot $12 | Rake $0.24
Board [Jd 7c 9d]
Seat 2: sawel888 (big blind) folded on the Flop
Seat 4: VolkovDmitri (button) (small blind) collected ($11.76)


PokerStars Hand #152504661388:  Hold'em Limit ($3/$6 USD) - 2016/04/27 0:49:49 ET
Table 'Arcturus II' 6-max Seat #2 is the button
Seat 2: sawel888 ($73.30 in chips)
Seat 4: VolkovDmitri ($180.26 in chips)
sawel888: posts small blind $1
VolkovDmitri: posts big blind $3
*** HOLE CARDS ***
sawel888: raises $3 to $6
VolkovDmitri: raises $3 to $9
sawel888: raises $3 to $12
Betting is capped
VolkovDmitri: calls $3
*** FLOP *** [4s Ks Jd]
VolkovDmitri: bets $3
sawel888: raises $3 to $6
VolkovDmitri: raises $3 to $9
sawel888: raises $3 to $12
Betting is capped
VolkovDmitri: calls $3
*** TURN *** [4s Ks Jd] [9c]
VolkovDmitri: bets $6
MissEKAmouse joins the table at seat #3
sawel888: calls $6
*** RIVER *** [4s Ks Jd 9c] [7h]
VolkovDmitri: bets $6
sawel888: calls $6
*** SHOW DOWN ***
VolkovDmitri: shows [Kd Qc] (a pair of Kings)
sawel888: mucks hand
VolkovDmitri collected $71.50 from pot
*** SUMMARY ***
Total pot $72 | Rake $0.50
Board [4s Ks Jd 9c 7h]
Seat 2: sawel888 (button) (small blind) mucked
Seat 4: VolkovDmitri (big blind) showed [Kd Qc] and won ($71.50) with a pair of Kings


PokerStars Hand #152504680863:  Hold'em Limit ($3/$6 USD) - 2016/04/27 0:51:06 ET
Table 'Arcturus II' 6-max Seat #4 is the button
Seat 2: sawel888 ($37.30 in chips)
Seat 4: VolkovDmitri ($215.76 in chips)
VolkovDmitri: posts small blind $1
sawel888: posts big blind $3
*** HOLE CARDS ***
VolkovDmitri: raises $3 to $6
sawel888: raises $3 to $9
VolkovDmitri: calls $3
*** FLOP *** [9c 8h 7c]
sawel888: bets $3
VolkovDmitri: calls $3
*** TURN *** [9c 8h 7c] [9d]
sawel888: bets $6
VolkovDmitri: calls $6
*** RIVER *** [9c 8h 7c 9d] [7h]
sawel888: bets $6
VolkovDmitri: calls $6
*** SHOW DOWN ***
sawel888: shows [Jc Qs] (two pair, Nines and Sevens)
VolkovDmitri: shows [2s 8s] (two pair, Nines and Eights)
VolkovDmitri collected $47.50 from pot
*** SUMMARY ***
Total pot $48 | Rake $0.50
Board [9c 8h 7c 9d 7h]
Seat 2: sawel888 (big blind) showed [Jc Qs] and lost with two pair, Nines and Sevens
Seat 4: VolkovDmitri (button) (small blind) showed [2s 8s] and won ($47.50) with two pair, Nines and Eights


PokerStars Hand #152505147246:  Hold'em Limit ($3/$6 USD) - 2016/04/27 1:21:48 ET
Table 'Arcturus II' 6-max Seat #5 is the button
Seat 1: gb2132 ($42.12 in chips)
Seat 5: HAL9QQQ ($357.53 in chips)
HAL9QQQ: posts small blind $1
gb2132: posts big blind $3
*** HOLE CARDS ***
HAL9QQQ: raises $3 to $6
gb2132: folds
Uncalled bet ($3) returned to HAL9QQQ
gb2132 leaves the table
HAL9QQQ collected $6 from pot
HAL9QQQ: doesn't show hand
*** SUMMARY ***
Total pot $6 | Rake $0
Seat 1: gb2132 (big blind) folded before Flop
Seat 5: HAL9QQQ (button) (small blind) collected ($6)


