PokerStars Hand #152185841324:  Hold'em Limit ($3/$6 USD) - 2016/04/20 8:53:29 ET
Table 'Arctica II' 10-max Seat #5 is the button
Seat 1: jguidera17 ($36.58 in chips)
Seat 5: GoliafUa ($114 in chips)
GoliafUa: posts small blind $1
jguidera17: posts big blind $3
*** HOLE CARDS ***
GoliafUa: raises $3 to $6
jguidera17: folds
Uncalled bet ($3) returned to GoliafUa
GoliafUa collected $6 from pot
*** SUMMARY ***
Total pot $6 | Rake $0
Seat 1: jguidera17 (big blind) folded before Flop
Seat 5: GoliafUa (button) (small blind) collected ($6)


PokerStars Hand #152185826310:  Hold'em Limit ($3/$6 USD) - 2016/04/20 8:53:01 ET
Table 'Arctica II' 10-max Seat #1 is the button
Seat 1: jguidera17 ($30.82 in chips)
Seat 5: GoliafUa ($120 in chips)
jguidera17: posts small blind $1
GoliafUa: posts big blind $3
*** HOLE CARDS ***
jguidera17: raises $3 to $6
GoliafUa: calls $3
*** FLOP *** [4d 6c Qc]
GoliafUa: checks
72bestcard joins the table at seat #2
jguidera17: checks
*** TURN *** [4d 6c Qc] [6d]
GoliafUa: checks
jguidera17: checks
*** RIVER *** [4d 6c Qc 6d] [2h]
GoliafUa: checks
jguidera17: checks
*** SHOW DOWN ***
GoliafUa: shows [3h Th] (a pair of Sixes)
jguidera17: shows [Ac 5s] (a pair of Sixes - Ace kicker)
jguidera17 collected $11.76 from pot
*** SUMMARY ***
Total pot $12 | Rake $0.24
Board [4d 6c Qc 6d 2h]
Seat 1: jguidera17 (button) (small blind) showed [Ac 5s] and won ($11.76) with a pair of Sixes
Seat 5: GoliafUa (big blind) showed [3h Th] and lost with a pair of Sixes


