PokerStars Hand #146063749433:  Hold'em Limit ($3/$6 USD) - 2015/12/28 11:55:52 ET
Table 'Arctica IV' 2-max Seat #1 is the button
Seat 1: xcgxcg2005 ($149.50 in chips)
Seat 2: Pandakey ($89.64 in chips)
xcgxcg2005: posts small blind $1
Pandakey: posts big blind $3
*** HOLE CARDS ***
xcgxcg2005: raises $3 to $6
Pandakey: folds
Uncalled bet ($3) returned to xcgxcg2005
xcgxcg2005 collected $6 from pot
xcgxcg2005: doesn't show hand
*** SUMMARY ***
Total pot $6 | Rake $0
Seat 1: xcgxcg2005 (button) (small blind) collected ($6)
Seat 2: Pandakey (big blind) folded before Flop


PokerStars Hand #146063737549:  Hold'em Limit ($3/$6 USD) - 2015/12/28 11:55:35 ET
Table 'Arctica IV' 2-max Seat #2 is the button
Seat 1: xcgxcg2005 ($114 in chips)
Seat 2: Pandakey ($125.64 in chips)
Pandakey: posts small blind $1
xcgxcg2005: posts big blind $3
*** HOLE CARDS ***
Pandakey: raises $3 to $6
xcgxcg2005: raises $3 to $9
Pandakey: calls $3
*** FLOP *** [Td 9h Qh]
xcgxcg2005: bets $3
Pandakey: calls $3
*** TURN *** [Td 9h Qh] [2d]
xcgxcg2005: bets $6
Pandakey: calls $6
*** RIVER *** [Td 9h Qh 2d] [6h]
xcgxcg2005: bets $6
Pandakey: raises $6 to $12
xcgxcg2005: raises $6 to $18
Pandakey: calls $6
*** SHOW DOWN ***
xcgxcg2005: shows [Kc Jc] (a straight, Nine to King)
Pandakey: mucks hand
xcgxcg2005 collected $71.50 from pot
*** SUMMARY ***
Total pot $72 | Rake $0.50
Board [Td 9h Qh 2d 6h]
Seat 1: xcgxcg2005 (big blind) showed [Kc Jc] and won ($71.50) with a straight, Nine to King
Seat 2: Pandakey (button) (small blind) mucked


PokerStars Hand #146063730858:  Hold'em Limit ($3/$6 USD) - 2015/12/28 11:55:25 ET
Table 'Arctica IV' 2-max Seat #1 is the button
Seat 1: xcgxcg2005 ($111 in chips)
Seat 2: Pandakey ($128.64 in chips)
xcgxcg2005: posts small blind $1
Pandakey: posts big blind $3
*** HOLE CARDS ***
xcgxcg2005: raises $3 to $6
Pandakey: folds
Uncalled bet ($3) returned to xcgxcg2005
xcgxcg2005 collected $6 from pot
xcgxcg2005: doesn't show hand
*** SUMMARY ***
Total pot $6 | Rake $0
Seat 1: xcgxcg2005 (button) (small blind) collected ($6)
Seat 2: Pandakey (big blind) folded before Flop


PokerStars Hand #146063712188:  Hold'em Limit ($3/$6 USD) - 2015/12/28 11:55:00 ET
Table 'Arctica IV' 2-max Seat #2 is the button
Seat 1: xcgxcg2005 ($120 in chips)
Seat 2: Pandakey ($120 in chips)
Pandakey: posts small blind $1
xcgxcg2005: posts big blind $3
*** HOLE CARDS ***
Pandakey: raises $3 to $6
xcgxcg2005: calls $3
*** FLOP *** [Th 9s Kc]
xcgxcg2005: checks
Pandakey: bets $3
xcgxcg2005: calls $3
*** TURN *** [Th 9s Kc] [Ah]
xcgxcg2005: checks
Pandakey: bets $6
xcgxcg2005: folds
Uncalled bet ($6) returned to Pandakey
Pandakey collected $17.64 from pot
Pandakey: doesn't show hand
*** SUMMARY ***
Total pot $18 | Rake $0.36
Board [Th 9s Kc Ah]
Seat 1: xcgxcg2005 (big blind) folded on the Turn
Seat 2: Pandakey (button) (small blind) collected ($17.64)


PokerStars Hand #146063777537:  Hold'em Limit ($3/$6 USD) - 2015/12/28 11:56:32 ET
Table 'Arctica IV' 2-max Seat #1 is the button
Seat 1: xcgxcg2005 ($140.50 in chips)
Seat 2: Pandakey ($98.16 in chips)
xcgxcg2005: posts small blind $1
Pandakey: posts big blind $3
*** HOLE CARDS ***
xcgxcg2005: raises $3 to $6
Pandakey: calls $3
*** FLOP *** [3c Td 8c]
Pandakey: checks
xcgxcg2005: bets $3
Pandakey: raises $3 to $6
xcgxcg2005: folds
Uncalled bet ($3) returned to Pandakey
Pandakey collected $17.64 from pot
Pandakey: doesn't show hand
*** SUMMARY ***
Total pot $18 | Rake $0.36
Board [3c Td 8c]
Seat 1: xcgxcg2005 (button) (small blind) folded on the Flop
Seat 2: Pandakey (big blind) collected ($17.64)


PokerStars Hand #146063769342:  Hold'em Limit ($3/$6 USD) - 2015/12/28 11:56:20 ET
Table 'Arctica IV' 2-max Seat #2 is the button
Seat 1: xcgxcg2005 ($139.50 in chips)
Seat 2: Pandakey ($99.16 in chips)
Pandakey: posts small blind $1
xcgxcg2005: posts big blind $3
*** HOLE CARDS ***
Pandakey: folds
Uncalled bet ($2) returned to xcgxcg2005
xcgxcg2005 collected $2 from pot
xcgxcg2005: doesn't show hand
*** SUMMARY ***
Total pot $2 | Rake $0
Seat 1: xcgxcg2005 (big blind) collected ($2)
Seat 2: Pandakey (button) (small blind) folded before Flop


PokerStars Hand #146063766338:  Hold'em Limit ($3/$6 USD) - 2015/12/28 11:56:16 ET
Table 'Arctica IV' 2-max Seat #1 is the button
Seat 1: xcgxcg2005 ($140.50 in chips)
Seat 2: Pandakey ($98.16 in chips)
xcgxcg2005: posts small blind $1
Pandakey: posts big blind $3
*** HOLE CARDS ***
xcgxcg2005: folds
Uncalled bet ($2) returned to Pandakey
Pandakey collected $2 from pot
Pandakey: doesn't show hand
*** SUMMARY ***
Total pot $2 | Rake $0
Seat 1: xcgxcg2005 (button) (small blind) folded before Flop
Seat 2: Pandakey (big blind) collected ($2)


PokerStars Hand #146063753412:  Hold'em Limit ($3/$6 USD) - 2015/12/28 11:55:58 ET
Table 'Arctica IV' 2-max Seat #2 is the button
Seat 1: xcgxcg2005 ($152.50 in chips)
Seat 2: Pandakey ($86.64 in chips)
Pandakey: posts small blind $1
xcgxcg2005: posts big blind $3
*** HOLE CARDS ***
Pandakey: raises $3 to $6
xcgxcg2005: raises $3 to $9
Pandakey: calls $3
*** FLOP *** [8h Qh 3h]
xcgxcg2005: bets $3
Pandakey: calls $3
*** TURN *** [8h Qh 3h] [Td]
xcgxcg2005: checks
Pandakey: checks
*** RIVER *** [8h Qh 3h Td] [8d]
xcgxcg2005: checks
Pandakey: bets $6
xcgxcg2005: folds
Uncalled bet ($6) returned to Pandakey
Pandakey collected $23.52 from pot
Pandakey: doesn't show hand
*** SUMMARY ***
Total pot $24 | Rake $0.48
Board [8h Qh 3h Td 8d]
Seat 1: xcgxcg2005 (big blind) folded on the River
Seat 2: Pandakey (button) (small blind) collected ($23.52)


PokerStars Hand #146063817527:  Hold'em Limit ($3/$6 USD) - 2015/12/28 11:57:29 ET
Table 'Arctica IV' 2-max Seat #2 is the button
Seat 1: xcgxcg2005 ($102.50 in chips)
Seat 2: Pandakey ($135.30 in chips)
Pandakey: posts small blind $1
xcgxcg2005: posts big blind $3
*** HOLE CARDS ***
Pandakey: raises $3 to $6
xcgxcg2005: raises $3 to $9
Pandakey: calls $3
*** FLOP *** [5h 2s Qh]
xcgxcg2005: bets $3
Pandakey: calls $3
*** TURN *** [5h 2s Qh] [5d]
xcgxcg2005: bets $6
Pandakey: folds
Uncalled bet ($6) returned to xcgxcg2005
xcgxcg2005 collected $23.52 from pot
xcgxcg2005: doesn't show hand
*** SUMMARY ***
Total pot $24 | Rake $0.48
Board [5h 2s Qh 5d]
Seat 1: xcgxcg2005 (big blind) collected ($23.52)
Seat 2: Pandakey (button) (small blind) folded on the Turn


PokerStars Hand #146063814138:  Hold'em Limit ($3/$6 USD) - 2015/12/28 11:57:25 ET
Table 'Arctica IV' 2-max Seat #1 is the button
Seat 1: xcgxcg2005 ($103.50 in chips)
Seat 2: Pandakey ($134.30 in chips)
xcgxcg2005: posts small blind $1
Pandakey: posts big blind $3
*** HOLE CARDS ***
xcgxcg2005: folds
Uncalled bet ($2) returned to Pandakey
Pandakey collected $2 from pot
Pandakey: doesn't show hand
*** SUMMARY ***
Total pot $2 | Rake $0
Seat 1: xcgxcg2005 (button) (small blind) folded before Flop
Seat 2: Pandakey (big blind) collected ($2)


PokerStars Hand #146063809531:  Hold'em Limit ($3/$6 USD) - 2015/12/28 11:57:18 ET
Table 'Arctica IV' 2-max Seat #2 is the button
Seat 1: xcgxcg2005 ($106.50 in chips)
Seat 2: Pandakey ($131.30 in chips)
Pandakey: posts small blind $1
xcgxcg2005: posts big blind $3
*** HOLE CARDS ***
Pandakey: raises $3 to $6
xcgxcg2005: folds
Uncalled bet ($3) returned to Pandakey
Pandakey collected $6 from pot
Pandakey: doesn't show hand
*** SUMMARY ***
Total pot $6 | Rake $0
Seat 1: xcgxcg2005 (big blind) folded before Flop
Seat 2: Pandakey (button) (small blind) collected ($6)


PokerStars Hand #146063805918:  Hold'em Limit ($3/$6 USD) - 2015/12/28 11:57:13 ET
Table 'Arctica IV' 2-max Seat #1 is the button
Seat 1: xcgxcg2005 ($107.50 in chips)
Seat 2: Pandakey ($130.30 in chips)
xcgxcg2005: posts small blind $1
Pandakey: posts big blind $3
*** HOLE CARDS ***
xcgxcg2005: folds
Uncalled bet ($2) returned to Pandakey
Pandakey collected $2 from pot
Pandakey: doesn't show hand
*** SUMMARY ***
Total pot $2 | Rake $0
Seat 1: xcgxcg2005 (button) (small blind) folded before Flop
Seat 2: Pandakey (big blind) collected ($2)


PokerStars Hand #146063785771:  Hold'em Limit ($3/$6 USD) - 2015/12/28 11:56:44 ET
Table 'Arctica IV' 2-max Seat #2 is the button
Seat 1: xcgxcg2005 ($131.50 in chips)
Seat 2: Pandakey ($106.80 in chips)
Pandakey: posts small blind $1
xcgxcg2005: posts big blind $3
*** HOLE CARDS ***
Pandakey: raises $3 to $6
xcgxcg2005: raises $3 to $9
Pandakey: calls $3
*** FLOP *** [Ac Td Th]
xcgxcg2005: checks
Pandakey: bets $3
xcgxcg2005: calls $3
*** TURN *** [Ac Td Th] [2h]
xcgxcg2005: checks
Pandakey: bets $6
xcgxcg2005: calls $6
*** RIVER *** [Ac Td Th 2h] [9s]
xcgxcg2005: checks
Pandakey: bets $6
xcgxcg2005: calls $6
*** SHOW DOWN ***
Pandakey: shows [3d Ah] (two pair, Aces and Tens)
xcgxcg2005: mucks hand
Pandakey collected $47.50 from pot
*** SUMMARY ***
Total pot $48 | Rake $0.50
Board [Ac Td Th 2h 9s]
Seat 1: xcgxcg2005 (big blind) mucked
Seat 2: Pandakey (button) (small blind) showed [3d Ah] and won ($47.50) with two pair, Aces and Tens


PokerStars Hand #146063871471:  Hold'em Limit ($3/$6 USD) - 2015/12/28 11:58:46 ET
Table 'Arctica IV' 2-max Seat #1 is the button
Seat 1: xcgxcg2005 ($101.52 in chips)
Seat 2: Pandakey ($134.80 in chips)
xcgxcg2005: posts small blind $1
Pandakey: posts big blind $3
*** HOLE CARDS ***
xcgxcg2005: folds
Uncalled bet ($2) returned to Pandakey
Pandakey collected $2 from pot
Pandakey: doesn't show hand
*** SUMMARY ***
Total pot $2 | Rake $0
Seat 1: xcgxcg2005 (button) (small blind) folded before Flop
Seat 2: Pandakey (big blind) collected ($2)


PokerStars Hand #146063867998:  Hold'em Limit ($3/$6 USD) - 2015/12/28 11:58:41 ET
Table 'Arctica IV' 2-max Seat #2 is the button
Seat 1: xcgxcg2005 ($100.52 in chips)
Seat 2: Pandakey ($135.80 in chips)
Pandakey: posts small blind $1
xcgxcg2005: posts big blind $3
*** HOLE CARDS ***
Pandakey: folds
Uncalled bet ($2) returned to xcgxcg2005
xcgxcg2005 collected $2 from pot
xcgxcg2005: doesn't show hand
*** SUMMARY ***
Total pot $2 | Rake $0
Seat 1: xcgxcg2005 (big blind) collected ($2)
Seat 2: Pandakey (button) (small blind) folded before Flop


PokerStars Hand #146063864770:  Hold'em Limit ($3/$6 USD) - 2015/12/28 11:58:36 ET
Table 'Arctica IV' 2-max Seat #1 is the button
Seat 1: xcgxcg2005 ($101.52 in chips)
Seat 2: Pandakey ($134.80 in chips)
xcgxcg2005: posts small blind $1
Pandakey: posts big blind $3
*** HOLE CARDS ***
xcgxcg2005: folds
Uncalled bet ($2) returned to Pandakey
Pandakey collected $2 from pot
Pandakey: doesn't show hand
*** SUMMARY ***
Total pot $2 | Rake $0
Seat 1: xcgxcg2005 (button) (small blind) folded before Flop
Seat 2: Pandakey (big blind) collected ($2)


PokerStars Hand #146063846889:  Hold'em Limit ($3/$6 USD) - 2015/12/28 11:58:11 ET
Table 'Arctica IV' 2-max Seat #2 is the button
Seat 1: xcgxcg2005 ($131.52 in chips)
Seat 2: Pandakey ($105.30 in chips)
Pandakey: posts small blind $1
xcgxcg2005: posts big blind $3
*** HOLE CARDS ***
Pandakey: raises $3 to $6
xcgxcg2005: calls $3
*** FLOP *** [7d 4c 6s]
xcgxcg2005: checks
Pandakey: bets $3
xcgxcg2005: raises $3 to $6
Pandakey: calls $3
*** TURN *** [7d 4c 6s] [Js]
xcgxcg2005: bets $6
Pandakey: raises $6 to $12
xcgxcg2005: raises $6 to $18
Pandakey: calls $6
*** RIVER *** [7d 4c 6s Js] [9s]
xcgxcg2005: checks
Pandakey: checks
*** SHOW DOWN ***
xcgxcg2005: shows [7h 3h] (a pair of Sevens)
Pandakey: shows [8d 7c] (a pair of Sevens - Jack+Nine+Eight kicker)
Pandakey collected $59.50 from pot
*** SUMMARY ***
Total pot $60 | Rake $0.50
Board [7d 4c 6s Js 9s]
Seat 1: xcgxcg2005 (big blind) showed [7h 3h] and lost with a pair of Sevens
Seat 2: Pandakey (button) (small blind) showed [8d 7c] and won ($59.50) with a pair of Sevens


PokerStars Hand #146063829358:  Hold'em Limit ($3/$6 USD) - 2015/12/28 11:57:46 ET
Table 'Arctica IV' 2-max Seat #1 is the button
Seat 1: xcgxcg2005 ($114.02 in chips)
Seat 2: Pandakey ($123.30 in chips)
xcgxcg2005: posts small blind $1
Pandakey: posts big blind $3
*** HOLE CARDS ***
xcgxcg2005: raises $3 to $6
Pandakey: calls $3
*** FLOP *** [4d As 3c]
Pandakey: checks
xcgxcg2005: bets $3
Pandakey: raises $3 to $6
xcgxcg2005: calls $3
*** TURN *** [4d As 3c] [9d]
Pandakey: bets $6
xcgxcg2005: raises $6 to $12
Pandakey: folds
Uncalled bet ($6) returned to xcgxcg2005
xcgxcg2005 collected $35.50 from pot
xcgxcg2005: doesn't show hand
*** SUMMARY ***
Total pot $36 | Rake $0.50
Board [4d As 3c 9d]
Seat 1: xcgxcg2005 (button) (small blind) collected ($35.50)
Seat 2: Pandakey (big blind) folded on the Turn


PokerStars Hand #146063878610:  Hold'em Limit ($3/$6 USD) - 2015/12/28 11:58:56 ET
Table 'Arctica IV' 2-max Seat #1 is the button
Seat 1: xcgxcg2005 ($101.52 in chips)
Seat 2: Pandakey ($134.80 in chips)
xcgxcg2005: posts small blind $1
Pandakey: posts big blind $3
*** HOLE CARDS ***
xcgxcg2005: raises $3 to $6
Pandakey: folds
Uncalled bet ($3) returned to xcgxcg2005
xcgxcg2005 collected $6 from pot
xcgxcg2005: doesn't show hand
*** SUMMARY ***
Total pot $6 | Rake $0
Seat 1: xcgxcg2005 (button) (small blind) collected ($6)
Seat 2: Pandakey (big blind) folded before Flop


PokerStars Hand #146063874973:  Hold'em Limit ($3/$6 USD) - 2015/12/28 11:58:51 ET
Table 'Arctica IV' 2-max Seat #2 is the button
Seat 1: xcgxcg2005 ($100.52 in chips)
Seat 2: Pandakey ($135.80 in chips)
Pandakey: posts small blind $1
xcgxcg2005: posts big blind $3
*** HOLE CARDS ***
Pandakey: folds
Uncalled bet ($2) returned to xcgxcg2005
xcgxcg2005 collected $2 from pot
xcgxcg2005: doesn't show hand
*** SUMMARY ***
Total pot $2 | Rake $0
Seat 1: xcgxcg2005 (big blind) collected ($2)
Seat 2: Pandakey (button) (small blind) folded before Flop


PokerStars Hand #146063911018:  Hold'em Limit ($3/$6 USD) - 2015/12/28 11:59:42 ET
Table 'Arctica IV' 2-max Seat #1 is the button
Seat 1: xcgxcg2005 ($86.52 in chips)
Seat 2: Pandakey ($149.30 in chips)
xcgxcg2005: posts small blind $1
Pandakey: posts big blind $3
*** HOLE CARDS ***
xcgxcg2005: raises $3 to $6
Pandakey: folds
Uncalled bet ($3) returned to xcgxcg2005
xcgxcg2005 collected $6 from pot
xcgxcg2005: doesn't show hand
*** SUMMARY ***
Total pot $6 | Rake $0
Seat 1: xcgxcg2005 (button) (small blind) collected ($6)
Seat 2: Pandakey (big blind) folded before Flop


PokerStars Hand #146063898340:  Hold'em Limit ($3/$6 USD) - 2015/12/28 11:59:24 ET
Table 'Arctica IV' 2-max Seat #2 is the button
Seat 1: xcgxcg2005 ($85.52 in chips)
Seat 2: Pandakey ($150.30 in chips)
Pandakey: posts small blind $1
xcgxcg2005: posts big blind $3
*** HOLE CARDS ***
Pandakey: folds
Uncalled bet ($2) returned to xcgxcg2005
xcgxcg2005 collected $2 from pot
xcgxcg2005: doesn't show hand
*** SUMMARY ***
Total pot $2 | Rake $0
Seat 1: xcgxcg2005 (big blind) collected ($2)
Seat 2: Pandakey (button) (small blind) folded before Flop


PokerStars Hand #146063895036:  Hold'em Limit ($3/$6 USD) - 2015/12/28 11:59:19 ET
Table 'Arctica IV' 2-max Seat #1 is the button
Seat 1: xcgxcg2005 ($86.52 in chips)
Seat 2: Pandakey ($149.30 in chips)
xcgxcg2005: posts small blind $1
Pandakey: posts big blind $3
*** HOLE CARDS ***
xcgxcg2005: folds
Uncalled bet ($2) returned to Pandakey
Pandakey collected $2 from pot
Pandakey: doesn't show hand
*** SUMMARY ***
Total pot $2 | Rake $0
Seat 1: xcgxcg2005 (button) (small blind) folded before Flop
Seat 2: Pandakey (big blind) collected ($2)


PokerStars Hand #146063882374:  Hold'em Limit ($3/$6 USD) - 2015/12/28 11:59:01 ET
Table 'Arctica IV' 2-max Seat #2 is the button
Seat 1: xcgxcg2005 ($104.52 in chips)
Seat 2: Pandakey ($131.80 in chips)
Pandakey: posts small blind $1
xcgxcg2005: posts big blind $3
*** HOLE CARDS ***
Pandakey: raises $3 to $6
xcgxcg2005: raises $3 to $9
Pandakey: calls $3
*** FLOP *** [2c As Tc]
xcgxcg2005: bets $3
Pandakey: calls $3
*** TURN *** [2c As Tc] [9d]
xcgxcg2005: checks
Pandakey: checks
*** RIVER *** [2c As Tc 9d] [4s]
xcgxcg2005: checks
Pandakey: bets $6
xcgxcg2005: calls $6
*** SHOW DOWN ***
Pandakey: shows [8s 8c] (a pair of Eights)
xcgxcg2005: mucks hand
Pandakey collected $35.50 from pot
*** SUMMARY ***
Total pot $36 | Rake $0.50
Board [2c As Tc 9d 4s]
Seat 1: xcgxcg2005 (big blind) mucked
Seat 2: Pandakey (button) (small blind) showed [8s 8c] and won ($35.50) with a pair of Eights


PokerStars Hand #146063919241:  Hold'em Limit ($3/$6 USD) - 2015/12/28 11:59:53 ET
Table 'Arctica IV' 2-max Seat #2 is the button
Seat 1: xcgxcg2005 ($89.52 in chips)
Seat 2: Pandakey ($146.30 in chips)
Pandakey: posts small blind $1
xcgxcg2005: posts big blind $3
*** HOLE CARDS ***
Pandakey: raises $3 to $6
xcgxcg2005: raises $3 to $9
Pandakey: calls $3
*** FLOP *** [Ah Ad Kh]
xcgxcg2005: bets $3
Pandakey: folds
Uncalled bet ($3) returned to xcgxcg2005
xcgxcg2005 collected $17.64 from pot
xcgxcg2005: doesn't show hand
*** SUMMARY ***
Total pot $18 | Rake $0.36
Board [Ah Ad Kh]
Seat 1: xcgxcg2005 (big blind) collected ($17.64)
Seat 2: Pandakey (button) (small blind) folded on the Flop


PokerStars Hand #146063936306:  Hold'em Limit ($3/$6 USD) - 2015/12/28 12:00:16 ET
Table 'Arctica IV' 2-max Seat #2 is the button
Seat 1: xcgxcg2005 ($101.16 in chips)
Seat 2: Pandakey ($134.30 in chips)
Pandakey: posts small blind $1
xcgxcg2005: posts big blind $3
*** HOLE CARDS ***
Pandakey: folds
Uncalled bet ($2) returned to xcgxcg2005
xcgxcg2005 collected $2 from pot
xcgxcg2005: doesn't show hand
*** SUMMARY ***
Total pot $2 | Rake $0
Seat 1: xcgxcg2005 (big blind) collected ($2)
Seat 2: Pandakey (button) (small blind) folded before Flop


PokerStars Hand #146063928316:  Hold'em Limit ($3/$6 USD) - 2015/12/28 12:00:06 ET
Table 'Arctica IV' 2-max Seat #1 is the button
Seat 1: xcgxcg2005 ($98.16 in chips)
Seat 2: Pandakey ($137.30 in chips)
xcgxcg2005: posts small blind $1
Pandakey: posts big blind $3
*** HOLE CARDS ***
xcgxcg2005: raises $3 to $6
Pandakey: folds
Uncalled bet ($3) returned to xcgxcg2005
xcgxcg2005 collected $6 from pot
xcgxcg2005: doesn't show hand
*** SUMMARY ***
Total pot $6 | Rake $0
Seat 1: xcgxcg2005 (button) (small blind) collected ($6)
Seat 2: Pandakey (big blind) folded before Flop


PokerStars Hand #146063961984:  Hold'em Limit ($3/$6 USD) - 2015/12/28 12:00:51 ET
Table 'Arctica IV' 2-max Seat #2 is the button
Seat 1: xcgxcg2005 ($87.16 in chips)
Seat 2: Pandakey ($147.80 in chips)
Pandakey: posts small blind $1
xcgxcg2005: posts big blind $3
*** HOLE CARDS ***
Pandakey: raises $3 to $6
xcgxcg2005: folds
Uncalled bet ($3) returned to Pandakey
Pandakey collected $6 from pot
Pandakey: doesn't show hand
*** SUMMARY ***
Total pot $6 | Rake $0
Seat 1: xcgxcg2005 (big blind) folded before Flop
Seat 2: Pandakey (button) (small blind) collected ($6)


PokerStars Hand #146063939831:  Hold'em Limit ($3/$6 USD) - 2015/12/28 12:00:21 ET
Table 'Arctica IV' 2-max Seat #1 is the button
Seat 1: xcgxcg2005 ($102.16 in chips)
Seat 2: Pandakey ($133.30 in chips)
xcgxcg2005: posts small blind $1
Pandakey: posts big blind $3
*** HOLE CARDS ***
xcgxcg2005: raises $3 to $6
Pandakey: calls $3
*** FLOP *** [5d Ah 9h]
Pandakey: checks
xcgxcg2005: bets $3
Pandakey: calls $3
*** TURN *** [5d Ah 9h] [7d]
Pandakey: checks
xcgxcg2005: checks
*** RIVER *** [5d Ah 9h 7d] [Jd]
Pandakey: bets $6
xcgxcg2005: calls $6
*** SHOW DOWN ***
Pandakey: shows [5s Kc] (a pair of Fives)
xcgxcg2005: mucks hand
Pandakey collected $29.50 from pot
*** SUMMARY ***
Total pot $30 | Rake $0.50
Board [5d Ah 9h 7d Jd]
Seat 1: xcgxcg2005 (button) (small blind) mucked
Seat 2: Pandakey (big blind) showed [5s Kc] and won ($29.50) with a pair of Fives


PokerStars Hand #146063965410:  Hold'em Limit ($3/$6 USD) - 2015/12/28 12:00:55 ET
Table 'Arctica IV' 2-max Seat #1 is the button
Seat 1: xcgxcg2005 ($84.16 in chips)
Seat 2: Pandakey ($150.80 in chips)
xcgxcg2005: posts small blind $1
Pandakey: posts big blind $3
*** HOLE CARDS ***
xcgxcg2005: raises $3 to $6
Pandakey: calls $3
*** FLOP *** [Td 3s 6s]
Pandakey: checks
xcgxcg2005: checks
*** TURN *** [Td 3s 6s] [Kh]
Pandakey: bets $6
xcgxcg2005: folds
Uncalled bet ($6) returned to Pandakey
Pandakey collected $11.76 from pot
Pandakey: doesn't show hand
*** SUMMARY ***
Total pot $12 | Rake $0.24
Board [Td 3s 6s Kh]
Seat 1: xcgxcg2005 (button) (small blind) folded on the Turn
Seat 2: Pandakey (big blind) collected ($11.76)


PokerStars Hand #146063973869:  Hold'em Limit ($3/$6 USD) - 2015/12/28 12:01:06 ET
Table 'Arctica IV' 2-max Seat #2 is the button
Seat 1: xcgxcg2005 ($78.16 in chips)
Seat 2: Pandakey ($156.56 in chips)
Pandakey: posts small blind $1
xcgxcg2005: posts big blind $3
*** HOLE CARDS ***
Pandakey: raises $3 to $6
xcgxcg2005: raises $3 to $9
Pandakey: calls $3
*** FLOP *** [2c 2s Jh]
xcgxcg2005: bets $3
Pandakey: calls $3
*** TURN *** [2c 2s Jh] [2d]
xcgxcg2005: bets $6
Pandakey: calls $6
*** RIVER *** [2c 2s Jh 2d] [Ad]
xcgxcg2005: bets $6
Pandakey: calls $6
*** SHOW DOWN ***
xcgxcg2005: shows [As 6c] (a full house, Deuces full of Aces)
Pandakey: mucks hand
xcgxcg2005 collected $47.50 from pot
*** SUMMARY ***
Total pot $48 | Rake $0.50
Board [2c 2s Jh 2d Ad]
Seat 1: xcgxcg2005 (big blind) showed [As 6c] and won ($47.50) with a full house, Deuces full of Aces
Seat 2: Pandakey (button) (small blind) mucked


PokerStars Hand #146063986961:  Hold'em Limit ($3/$6 USD) - 2015/12/28 12:01:22 ET
Table 'Arctica IV' 2-max Seat #1 is the button
Seat 1: xcgxcg2005 ($101.66 in chips)
Seat 2: Pandakey ($132.56 in chips)
xcgxcg2005: posts small blind $1
Pandakey: posts big blind $3
*** HOLE CARDS ***
xcgxcg2005: raises $3 to $6
Pandakey: calls $3
*** FLOP *** [8s Ad 2d]
Pandakey: checks
xcgxcg2005: bets $3
Pandakey: raises $3 to $6
xcgxcg2005: calls $3
*** TURN *** [8s Ad 2d] [Kd]
Pandakey: bets $6
xcgxcg2005: calls $6
*** RIVER *** [8s Ad 2d Kd] [2h]
Pandakey: bets $6
xcgxcg2005: calls $6
*** SHOW DOWN ***
Pandakey: shows [9s Td] (a pair of Deuces)
xcgxcg2005: shows [Qs As] (two pair, Aces and Deuces)
xcgxcg2005 collected $47.50 from pot
*** SUMMARY ***
Total pot $48 | Rake $0.50
Board [8s Ad 2d Kd 2h]
Seat 1: xcgxcg2005 (button) (small blind) showed [Qs As] and won ($47.50) with two pair, Aces and Deuces
Seat 2: Pandakey (big blind) showed [9s Td] and lost with a pair of Deuces


PokerStars Hand #146064007404:  Hold'em Limit ($3/$6 USD) - 2015/12/28 12:01:47 ET
Table 'Arctica IV' 2-max Seat #1 is the button
Seat 1: xcgxcg2005 ($133.80 in chips)
Seat 2: Pandakey ($99.56 in chips)
xcgxcg2005: posts small blind $1
Pandakey: posts big blind $3
*** HOLE CARDS ***
xcgxcg2005: raises $3 to $6
Pandakey: calls $3
*** FLOP *** [Td 7h 5d]
Pandakey: checks
xcgxcg2005: bets $3
Pandakey: folds
Uncalled bet ($3) returned to xcgxcg2005
xcgxcg2005 collected $11.76 from pot
xcgxcg2005: doesn't show hand
*** SUMMARY ***
Total pot $12 | Rake $0.24
Board [Td 7h 5d]
Seat 1: xcgxcg2005 (button) (small blind) collected ($11.76)
Seat 2: Pandakey (big blind) folded on the Flop


PokerStars Hand #146064000304:  Hold'em Limit ($3/$6 USD) - 2015/12/28 12:01:39 ET
Table 'Arctica IV' 2-max Seat #2 is the button
Seat 1: xcgxcg2005 ($125.16 in chips)
Seat 2: Pandakey ($108.56 in chips)
Pandakey: posts small blind $1
xcgxcg2005: posts big blind $3
*** HOLE CARDS ***
Pandakey: raises $3 to $6
xcgxcg2005: raises $3 to $9
Pandakey: calls $3
*** FLOP *** [9s 8c 4d]
xcgxcg2005: bets $3
Pandakey: folds
Uncalled bet ($3) returned to xcgxcg2005
xcgxcg2005 collected $17.64 from pot
xcgxcg2005: doesn't show hand
*** SUMMARY ***
Total pot $18 | Rake $0.36
Board [9s 8c 4d]
Seat 1: xcgxcg2005 (big blind) collected ($17.64)
Seat 2: Pandakey (button) (small blind) folded on the Flop


PokerStars Hand #146064013455:  Hold'em Limit ($3/$6 USD) - 2015/12/28 12:01:54 ET
Table 'Arctica IV' 2-max Seat #2 is the button
Seat 1: xcgxcg2005 ($139.56 in chips)
Seat 2: Pandakey ($93.56 in chips)
Pandakey: posts small blind $1
xcgxcg2005: posts big blind $3
*** HOLE CARDS ***
Pandakey: raises $3 to $6
xcgxcg2005: raises $3 to $9
Pandakey: calls $3
*** FLOP *** [Ks 7s 6d]
xcgxcg2005: bets $3
Pandakey: calls $3
*** TURN *** [Ks 7s 6d] [4c]
xcgxcg2005: bets $6
Pandakey: folds
Uncalled bet ($6) returned to xcgxcg2005
xcgxcg2005 collected $23.52 from pot
xcgxcg2005: doesn't show hand
*** SUMMARY ***
Total pot $24 | Rake $0.48
Board [Ks 7s 6d 4c]
Seat 1: xcgxcg2005 (big blind) collected ($23.52)
Seat 2: Pandakey (button) (small blind) folded on the Turn


PokerStars Hand #146064041002:  Hold'em Limit ($3/$6 USD) - 2015/12/28 12:02:27 ET
Table 'Arctica IV' 2-max Seat #2 is the button
Seat 1: xcgxcg2005 ($177.58 in chips)
Seat 2: Pandakey ($54.56 in chips)
Pandakey: posts small blind $1
xcgxcg2005: posts big blind $3
*** HOLE CARDS ***
Pandakey: raises $3 to $6
xcgxcg2005: folds
Uncalled bet ($3) returned to Pandakey
Pandakey collected $6 from pot
Pandakey: doesn't show hand
*** SUMMARY ***
Total pot $6 | Rake $0
Seat 1: xcgxcg2005 (big blind) folded before Flop
Seat 2: Pandakey (button) (small blind) collected ($6)


PokerStars Hand #146064023180:  Hold'em Limit ($3/$6 USD) - 2015/12/28 12:02:06 ET
Table 'Arctica IV' 2-max Seat #1 is the button
Seat 1: xcgxcg2005 ($151.08 in chips)
Seat 2: Pandakey ($81.56 in chips)
xcgxcg2005: posts small blind $1
Pandakey: posts big blind $3
*** HOLE CARDS ***
xcgxcg2005: raises $3 to $6
Pandakey: raises $3 to $9
xcgxcg2005: calls $3
*** FLOP *** [4h Tc Td]
Pandakey: bets $3
xcgxcg2005: raises $3 to $6
Pandakey: calls $3
*** TURN *** [4h Tc Td] [Qc]
Pandakey: checks
xcgxcg2005: bets $6
Pandakey: raises $6 to $12
xcgxcg2005: calls $6
*** RIVER *** [4h Tc Td Qc] [2s]
Pandakey: checks
xcgxcg2005: checks
*** SHOW DOWN ***
Pandakey: shows [Kc 8c] (a pair of Tens)
xcgxcg2005: shows [5d 4d] (two pair, Tens and Fours)
xcgxcg2005 collected $53.50 from pot
*** SUMMARY ***
Total pot $54 | Rake $0.50
Board [4h Tc Td Qc 2s]
Seat 1: xcgxcg2005 (button) (small blind) showed [5d 4d] and won ($53.50) with two pair, Tens and Fours
Seat 2: Pandakey (big blind) showed [Kc 8c] and lost with a pair of Tens


PokerStars Hand #146064045446:  Hold'em Limit ($3/$6 USD) - 2015/12/28 12:02:33 ET
Table 'Arctica IV' 2-max Seat #1 is the button
Seat 1: xcgxcg2005 ($174.58 in chips)
Seat 2: Pandakey ($57.56 in chips)
xcgxcg2005: posts small blind $1
Pandakey: posts big blind $3
*** HOLE CARDS ***
xcgxcg2005: raises $3 to $6
Pandakey: calls $3
*** FLOP *** [9c 9d 3h]
Pandakey: checks
xcgxcg2005: bets $3
Pandakey: calls $3
*** TURN *** [9c 9d 3h] [4d]
Pandakey: checks
xcgxcg2005: checks
*** RIVER *** [9c 9d 3h 4d] [7d]
Pandakey: checks
xcgxcg2005: checks
*** SHOW DOWN ***
Pandakey: shows [Tc Qh] (a pair of Nines)
xcgxcg2005: mucks hand
Pandakey collected $17.64 from pot
*** SUMMARY ***
Total pot $18 | Rake $0.36
Board [9c 9d 3h 4d 7d]
Seat 1: xcgxcg2005 (button) (small blind) mucked
Seat 2: Pandakey (big blind) showed [Tc Qh] and won ($17.64) with a pair of Nines


PokerStars Hand #146064060400:  Hold'em Limit ($3/$6 USD) - 2015/12/28 12:02:50 ET
Table 'Arctica IV' 2-max Seat #1 is the button
Seat 1: xcgxcg2005 ($162.58 in chips)
Seat 2: Pandakey ($69.20 in chips)
xcgxcg2005: posts small blind $1
Pandakey: posts big blind $3
*** HOLE CARDS ***
xcgxcg2005: folds
Uncalled bet ($2) returned to Pandakey
Pandakey collected $2 from pot
Pandakey: doesn't show hand
*** SUMMARY ***
Total pot $2 | Rake $0
Seat 1: xcgxcg2005 (button) (small blind) folded before Flop
Seat 2: Pandakey (big blind) collected ($2)


PokerStars Hand #146064056106:  Hold'em Limit ($3/$6 USD) - 2015/12/28 12:02:45 ET
Table 'Arctica IV' 2-max Seat #2 is the button
Seat 1: xcgxcg2005 ($165.58 in chips)
Seat 2: Pandakey ($66.20 in chips)
Pandakey: posts small blind $1
xcgxcg2005: posts big blind $3
*** HOLE CARDS ***
Pandakey: raises $3 to $6
xcgxcg2005: folds
Uncalled bet ($3) returned to Pandakey
Pandakey collected $6 from pot
Pandakey: doesn't show hand
*** SUMMARY ***
Total pot $6 | Rake $0
Seat 1: xcgxcg2005 (big blind) folded before Flop
Seat 2: Pandakey (button) (small blind) collected ($6)


