PokerStars Hand #166639215941:  Hold'em Limit ($3/$6 USD) - 2017/02/23 3:31:11 ET
Table 'Arduina' 6-max Seat #6 is the button
Seat 4: Agrotait ($72 in chips)
Seat 6: HAOYUN88888 ($48.24 in chips)
HAOYUN88888: posts small blind $1
Agrotait: posts big blind $3
*** HOLE CARDS ***
HAOYUN88888: raises $3 to $6
Agrotait: raises $3 to $9
HAOYUN88888: calls $3
*** FLOP *** [Kc 6d Qc]
Agrotait: bets $3
HAOYUN88888: calls $3
*** TURN *** [Kc 6d Qc] [9c]
Agrotait: checks
HAOYUN88888: checks
*** RIVER *** [Kc 6d Qc 9c] [7h]
Agrotait: checks
HAOYUN88888: checks
*** SHOW DOWN ***
Agrotait: shows [Ks Kh] (three of a kind, Kings)
HAOYUN88888: mucks hand
Agrotait collected $23.52 from pot
*** SUMMARY ***
Total pot $24 | Rake $0.48
Board [Kc 6d Qc 9c 7h]
Seat 4: Agrotait (big blind) showed [Ks Kh] and won ($23.52) with three of a kind, Kings
Seat 6: HAOYUN88888 (button) (small blind) mucked


PokerStars Hand #166639241444:  Hold'em Limit ($3/$6 USD) - 2017/02/23 3:32:27 ET
Table 'Arduina' 6-max Seat #4 is the button
Seat 4: Agrotait ($92.16 in chips)
Seat 6: HAOYUN88888 ($27.24 in chips)
Agrotait: posts small blind $1
HAOYUN88888: posts big blind $3
*** HOLE CARDS ***
Agrotait: folds
Uncalled bet ($2) returned to HAOYUN88888
HAOYUN88888 collected $2 from pot
HAOYUN88888: doesn't show hand
*** SUMMARY ***
Total pot $2 | Rake $0
Seat 4: Agrotait (button) (small blind) folded before Flop
Seat 6: HAOYUN88888 (big blind) collected ($2)


PokerStars Hand #166639234466:  Hold'em Limit ($3/$6 USD) - 2017/02/23 3:32:06 ET
Table 'Arduina' 6-max Seat #6 is the button
Seat 4: Agrotait ($89.28 in chips)
Seat 6: HAOYUN88888 ($30.24 in chips)
HAOYUN88888: posts small blind $1
Agrotait: posts big blind $3
*** HOLE CARDS ***
HAOYUN88888: calls $2
Agrotait: checks
*** FLOP *** [3c 7d Kc]
Agrotait: bets $3
HAOYUN88888: folds
Uncalled bet ($3) returned to Agrotait
Agrotait collected $5.88 from pot
Agrotait: doesn't show hand
*** SUMMARY ***
Total pot $6 | Rake $0.12
Board [3c 7d Kc]
Seat 4: Agrotait (big blind) collected ($5.88)
Seat 6: HAOYUN88888 (button) (small blind) folded on the Flop


PokerStars Hand #166639225830:  Hold'em Limit ($3/$6 USD) - 2017/02/23 3:31:40 ET
Table 'Arduina' 6-max Seat #4 is the button
Seat 4: Agrotait ($83.52 in chips)
Seat 6: HAOYUN88888 ($36.24 in chips)
Agrotait: posts small blind $1
HAOYUN88888: posts big blind $3
*** HOLE CARDS ***
Agrotait: raises $3 to $6
HAOYUN88888: calls $3
*** FLOP *** [As 7s 9d]
HAOYUN88888: checks
Agrotait: bets $3
HAOYUN88888: folds
Uncalled bet ($3) returned to Agrotait
Agrotait collected $11.76 from pot
Agrotait: doesn't show hand
*** SUMMARY ***
Total pot $12 | Rake $0.24
Board [As 7s 9d]
Seat 4: Agrotait (button) (small blind) collected ($11.76)
Seat 6: HAOYUN88888 (big blind) folded on the Flop


PokerStars Hand #166639246412:  Hold'em Limit ($3/$6 USD) - 2017/02/23 3:32:42 ET
Table 'Arduina' 6-max Seat #6 is the button
Seat 4: Agrotait ($91.16 in chips)
Seat 6: HAOYUN88888 ($28.24 in chips)
HAOYUN88888: posts small blind $1
Agrotait: posts big blind $3
*** HOLE CARDS ***
bmbclt joins the table at seat #1
HAOYUN88888: raises $3 to $6
Agrotait: calls $3
*** FLOP *** [Ad Jc 6s]
RockKillerTY joins the table at seat #2
Agrotait: checks
HAOYUN88888: bets $3
Agrotait: calls $3
*** TURN *** [Ad Jc 6s] [5c]
VolkovDmitri joins the table at seat #5
Agrotait: checks
HAOYUN88888: bets $6
Agrotait: calls $6
*** RIVER *** [Ad Jc 6s 5c] [6d]
SeSMaR joins the table at seat #3
Agrotait: checks
HAOYUN88888: checks
*** SHOW DOWN ***
Agrotait: shows [9d 6c] (three of a kind, Sixes)
HAOYUN88888: mucks hand
Agrotait collected $29.50 from pot
*** SUMMARY ***
Total pot $30 | Rake $0.50
Board [Ad Jc 6s 5c 6d]
Seat 4: Agrotait (big blind) showed [9d 6c] and won ($29.50) with three of a kind, Sixes
Seat 6: HAOYUN88888 (button) (small blind) mucked


PokerStars Hand #166641119451:  Hold'em Limit ($3/$6 USD) - 2017/02/23 4:58:48 ET
Table 'Arduina' 6-max Seat #4 is the button
Seat 4: ABATAPP ($180.20 in chips)
Seat 6: KIT426 ($101.50 in chips)
ABATAPP: posts small blind $1
KIT426: posts big blind $3
*** HOLE CARDS ***
bolbess leaves the table
ABATAPP: raises $3 to $6
KIT426: calls $3
*** FLOP *** [4s Qd Jh]
nimzon joins the table at seat #5
bolbess joins the table at seat #3
KIT426: checks
nimzon leaves the table
ABATAPP: bets $3
KIT426: calls $3
*** TURN *** [4s Qd Jh] [Ks]
KIT426: checks
ABATAPP: bets $6
KIT426: folds
Uncalled bet ($6) returned to ABATAPP
ABATAPP collected $17.64 from pot
ABATAPP: doesn't show hand
*** SUMMARY ***
Total pot $18 | Rake $0.36
Board [4s Qd Jh Ks]
Seat 4: ABATAPP (button) (small blind) collected ($17.64)
Seat 6: KIT426 (big blind) folded on the Turn


PokerStars Hand #166649042603:  Hold'em Limit ($3/$6 USD) - 2017/02/23 9:19:54 ET
Table 'Arduina' 6-max Seat #6 is the button
Seat 3: bolbess ($168.87 in chips)
Seat 6: belik555 ($313.41 in chips)
belik555: posts small blind $1
bolbess: posts big blind $3
*** HOLE CARDS ***
belik555: raises $3 to $6
bolbess: raises $3 to $9
belik555: calls $3
*** FLOP *** [Jh 7d Qs]
bolbess: bets $3
belik555: raises $3 to $6
bolbess: raises $3 to $9
belik555: calls $3
*** TURN *** [Jh 7d Qs] [5c]
bolbess: bets $6
belik555: calls $6
*** RIVER *** [Jh 7d Qs 5c] [Td]
bolbess: checks
belik555: checks
*** SHOW DOWN ***
bolbess: shows [Kc Js] (a pair of Jacks)
belik555: mucks hand
bolbess collected $47.50 from pot
*** SUMMARY ***
Total pot $48 | Rake $0.50
Board [Jh 7d Qs 5c Td]
Seat 3: bolbess (big blind) showed [Kc Js] and won ($47.50) with a pair of Jacks
Seat 6: belik555 (button) (small blind) mucked


PokerStars Hand #166649056971:  Hold'em Limit ($3/$6 USD) - 2017/02/23 9:20:17 ET
Table 'Arduina' 6-max Seat #3 is the button
Seat 3: bolbess ($192.37 in chips)
Seat 6: belik555 ($289.41 in chips)
bolbess: posts small blind $1
makimaki was removed from the table for failing to post
belik555: posts big blind $3
*** HOLE CARDS ***
bolbess: calls $2
belik555: checks
*** FLOP *** [6d 6c 6h]
belik555: checks
bolbess: checks
*** TURN *** [6d 6c 6h] [3c]
belik555: bets $6
bolbess: calls $6
*** RIVER *** [6d 6c 6h 3c] [4d]
belik555: bets $6
bolbess: folds
Uncalled bet ($6) returned to belik555
belik555 collected $17.64 from pot
belik555: doesn't show hand
*** SUMMARY ***
Total pot $18 | Rake $0.36
Board [6d 6c 6h 3c 4d]
Seat 3: bolbess (button) (small blind) folded on the River
Seat 6: belik555 (big blind) collected ($17.64)


PokerStars Hand #166649027454:  Hold'em Limit ($3/$6 USD) - 2017/02/23 9:19:30 ET
Table 'Arduina' 6-max Seat #3 is the button
Seat 3: bolbess ($189.87 in chips)
Seat 6: belik555 ($292.91 in chips)
bolbess: posts small blind $1
Speed2008: is sitting out
belik555: posts big blind $3
*** HOLE CARDS ***
bolbess: raises $3 to $6
belik555: calls $3
*** FLOP *** [2s 7c Qd]
belik555: checks
bolbess: bets $3
belik555: calls $3
*** TURN *** [2s 7c Qd] [7s]
belik555: bets $6
Speed2008 leaves the table
bolbess: calls $6
*** RIVER *** [2s 7c Qd 7s] [3s]
belik555: bets $6
bolbess: calls $6
*** SHOW DOWN ***
belik555: shows [Qc 5s] (two pair, Queens and Sevens)
bolbess: mucks hand
belik555 collected $41.50 from pot
*** SUMMARY ***
Total pot $42 | Rake $0.50
Board [2s 7c Qd 7s 3s]
Seat 3: bolbess (button) (small blind) mucked
Seat 6: belik555 (big blind) showed [Qc 5s] and won ($41.50) with two pair, Queens and Sevens


PokerStars Hand #166649069744:  Hold'em Limit ($3/$6 USD) - 2017/02/23 9:20:38 ET
Table 'Arduina' 6-max Seat #6 is the button
Seat 3: bolbess ($183.37 in chips)
Seat 6: belik555 ($298.05 in chips)
belik555: posts small blind $1
bolbess: posts big blind $3
*** HOLE CARDS ***
belik555: folds
Uncalled bet ($2) returned to bolbess
bolbess collected $2 from pot
bolbess: doesn't show hand
*** SUMMARY ***
Total pot $2 | Rake $0
Seat 3: bolbess (big blind) collected ($2)
Seat 6: belik555 (button) (small blind) folded before Flop


PokerStars Hand #166649087469:  Hold'em Limit ($3/$6 USD) - 2017/02/23 9:21:06 ET
Table 'Arduina' 6-max Seat #6 is the button
Seat 3: bolbess ($204.87 in chips)
Seat 6: belik555 ($276.05 in chips)
belik555: posts small blind $1
bolbess: posts big blind $3
*** HOLE CARDS ***
belik555: raises $3 to $6
bolbess: raises $3 to $9
belik555: calls $3
*** FLOP *** [Ah Ad 8c]
bolbess: bets $3
belik555: calls $3
*** TURN *** [Ah Ad 8c] [Kh]
bolbess: checks
belik555: bets $6
bolbess: raises $6 to $12
belik555: calls $6
*** RIVER *** [Ah Ad 8c Kh] [6c]
bolbess: bets $6
belik555: calls $6
*** SHOW DOWN ***
bolbess: shows [Kc Kd] (a full house, Kings full of Aces)
belik555: mucks hand
bolbess collected $59.50 from pot
*** SUMMARY ***
Total pot $60 | Rake $0.50
Board [Ah Ad 8c Kh 6c]
Seat 3: bolbess (big blind) showed [Kc Kd] and won ($59.50) with a full house, Kings full of Aces
Seat 6: belik555 (button) (small blind) mucked


PokerStars Hand #166649072819:  Hold'em Limit ($3/$6 USD) - 2017/02/23 9:20:43 ET
Table 'Arduina' 6-max Seat #3 is the button
Seat 3: bolbess ($184.37 in chips)
Seat 6: belik555 ($297.05 in chips)
bolbess: posts small blind $1
belik555: posts big blind $3
*** HOLE CARDS ***
bolbess: raises $3 to $6
belik555: calls $3
*** FLOP *** [3c 7c 3h]
belik555: checks
bolbess: bets $3
belik555: calls $3
*** TURN *** [3c 7c 3h] [6c]
belik555: checks
bolbess: bets $6
belik555: calls $6
*** RIVER *** [3c 7c 3h 6c] [Ad]
belik555: checks
bolbess: bets $6
belik555: calls $6
*** SHOW DOWN ***
bolbess: shows [Ac 4c] (a flush, Ace high)
belik555: mucks hand
bolbess collected $41.50 from pot
*** SUMMARY ***
Total pot $42 | Rake $0.50
Board [3c 7c 3h 6c Ad]
Seat 3: bolbess (button) (small blind) showed [Ac 4c] and won ($41.50) with a flush, Ace high
Seat 6: belik555 (big blind) mucked


PokerStars Hand #166649108294:  Hold'em Limit ($3/$6 USD) - 2017/02/23 9:21:39 ET
Table 'Arduina' 6-max Seat #3 is the button
Seat 3: bolbess ($234.37 in chips)
Seat 6: belik555 ($246.05 in chips)
bolbess: posts small blind $1
belik555: posts big blind $3
*** HOLE CARDS ***
bolbess: raises $3 to $6
belik555: raises $3 to $9
bolbess: calls $3
*** FLOP *** [7c 6d Js]
belik555: bets $3
bolbess: calls $3
*** TURN *** [7c 6d Js] [5s]
belik555: checks
bolbess: bets $6
belik555: calls $6
*** RIVER *** [7c 6d Js 5s] [Kh]
belik555: checks
bolbess: bets $6
belik555: calls $6
*** SHOW DOWN ***
bolbess: shows [Jd 5d] (two pair, Jacks and Fives)
belik555: mucks hand
bolbess collected $47.50 from pot
*** SUMMARY ***
Total pot $48 | Rake $0.50
Board [7c 6d Js 5s Kh]
Seat 3: bolbess (button) (small blind) showed [Jd 5d] and won ($47.50) with two pair, Jacks and Fives
Seat 6: belik555 (big blind) mucked


PokerStars Hand #166649139740:  Hold'em Limit ($3/$6 USD) - 2017/02/23 9:22:29 ET
Table 'Arduina' 6-max Seat #3 is the button
Seat 3: bolbess ($242.87 in chips)
Seat 6: belik555 ($236.55 in chips)
bolbess: posts small blind $1
belik555: posts big blind $3
*** HOLE CARDS ***
bolbess: folds
Uncalled bet ($2) returned to belik555
belik555 collected $2 from pot
belik555: doesn't show hand
*** SUMMARY ***
Total pot $2 | Rake $0
Seat 3: bolbess (button) (small blind) folded before Flop
Seat 6: belik555 (big blind) collected ($2)


PokerStars Hand #166649124240:  Hold'em Limit ($3/$6 USD) - 2017/02/23 9:22:05 ET
Table 'Arduina' 6-max Seat #6 is the button
Seat 3: bolbess ($257.87 in chips)
Seat 6: belik555 ($222.05 in chips)
belik555: posts small blind $1
bolbess: posts big blind $3
*** HOLE CARDS ***
belik555: raises $3 to $6
bolbess: calls $3
*** FLOP *** [6h 4s Th]
bolbess: checks
belik555: bets $3
bolbess: calls $3
*** TURN *** [6h 4s Th] [Ac]
bolbess: checks
belik555: checks
*** RIVER *** [6h 4s Th Ac] [7d]
bolbess: bets $6
belik555: raises $6 to $12
bolbess: folds
Uncalled bet ($6) returned to belik555
belik555 collected $29.50 from pot
belik555: doesn't show hand
*** SUMMARY ***
Total pot $30 | Rake $0.50
Board [6h 4s Th Ac 7d]
Seat 3: bolbess (big blind) folded on the River
Seat 6: belik555 (button) (small blind) collected ($29.50)


PokerStars Hand #166649142727:  Hold'em Limit ($3/$6 USD) - 2017/02/23 9:22:34 ET
Table 'Arduina' 6-max Seat #6 is the button
Seat 3: bolbess ($241.87 in chips)
Seat 6: belik555 ($237.55 in chips)
belik555: posts small blind $1
bolbess: posts big blind $3
*** HOLE CARDS ***
belik555: raises $3 to $6
bolbess: raises $3 to $9
belik555: calls $3
*** FLOP *** [Ks 9d 3h]
bolbess: bets $3
belik555: calls $3
*** TURN *** [Ks 9d 3h] [8c]
bolbess: checks
belik555: checks
*** RIVER *** [Ks 9d 3h 8c] [9c]
bolbess: checks
belik555: bets $6
bolbess: calls $6
*** SHOW DOWN ***
belik555: shows [8d 7c] (two pair, Nines and Eights)
bolbess: mucks hand
belik555 collected $35.50 from pot
*** SUMMARY ***
Total pot $36 | Rake $0.50
Board [Ks 9d 3h 8c 9c]
Seat 3: bolbess (big blind) mucked
Seat 6: belik555 (button) (small blind) showed [8d 7c] and won ($35.50) with two pair, Nines and Eights


PokerStars Hand #166649156622:  Hold'em Limit ($3/$6 USD) - 2017/02/23 9:22:56 ET
Table 'Arduina' 6-max Seat #3 is the button
Seat 3: bolbess ($223.87 in chips)
Seat 6: belik555 ($255.05 in chips)
bolbess: posts small blind $1
belik555: posts big blind $3
*** HOLE CARDS ***
bolbess: raises $3 to $6
belik555: calls $3
*** FLOP *** [4d 6h 3h]
belik555: bets $3
bolbess: raises $3 to $6
belik555: raises $3 to $9
bolbess: raises $3 to $12
Betting is capped
belik555: calls $3
*** TURN *** [4d 6h 3h] [3s]
belik555: checks
bolbess: bets $6
belik555: calls $6
*** RIVER *** [4d 6h 3h 3s] [Ks]
belik555: checks
bolbess: bets $6
belik555: calls $6
*** SHOW DOWN ***
bolbess: shows [Th Tc] (two pair, Tens and Threes)
belik555: mucks hand
bolbess collected $59.50 from pot
*** SUMMARY ***
Total pot $60 | Rake $0.50
Board [4d 6h 3h 3s Ks]
Seat 3: bolbess (button) (small blind) showed [Th Tc] and won ($59.50) with two pair, Tens and Threes
Seat 6: belik555 (big blind) mucked


PokerStars Hand #166649171735:  Hold'em Limit ($3/$6 USD) - 2017/02/23 9:23:20 ET
Table 'Arduina' 6-max Seat #6 is the button
Seat 3: bolbess ($253.37 in chips)
Seat 6: belik555 ($225.05 in chips)
belik555: posts small blind $1
bolbess: posts big blind $3
*** HOLE CARDS ***
belik555: raises $3 to $6
bolbess: calls $3
*** FLOP *** [6h 8c 8h]
bolbess: checks
belik555: bets $3
bolbess: raises $3 to $6
belik555: calls $3
*** TURN *** [6h 8c 8h] [6d]
bolbess: bets $6
belik555: calls $6
*** RIVER *** [6h 8c 8h 6d] [Qc]
bolbess: bets $6
belik555: calls $6
*** SHOW DOWN ***
bolbess: shows [Kc 2d] (two pair, Eights and Sixes)
belik555: shows [Ts Ac] (two pair, Eights and Sixes - Ace kicker)
belik555 collected $47.50 from pot
*** SUMMARY ***
Total pot $48 | Rake $0.50
Board [6h 8c 8h 6d Qc]
Seat 3: bolbess (big blind) showed [Kc 2d] and lost with two pair, Eights and Sixes
Seat 6: belik555 (button) (small blind) showed [Ts Ac] and won ($47.50) with two pair, Eights and Sixes


PokerStars Hand #166649184407:  Hold'em Limit ($3/$6 USD) - 2017/02/23 9:23:41 ET
Table 'Arduina' 6-max Seat #3 is the button
Seat 3: bolbess ($229.37 in chips)
Seat 6: belik555 ($248.55 in chips)
bolbess: posts small blind $1
belik555: posts big blind $3
*** HOLE CARDS ***
bolbess: raises $3 to $6
belik555: calls $3
*** FLOP *** [7d Qc Td]
belik555: checks
bolbess: bets $3
belik555: raises $3 to $6
bolbess: calls $3
*** TURN *** [7d Qc Td] [Ts]
belik555: bets $6
bolbess: folds
Uncalled bet ($6) returned to belik555
belik555 collected $23.52 from pot
belik555: doesn't show hand
*** SUMMARY ***
Total pot $24 | Rake $0.48
Board [7d Qc Td Ts]
Seat 3: bolbess (button) (small blind) folded on the Turn
Seat 6: belik555 (big blind) collected ($23.52)


PokerStars Hand #166649199557:  Hold'em Limit ($3/$6 USD) - 2017/02/23 9:24:04 ET
Table 'Arduina' 6-max Seat #6 is the button
Seat 3: bolbess ($217.37 in chips)
Seat 6: belik555 ($260.07 in chips)
belik555: posts small blind $1
bolbess: posts big blind $3
*** HOLE CARDS ***
belik555: raises $3 to $6
bolbess: calls $3
*** FLOP *** [8s Ah 5d]
bolbess: checks
belik555: bets $3
bolbess: calls $3
*** TURN *** [8s Ah 5d] [Th]
bolbess: checks
belik555: checks
*** RIVER *** [8s Ah 5d Th] [4h]
bolbess: checks
belik555: bets $6
bolbess: calls $6
*** SHOW DOWN ***
belik555: shows [Jc 8h] (a pair of Eights)
bolbess: mucks hand
belik555 collected $29.50 from pot
*** SUMMARY ***
Total pot $30 | Rake $0.50
Board [8s Ah 5d Th 4h]
Seat 3: bolbess (big blind) mucked
Seat 6: belik555 (button) (small blind) showed [Jc 8h] and won ($29.50) with a pair of Eights


PokerStars Hand #166649216091:  Hold'em Limit ($3/$6 USD) - 2017/02/23 9:24:31 ET
Table 'Arduina' 6-max Seat #3 is the button
Seat 3: bolbess ($202.37 in chips)
Seat 6: belik555 ($274.57 in chips)
bolbess: posts small blind $1
belik555: posts big blind $3
*** HOLE CARDS ***
bolbess: raises $3 to $6
belik555: calls $3
*** FLOP *** [9c 7s 7c]
belik555: checks
bolbess: bets $3
belik555: calls $3
*** TURN *** [9c 7s 7c] [Kh]
belik555: checks
bolbess: bets $6
belik555: folds
Uncalled bet ($6) returned to bolbess
bolbess collected $17.64 from pot
*** SUMMARY ***
Total pot $18 | Rake $0.36
Board [9c 7s 7c Kh]
Seat 3: bolbess (button) (small blind) collected ($17.64)
Seat 6: belik555 (big blind) folded on the Turn


PokerStars Hand #166649250747:  Hold'em Limit ($3/$6 USD) - 2017/02/23 9:25:26 ET
Table 'Arduina' 6-max Seat #3 is the button
Seat 3: bolbess ($232.17 in chips)
Seat 6: belik555 ($243.57 in chips)
bolbess: posts small blind $1
belik555: posts big blind $3
*** HOLE CARDS ***
bolbess: calls $2
belik555: raises $3 to $6
bolbess: calls $3
*** FLOP *** [6h Jc Js]
belik555: bets $3
bolbess: calls $3
*** TURN *** [6h Jc Js] [Kh]
belik555: checks
bolbess: bets $6
belik555: calls $6
*** RIVER *** [6h Jc Js Kh] [3s]
belik555: checks
bolbess: bets $6
belik555: calls $6
*** SHOW DOWN ***
bolbess: shows [Jd 4d] (three of a kind, Jacks)
belik555: mucks hand
bolbess collected $41.50 from pot
*** SUMMARY ***
Total pot $42 | Rake $0.50
Board [6h Jc Js Kh 3s]
Seat 3: bolbess (button) (small blind) showed [Jd 4d] and won ($41.50) with three of a kind, Jacks
Seat 6: belik555 (big blind) mucked


PokerStars Hand #166649247511:  Hold'em Limit ($3/$6 USD) - 2017/02/23 9:25:21 ET
Table 'Arduina' 6-max Seat #6 is the button
Seat 3: bolbess ($231.17 in chips)
Seat 6: belik555 ($244.57 in chips)
belik555: posts small blind $1
bolbess: posts big blind $3
*** HOLE CARDS ***
belik555: folds
Uncalled bet ($2) returned to bolbess
bolbess collected $2 from pot
bolbess: doesn't show hand
*** SUMMARY ***
Total pot $2 | Rake $0
Seat 3: bolbess (big blind) collected ($2)
Seat 6: belik555 (button) (small blind) folded before Flop


PokerStars Hand #166649238223:  Hold'em Limit ($3/$6 USD) - 2017/02/23 9:25:06 ET
Table 'Arduina' 6-max Seat #3 is the button
Seat 3: bolbess ($222.53 in chips)
Seat 6: belik555 ($253.57 in chips)
bolbess: posts small blind $1
belik555: posts big blind $3
*** HOLE CARDS ***
bolbess: raises $3 to $6
belik555: calls $3
*** FLOP *** [5c 3s 2c]
belik555: checks
bolbess: bets $3
belik555: calls $3
*** TURN *** [5c 3s 2c] [4c]
belik555: checks
bolbess: checks
*** RIVER *** [5c 3s 2c 4c] [8s]
belik555: checks
bolbess: checks
*** SHOW DOWN ***
belik555: shows [Ks 7d] (high card King)
bolbess: shows [4h Qs] (a pair of Fours)
bolbess collected $17.64 from pot
*** SUMMARY ***
Total pot $18 | Rake $0.36
Board [5c 3s 2c 4c 8s]
Seat 3: bolbess (button) (small blind) showed [4h Qs] and won ($17.64) with a pair of Fours
Seat 6: belik555 (big blind) showed [Ks 7d] and lost with high card King


PokerStars Hand #166649229308:  Hold'em Limit ($3/$6 USD) - 2017/02/23 9:24:52 ET
Table 'Arduina' 6-max Seat #6 is the button
Seat 3: bolbess ($211.01 in chips)
Seat 6: belik555 ($265.57 in chips)
belik555: posts small blind $1
bolbess: posts big blind $3
*** HOLE CARDS ***
belik555: raises $3 to $6
bolbess: raises $3 to $9
belik555: calls $3
*** FLOP *** [Ad 6s Qs]
bolbess: bets $3
belik555: calls $3
*** TURN *** [Ad 6s Qs] [6d]
bolbess: bets $6
belik555: folds
Uncalled bet ($6) returned to bolbess
bolbess collected $23.52 from pot
bolbess: doesn't show hand
*** SUMMARY ***
Total pot $24 | Rake $0.48
Board [Ad 6s Qs 6d]
Seat 3: bolbess (big blind) collected ($23.52)
Seat 6: belik555 (button) (small blind) folded on the Turn


PokerStars Hand #166649263427:  Hold'em Limit ($3/$6 USD) - 2017/02/23 9:25:46 ET
Table 'Arduina' 6-max Seat #6 is the button
Seat 3: bolbess ($252.67 in chips)
Seat 6: belik555 ($222.57 in chips)
belik555: posts small blind $1
bolbess: posts big blind $3
*** HOLE CARDS ***
belik555: raises $3 to $6
bolbess: calls $3
*** FLOP *** [Kd 4d Qd]
bolbess: checks
belik555: bets $3
bolbess: calls $3
*** TURN *** [Kd 4d Qd] [5s]
bolbess: checks
belik555: checks
*** RIVER *** [Kd 4d Qd 5s] [Jd]
bolbess: checks
belik555: bets $6
bolbess: calls $6
*** SHOW DOWN ***
belik555: shows [5c Td] (a flush, King high)
bolbess: mucks hand
belik555 collected $29.50 from pot
*** SUMMARY ***
Total pot $30 | Rake $0.50
Board [Kd 4d Qd 5s Jd]
Seat 3: bolbess (big blind) mucked
Seat 6: belik555 (button) (small blind) showed [5c Td] and won ($29.50) with a flush, King high


PokerStars Hand #166649277000:  Hold'em Limit ($3/$6 USD) - 2017/02/23 9:26:08 ET
Table 'Arduina' 6-max Seat #3 is the button
Seat 3: bolbess ($237.67 in chips)
Seat 6: belik555 ($237.07 in chips)
bolbess: posts small blind $1
belik555: posts big blind $3
*** HOLE CARDS ***
bolbess: raises $3 to $6
belik555: calls $3
*** FLOP *** [Ac Jd 5s]
belik555: checks
bolbess: bets $3
belik555: calls $3
*** TURN *** [Ac Jd 5s] [8h]
belik555: checks
bolbess: checks
*** RIVER *** [Ac Jd 5s 8h] [8s]
belik555: bets $6
bolbess: raises $6 to $12
belik555: raises $6 to $18
bolbess: calls $6
*** SHOW DOWN ***
belik555: shows [8d Kh] (three of a kind, Eights)
bolbess: mucks hand
belik555 collected $53.50 from pot
*** SUMMARY ***
Total pot $54 | Rake $0.50
Board [Ac Jd 5s 8h 8s]
Seat 3: bolbess (button) (small blind) mucked
Seat 6: belik555 (big blind) showed [8d Kh] and won ($53.50) with three of a kind, Eights


PokerStars Hand #166649306792:  Hold'em Limit ($3/$6 USD) - 2017/02/23 9:26:55 ET
Table 'Arduina' 6-max Seat #3 is the button
Seat 3: bolbess ($211.67 in chips)
Seat 6: belik555 ($262.57 in chips)
bolbess: posts small blind $1
belik555: posts big blind $3
*** HOLE CARDS ***
bolbess: raises $3 to $6
belik555: calls $3
*** FLOP *** [5d Ac 7h]
belik555: checks
bolbess: bets $3
belik555: calls $3
*** TURN *** [5d Ac 7h] [6h]
belik555: checks
bolbess: bets $6
belik555: folds
Uncalled bet ($6) returned to bolbess
bolbess collected $17.64 from pot
bolbess: doesn't show hand
*** SUMMARY ***
Total pot $18 | Rake $0.36
Board [5d Ac 7h 6h]
Seat 3: bolbess (button) (small blind) collected ($17.64)
Seat 6: belik555 (big blind) folded on the Turn


PokerStars Hand #166649300318:  Hold'em Limit ($3/$6 USD) - 2017/02/23 9:26:45 ET
Table 'Arduina' 6-max Seat #6 is the button
Seat 3: bolbess ($210.67 in chips)
Seat 6: belik555 ($263.57 in chips)
belik555: posts small blind $1
bolbess: posts big blind $3
*** HOLE CARDS ***
belik555: folds
Uncalled bet ($2) returned to bolbess
bolbess collected $2 from pot
bolbess: doesn't show hand
*** SUMMARY ***
Total pot $2 | Rake $0
Seat 3: bolbess (big blind) collected ($2)
Seat 6: belik555 (button) (small blind) folded before Flop


PokerStars Hand #166649315638:  Hold'em Limit ($3/$6 USD) - 2017/02/23 9:27:09 ET
Table 'Arduina' 6-max Seat #6 is the button
Seat 3: bolbess ($220.31 in chips)
Seat 6: belik555 ($253.57 in chips)
belik555: posts small blind $1
bolbess: posts big blind $3
*** HOLE CARDS ***
belik555: raises $3 to $6
bolbess: calls $3
*** FLOP *** [Ac Ad As]
bolbess: checks
belik555: bets $3
bolbess: folds
Uncalled bet ($3) returned to belik555
belik555 collected $11.76 from pot
belik555: doesn't show hand
*** SUMMARY ***
Total pot $12 | Rake $0.24
Board [Ac Ad As]
Seat 3: bolbess (big blind) folded on the Flop
Seat 6: belik555 (button) (small blind) collected ($11.76)


PokerStars Hand #166649323087:  Hold'em Limit ($3/$6 USD) - 2017/02/23 9:27:20 ET
Table 'Arduina' 6-max Seat #3 is the button
Seat 3: bolbess ($214.31 in chips)
Seat 6: belik555 ($259.33 in chips)
bolbess: posts small blind $1
belik555: posts big blind $3
*** HOLE CARDS ***
bolbess: raises $3 to $6
belik555: raises $3 to $9
bolbess: calls $3
*** FLOP *** [Ts Th 7h]
belik555: bets $3
bolbess: calls $3
*** TURN *** [Ts Th 7h] [7s]
belik555: bets $6
bolbess: calls $6
*** RIVER *** [Ts Th 7h 7s] [7d]
belik555: bets $6
bolbess: raises $6 to $12
belik555: calls $6
*** SHOW DOWN ***
bolbess: shows [Ks Td] (a full house, Tens full of Sevens)
belik555: mucks hand
bolbess collected $59.50 from pot
*** SUMMARY ***
Total pot $60 | Rake $0.50
Board [Ts Th 7h 7s 7d]
Seat 3: bolbess (button) (small blind) showed [Ks Td] and won ($59.50) with a full house, Tens full of Sevens
Seat 6: belik555 (big blind) mucked


PokerStars Hand #166649351745:  Hold'em Limit ($3/$6 USD) - 2017/02/23 9:28:06 ET
Table 'Arduina' 6-max Seat #6 is the button
Seat 3: bolbess ($243.81 in chips)
Seat 6: belik555 ($229.33 in chips)
belik555: posts small blind $1
bolbess: posts big blind $3
*** HOLE CARDS ***
belik555: raises $3 to $6
bolbess: raises $3 to $9
belik555: calls $3
*** FLOP *** [5d 4d Jc]
bolbess: bets $3
mexan086 joins the table at seat #2
belik555: calls $3
*** TURN *** [5d 4d Jc] [5h]
bolbess: bets $6
belik555: calls $6
*** RIVER *** [5d 4d Jc 5h] [Ts]
bolbess: bets $6
belik555: calls $6
*** SHOW DOWN ***
bolbess: shows [Ac As] (two pair, Aces and Fives)
belik555: mucks hand
bolbess collected $47.50 from pot
*** SUMMARY ***
Total pot $48 | Rake $0.50
Board [5d 4d Jc 5h Ts]
Seat 3: bolbess (big blind) showed [Ac As] and won ($47.50) with two pair, Aces and Fives
Seat 6: belik555 (button) (small blind) mucked


PokerStars Hand #166649371325:  Hold'em Limit ($3/$6 USD) - 2017/02/23 9:28:37 ET
Table 'Arduina' 6-max Seat #3 is the button
Seat 3: bolbess ($267.31 in chips)
Seat 6: belik555 ($205.33 in chips)
bolbess: posts small blind $1
belik555: posts big blind $3
*** HOLE CARDS ***
bolbess: raises $3 to $6
belik555: calls $3
*** FLOP *** [4s 5h 6d]
belik555: checks
bolbess: checks
*** TURN *** [4s 5h 6d] [Qs]
belik555: bets $6
bolbess: calls $6
*** RIVER *** [4s 5h 6d Qs] [2d]
belik555: bets $6
bolbess: folds
Uncalled bet ($6) returned to belik555
belik555 collected $23.52 from pot
belik555: doesn't show hand
*** SUMMARY ***
Total pot $24 | Rake $0.48
Board [4s 5h 6d Qs 2d]
Seat 3: bolbess (button) (small blind) folded on the River
Seat 6: belik555 (big blind) collected ($23.52)


PokerStars Hand #166652923865:  Hold'em Limit ($3/$6 USD) - 2017/02/23 10:59:52 ET
Table 'Arduina' 6-max Seat #4 is the button
Seat 4: Spriysugen ($95.08 in chips)
Seat 6: B_loJkl ($126 in chips)
Spriysugen: posts small blind $1
Sirocko: is sitting out
B_loJkl: posts big blind $3
*** HOLE CARDS ***
Spriysugen: folds
Uncalled bet ($2) returned to B_loJkl
B_loJkl collected $2 from pot
B_loJkl: doesn't show hand
*** SUMMARY ***
Total pot $2 | Rake $0
Seat 4: Spriysugen (button) (small blind) folded before Flop
Seat 6: B_loJkl (big blind) collected ($2)


PokerStars Hand #166652935497:  Hold'em Limit ($3/$6 USD) - 2017/02/23 11:00:11 ET
Table 'Arduina' 6-max Seat #4 is the button
Seat 4: Spriysugen ($102.72 in chips)
Seat 6: B_loJkl ($118 in chips)
Spriysugen: posts small blind $1
pulvris joins the table at seat #1
B_loJkl: posts big blind $3
*** HOLE CARDS ***
Spriysugen: folds
Uncalled bet ($2) returned to B_loJkl
B_loJkl collected $2 from pot
B_loJkl: doesn't show hand
*** SUMMARY ***
Total pot $2 | Rake $0
Seat 4: Spriysugen (button) (small blind) folded before Flop
Seat 6: B_loJkl (big blind) collected ($2)


PokerStars Hand #166652927000:  Hold'em Limit ($3/$6 USD) - 2017/02/23 10:59:57 ET
Table 'Arduina' 6-max Seat #6 is the button
Seat 4: Spriysugen ($94.08 in chips)
Seat 6: B_loJkl ($127 in chips)
B_loJkl: posts small blind $1
Spriysugen: posts big blind $3
*** HOLE CARDS ***
B_loJkl: raises $3 to $6
Spriysugen: raises $3 to $9
B_loJkl: calls $3
*** FLOP *** [4c Ac Td]
Spriysugen: bets $3
B_loJkl: folds
Uncalled bet ($3) returned to Spriysugen
Sirocko leaves the table
Spriysugen collected $17.64 from pot
*** SUMMARY ***
Total pot $18 | Rake $0.36
Board [4c Ac Td]
Seat 4: Spriysugen (big blind) collected ($17.64)
Seat 6: B_loJkl (button) (small blind) folded on the Flop


PokerStars Hand #166652958603:  Hold'em Limit ($3/$6 USD) - 2017/02/23 11:00:49 ET
Table 'Arduina' 6-max Seat #6 is the button
Seat 1: pulvris ($35.60 in chips)
Seat 6: B_loJkl ($112.88 in chips)
B_loJkl: posts small blind $1
pulvris: posts big blind $3
*** HOLE CARDS ***
B_loJkl: folds
Uncalled bet ($2) returned to pulvris
pulvris collected $2 from pot
*** SUMMARY ***
Total pot $2 | Rake $0
Seat 1: pulvris (big blind) collected ($2)
Seat 6: B_loJkl (button) (small blind) folded before Flop


PokerStars Hand #166652952561:  Hold'em Limit ($3/$6 USD) - 2017/02/23 11:00:39 ET
Table 'Arduina' 6-max Seat #1 is the button
Seat 1: pulvris ($38.60 in chips)
Seat 6: B_loJkl ($110 in chips)
pulvris: posts small blind $1
B_loJkl: posts big blind $3
*** HOLE CARDS ***
pulvris: calls $2
B_loJkl: checks
*** FLOP *** [Jc 9s 2h]
B_loJkl: bets $3
belik555 joins the table at seat #2
pulvris: folds
Uncalled bet ($3) returned to B_loJkl
B_loJkl collected $5.88 from pot
B_loJkl: doesn't show hand
*** SUMMARY ***
Total pot $6 | Rake $0.12
Board [Jc 9s 2h]
Seat 1: pulvris (button) (small blind) folded on the Flop
Seat 6: B_loJkl (big blind) collected ($5.88)


PokerStars Hand #166652987655:  Hold'em Limit ($3/$6 USD) - 2017/02/23 11:01:23 ET
Table 'Arduina' 6-max Seat #2 is the button
Seat 1: pulvris ($30.60 in chips)
Seat 2: belik555 ($95.64 in chips)
belik555: posts small blind $1
B_loJkl: is sitting out
pulvris: posts big blind $3
*** HOLE CARDS ***
B_loJkl leaves the table
belik555: raises $3 to $6
B_loJkl joins the table at seat #3
pulvris: calls $3
*** FLOP *** [Jh 8c Ks]
pulvris: checks
belik555: bets $3
pulvris: calls $3
*** TURN *** [Jh 8c Ks] [6d]
pulvris: checks
belik555: bets $6
pulvris: calls $6
*** RIVER *** [Jh 8c Ks 6d] [7h]
pulvris: checks
tttzzz joins the table at seat #4
belik555: bets $6
pulvris: calls $6
*** SHOW DOWN ***
belik555: shows [7d Kh] (two pair, Kings and Sevens)
pulvris: mucks hand
belik555 collected $41.50 from pot
*** SUMMARY ***
Total pot $42 | Rake $0.50
Board [Jh 8c Ks 6d 7h]
Seat 1: pulvris (big blind) mucked
Seat 2: belik555 (button) (small blind) showed [7d Kh] and won ($41.50) with two pair, Kings and Sevens


PokerStars Hand #166653009483:  Hold'em Limit ($3/$6 USD) - 2017/02/23 11:01:56 ET
Table 'Arduina' 6-max Seat #1 is the button
Seat 1: pulvris ($9.60 in chips)
Seat 2: belik555 ($116.14 in chips)
pulvris: posts small blind $1
belik555: posts big blind $3
*** HOLE CARDS ***
pulvris: calls $2
belik555: raises $3 to $6
pulvris: calls $3
*** FLOP *** [Qd 7d 7s]
belik555: bets $3
pulvris: raises $0.60 to $3.60 and is all-in
belik555: calls $0.60
*** TURN *** [Qd 7d 7s] [Qc]
*** RIVER *** [Qd 7d 7s Qc] [3h]
*** SHOW DOWN ***
belik555: shows [9h Kd] (two pair, Queens and Sevens)
pulvris: shows [4c 8c] (two pair, Queens and Sevens - lower kicker)
belik555 collected $18.82 from pot
*** SUMMARY ***
Total pot $19.20 | Rake $0.38
Board [Qd 7d 7s Qc 3h]
Seat 1: pulvris (button) (small blind) showed [4c 8c] and lost with two pair, Queens and Sevens
Seat 2: belik555 (big blind) showed [9h Kd] and won ($18.82) with two pair, Queens and Sevens


