PokerStars Hand #174648704623:  Hold'em Limit ($3/$6 USD) - 2017/08/22 8:07:54 ET
Table 'Arduina' 6-max Seat #4 is the button
Seat 4: VolkovDmitri ($134.50 in chips)
Seat 6: harrydonkey ($105 in chips)
VolkovDmitri: posts small blind $1
harrydonkey: posts big blind $3
*** HOLE CARDS ***
VolkovDmitri: raises $3 to $6
harrydonkey: calls $3
*** FLOP *** [7s 2h Ad]
harrydonkey: checks
VolkovDmitri: bets $3
harrydonkey: folds
Uncalled bet ($3) returned to VolkovDmitri
VolkovDmitri collected $11.76 from pot
VolkovDmitri: doesn't show hand
*** SUMMARY ***
Total pot $12 | Rake $0.24
Board [7s 2h Ad]
Seat 4: VolkovDmitri (button) (small blind) collected ($11.76)
Seat 6: harrydonkey (big blind) folded on the Flop


PokerStars Hand #174648689092:  Hold'em Limit ($3/$6 USD) - 2017/08/22 8:07:18 ET
Table 'Arduina' 6-max Seat #6 is the button
Seat 4: VolkovDmitri ($120 in chips)
Seat 6: harrydonkey ($120 in chips)
harrydonkey: posts small blind $1
VolkovDmitri: posts big blind $3
*** HOLE CARDS ***
Mordnilap joins the table at seat #1
harrydonkey: calls $2
VolkovDmitri: raises $3 to $6
harrydonkey: calls $3
*** FLOP *** [Js 8h 9h]
VolkovDmitri: bets $3
harrydonkey: calls $3
*** TURN *** [Js 8h 9h] [Td]
VolkovDmitri: bets $6
harrydonkey: calls $6
*** RIVER *** [Js 8h 9h Td] [3d]
VolkovDmitri: bets $6
harrydonkey: folds
Uncalled bet ($6) returned to VolkovDmitri
VolkovDmitri collected $29.50 from pot
VolkovDmitri: doesn't show hand
*** SUMMARY ***
Total pot $30 | Rake $0.50
Board [Js 8h 9h Td 3d]
Seat 4: VolkovDmitri (big blind) collected ($29.50)
Seat 6: harrydonkey (button) (small blind) folded on the River


