PokerStars Hand #150170412560:  Hold'em Limit ($3/$6 USD) - 2016/03/11 3:12:07 ET
Table 'Arduina' 6-max Seat #1 is the button
Seat 1: LifeisagameX ($69.64 in chips)
Seat 2: WavesNight01 ($40 in chips)
LifeisagameX: posts small blind $1
WavesNight01: posts big blind $3
*** HOLE CARDS ***
LifeisagameX: raises $3 to $6
WavesNight01: calls $3
*** FLOP *** [Kh 7s Jd]
WavesNight01: checks
LifeisagameX: bets $3
WavesNight01: raises $3 to $6
LifeisagameX: calls $3
*** TURN *** [Kh 7s Jd] [2d]
WavesNight01: bets $6
LifeisagameX: calls $6
*** RIVER *** [Kh 7s Jd 2d] [Ts]
WavesNight01: checks
LifeisagameX: checks
*** SHOW DOWN ***
WavesNight01: shows [3c 2c] (a pair of Deuces)
LifeisagameX: shows [Ac 2h] (a pair of Deuces - Ace kicker)
LifeisagameX collected $35.50 from pot
*** SUMMARY ***
Total pot $36 | Rake $0.50
Board [Kh 7s Jd 2d Ts]
Seat 1: LifeisagameX (button) (small blind) showed [Ac 2h] and won ($35.50) with a pair of Deuces
Seat 2: WavesNight01 (big blind) showed [3c 2c] and lost with a pair of Deuces


PokerStars Hand #150170400399:  Hold'em Limit ($3/$6 USD) - 2016/03/11 3:11:29 ET
Table 'Arduina' 6-max Seat #1 is the button
Seat 1: LifeisagameX ($60 in chips)
Seat 2: WavesNight01 ($50 in chips)
LifeisagameX: posts small blind $1
WavesNight01: posts big blind $3
*** HOLE CARDS ***
LifeisagameX: raises $3 to $6
WavesNight01: calls $3
*** FLOP *** [Jd Tc 7d]
WavesNight01: checks
LifeisagameX: bets $3
WavesNight01: calls $3
*** TURN *** [Jd Tc 7d] [Qh]
WavesNight01: checks
LifeisagameX: bets $6
WavesNight01: folds
Uncalled bet ($6) returned to LifeisagameX
LifeisagameX collected $17.64 from pot
LifeisagameX: doesn't show hand
*** SUMMARY ***
Total pot $18 | Rake $0.36
Board [Jd Tc 7d Qh]
Seat 1: LifeisagameX (button) (small blind) collected ($17.64)
Seat 2: WavesNight01 (big blind) folded on the Turn


PokerStars Hand #150170411087:  Hold'em Limit ($3/$6 USD) - 2016/03/11 3:12:02 ET
Table 'Arduina' 6-max Seat #2 is the button
Seat 1: LifeisagameX ($68.64 in chips)
Seat 2: WavesNight01 ($41 in chips)
WavesNight01: posts small blind $1
LifeisagameX: posts big blind $3
*** HOLE CARDS ***
WavesNight01: folds
Uncalled bet ($2) returned to LifeisagameX
LifeisagameX collected $2 from pot
LifeisagameX: doesn't show hand
*** SUMMARY ***
Total pot $2 | Rake $0
Seat 1: LifeisagameX (big blind) collected ($2)
Seat 2: WavesNight01 (button) (small blind) folded before Flop


PokerStars Hand #150170420045:  Hold'em Limit ($3/$6 USD) - 2016/03/11 3:12:29 ET
Table 'Arduina' 6-max Seat #2 is the button
Seat 1: LifeisagameX ($87.14 in chips)
Seat 2: WavesNight01 ($22 in chips)
WavesNight01: posts small blind $1
LifeisagameX: posts big blind $3
*** HOLE CARDS ***
WavesNight01: raises $3 to $6
LifeisagameX: calls $3
*** FLOP *** [Kc 9h Qs]
LifeisagameX: checks
WavesNight01: bets $3
LifeisagameX: raises $3 to $6
WavesNight01: folds
Uncalled bet ($3) returned to LifeisagameX
LifeisagameX collected $17.64 from pot
LifeisagameX: doesn't show hand
*** SUMMARY ***
Total pot $18 | Rake $0.36
Board [Kc 9h Qs]
Seat 1: LifeisagameX (big blind) collected ($17.64)
Seat 2: WavesNight01 (button) (small blind) folded on the Flop


PokerStars Hand #150170424145:  Hold'em Limit ($3/$6 USD) - 2016/03/11 3:12:42 ET
Table 'Arduina' 6-max Seat #1 is the button
Seat 1: LifeisagameX ($95.78 in chips)
Seat 2: WavesNight01 ($13 in chips)
LifeisagameX: posts small blind $1
WavesNight01: posts big blind $3
*** HOLE CARDS ***
LifeisagameX: raises $3 to $6
WavesNight01: folds
Uncalled bet ($3) returned to LifeisagameX
LifeisagameX collected $6 from pot
LifeisagameX: doesn't show hand
*** SUMMARY ***
Total pot $6 | Rake $0
Seat 1: LifeisagameX (button) (small blind) collected ($6)
Seat 2: WavesNight01 (big blind) folded before Flop


PokerStars Hand #150170428357:  Hold'em Limit ($3/$6 USD) - 2016/03/11 3:12:55 ET
Table 'Arduina' 6-max Seat #2 is the button
Seat 1: LifeisagameX ($98.78 in chips)
Seat 2: WavesNight01 ($60 in chips)
WavesNight01: posts small blind $1
LifeisagameX: posts big blind $3
*** HOLE CARDS ***
WavesNight01: raises $3 to $6
LifeisagameX: calls $3
*** FLOP *** [Ac Qh Jh]
LifeisagameX: checks
WavesNight01: bets $3
LifeisagameX: raises $3 to $6
WavesNight01: calls $3
*** TURN *** [Ac Qh Jh] [7d]
LifeisagameX: checks
WavesNight01: bets $6
LifeisagameX: calls $6
*** RIVER *** [Ac Qh Jh 7d] [Jc]
LifeisagameX: checks
WavesNight01: bets $6
LifeisagameX: calls $6
*** SHOW DOWN ***
WavesNight01: shows [4h Th] (a pair of Jacks)
LifeisagameX: shows [Kh 8c] (a pair of Jacks - Ace+King kicker)
LifeisagameX collected $47.50 from pot
*** SUMMARY ***
Total pot $48 | Rake $0.50
Board [Ac Qh Jh 7d Jc]
Seat 1: LifeisagameX (big blind) showed [Kh 8c] and won ($47.50) with a pair of Jacks
Seat 2: WavesNight01 (button) (small blind) showed [4h Th] and lost with a pair of Jacks


PokerStars Hand #150170439811:  Hold'em Limit ($3/$6 USD) - 2016/03/11 3:13:30 ET
Table 'Arduina' 6-max Seat #1 is the button
Seat 1: LifeisagameX ($122.28 in chips)
Seat 2: WavesNight01 ($36 in chips)
LifeisagameX: posts small blind $1
WavesNight01: posts big blind $3
*** HOLE CARDS ***
LifeisagameX: raises $3 to $6
WavesNight01: folds
Uncalled bet ($3) returned to LifeisagameX
LifeisagameX collected $6 from pot
LifeisagameX: doesn't show hand
*** SUMMARY ***
Total pot $6 | Rake $0
Seat 1: LifeisagameX (button) (small blind) collected ($6)
Seat 2: WavesNight01 (big blind) folded before Flop


PokerStars Hand #150170441976:  Hold'em Limit ($3/$6 USD) - 2016/03/11 3:13:36 ET
Table 'Arduina' 6-max Seat #2 is the button
Seat 1: LifeisagameX ($125.28 in chips)
Seat 2: WavesNight01 ($33 in chips)
WavesNight01: posts small blind $1
LifeisagameX: posts big blind $3
*** HOLE CARDS ***
WavesNight01: raises $3 to $6
LifeisagameX: calls $3
*** FLOP *** [5s 3c 7c]
LifeisagameX: checks
WavesNight01: checks
*** TURN *** [5s 3c 7c] [9c]
LifeisagameX: bets $6
WavesNight01: calls $6
*** RIVER *** [5s 3c 7c 9c] [Qc]
LifeisagameX: checks
WavesNight01: bets $6
LifeisagameX: calls $6
*** SHOW DOWN ***
WavesNight01: shows [Jh Tc] (a flush, Queen high)
LifeisagameX: mucks hand
WavesNight01 collected $35.50 from pot
*** SUMMARY ***
Total pot $36 | Rake $0.50
Board [5s 3c 7c 9c Qc]
Seat 1: LifeisagameX (big blind) mucked
Seat 2: WavesNight01 (button) (small blind) showed [Jh Tc] and won ($35.50) with a flush, Queen high


PokerStars Hand #150170453418:  Hold'em Limit ($3/$6 USD) - 2016/03/11 3:14:12 ET
Table 'Arduina' 6-max Seat #1 is the button
Seat 1: LifeisagameX ($107.28 in chips)
Seat 2: WavesNight01 ($50.50 in chips)
LifeisagameX: posts small blind $1
WavesNight01: posts big blind $3
*** HOLE CARDS ***
LifeisagameX: raises $3 to $6
WavesNight01: raises $3 to $9
LifeisagameX: calls $3
*** FLOP *** [3c Qc Ks]
WavesNight01: bets $3
LifeisagameX: calls $3
*** TURN *** [3c Qc Ks] [Ad]
WavesNight01: checks
LifeisagameX: bets $6
WavesNight01: calls $6
*** RIVER *** [3c Qc Ks Ad] [3d]
WavesNight01: checks
LifeisagameX: bets $6
WavesNight01: calls $6
*** SHOW DOWN ***
LifeisagameX: shows [Qh Jd] (two pair, Queens and Threes)
WavesNight01: shows [2c Qd] (two pair, Queens and Threes)
WavesNight01 collected $23.75 from pot
LifeisagameX collected $23.75 from pot
*** SUMMARY ***
Total pot $48 | Rake $0.50
Board [3c Qc Ks Ad 3d]
Seat 1: LifeisagameX (button) (small blind) showed [Qh Jd] and won ($23.75) with two pair, Queens and Threes
Seat 2: WavesNight01 (big blind) showed [2c Qd] and won ($23.75) with two pair, Queens and Threes


PokerStars Hand #150170463522:  Hold'em Limit ($3/$6 USD) - 2016/03/11 3:14:43 ET
Table 'Arduina' 6-max Seat #2 is the button
Seat 1: LifeisagameX ($107.03 in chips)
Seat 2: WavesNight01 ($50.25 in chips)
WavesNight01: posts small blind $1
LifeisagameX: posts big blind $3
*** HOLE CARDS ***
WavesNight01: raises $3 to $6
LifeisagameX: raises $3 to $9
WavesNight01: calls $3
*** FLOP *** [3d Ah 8d]
LifeisagameX: bets $3
WavesNight01: calls $3
*** TURN *** [3d Ah 8d] [9h]
LifeisagameX: checks
WavesNight01: bets $6
LifeisagameX: calls $6
*** RIVER *** [3d Ah 8d 9h] [Ts]
LifeisagameX: checks
WavesNight01: checks
*** SHOW DOWN ***
LifeisagameX: shows [8c Jc] (a pair of Eights)
WavesNight01: mucks hand
LifeisagameX collected $35.50 from pot
*** SUMMARY ***
Total pot $36 | Rake $0.50
Board [3d Ah 8d 9h Ts]
Seat 1: LifeisagameX (big blind) showed [8c Jc] and won ($35.50) with a pair of Eights
Seat 2: WavesNight01 (button) (small blind) mucked


PokerStars Hand #150170480253:  Hold'em Limit ($3/$6 USD) - 2016/03/11 3:15:34 ET
Table 'Arduina' 6-max Seat #2 is the button
Seat 1: LifeisagameX ($136.05 in chips)
Seat 2: WavesNight01 ($20.25 in chips)
WavesNight01: posts small blind $1
LifeisagameX: posts big blind $3
*** HOLE CARDS ***
WavesNight01: raises $3 to $6
LifeisagameX: calls $3
*** FLOP *** [7c Qd 6s]
LifeisagameX: checks
WavesNight01: bets $3
LifeisagameX: calls $3
*** TURN *** [7c Qd 6s] [Qc]
LifeisagameX: checks
WavesNight01: checks
*** RIVER *** [7c Qd 6s Qc] [2c]
LifeisagameX: bets $6
WavesNight01: calls $6
*** SHOW DOWN ***
LifeisagameX: shows [Jc 6d] (two pair, Queens and Sixes)
WavesNight01: mucks hand
LifeisagameX collected $29.50 from pot
*** SUMMARY ***
Total pot $30 | Rake $0.50
Board [7c Qd 6s Qc 2c]
Seat 1: LifeisagameX (big blind) showed [Jc 6d] and won ($29.50) with two pair, Queens and Sixes
Seat 2: WavesNight01 (button) (small blind) mucked


PokerStars Hand #150170496741:  Hold'em Limit ($3/$6 USD) - 2016/03/11 3:16:24 ET
Table 'Arduina' 6-max Seat #2 is the button
Seat 1: LifeisagameX ($155.59 in chips)
Seat 2: WavesNight01 ($100 in chips)
WavesNight01: posts small blind $1
LifeisagameX: posts big blind $3
*** HOLE CARDS ***
WavesNight01: folds
Uncalled bet ($2) returned to LifeisagameX
LifeisagameX collected $2 from pot
LifeisagameX: doesn't show hand
*** SUMMARY ***
Total pot $2 | Rake $0
Seat 1: LifeisagameX (big blind) collected ($2)
Seat 2: WavesNight01 (button) (small blind) folded before Flop


PokerStars Hand #150170487607:  Hold'em Limit ($3/$6 USD) - 2016/03/11 3:15:56 ET
Table 'Arduina' 6-max Seat #1 is the button
Seat 1: LifeisagameX ($150.55 in chips)
Seat 2: WavesNight01 ($5.25 in chips)
LifeisagameX: posts small blind $1
WavesNight01: posts big blind $3
*** HOLE CARDS ***
LifeisagameX: raises $3 to $6
WavesNight01: calls $2.25 and is all-in
Uncalled bet ($0.75) returned to LifeisagameX
*** FLOP *** [Qd 3h Ts]
*** TURN *** [Qd 3h Ts] [4s]
*** RIVER *** [Qd 3h Ts 4s] [Kd]
*** SHOW DOWN ***
WavesNight01: shows [7d 5h] (high card King)
LifeisagameX: shows [6s Kc] (a pair of Kings)
LifeisagameX collected $10.29 from pot
*** SUMMARY ***
Total pot $10.50 | Rake $0.21
Board [Qd 3h Ts 4s Kd]
Seat 1: LifeisagameX (button) (small blind) showed [6s Kc] and won ($10.29) with a pair of Kings
Seat 2: WavesNight01 (big blind) showed [7d 5h] and lost with high card King


PokerStars Hand #150170501515:  Hold'em Limit ($3/$6 USD) - 2016/03/11 3:16:38 ET
Table 'Arduina' 6-max Seat #2 is the button
Seat 1: LifeisagameX ($159.59 in chips)
Seat 2: WavesNight01 ($96 in chips)
WavesNight01: posts small blind $1
LifeisagameX: posts big blind $3
*** HOLE CARDS ***
WavesNight01: raises $3 to $6
LifeisagameX: raises $3 to $9
WavesNight01: raises $3 to $12
Betting is capped
LifeisagameX: calls $3
*** FLOP *** [Jc Ts 2c]
LifeisagameX: checks
WavesNight01: bets $3
LifeisagameX: calls $3
*** TURN *** [Jc Ts 2c] [8c]
LifeisagameX: checks
WavesNight01: checks
*** RIVER *** [Jc Ts 2c 8c] [Jd]
LifeisagameX: bets $6
WavesNight01: calls $6
*** SHOW DOWN ***
LifeisagameX: shows [8s As] (two pair, Jacks and Eights)
WavesNight01: mucks hand
LifeisagameX collected $41.50 from pot
*** SUMMARY ***
Total pot $42 | Rake $0.50
Board [Jc Ts 2c 8c Jd]
Seat 1: LifeisagameX (big blind) showed [8s As] and won ($41.50) with two pair, Jacks and Eights
Seat 2: WavesNight01 (button) (small blind) mucked


PokerStars Hand #150170498793:  Hold'em Limit ($3/$6 USD) - 2016/03/11 3:16:30 ET
Table 'Arduina' 6-max Seat #1 is the button
Seat 1: LifeisagameX ($156.59 in chips)
Seat 2: WavesNight01 ($99 in chips)
LifeisagameX: posts small blind $1
WavesNight01: posts big blind $3
*** HOLE CARDS ***
LifeisagameX: raises $3 to $6
WavesNight01: folds
Uncalled bet ($3) returned to LifeisagameX
LifeisagameX collected $6 from pot
LifeisagameX: doesn't show hand
*** SUMMARY ***
Total pot $6 | Rake $0
Seat 1: LifeisagameX (button) (small blind) collected ($6)
Seat 2: WavesNight01 (big blind) folded before Flop


PokerStars Hand #150170524050:  Hold'em Limit ($3/$6 USD) - 2016/03/11 3:17:46 ET
Table 'Arduina' 6-max Seat #2 is the button
Seat 1: LifeisagameX ($197.59 in chips)
Seat 2: WavesNight01 ($57 in chips)
WavesNight01: posts small blind $1
LifeisagameX: posts big blind $3
*** HOLE CARDS ***
WavesNight01: raises $3 to $6
LifeisagameX: calls $3
*** FLOP *** [6h Js 5s]
LifeisagameX: checks
WavesNight01: bets $3
LifeisagameX: calls $3
*** TURN *** [6h Js 5s] [Qc]
LifeisagameX: checks
WavesNight01: bets $6
LifeisagameX: calls $6
*** RIVER *** [6h Js 5s Qc] [Kc]
LifeisagameX: checks
WavesNight01: bets $6
LifeisagameX: calls $6
*** SHOW DOWN ***
WavesNight01: shows [Ks Jd] (two pair, Kings and Jacks)
LifeisagameX: mucks hand
WavesNight01 collected $41.50 from pot
*** SUMMARY ***
Total pot $42 | Rake $0.50
Board [6h Js 5s Qc Kc]
Seat 1: LifeisagameX (big blind) mucked
Seat 2: WavesNight01 (button) (small blind) showed [Ks Jd] and won ($41.50) with two pair, Kings and Jacks


PokerStars Hand #150170511888:  Hold'em Limit ($3/$6 USD) - 2016/03/11 3:17:09 ET
Table 'Arduina' 6-max Seat #1 is the button
Seat 1: LifeisagameX ($180.09 in chips)
Seat 2: WavesNight01 ($75 in chips)
LifeisagameX: posts small blind $1
WavesNight01: posts big blind $3
*** HOLE CARDS ***
LifeisagameX: raises $3 to $6
WavesNight01: calls $3
*** FLOP *** [2s Qd 8s]
WavesNight01: checks
LifeisagameX: checks
*** TURN *** [2s Qd 8s] [5d]
WavesNight01: bets $6
LifeisagameX: raises $6 to $12
WavesNight01: calls $6
*** RIVER *** [2s Qd 8s 5d] [2h]
WavesNight01: checks
LifeisagameX: checks
*** SHOW DOWN ***
WavesNight01: shows [3d 7d] (a pair of Deuces)
LifeisagameX: shows [Ad 4d] (a pair of Deuces - Ace kicker)
LifeisagameX collected $35.50 from pot
*** SUMMARY ***
Total pot $36 | Rake $0.50
Board [2s Qd 8s 5d 2h]
Seat 1: LifeisagameX (button) (small blind) showed [Ad 4d] and won ($35.50) with a pair of Deuces
Seat 2: WavesNight01 (big blind) showed [3d 7d] and lost with a pair of Deuces


PokerStars Hand #150170549894:  Hold'em Limit ($3/$6 USD) - 2016/03/11 3:19:04 ET
Table 'Arduina' 6-max Seat #1 is the button
Seat 1: LifeisagameX ($214.59 in chips)
Seat 2: WavesNight01 ($38.50 in chips)
LifeisagameX: posts small blind $1
WavesNight01: posts big blind $3
*** HOLE CARDS ***
LifeisagameX: raises $3 to $6
WavesNight01: calls $3
*** FLOP *** [5s Td 3h]
WavesNight01: checks
LifeisagameX: bets $3
WavesNight01: calls $3
*** TURN *** [5s Td 3h] [8c]
WavesNight01: checks
LifeisagameX: bets $6
WavesNight01: folds
Uncalled bet ($6) returned to LifeisagameX
LifeisagameX collected $17.64 from pot
LifeisagameX: doesn't show hand
*** SUMMARY ***
Total pot $18 | Rake $0.36
Board [5s Td 3h 8c]
Seat 1: LifeisagameX (button) (small blind) collected ($17.64)
Seat 2: WavesNight01 (big blind) folded on the Turn


PokerStars Hand #150170532648:  Hold'em Limit ($3/$6 USD) - 2016/03/11 3:18:12 ET
Table 'Arduina' 6-max Seat #1 is the button
Seat 1: LifeisagameX ($176.59 in chips)
Seat 2: WavesNight01 ($77.50 in chips)
LifeisagameX: posts small blind $1
WavesNight01: posts big blind $3
*** HOLE CARDS ***
LifeisagameX: raises $3 to $6
WavesNight01: calls $3
*** FLOP *** [4c 7d As]
WavesNight01: checks
LifeisagameX: bets $3
WavesNight01: raises $3 to $6
LifeisagameX: calls $3
*** TURN *** [4c 7d As] [2d]
WavesNight01: checks
LifeisagameX: bets $6
WavesNight01: calls $6
*** RIVER *** [4c 7d As 2d] [3c]
WavesNight01: checks
LifeisagameX: bets $6
WavesNight01: folds
Uncalled bet ($6) returned to LifeisagameX
LifeisagameX collected $35.50 from pot
LifeisagameX: doesn't show hand
*** SUMMARY ***
Total pot $36 | Rake $0.50
Board [4c 7d As 2d 3c]
Seat 1: LifeisagameX (button) (small blind) collected ($35.50)
Seat 2: WavesNight01 (big blind) folded on the River


PokerStars Hand #150170554927:  Hold'em Limit ($3/$6 USD) - 2016/03/11 3:19:19 ET
Table 'Arduina' 6-max Seat #2 is the button
Seat 1: LifeisagameX ($223.23 in chips)
Seat 2: WavesNight01 ($29.50 in chips)
WavesNight01: posts small blind $1
LifeisagameX: posts big blind $3
*** HOLE CARDS ***
WavesNight01: raises $3 to $6
LifeisagameX: calls $3
*** FLOP *** [5s 4h 4d]
LifeisagameX: checks
WavesNight01: bets $3
LifeisagameX: folds
Uncalled bet ($3) returned to WavesNight01
WavesNight01 collected $11.76 from pot
WavesNight01: doesn't show hand
*** SUMMARY ***
Total pot $12 | Rake $0.24
Board [5s 4h 4d]
Seat 1: LifeisagameX (big blind) folded on the Flop
Seat 2: WavesNight01 (button) (small blind) collected ($11.76)


PokerStars Hand #150170561630:  Hold'em Limit ($3/$6 USD) - 2016/03/11 3:19:39 ET
Table 'Arduina' 6-max Seat #2 is the button
Seat 1: LifeisagameX ($220.23 in chips)
Seat 2: WavesNight01 ($32.26 in chips)
WavesNight01: posts small blind $1
LifeisagameX: posts big blind $3
*** HOLE CARDS ***
WavesNight01: raises $3 to $6
LifeisagameX: calls $3
*** FLOP *** [Jh Js Td]
LifeisagameX: checks
WavesNight01: bets $3
LifeisagameX: raises $3 to $6
WavesNight01: calls $3
*** TURN *** [Jh Js Td] [Ac]
LifeisagameX: checks
WavesNight01: checks
*** RIVER *** [Jh Js Td Ac] [4s]
LifeisagameX: bets $6
WavesNight01: folds
Uncalled bet ($6) returned to LifeisagameX
LifeisagameX collected $23.52 from pot
LifeisagameX: doesn't show hand
*** SUMMARY ***
Total pot $24 | Rake $0.48
Board [Jh Js Td Ac 4s]
Seat 1: LifeisagameX (big blind) collected ($23.52)
Seat 2: WavesNight01 (button) (small blind) folded on the River


PokerStars Hand #150170559798:  Hold'em Limit ($3/$6 USD) - 2016/03/11 3:19:34 ET
Table 'Arduina' 6-max Seat #1 is the button
Seat 1: LifeisagameX ($217.23 in chips)
Seat 2: WavesNight01 ($35.26 in chips)
LifeisagameX: posts small blind $1
WavesNight01: posts big blind $3
*** HOLE CARDS ***
LifeisagameX: raises $3 to $6
WavesNight01: folds
Uncalled bet ($3) returned to LifeisagameX
LifeisagameX collected $6 from pot
LifeisagameX: doesn't show hand
*** SUMMARY ***
Total pot $6 | Rake $0
Seat 1: LifeisagameX (button) (small blind) collected ($6)
Seat 2: WavesNight01 (big blind) folded before Flop


PokerStars Hand #150170569512:  Hold'em Limit ($3/$6 USD) - 2016/03/11 3:20:03 ET
Table 'Arduina' 6-max Seat #1 is the button
Seat 1: LifeisagameX ($231.75 in chips)
Seat 2: WavesNight01 ($20.26 in chips)
LifeisagameX: posts small blind $1
WavesNight01: posts big blind $3
*** HOLE CARDS ***
LifeisagameX: raises $3 to $6
WavesNight01: raises $3 to $9
LifeisagameX: calls $3
*** FLOP *** [Js Qd 8d]
WavesNight01: bets $3
LifeisagameX: folds
Uncalled bet ($3) returned to WavesNight01
WavesNight01 collected $17.64 from pot
WavesNight01: doesn't show hand
*** SUMMARY ***
Total pot $18 | Rake $0.36
Board [Js Qd 8d]
Seat 1: LifeisagameX (button) (small blind) folded on the Flop
Seat 2: WavesNight01 (big blind) collected ($17.64)


PokerStars Hand #150170587372:  Hold'em Limit ($3/$6 USD) - 2016/03/11 3:20:58 ET
Table 'Arduina' 6-max Seat #2 is the button
Seat 1: LifeisagameX ($240.03 in chips)
Seat 2: WavesNight01 ($10.68 in chips)
WavesNight01: posts small blind $1
LifeisagameX: posts big blind $3
*** HOLE CARDS ***
WavesNight01: raises $3 to $6
LifeisagameX: raises $3 to $9
WavesNight01: calls $3
*** FLOP *** [8d Qd 8h]
LifeisagameX: bets $3
WavesNight01: calls $1.68 and is all-in
Uncalled bet ($1.32) returned to LifeisagameX
*** TURN *** [8d Qd 8h] [2s]
*** RIVER *** [8d Qd 8h 2s] [9d]
*** SHOW DOWN ***
LifeisagameX: shows [Ah 9h] (two pair, Nines and Eights)
WavesNight01: shows [4h Jd] (a pair of Eights)
LifeisagameX collected $20.93 from pot
*** SUMMARY ***
Total pot $21.36 | Rake $0.43
Board [8d Qd 8h 2s 9d]
Seat 1: LifeisagameX (big blind) showed [Ah 9h] and won ($20.93) with two pair, Nines and Eights
Seat 2: WavesNight01 (button) (small blind) showed [4h Jd] and lost with a pair of Eights


PokerStars Hand #150170581435:  Hold'em Limit ($3/$6 USD) - 2016/03/11 3:20:40 ET
Table 'Arduina' 6-max Seat #1 is the button
Seat 1: LifeisagameX ($240.25 in chips)
Seat 2: WavesNight01 ($10.90 in chips)
LifeisagameX: posts small blind $1
WavesNight01: posts big blind $3
*** HOLE CARDS ***
LifeisagameX: raises $3 to $6
WavesNight01: calls $3
*** FLOP *** [Jh Jd 8h]
WavesNight01: checks
LifeisagameX: bets $3
WavesNight01: raises $1.90 to $4.90 and is all-in
LifeisagameX: calls $1.90
*** TURN *** [Jh Jd 8h] [8s]
*** RIVER *** [Jh Jd 8h 8s] [Jc]
*** SHOW DOWN ***
WavesNight01: shows [Qd 3h] (a full house, Jacks full of Eights)
LifeisagameX: shows [Tc 4s] (a full house, Jacks full of Eights)
WavesNight01 collected $10.68 from pot
LifeisagameX collected $10.68 from pot
*** SUMMARY ***
Total pot $21.80 | Rake $0.44
Board [Jh Jd 8h 8s Jc]
Seat 1: LifeisagameX (button) (small blind) showed [Tc 4s] and won ($10.68) with a full house, Jacks full of Eights
Seat 2: WavesNight01 (big blind) showed [Qd 3h] and won ($10.68) with a full house, Jacks full of Eights


PokerStars Hand #150170574523:  Hold'em Limit ($3/$6 USD) - 2016/03/11 3:20:18 ET
Table 'Arduina' 6-max Seat #2 is the button
Seat 1: LifeisagameX ($222.75 in chips)
Seat 2: WavesNight01 ($28.90 in chips)
WavesNight01: posts small blind $1
LifeisagameX: posts big blind $3
*** HOLE CARDS ***
WavesNight01: raises $3 to $6
LifeisagameX: calls $3
*** FLOP *** [Td Jh 7c]
LifeisagameX: checks
WavesNight01: bets $3
LifeisagameX: raises $3 to $6
WavesNight01: calls $3
*** TURN *** [Td Jh 7c] [5d]
LifeisagameX: bets $6
WavesNight01: calls $6
*** RIVER *** [Td Jh 7c 5d] [3h]
LifeisagameX: bets $6
WavesNight01: folds
Uncalled bet ($6) returned to LifeisagameX
LifeisagameX collected $35.50 from pot
LifeisagameX: doesn't show hand
*** SUMMARY ***
Total pot $36 | Rake $0.50
Board [Td Jh 7c 5d 3h]
Seat 1: LifeisagameX (big blind) collected ($35.50)
Seat 2: WavesNight01 (button) (small blind) folded on the River


PokerStars Hand #150170613904:  Hold'em Limit ($3/$6 USD) - 2016/03/11 3:22:18 ET
Table 'Arduina' 6-max Seat #2 is the button
Seat 1: LifeisagameX ($265.78 in chips)
Seat 2: WavesNight01 ($83.76 in chips)
WavesNight01: posts small blind $1
LifeisagameX: posts big blind $3
*** HOLE CARDS ***
WavesNight01: raises $3 to $6
LifeisagameX: calls $3
*** FLOP *** [Td Ts 5h]
LifeisagameX: checks
WavesNight01: bets $3
LifeisagameX: folds
Uncalled bet ($3) returned to WavesNight01
WavesNight01 collected $11.76 from pot
WavesNight01: doesn't show hand
*** SUMMARY ***
Total pot $12 | Rake $0.24
Board [Td Ts 5h]
Seat 1: LifeisagameX (big blind) folded on the Flop
Seat 2: WavesNight01 (button) (small blind) collected ($11.76)


PokerStars Hand #150170604479:  Hold'em Limit ($3/$6 USD) - 2016/03/11 3:21:50 ET
Table 'Arduina' 6-max Seat #1 is the button
Seat 1: LifeisagameX ($245.28 in chips)
Seat 2: WavesNight01 ($104.76 in chips)
LifeisagameX: posts small blind $1
WavesNight01: posts big blind $3
*** HOLE CARDS ***
LifeisagameX: raises $3 to $6
WavesNight01: calls $3
*** FLOP *** [Ac 3h 7c]
WavesNight01: checks
LifeisagameX: bets $3
WavesNight01: calls $3
*** TURN *** [Ac 3h 7c] [Th]
WavesNight01: checks
LifeisagameX: bets $6
WavesNight01: calls $6
*** RIVER *** [Ac 3h 7c Th] [2s]
WavesNight01: bets $6
LifeisagameX: calls $6
*** SHOW DOWN ***
WavesNight01: shows [8s 6s] (high card Ace)
LifeisagameX: shows [Jd 7d] (a pair of Sevens)
LifeisagameX collected $41.50 from pot
*** SUMMARY ***
Total pot $42 | Rake $0.50
Board [Ac 3h 7c Th 2s]
Seat 1: LifeisagameX (button) (small blind) showed [Jd 7d] and won ($41.50) with a pair of Sevens
Seat 2: WavesNight01 (big blind) showed [8s 6s] and lost with high card Ace


PokerStars Hand #150170602896:  Hold'em Limit ($3/$6 USD) - 2016/03/11 3:21:45 ET
Table 'Arduina' 6-max Seat #2 is the button
Seat 1: LifeisagameX ($244.28 in chips)
Seat 2: WavesNight01 ($105.76 in chips)
WavesNight01: posts small blind $1
LifeisagameX: posts big blind $3
*** HOLE CARDS ***
WavesNight01: folds
Uncalled bet ($2) returned to LifeisagameX
LifeisagameX collected $2 from pot
LifeisagameX: doesn't show hand
*** SUMMARY ***
Total pot $2 | Rake $0
Seat 1: LifeisagameX (big blind) collected ($2)
Seat 2: WavesNight01 (button) (small blind) folded before Flop


PokerStars Hand #150170597822:  Hold'em Limit ($3/$6 USD) - 2016/03/11 3:21:30 ET
Table 'Arduina' 6-max Seat #1 is the button
Seat 1: LifeisagameX ($250.28 in chips)
Seat 2: WavesNight01 ($100 in chips)
LifeisagameX: posts small blind $1
WavesNight01: posts big blind $3
*** HOLE CARDS ***
LifeisagameX: raises $3 to $6
WavesNight01: calls $3
*** FLOP *** [4c 6h Qs]
WavesNight01: checks
LifeisagameX: checks
*** TURN *** [4c 6h Qs] [Kc]
WavesNight01: bets $6
LifeisagameX: folds
Uncalled bet ($6) returned to WavesNight01
WavesNight01 collected $11.76 from pot
WavesNight01: doesn't show hand
*** SUMMARY ***
Total pot $12 | Rake $0.24
Board [4c 6h Qs Kc]
Seat 1: LifeisagameX (button) (small blind) folded on the Turn
Seat 2: WavesNight01 (big blind) collected ($11.76)


PokerStars Hand #150170618161:  Hold'em Limit ($3/$6 USD) - 2016/03/11 3:22:31 ET
Table 'Arduina' 6-max Seat #1 is the button
Seat 1: LifeisagameX ($259.78 in chips)
Seat 2: WavesNight01 ($89.52 in chips)
LifeisagameX: posts small blind $1
WavesNight01: posts big blind $3
*** HOLE CARDS ***
LifeisagameX: raises $3 to $6
WavesNight01: calls $3
*** FLOP *** [Th 5h 7d]
WavesNight01: checks
LifeisagameX: bets $3
WavesNight01: folds
Uncalled bet ($3) returned to LifeisagameX
LifeisagameX collected $11.76 from pot
LifeisagameX: doesn't show hand
*** SUMMARY ***
Total pot $12 | Rake $0.24
Board [Th 5h 7d]
Seat 1: LifeisagameX (button) (small blind) collected ($11.76)
Seat 2: WavesNight01 (big blind) folded on the Flop


PokerStars Hand #150170630187:  Hold'em Limit ($3/$6 USD) - 2016/03/11 3:23:08 ET
Table 'Arduina' 6-max Seat #1 is the button
Seat 1: LifeisagameX ($261.54 in chips)
Seat 2: WavesNight01 ($87.28 in chips)
LifeisagameX: posts small blind $1
WavesNight01: posts big blind $3
*** HOLE CARDS ***
LifeisagameX: raises $3 to $6
WavesNight01: folds
Uncalled bet ($3) returned to LifeisagameX
LifeisagameX collected $6 from pot
LifeisagameX: doesn't show hand
*** SUMMARY ***
Total pot $6 | Rake $0
Seat 1: LifeisagameX (button) (small blind) collected ($6)
Seat 2: WavesNight01 (big blind) folded before Flop


PokerStars Hand #150170628614:  Hold'em Limit ($3/$6 USD) - 2016/03/11 3:23:03 ET
Table 'Arduina' 6-max Seat #2 is the button
Seat 1: LifeisagameX ($260.54 in chips)
Seat 2: WavesNight01 ($88.28 in chips)
WavesNight01: posts small blind $1
LifeisagameX: posts big blind $3
*** HOLE CARDS ***
WavesNight01: folds
Uncalled bet ($2) returned to LifeisagameX
LifeisagameX collected $2 from pot
LifeisagameX: doesn't show hand
*** SUMMARY ***
Total pot $2 | Rake $0
Seat 1: LifeisagameX (big blind) collected ($2)
Seat 2: WavesNight01 (button) (small blind) folded before Flop


PokerStars Hand #150170624035:  Hold'em Limit ($3/$6 USD) - 2016/03/11 3:22:49 ET
Table 'Arduina' 6-max Seat #1 is the button
Seat 1: LifeisagameX ($266.54 in chips)
Seat 2: WavesNight01 ($82.52 in chips)
LifeisagameX: posts small blind $1
WavesNight01: posts big blind $3
*** HOLE CARDS ***
LifeisagameX: raises $3 to $6
WavesNight01: calls $3
*** FLOP *** [Jd 8s 2c]
WavesNight01: bets $3
LifeisagameX: folds
Uncalled bet ($3) returned to WavesNight01
WavesNight01 collected $11.76 from pot
WavesNight01: doesn't show hand
*** SUMMARY ***
Total pot $12 | Rake $0.24
Board [Jd 8s 2c]
Seat 1: LifeisagameX (button) (small blind) folded on the Flop
Seat 2: WavesNight01 (big blind) collected ($11.76)


PokerStars Hand #150170622344:  Hold'em Limit ($3/$6 USD) - 2016/03/11 3:22:44 ET
Table 'Arduina' 6-max Seat #2 is the button
Seat 1: LifeisagameX ($265.54 in chips)
Seat 2: WavesNight01 ($83.52 in chips)
WavesNight01: posts small blind $1
LifeisagameX: posts big blind $3
*** HOLE CARDS ***
WavesNight01: folds
Uncalled bet ($2) returned to LifeisagameX
LifeisagameX collected $2 from pot
LifeisagameX: doesn't show hand
*** SUMMARY ***
Total pot $2 | Rake $0
Seat 1: LifeisagameX (big blind) collected ($2)
Seat 2: WavesNight01 (button) (small blind) folded before Flop


PokerStars Hand #150170645041:  Hold'em Limit ($3/$6 USD) - 2016/03/11 3:23:52 ET
Table 'Arduina' 6-max Seat #1 is the button
Seat 1: LifeisagameX ($244.54 in chips)
Seat 2: WavesNight01 ($103.78 in chips)
LifeisagameX: posts small blind $1
WavesNight01: posts big blind $3
*** HOLE CARDS ***
LifeisagameX: raises $3 to $6
WavesNight01: raises $3 to $9
LifeisagameX: calls $3
*** FLOP *** [9h Qd 7h]
WavesNight01: bets $3
LifeisagameX: calls $3
*** TURN *** [9h Qd 7h] [Ac]
WavesNight01: bets $6
LifeisagameX: calls $6
*** RIVER *** [9h Qd 7h Ac] [Js]
WavesNight01: checks
LifeisagameX: checks
*** SHOW DOWN ***
WavesNight01: shows [8h 6c] (high card Ace)
LifeisagameX: shows [Kh 9s] (a pair of Nines)
LifeisagameX collected $35.50 from pot
*** SUMMARY ***
Total pot $36 | Rake $0.50
Board [9h Qd 7h Ac Js]
Seat 1: LifeisagameX (button) (small blind) showed [Kh 9s] and won ($35.50) with a pair of Nines
Seat 2: WavesNight01 (big blind) showed [8h 6c] and lost with high card Ace


PokerStars Hand #150170643212:  Hold'em Limit ($3/$6 USD) - 2016/03/11 3:23:47 ET
Table 'Arduina' 6-max Seat #2 is the button
Seat 1: LifeisagameX ($243.54 in chips)
Seat 2: WavesNight01 ($104.78 in chips)
WavesNight01: posts small blind $1
LifeisagameX: posts big blind $3
*** HOLE CARDS ***
WavesNight01: folds
Uncalled bet ($2) returned to LifeisagameX
LifeisagameX collected $2 from pot
LifeisagameX: doesn't show hand
*** SUMMARY ***
Total pot $2 | Rake $0
Seat 1: LifeisagameX (big blind) collected ($2)
Seat 2: WavesNight01 (button) (small blind) folded before Flop


PokerStars Hand #150170641041:  Hold'em Limit ($3/$6 USD) - 2016/03/11 3:23:40 ET
Table 'Arduina' 6-max Seat #1 is the button
Seat 1: LifeisagameX ($240.54 in chips)
Seat 2: WavesNight01 ($107.78 in chips)
LifeisagameX: posts small blind $1
WavesNight01: posts big blind $3
*** HOLE CARDS ***
LifeisagameX: raises $3 to $6
WavesNight01: folds
Uncalled bet ($3) returned to LifeisagameX
LifeisagameX collected $6 from pot
LifeisagameX: doesn't show hand
*** SUMMARY ***
Total pot $6 | Rake $0
Seat 1: LifeisagameX (button) (small blind) collected ($6)
Seat 2: WavesNight01 (big blind) folded before Flop


PokerStars Hand #150170632258:  Hold'em Limit ($3/$6 USD) - 2016/03/11 3:23:14 ET
Table 'Arduina' 6-max Seat #2 is the button
Seat 1: LifeisagameX ($264.54 in chips)
Seat 2: WavesNight01 ($84.28 in chips)
WavesNight01: posts small blind $1
LifeisagameX: posts big blind $3
*** HOLE CARDS ***
WavesNight01: raises $3 to $6
LifeisagameX: raises $3 to $9
WavesNight01: calls $3
*** FLOP *** [Ts Qc 5d]
LifeisagameX: bets $3
WavesNight01: calls $3
*** TURN *** [Ts Qc 5d] [7h]
LifeisagameX: bets $6
WavesNight01: calls $6
*** RIVER *** [Ts Qc 5d 7h] [5s]
LifeisagameX: bets $6
WavesNight01: calls $6
*** SHOW DOWN ***
LifeisagameX: shows [8d 9d] (a pair of Fives)
WavesNight01: shows [Tc 4c] (two pair, Tens and Fives)
WavesNight01 collected $47.50 from pot
*** SUMMARY ***
Total pot $48 | Rake $0.50
Board [Ts Qc 5d 7h 5s]
Seat 1: LifeisagameX (big blind) showed [8d 9d] and lost with a pair of Fives
Seat 2: WavesNight01 (button) (small blind) showed [Tc 4c] and won ($47.50) with two pair, Tens and Fives


PokerStars Hand #150170660909:  Hold'em Limit ($3/$6 USD) - 2016/03/11 3:24:41 ET
Table 'Arduina' 6-max Seat #1 is the button
Seat 1: LifeisagameX ($259.04 in chips)
Seat 2: WavesNight01 ($88.78 in chips)
LifeisagameX: posts small blind $1
WavesNight01: posts big blind $3
*** HOLE CARDS ***
LifeisagameX: raises $3 to $6
WavesNight01: calls $3
*** FLOP *** [Qd 6d Qs]
WavesNight01: checks
LifeisagameX: bets $3
WavesNight01: raises $3 to $6
LifeisagameX: calls $3
*** TURN *** [Qd 6d Qs] [As]
WavesNight01: bets $6
LifeisagameX: folds
Uncalled bet ($6) returned to WavesNight01
WavesNight01 collected $23.52 from pot
WavesNight01: doesn't show hand
*** SUMMARY ***
Total pot $24 | Rake $0.48
Board [Qd 6d Qs As]
Seat 1: LifeisagameX (button) (small blind) folded on the Turn
Seat 2: WavesNight01 (big blind) collected ($23.52)


PokerStars Hand #150170658588:  Hold'em Limit ($3/$6 USD) - 2016/03/11 3:24:33 ET
Table 'Arduina' 6-max Seat #2 is the button
Seat 1: LifeisagameX ($262.04 in chips)
Seat 2: WavesNight01 ($85.78 in chips)
WavesNight01: posts small blind $1
LifeisagameX: posts big blind $3
*** HOLE CARDS ***
WavesNight01: raises $3 to $6
LifeisagameX: folds
Uncalled bet ($3) returned to WavesNight01
WavesNight01 collected $6 from pot
WavesNight01: doesn't show hand
*** SUMMARY ***
Total pot $6 | Rake $0
Seat 1: LifeisagameX (big blind) folded before Flop
Seat 2: WavesNight01 (button) (small blind) collected ($6)


PokerStars Hand #150170667275:  Hold'em Limit ($3/$6 USD) - 2016/03/11 3:25:00 ET
Table 'Arduina' 6-max Seat #2 is the button
Seat 1: LifeisagameX ($247.04 in chips)
Seat 2: WavesNight01 ($100.30 in chips)
WavesNight01: posts small blind $1
LifeisagameX: posts big blind $3
*** HOLE CARDS ***
WavesNight01: raises $3 to $6
LifeisagameX: calls $3
*** FLOP *** [9s Qd 4c]
LifeisagameX: checks
WavesNight01: bets $3
LifeisagameX: folds
Uncalled bet ($3) returned to WavesNight01
WavesNight01 collected $11.76 from pot
WavesNight01: doesn't show hand
*** SUMMARY ***
Total pot $12 | Rake $0.24
Board [9s Qd 4c]
Seat 1: LifeisagameX (big blind) folded on the Flop
Seat 2: WavesNight01 (button) (small blind) collected ($11.76)


PokerStars Hand #150170682430:  Hold'em Limit ($3/$6 USD) - 2016/03/11 3:25:46 ET
Table 'Arduina' 6-max Seat #2 is the button
Seat 1: LifeisagameX ($223.04 in chips)
Seat 2: WavesNight01 ($123.56 in chips)
WavesNight01: posts small blind $1
LifeisagameX: posts big blind $3
*** HOLE CARDS ***
WavesNight01: raises $3 to $6
LifeisagameX: calls $3
*** FLOP *** [5d 4d Kc]
LifeisagameX: checks
WavesNight01: checks
*** TURN *** [5d 4d Kc] [2d]
LifeisagameX: bets $6
WavesNight01: folds
Uncalled bet ($6) returned to LifeisagameX
LifeisagameX collected $11.76 from pot
LifeisagameX: doesn't show hand
*** SUMMARY ***
Total pot $12 | Rake $0.24
Board [5d 4d Kc 2d]
Seat 1: LifeisagameX (big blind) collected ($11.76)
Seat 2: WavesNight01 (button) (small blind) folded on the Turn


PokerStars Hand #150170671649:  Hold'em Limit ($3/$6 USD) - 2016/03/11 3:25:13 ET
Table 'Arduina' 6-max Seat #1 is the button
Seat 1: LifeisagameX ($241.04 in chips)
Seat 2: WavesNight01 ($106.06 in chips)
LifeisagameX: posts small blind $1
WavesNight01: posts big blind $3
*** HOLE CARDS ***
LifeisagameX: raises $3 to $6
WavesNight01: calls $3
*** FLOP *** [2s 3s 6h]
WavesNight01: checks
LifeisagameX: checks
*** TURN *** [2s 3s 6h] [4s]
WavesNight01: checks
LifeisagameX: bets $6
WavesNight01: calls $6
*** RIVER *** [2s 3s 6h 4s] [8h]
WavesNight01: checks
LifeisagameX: bets $6
WavesNight01: calls $6
*** SHOW DOWN ***
LifeisagameX: shows [4h 7d] (a pair of Fours)
WavesNight01: shows [Qd 8s] (a pair of Eights)
WavesNight01 collected $35.50 from pot
*** SUMMARY ***
Total pot $36 | Rake $0.50
Board [2s 3s 6h 4s 8h]
Seat 1: LifeisagameX (button) (small blind) showed [4h 7d] and lost with a pair of Fours
Seat 2: WavesNight01 (big blind) showed [Qd 8s] and won ($35.50) with a pair of Eights


PokerStars Hand #150170687509:  Hold'em Limit ($3/$6 USD) - 2016/03/11 3:26:01 ET
Table 'Arduina' 6-max Seat #1 is the button
Seat 1: LifeisagameX ($228.80 in chips)
Seat 2: WavesNight01 ($117.56 in chips)
LifeisagameX: posts small blind $1
WavesNight01: posts big blind $3
*** HOLE CARDS ***
LifeisagameX: raises $3 to $6
WavesNight01: folds
Uncalled bet ($3) returned to LifeisagameX
LifeisagameX collected $6 from pot
LifeisagameX: doesn't show hand
*** SUMMARY ***
Total pot $6 | Rake $0
Seat 1: LifeisagameX (button) (small blind) collected ($6)
Seat 2: WavesNight01 (big blind) folded before Flop


PokerStars Hand #150170690016:  Hold'em Limit ($3/$6 USD) - 2016/03/11 3:26:09 ET
Table 'Arduina' 6-max Seat #2 is the button
Seat 1: LifeisagameX ($231.80 in chips)
Seat 2: WavesNight01 ($114.56 in chips)
WavesNight01: posts small blind $1
LifeisagameX: posts big blind $3
*** HOLE CARDS ***
WavesNight01: raises $3 to $6
LifeisagameX: calls $3
*** FLOP *** [5h 2d 3c]
LifeisagameX: checks
WavesNight01: checks
*** TURN *** [5h 2d 3c] [2c]
LifeisagameX: bets $6
WavesNight01: calls $6
*** RIVER *** [5h 2d 3c 2c] [9s]
LifeisagameX: checks
WavesNight01: checks
*** SHOW DOWN ***
LifeisagameX: shows [Js 6c] (a pair of Deuces)
WavesNight01: shows [Td Qh] (a pair of Deuces - Queen kicker)
WavesNight01 collected $23.52 from pot
*** SUMMARY ***
Total pot $24 | Rake $0.48
Board [5h 2d 3c 2c 9s]
Seat 1: LifeisagameX (big blind) showed [Js 6c] and lost with a pair of Deuces
Seat 2: WavesNight01 (button) (small blind) showed [Td Qh] and won ($23.52) with a pair of Deuces


PokerStars Hand #150170712747:  Hold'em Limit ($3/$6 USD) - 2016/03/11 3:27:17 ET
Table 'Arduina' 6-max Seat #1 is the button
Seat 1: LifeisagameX ($249.06 in chips)
Seat 2: WavesNight01 ($96.08 in chips)
LifeisagameX: posts small blind $1
WavesNight01: posts big blind $3
*** HOLE CARDS ***
LifeisagameX: raises $3 to $6
WavesNight01: calls $3
*** FLOP *** [5h 3s Kh]
WavesNight01: checks
LifeisagameX: bets $3
WavesNight01: folds
Uncalled bet ($3) returned to LifeisagameX
LifeisagameX collected $11.76 from pot
LifeisagameX: doesn't show hand
*** SUMMARY ***
Total pot $12 | Rake $0.24
Board [5h 3s Kh]
Seat 1: LifeisagameX (button) (small blind) collected ($11.76)
Seat 2: WavesNight01 (big blind) folded on the Flop


PokerStars Hand #150170696559:  Hold'em Limit ($3/$6 USD) - 2016/03/11 3:26:28 ET
Table 'Arduina' 6-max Seat #1 is the button
Seat 1: LifeisagameX ($219.80 in chips)
Seat 2: WavesNight01 ($126.08 in chips)
LifeisagameX: posts small blind $1
WavesNight01: posts big blind $3
*** HOLE CARDS ***
LifeisagameX: raises $3 to $6
WavesNight01: calls $3
*** FLOP *** [2d 2c 8s]
WavesNight01: checks
LifeisagameX: checks
*** TURN *** [2d 2c 8s] [6s]
WavesNight01: bets $6
LifeisagameX: calls $6
*** RIVER *** [2d 2c 8s 6s] [Tc]
WavesNight01: bets $6
LifeisagameX: raises $6 to $12
WavesNight01: calls $6
*** SHOW DOWN ***
LifeisagameX: shows [Th Kc] (two pair, Tens and Deuces)
WavesNight01: mucks hand
LifeisagameX collected $47.50 from pot
*** SUMMARY ***
Total pot $48 | Rake $0.50
Board [2d 2c 8s 6s Tc]
Seat 1: LifeisagameX (button) (small blind) showed [Th Kc] and won ($47.50) with two pair, Tens and Deuces
Seat 2: WavesNight01 (big blind) mucked


PokerStars Hand #150170707273:  Hold'em Limit ($3/$6 USD) - 2016/03/11 3:27:01 ET
Table 'Arduina' 6-max Seat #2 is the button
Seat 1: LifeisagameX ($243.30 in chips)
Seat 2: WavesNight01 ($102.08 in chips)
WavesNight01: posts small blind $1
LifeisagameX: posts big blind $3
*** HOLE CARDS ***
WavesNight01: raises $3 to $6
LifeisagameX: calls $3
*** FLOP *** [5h 4c 7c]
LifeisagameX: checks
WavesNight01: checks
*** TURN *** [5h 4c 7c] [Js]
LifeisagameX: bets $6
WavesNight01: folds
Uncalled bet ($6) returned to LifeisagameX
LifeisagameX collected $11.76 from pot
LifeisagameX: doesn't show hand
*** SUMMARY ***
Total pot $12 | Rake $0.24
Board [5h 4c 7c Js]
Seat 1: LifeisagameX (big blind) collected ($11.76)
Seat 2: WavesNight01 (button) (small blind) folded on the Turn


PokerStars Hand #150170730842:  Hold'em Limit ($3/$6 USD) - 2016/03/11 3:28:12 ET
Table 'Arduina' 6-max Seat #1 is the button
Seat 1: LifeisagameX ($239.82 in chips)
Seat 2: WavesNight01 ($104.36 in chips)
LifeisagameX: posts small blind $1
WavesNight01: posts big blind $3
*** HOLE CARDS ***
LifeisagameX: raises $3 to $6
WavesNight01: raises $3 to $9
LifeisagameX: calls $3
*** FLOP *** [2h Tc 9c]
WavesNight01: bets $3
LifeisagameX: calls $3
*** TURN *** [2h Tc 9c] [Jd]
WavesNight01: bets $6
LifeisagameX: raises $6 to $12
WavesNight01: folds
Uncalled bet ($6) returned to LifeisagameX
LifeisagameX collected $35.50 from pot
LifeisagameX: doesn't show hand
*** SUMMARY ***
Total pot $36 | Rake $0.50
Board [2h Tc 9c Jd]
Seat 1: LifeisagameX (button) (small blind) collected ($35.50)
Seat 2: WavesNight01 (big blind) folded on the Turn


PokerStars Hand #150170726868:  Hold'em Limit ($3/$6 USD) - 2016/03/11 3:28:00 ET
Table 'Arduina' 6-max Seat #2 is the button
Seat 1: LifeisagameX ($245.82 in chips)
Seat 2: WavesNight01 ($98.60 in chips)
WavesNight01: posts small blind $1
LifeisagameX: posts big blind $3
*** HOLE CARDS ***
WavesNight01: raises $3 to $6
LifeisagameX: calls $3
*** FLOP *** [Qd 9h As]
LifeisagameX: checks
WavesNight01: bets $3
LifeisagameX: folds
Uncalled bet ($3) returned to WavesNight01
WavesNight01 collected $11.76 from pot
WavesNight01: doesn't show hand
*** SUMMARY ***
Total pot $12 | Rake $0.24
Board [Qd 9h As]
Seat 1: LifeisagameX (big blind) folded on the Flop
Seat 2: WavesNight01 (button) (small blind) collected ($11.76)


PokerStars Hand #150170724256:  Hold'em Limit ($3/$6 USD) - 2016/03/11 3:27:52 ET
Table 'Arduina' 6-max Seat #1 is the button
Seat 1: LifeisagameX ($242.82 in chips)
Seat 2: WavesNight01 ($101.60 in chips)
LifeisagameX: posts small blind $1
WavesNight01: posts big blind $3
*** HOLE CARDS ***
LifeisagameX: raises $3 to $6
WavesNight01: folds
Uncalled bet ($3) returned to LifeisagameX
LifeisagameX collected $6 from pot
LifeisagameX: doesn't show hand
*** SUMMARY ***
Total pot $6 | Rake $0
Seat 1: LifeisagameX (button) (small blind) collected ($6)
Seat 2: WavesNight01 (big blind) folded before Flop


PokerStars Hand #150170715953:  Hold'em Limit ($3/$6 USD) - 2016/03/11 3:27:27 ET
Table 'Arduina' 6-max Seat #2 is the button
Seat 1: LifeisagameX ($254.82 in chips)
Seat 2: WavesNight01 ($90.08 in chips)
WavesNight01: posts small blind $1
LifeisagameX: posts big blind $3
*** HOLE CARDS ***
WavesNight01: raises $3 to $6
LifeisagameX: calls $3
*** FLOP *** [2h Qd 3s]
LifeisagameX: checks
WavesNight01: checks
*** TURN *** [2h Qd 3s] [2s]
LifeisagameX: checks
WavesNight01: bets $6
LifeisagameX: calls $6
*** RIVER *** [2h Qd 3s 2s] [4c]
LifeisagameX: checks
WavesNight01: checks
*** SHOW DOWN ***
LifeisagameX: shows [7c As] (a pair of Deuces)
WavesNight01: shows [9h Ac] (a pair of Deuces - Ace+Queen+Nine kicker)
WavesNight01 collected $23.52 from pot
*** SUMMARY ***
Total pot $24 | Rake $0.48
Board [2h Qd 3s 2s 4c]
Seat 1: LifeisagameX (big blind) showed [7c As] and lost with a pair of Deuces
Seat 2: WavesNight01 (button) (small blind) showed [9h Ac] and won ($23.52) with a pair of Deuces


PokerStars Hand #150170738506:  Hold'em Limit ($3/$6 USD) - 2016/03/11 3:28:35 ET
Table 'Arduina' 6-max Seat #2 is the button
Seat 1: LifeisagameX ($257.32 in chips)
Seat 2: WavesNight01 ($86.36 in chips)
WavesNight01: posts small blind $1
LifeisagameX: posts big blind $3
*** HOLE CARDS ***
WavesNight01: raises $3 to $6
LifeisagameX: calls $3
*** FLOP *** [Ts 4h Ac]
LifeisagameX: checks
WavesNight01: bets $3
LifeisagameX: calls $3
*** TURN *** [Ts 4h Ac] [2s]
LifeisagameX: checks
WavesNight01: checks
*** RIVER *** [Ts 4h Ac 2s] [2c]
LifeisagameX: bets $6
WavesNight01: folds
Uncalled bet ($6) returned to LifeisagameX
LifeisagameX collected $17.64 from pot
LifeisagameX: doesn't show hand
*** SUMMARY ***
Total pot $18 | Rake $0.36
Board [Ts 4h Ac 2s 2c]
Seat 1: LifeisagameX (big blind) collected ($17.64)
Seat 2: WavesNight01 (button) (small blind) folded on the River


PokerStars Hand #150170750596:  Hold'em Limit ($3/$6 USD) - 2016/03/11 3:29:12 ET
Table 'Arduina' 6-max Seat #2 is the button
Seat 1: LifeisagameX ($259.96 in chips)
Seat 2: WavesNight01 ($83.12 in chips)
WavesNight01: posts small blind $1
LifeisagameX: posts big blind $3
*** HOLE CARDS ***
WavesNight01: folds
Uncalled bet ($2) returned to LifeisagameX
LifeisagameX collected $2 from pot
LifeisagameX: doesn't show hand
*** SUMMARY ***
Total pot $2 | Rake $0
Seat 1: LifeisagameX (big blind) collected ($2)
Seat 2: WavesNight01 (button) (small blind) folded before Flop


PokerStars Hand #150170744051:  Hold'em Limit ($3/$6 USD) - 2016/03/11 3:28:52 ET
Table 'Arduina' 6-max Seat #1 is the button
Seat 1: LifeisagameX ($265.96 in chips)
Seat 2: WavesNight01 ($77.36 in chips)
LifeisagameX: posts small blind $1
WavesNight01: posts big blind $3
*** HOLE CARDS ***
LifeisagameX: raises $3 to $6
WavesNight01: calls $3
*** FLOP *** [4h Td 9c]
WavesNight01: checks
LifeisagameX: checks
*** TURN *** [4h Td 9c] [Tc]
WavesNight01: bets $6
LifeisagameX: folds
Uncalled bet ($6) returned to WavesNight01
WavesNight01 collected $11.76 from pot
WavesNight01: doesn't show hand
*** SUMMARY ***
Total pot $12 | Rake $0.24
Board [4h Td 9c Tc]
Seat 1: LifeisagameX (button) (small blind) folded on the Turn
Seat 2: WavesNight01 (big blind) collected ($11.76)


PokerStars Hand #150170752468:  Hold'em Limit ($3/$6 USD) - 2016/03/11 3:29:17 ET
Table 'Arduina' 6-max Seat #1 is the button
Seat 1: LifeisagameX ($260.96 in chips)
Seat 2: WavesNight01 ($82.12 in chips)
LifeisagameX: posts small blind $1
WavesNight01: posts big blind $3
*** HOLE CARDS ***
LifeisagameX: raises $3 to $6
WavesNight01: calls $3
*** FLOP *** [9d 8d 4s]
WavesNight01: checks
LifeisagameX: bets $3
WavesNight01: raises $3 to $6
LifeisagameX: calls $3
*** TURN *** [9d 8d 4s] [Th]
WavesNight01: bets $6
LifeisagameX: calls $6
*** RIVER *** [9d 8d 4s Th] [Kc]
Fabulous108 joins the table at seat #3
WavesNight01: checks
LifeisagameX: bets $6
WavesNight01: calls $6
*** SHOW DOWN ***
LifeisagameX: shows [Qh 8s] (a pair of Eights)
WavesNight01: shows [9s 5h] (a pair of Nines)
WavesNight01 collected $47.50 from pot
*** SUMMARY ***
Total pot $48 | Rake $0.50
Board [9d 8d 4s Th Kc]
Seat 1: LifeisagameX (button) (small blind) showed [Qh 8s] and lost with a pair of Eights
Seat 2: WavesNight01 (big blind) showed [9s 5h] and won ($47.50) with a pair of Nines


PokerStars Hand #150170785530:  Hold'em Limit ($3/$6 USD) - 2016/03/11 3:30:57 ET
Table 'Arduina' 6-max Seat #1 is the button
Seat 1: LifeisagameX ($262.67 in chips)
Seat 2: WavesNight01 ($100.62 in chips)
LifeisagameX: posts small blind $1
WavesNight01: posts big blind $3
*** HOLE CARDS ***
LifeisagameX: raises $3 to $6
WavesNight01: raises $3 to $9
LifeisagameX: calls $3
*** FLOP *** [4d 4c 8h]
WavesNight01: bets $3
LifeisagameX: calls $3
*** TURN *** [4d 4c 8h] [9h]
WavesNight01: bets $6
LifeisagameX: calls $6
*** RIVER *** [4d 4c 8h 9h] [Ah]
WavesNight01: bets $6
LifeisagameX: calls $6
*** SHOW DOWN ***
WavesNight01: shows [Qc As] (two pair, Aces and Fours)
LifeisagameX: mucks hand
WavesNight01 collected $47.50 from pot
*** SUMMARY ***
Total pot $48 | Rake $0.50
Board [4d 4c 8h 9h Ah]
Seat 1: LifeisagameX (button) (small blind) mucked
Seat 2: WavesNight01 (big blind) showed [Qc As] and won ($47.50) with two pair, Aces and Fours


PokerStars Hand #150170783823:  Hold'em Limit ($3/$6 USD) - 2016/03/11 3:30:52 ET
Table 'Arduina' 6-max Seat #2 is the button
Seat 1: LifeisagameX ($261.67 in chips)
Seat 2: WavesNight01 ($101.62 in chips)
WavesNight01: posts small blind $1
LifeisagameX: posts big blind $3
*** HOLE CARDS ***
WavesNight01: folds
Uncalled bet ($2) returned to LifeisagameX
LifeisagameX collected $2 from pot
LifeisagameX: doesn't show hand
*** SUMMARY ***
Total pot $2 | Rake $0
Seat 1: LifeisagameX (big blind) collected ($2)
Seat 2: WavesNight01 (button) (small blind) folded before Flop


PokerStars Hand #150170780757:  Hold'em Limit ($3/$6 USD) - 2016/03/11 3:30:43 ET
Table 'Arduina' 6-max Seat #1 is the button
Seat 1: LifeisagameX ($258.67 in chips)
Seat 2: WavesNight01 ($104.62 in chips)
LifeisagameX: posts small blind $1
WavesNight01: posts big blind $3
*** HOLE CARDS ***
LifeisagameX: raises $3 to $6
WavesNight01: folds
Uncalled bet ($3) returned to LifeisagameX
LifeisagameX collected $6 from pot
*** SUMMARY ***
Total pot $6 | Rake $0
Seat 1: LifeisagameX (button) (small blind) collected ($6)
Seat 2: WavesNight01 (big blind) folded before Flop


PokerStars Hand #150170812648:  Hold'em Limit ($3/$6 USD) - 2016/03/11 3:32:18 ET
Table 'Arduina' 6-max Seat #1 is the button
Seat 1: LifeisagameX ($220.67 in chips)
Seat 2: WavesNight01 ($141.62 in chips)
LifeisagameX: posts small blind $1
WavesNight01: posts big blind $3
*** HOLE CARDS ***
LifeisagameX: raises $3 to $6
WavesNight01: calls $3
*** FLOP *** [Qc Kc 5s]
WavesNight01: checks
LifeisagameX: bets $3
WavesNight01: folds
Uncalled bet ($3) returned to LifeisagameX
LifeisagameX collected $11.76 from pot
LifeisagameX: doesn't show hand
*** SUMMARY ***
Total pot $12 | Rake $0.24
Board [Qc Kc 5s]
Seat 1: LifeisagameX (button) (small blind) collected ($11.76)
Seat 2: WavesNight01 (big blind) folded on the Flop


PokerStars Hand #150170796828:  Hold'em Limit ($3/$6 USD) - 2016/03/11 3:31:30 ET
Table 'Arduina' 6-max Seat #2 is the button
Seat 1: LifeisagameX ($238.67 in chips)
Seat 2: WavesNight01 ($124.12 in chips)
WavesNight01: posts small blind $1
LifeisagameX: posts big blind $3
*** HOLE CARDS ***
WavesNight01: raises $3 to $6
LifeisagameX: calls $3
*** FLOP *** [Jh 3d Ad]
LifeisagameX: checks
WavesNight01: bets $3
LifeisagameX: raises $3 to $6
WavesNight01: calls $3
*** TURN *** [Jh 3d Ad] [9c]
LifeisagameX: checks
WavesNight01: bets $6
LifeisagameX: calls $6
*** RIVER *** [Jh 3d Ad 9c] [Js]
LifeisagameX: checks
WavesNight01: checks
*** SHOW DOWN ***
LifeisagameX: shows [Kd 5s] (a pair of Jacks)
WavesNight01: shows [Ac 8h] (two pair, Aces and Jacks)
WavesNight01 collected $35.50 from pot
*** SUMMARY ***
Total pot $36 | Rake $0.50
Board [Jh 3d Ad 9c Js]
Seat 1: LifeisagameX (big blind) showed [Kd 5s] and lost with a pair of Jacks
Seat 2: WavesNight01 (button) (small blind) showed [Ac 8h] and won ($35.50) with two pair, Aces and Jacks


PokerStars Hand #150170816966:  Hold'em Limit ($3/$6 USD) - 2016/03/11 3:32:31 ET
Table 'Arduina' 6-max Seat #2 is the button
Seat 1: LifeisagameX ($226.43 in chips)
Seat 2: WavesNight01 ($135.62 in chips)
WavesNight01: posts small blind $1
LifeisagameX: posts big blind $3
*** HOLE CARDS ***
WavesNight01: raises $3 to $6
LifeisagameX: raises $3 to $9
WavesNight01: calls $3
*** FLOP *** [Qh 7h 5c]
LifeisagameX: bets $3
WavesNight01: calls $3
*** TURN *** [Qh 7h 5c] [7s]
LifeisagameX: checks
WavesNight01: bets $6
LifeisagameX: calls $6
*** RIVER *** [Qh 7h 5c 7s] [Js]
LifeisagameX: checks
WavesNight01: checks
*** SHOW DOWN ***
LifeisagameX: shows [6h 6d] (two pair, Sevens and Sixes)
WavesNight01: mucks hand
LifeisagameX collected $35.50 from pot
*** SUMMARY ***
Total pot $36 | Rake $0.50
Board [Qh 7h 5c 7s Js]
Seat 1: LifeisagameX (big blind) showed [6h 6d] and won ($35.50) with two pair, Sevens and Sixes
Seat 2: WavesNight01 (button) (small blind) mucked


PokerStars Hand #150170843180:  Hold'em Limit ($3/$6 USD) - 2016/03/11 3:33:50 ET
Table 'Arduina' 6-max Seat #2 is the button
Seat 1: LifeisagameX ($261.43 in chips)
Seat 2: WavesNight01 ($99.62 in chips)
WavesNight01: posts small blind $1
LifeisagameX: posts big blind $3
*** HOLE CARDS ***
WavesNight01: raises $3 to $6
LifeisagameX: folds
Uncalled bet ($3) returned to WavesNight01
WavesNight01 collected $6 from pot
WavesNight01: doesn't show hand
*** SUMMARY ***
Total pot $6 | Rake $0
Seat 1: LifeisagameX (big blind) folded before Flop
Seat 2: WavesNight01 (button) (small blind) collected ($6)


PokerStars Hand #150170830189:  Hold'em Limit ($3/$6 USD) - 2016/03/11 3:33:11 ET
Table 'Arduina' 6-max Seat #1 is the button
Seat 1: LifeisagameX ($243.93 in chips)
Seat 2: WavesNight01 ($117.62 in chips)
LifeisagameX: posts small blind $1
WavesNight01: posts big blind $3
*** HOLE CARDS ***
LifeisagameX: raises $3 to $6
WavesNight01: calls $3
*** FLOP *** [8c 2d 9h]
WavesNight01: checks
LifeisagameX: bets $3
WavesNight01: raises $3 to $6
LifeisagameX: calls $3
*** TURN *** [8c 2d 9h] [As]
WavesNight01: checks
LifeisagameX: checks
*** RIVER *** [8c 2d 9h As] [Kd]
WavesNight01: bets $6
LifeisagameX: raises $6 to $12
WavesNight01: folds
Uncalled bet ($6) returned to LifeisagameX
LifeisagameX collected $35.50 from pot
LifeisagameX: doesn't show hand
*** SUMMARY ***
Total pot $36 | Rake $0.50
Board [8c 2d 9h As Kd]
Seat 1: LifeisagameX (button) (small blind) collected ($35.50)
Seat 2: WavesNight01 (big blind) folded on the River


PokerStars Hand #150170852241:  Hold'em Limit ($3/$6 USD) - 2016/03/11 3:34:17 ET
Table 'Arduina' 6-max Seat #2 is the button
Seat 1: LifeisagameX ($269.95 in chips)
Seat 2: WavesNight01 ($90.62 in chips)
WavesNight01: posts small blind $1
LifeisagameX: posts big blind $3
*** HOLE CARDS ***
WavesNight01: raises $3 to $6
LifeisagameX: calls $3
*** FLOP *** [5d 5h 6h]
LifeisagameX: checks
WavesNight01: checks
*** TURN *** [5d 5h 6h] [7d]
LifeisagameX: bets $6
WavesNight01: folds
Uncalled bet ($6) returned to LifeisagameX
LifeisagameX collected $11.76 from pot
LifeisagameX: doesn't show hand
*** SUMMARY ***
Total pot $12 | Rake $0.24
Board [5d 5h 6h 7d]
Seat 1: LifeisagameX (big blind) collected ($11.76)
Seat 2: WavesNight01 (button) (small blind) folded on the Turn


PokerStars Hand #150170845108:  Hold'em Limit ($3/$6 USD) - 2016/03/11 3:33:56 ET
Table 'Arduina' 6-max Seat #1 is the button
Seat 1: LifeisagameX ($258.43 in chips)
Seat 2: WavesNight01 ($102.62 in chips)
LifeisagameX: posts small blind $1
WavesNight01: posts big blind $3
*** HOLE CARDS ***
LifeisagameX: raises $3 to $6
WavesNight01: raises $3 to $9
LifeisagameX: calls $3
*** FLOP *** [Qs As 5s]
WavesNight01: bets $3
LifeisagameX: calls $3
*** TURN *** [Qs As 5s] [Ts]
WavesNight01: checks
LifeisagameX: checks
*** RIVER *** [Qs As 5s Ts] [Jh]
WavesNight01: checks
LifeisagameX: checks
*** SHOW DOWN ***
WavesNight01: shows [3d 9h] (high card Ace)
LifeisagameX: shows [5d 8d] (a pair of Fives)
LifeisagameX collected $23.52 from pot
*** SUMMARY ***
Total pot $24 | Rake $0.48
Board [Qs As 5s Ts Jh]
Seat 1: LifeisagameX (button) (small blind) showed [5d 8d] and won ($23.52) with a pair of Fives
Seat 2: WavesNight01 (big blind) showed [3d 9h] and lost with high card Ace


PokerStars Hand #150170862605:  Hold'em Limit ($3/$6 USD) - 2016/03/11 3:34:48 ET
Table 'Arduina' 6-max Seat #2 is the button
Seat 1: LifeisagameX ($287.23 in chips)
Seat 2: WavesNight01 ($72.62 in chips)
WavesNight01: posts small blind $1
LifeisagameX: posts big blind $3
*** HOLE CARDS ***
WavesNight01: raises $3 to $6
LifeisagameX: raises $3 to $9
WavesNight01: calls $3
*** FLOP *** [6h 5c 2s]
LifeisagameX: bets $3
WavesNight01: calls $3
*** TURN *** [6h 5c 2s] [Th]
LifeisagameX: bets $6
WavesNight01: calls $6
*** RIVER *** [6h 5c 2s Th] [Ts]
LifeisagameX: bets $6
WavesNight01: folds
Uncalled bet ($6) returned to LifeisagameX
LifeisagameX collected $35.50 from pot
LifeisagameX: doesn't show hand
*** SUMMARY ***
Total pot $36 | Rake $0.50
Board [6h 5c 2s Th Ts]
Seat 1: LifeisagameX (big blind) collected ($35.50)
Seat 2: WavesNight01 (button) (small blind) folded on the River


PokerStars Hand #150170867972:  Hold'em Limit ($3/$6 USD) - 2016/03/11 3:35:04 ET
Table 'Arduina' 6-max Seat #1 is the button
Seat 1: LifeisagameX ($304.73 in chips)
Seat 2: WavesNight01 ($54.62 in chips)
LifeisagameX: posts small blind $1
WavesNight01: posts big blind $3
*** HOLE CARDS ***
LifeisagameX: raises $3 to $6
WavesNight01: calls $3
*** FLOP *** [3d Kc 7d]
WavesNight01: checks
LifeisagameX: bets $3
WavesNight01: raises $3 to $6
LifeisagameX: folds
Uncalled bet ($3) returned to WavesNight01
WavesNight01 collected $17.64 from pot
WavesNight01: doesn't show hand
*** SUMMARY ***
Total pot $18 | Rake $0.36
Board [3d Kc 7d]
Seat 1: LifeisagameX (button) (small blind) folded on the Flop
Seat 2: WavesNight01 (big blind) collected ($17.64)


PokerStars Hand #150170872090:  Hold'em Limit ($3/$6 USD) - 2016/03/11 3:35:17 ET
Table 'Arduina' 6-max Seat #2 is the button
Seat 1: LifeisagameX ($295.73 in chips)
Seat 2: WavesNight01 ($63.26 in chips)
WavesNight01: posts small blind $1
LifeisagameX: posts big blind $3
*** HOLE CARDS ***
WavesNight01: raises $3 to $6
LifeisagameX: folds
Uncalled bet ($3) returned to WavesNight01
WavesNight01 collected $6 from pot
WavesNight01: doesn't show hand
*** SUMMARY ***
Total pot $6 | Rake $0
Seat 1: LifeisagameX (big blind) folded before Flop
Seat 2: WavesNight01 (button) (small blind) collected ($6)


PokerStars Hand #150170855914:  Hold'em Limit ($3/$6 USD) - 2016/03/11 3:34:28 ET
Table 'Arduina' 6-max Seat #1 is the button
Seat 1: LifeisagameX ($275.71 in chips)
Seat 2: WavesNight01 ($84.62 in chips)
LifeisagameX: posts small blind $1
WavesNight01: posts big blind $3
*** HOLE CARDS ***
LifeisagameX: raises $3 to $6
WavesNight01: calls $3
*** FLOP *** [Th Qd 5s]
WavesNight01: checks
LifeisagameX: bets $3
WavesNight01: raises $3 to $6
LifeisagameX: calls $3
*** TURN *** [Th Qd 5s] [9h]
WavesNight01: checks
LifeisagameX: bets $6
WavesNight01: folds
Uncalled bet ($6) returned to LifeisagameX
LifeisagameX collected $23.52 from pot
LifeisagameX: doesn't show hand
*** SUMMARY ***
Total pot $24 | Rake $0.48
Board [Th Qd 5s 9h]
Seat 1: LifeisagameX (button) (small blind) collected ($23.52)
Seat 2: WavesNight01 (big blind) folded on the Turn


PokerStars Hand #150170881258:  Hold'em Limit ($3/$6 USD) - 2016/03/11 3:35:44 ET
Table 'Arduina' 6-max Seat #1 is the button
Seat 1: LifeisagameX ($298.37 in chips)
Seat 2: WavesNight01 ($60.26 in chips)
LifeisagameX: posts small blind $1
WavesNight01: posts big blind $3
*** HOLE CARDS ***
LifeisagameX: raises $3 to $6
WavesNight01: calls $3
*** FLOP *** [9d 3d 2h]
WavesNight01: checks
LifeisagameX: checks
*** TURN *** [9d 3d 2h] [5d]
WavesNight01: checks
LifeisagameX: checks
*** RIVER *** [9d 3d 2h 5d] [7c]
WavesNight01: checks
LifeisagameX: checks
*** SHOW DOWN ***
WavesNight01: shows [Ts 8h] (high card Ten)
LifeisagameX: shows [Ks Jh] (high card King)
LifeisagameX collected $11.76 from pot
*** SUMMARY ***
Total pot $12 | Rake $0.24
Board [9d 3d 2h 5d 7c]
Seat 1: LifeisagameX (button) (small blind) showed [Ks Jh] and won ($11.76) with high card King
Seat 2: WavesNight01 (big blind) showed [Ts 8h] and lost with high card Ten


PokerStars Hand #150170896721:  Hold'em Limit ($3/$6 USD) - 2016/03/11 3:36:30 ET
Table 'Arduina' 6-max Seat #1 is the button
Seat 1: LifeisagameX ($289.13 in chips)
Seat 2: WavesNight01 ($68.76 in chips)
LifeisagameX: posts small blind $1
WavesNight01: posts big blind $3
*** HOLE CARDS ***
LifeisagameX: raises $3 to $6
WavesNight01: folds
Uncalled bet ($3) returned to LifeisagameX
LifeisagameX collected $6 from pot
LifeisagameX: doesn't show hand
*** SUMMARY ***
Total pot $6 | Rake $0
Seat 1: LifeisagameX (button) (small blind) collected ($6)
Seat 2: WavesNight01 (big blind) folded before Flop


PokerStars Hand #150170888166:  Hold'em Limit ($3/$6 USD) - 2016/03/11 3:36:04 ET
Table 'Arduina' 6-max Seat #2 is the button
Seat 1: LifeisagameX ($304.13 in chips)
Seat 2: WavesNight01 ($54.26 in chips)
WavesNight01: posts small blind $1
LifeisagameX: posts big blind $3
*** HOLE CARDS ***
WavesNight01: raises $3 to $6
LifeisagameX: calls $3
*** FLOP *** [2c 4s 7h]
LifeisagameX: checks
WavesNight01: bets $3
LifeisagameX: calls $3
*** TURN *** [2c 4s 7h] [Kh]
LifeisagameX: checks
WavesNight01: checks
*** RIVER *** [2c 4s 7h Kh] [7c]
LifeisagameX: bets $6
WavesNight01: raises $6 to $12
LifeisagameX: folds
Uncalled bet ($6) returned to WavesNight01
WavesNight01 collected $29.50 from pot
WavesNight01: doesn't show hand
*** SUMMARY ***
Total pot $30 | Rake $0.50
Board [2c 4s 7h Kh 7c]
Seat 1: LifeisagameX (big blind) folded on the River
Seat 2: WavesNight01 (button) (small blind) collected ($29.50)


PokerStars Hand #150170879480:  Hold'em Limit ($3/$6 USD) - 2016/03/11 3:35:38 ET
Table 'Arduina' 6-max Seat #2 is the button
Seat 1: LifeisagameX ($301.37 in chips)
Seat 2: WavesNight01 ($57.26 in chips)
WavesNight01: posts small blind $1
LifeisagameX: posts big blind $3
*** HOLE CARDS ***
WavesNight01: raises $3 to $6
LifeisagameX: folds
Uncalled bet ($3) returned to WavesNight01
WavesNight01 collected $6 from pot
WavesNight01: doesn't show hand
*** SUMMARY ***
Total pot $6 | Rake $0
Seat 1: LifeisagameX (big blind) folded before Flop
Seat 2: WavesNight01 (button) (small blind) collected ($6)


PokerStars Hand #150170874024:  Hold'em Limit ($3/$6 USD) - 2016/03/11 3:35:22 ET
Table 'Arduina' 6-max Seat #1 is the button
Seat 1: LifeisagameX ($292.73 in chips)
Seat 2: WavesNight01 ($66.26 in chips)
LifeisagameX: posts small blind $1
WavesNight01: posts big blind $3
*** HOLE CARDS ***
LifeisagameX: raises $3 to $6
WavesNight01: calls $3
*** FLOP *** [Ah 5s 9d]
WavesNight01: checks
LifeisagameX: bets $3
WavesNight01: calls $3
*** TURN *** [Ah 5s 9d] [6c]
WavesNight01: checks
LifeisagameX: bets $6
WavesNight01: folds
Uncalled bet ($6) returned to LifeisagameX
LifeisagameX collected $17.64 from pot
LifeisagameX: doesn't show hand
*** SUMMARY ***
Total pot $18 | Rake $0.36
Board [Ah 5s 9d 6c]
Seat 1: LifeisagameX (button) (small blind) collected ($17.64)
Seat 2: WavesNight01 (big blind) folded on the Turn


PokerStars Hand #150170900371:  Hold'em Limit ($3/$6 USD) - 2016/03/11 3:36:40 ET
Table 'Arduina' 6-max Seat #1 is the button
Seat 1: LifeisagameX ($293.13 in chips)
Seat 2: WavesNight01 ($64.76 in chips)
LifeisagameX: posts small blind $1
WavesNight01: posts big blind $3
*** HOLE CARDS ***
LifeisagameX: raises $3 to $6
WavesNight01: folds
Uncalled bet ($3) returned to LifeisagameX
LifeisagameX collected $6 from pot
LifeisagameX: doesn't show hand
*** SUMMARY ***
Total pot $6 | Rake $0
Seat 1: LifeisagameX (button) (small blind) collected ($6)
Seat 2: WavesNight01 (big blind) folded before Flop


PokerStars Hand #150170898675:  Hold'em Limit ($3/$6 USD) - 2016/03/11 3:36:35 ET
Table 'Arduina' 6-max Seat #2 is the button
Seat 1: LifeisagameX ($292.13 in chips)
Seat 2: WavesNight01 ($65.76 in chips)
WavesNight01: posts small blind $1
LifeisagameX: posts big blind $3
*** HOLE CARDS ***
WavesNight01: folds
Uncalled bet ($2) returned to LifeisagameX
LifeisagameX collected $2 from pot
LifeisagameX: doesn't show hand
*** SUMMARY ***
Total pot $2 | Rake $0
Seat 1: LifeisagameX (big blind) collected ($2)
Seat 2: WavesNight01 (button) (small blind) folded before Flop


PokerStars Hand #150170916684:  Hold'em Limit ($3/$6 USD) - 2016/03/11 3:37:28 ET
Table 'Arduina' 6-max Seat #2 is the button
Seat 1: LifeisagameX ($280.65 in chips)
Seat 2: WavesNight01 ($76.26 in chips)
WavesNight01: posts small blind $1
LifeisagameX: posts big blind $3
*** HOLE CARDS ***
WavesNight01: raises $3 to $6
LifeisagameX: raises $3 to $9
WavesNight01: folds
Uncalled bet ($3) returned to LifeisagameX
LifeisagameX collected $12 from pot
LifeisagameX: doesn't show hand
*** SUMMARY ***
Total pot $12 | Rake $0
Seat 1: LifeisagameX (big blind) collected ($12)
Seat 2: WavesNight01 (button) (small blind) folded before Flop


PokerStars Hand #150170902341:  Hold'em Limit ($3/$6 USD) - 2016/03/11 3:36:46 ET
Table 'Arduina' 6-max Seat #2 is the button
Seat 1: LifeisagameX ($296.13 in chips)
Seat 2: WavesNight01 ($61.76 in chips)
WavesNight01: posts small blind $1
LifeisagameX: posts big blind $3
*** HOLE CARDS ***
WavesNight01: raises $3 to $6
LifeisagameX: raises $3 to $9
WavesNight01: raises $3 to $12
Betting is capped
LifeisagameX: calls $3
*** FLOP *** [Ts 2h 2c]
LifeisagameX: checks
WavesNight01: bets $3
LifeisagameX: calls $3
*** TURN *** [Ts 2h 2c] [2d]
LifeisagameX: checks
WavesNight01: bets $6
LifeisagameX: calls $6
*** RIVER *** [Ts 2h 2c 2d] [5c]
LifeisagameX: checks
WavesNight01: bets $6
LifeisagameX: calls $6
*** SHOW DOWN ***
WavesNight01: shows [Qh Ah] (three of a kind, Deuces)
LifeisagameX: mucks hand
WavesNight01 collected $53.50 from pot
*** SUMMARY ***
Total pot $54 | Rake $0.50
Board [Ts 2h 2c 2d 5c]
Seat 1: LifeisagameX (big blind) mucked
Seat 2: WavesNight01 (button) (small blind) showed [Qh Ah] and won ($53.50) with three of a kind, Deuces


PokerStars Hand #150170910115:  Hold'em Limit ($3/$6 USD) - 2016/03/11 3:37:09 ET
Table 'Arduina' 6-max Seat #1 is the button
Seat 1: LifeisagameX ($269.13 in chips)
Seat 2: WavesNight01 ($88.26 in chips)
LifeisagameX: posts small blind $1
WavesNight01: posts big blind $3
*** HOLE CARDS ***
LifeisagameX: raises $3 to $6
WavesNight01: raises $3 to $9
LifeisagameX: calls $3
*** FLOP *** [6d 7c 9h]
WavesNight01: checks
LifeisagameX: bets $3
WavesNight01: calls $3
*** TURN *** [6d 7c 9h] [5d]
WavesNight01: checks
LifeisagameX: bets $6
WavesNight01: folds
Uncalled bet ($6) returned to LifeisagameX
LifeisagameX collected $23.52 from pot
LifeisagameX: doesn't show hand
*** SUMMARY ***
Total pot $24 | Rake $0.48
Board [6d 7c 9h 5d]
Seat 1: LifeisagameX (button) (small blind) collected ($23.52)
Seat 2: WavesNight01 (big blind) folded on the Turn


PokerStars Hand #150170936775:  Hold'em Limit ($3/$6 USD) - 2016/03/11 3:38:27 ET
Table 'Arduina' 6-max Seat #2 is the button
Seat 1: LifeisagameX ($262.41 in chips)
Seat 2: WavesNight01 ($93.52 in chips)
WavesNight01: posts small blind $1
LifeisagameX: posts big blind $3
*** HOLE CARDS ***
WavesNight01: folds
Uncalled bet ($2) returned to LifeisagameX
LifeisagameX collected $2 from pot
LifeisagameX: doesn't show hand
*** SUMMARY ***
Total pot $2 | Rake $0
Seat 1: LifeisagameX (big blind) collected ($2)
Seat 2: WavesNight01 (button) (small blind) folded before Flop


PokerStars Hand #150170921970:  Hold'em Limit ($3/$6 USD) - 2016/03/11 3:37:44 ET
Table 'Arduina' 6-max Seat #2 is the button
Seat 1: LifeisagameX ($292.41 in chips)
Seat 2: WavesNight01 ($64.26 in chips)
WavesNight01: posts small blind $1
LifeisagameX: posts big blind $3
*** HOLE CARDS ***
WavesNight01: raises $3 to $6
LifeisagameX: calls $3
*** FLOP *** [6s 7s Ah]
LifeisagameX: checks
WavesNight01: checks
*** TURN *** [6s 7s Ah] [6c]
LifeisagameX: checks
WavesNight01: checks
*** RIVER *** [6s 7s Ah 6c] [7d]
LifeisagameX: checks
WavesNight01: bets $6
LifeisagameX: folds
Uncalled bet ($6) returned to WavesNight01
WavesNight01 collected $11.76 from pot
WavesNight01: doesn't show hand
*** SUMMARY ***
Total pot $12 | Rake $0.24
Board [6s 7s Ah 6c 7d]
Seat 1: LifeisagameX (big blind) folded on the River
Seat 2: WavesNight01 (button) (small blind) collected ($11.76)


PokerStars Hand #150170928180:  Hold'em Limit ($3/$6 USD) - 2016/03/11 3:38:02 ET
Table 'Arduina' 6-max Seat #1 is the button
Seat 1: LifeisagameX ($286.41 in chips)
Seat 2: WavesNight01 ($70.02 in chips)
LifeisagameX: posts small blind $1
WavesNight01: posts big blind $3
*** HOLE CARDS ***
LifeisagameX: raises $3 to $6
WavesNight01: raises $3 to $9
LifeisagameX: calls $3
*** FLOP *** [7s 2h Kh]
WavesNight01: bets $3
LifeisagameX: calls $3
*** TURN *** [7s 2h Kh] [8d]
WavesNight01: bets $6
LifeisagameX: calls $6
*** RIVER *** [7s 2h Kh 8d] [Qd]
WavesNight01: checks
LifeisagameX: bets $6
WavesNight01: raises $6 to $12
LifeisagameX: folds
Uncalled bet ($6) returned to WavesNight01
WavesNight01 collected $47.50 from pot
WavesNight01: doesn't show hand
*** SUMMARY ***
Total pot $48 | Rake $0.50
Board [7s 2h Kh 8d Qd]
Seat 1: LifeisagameX (button) (small blind) folded on the River
Seat 2: WavesNight01 (big blind) collected ($47.50)


PokerStars Hand #150170918672:  Hold'em Limit ($3/$6 USD) - 2016/03/11 3:37:34 ET
Table 'Arduina' 6-max Seat #1 is the button
Seat 1: LifeisagameX ($286.65 in chips)
Seat 2: WavesNight01 ($70.26 in chips)
LifeisagameX: posts small blind $1
WavesNight01: posts big blind $3
*** HOLE CARDS ***
LifeisagameX: raises $3 to $6
WavesNight01: calls $3
*** FLOP *** [Qd 2c 7s]
WavesNight01: checks
LifeisagameX: bets $3
WavesNight01: folds
Uncalled bet ($3) returned to LifeisagameX
LifeisagameX collected $11.76 from pot
LifeisagameX: doesn't show hand
*** SUMMARY ***
Total pot $12 | Rake $0.24
Board [Qd 2c 7s]
Seat 1: LifeisagameX (button) (small blind) collected ($11.76)
Seat 2: WavesNight01 (big blind) folded on the Flop


PokerStars Hand #150170938469:  Hold'em Limit ($3/$6 USD) - 2016/03/11 3:38:32 ET
Table 'Arduina' 6-max Seat #1 is the button
Seat 1: LifeisagameX ($263.41 in chips)
Seat 2: WavesNight01 ($92.52 in chips)
LifeisagameX: posts small blind $1
WavesNight01: posts big blind $3
*** HOLE CARDS ***
LifeisagameX: raises $3 to $6
WavesNight01: calls $3
*** FLOP *** [6h Jh 8s]
WavesNight01: checks
LifeisagameX: bets $3
WavesNight01: calls $3
*** TURN *** [6h Jh 8s] [7s]
WavesNight01: checks
LifeisagameX: bets $6
WavesNight01: calls $6
*** RIVER *** [6h Jh 8s 7s] [Js]
WavesNight01: checks
LifeisagameX: bets $6
WavesNight01: folds
Uncalled bet ($6) returned to LifeisagameX
LifeisagameX collected $29.50 from pot
LifeisagameX: doesn't show hand
*** SUMMARY ***
Total pot $30 | Rake $0.50
Board [6h Jh 8s 7s Js]
Seat 1: LifeisagameX (button) (small blind) collected ($29.50)
Seat 2: WavesNight01 (big blind) folded on the River


PokerStars Hand #150170946478:  Hold'em Limit ($3/$6 USD) - 2016/03/11 3:38:55 ET
Table 'Arduina' 6-max Seat #2 is the button
Seat 1: LifeisagameX ($277.91 in chips)
Seat 2: WavesNight01 ($77.52 in chips)
WavesNight01: posts small blind $1
LifeisagameX: posts big blind $3
*** HOLE CARDS ***
WavesNight01: raises $3 to $6
LifeisagameX: raises $3 to $9
WavesNight01: calls $3
*** FLOP *** [Ah 2h 5c]
LifeisagameX: bets $3
WavesNight01: folds
Uncalled bet ($3) returned to LifeisagameX
LifeisagameX collected $17.64 from pot
LifeisagameX: doesn't show hand
*** SUMMARY ***
Total pot $18 | Rake $0.36
Board [Ah 2h 5c]
Seat 1: LifeisagameX (big blind) collected ($17.64)
Seat 2: WavesNight01 (button) (small blind) folded on the Flop


PokerStars Hand #150170975688:  Hold'em Limit ($3/$6 USD) - 2016/03/11 3:40:20 ET
Table 'Arduina' 6-max Seat #2 is the button
Seat 1: LifeisagameX ($238.55 in chips)
Seat 2: WavesNight01 ($115.30 in chips)
WavesNight01: posts small blind $1
LifeisagameX: posts big blind $3
*** HOLE CARDS ***
WavesNight01: raises $3 to $6
LifeisagameX: folds
Uncalled bet ($3) returned to WavesNight01
WavesNight01 collected $6 from pot
WavesNight01: doesn't show hand
*** SUMMARY ***
Total pot $6 | Rake $0
Seat 1: LifeisagameX (big blind) folded before Flop
Seat 2: WavesNight01 (button) (small blind) collected ($6)


PokerStars Hand #150170967584:  Hold'em Limit ($3/$6 USD) - 2016/03/11 3:39:57 ET
Table 'Arduina' 6-max Seat #1 is the button
Seat 1: LifeisagameX ($244.55 in chips)
Seat 2: WavesNight01 ($109.54 in chips)
LifeisagameX: posts small blind $1
WavesNight01: posts big blind $3
*** HOLE CARDS ***
LifeisagameX: raises $3 to $6
WavesNight01: calls $3
*** FLOP *** [Jd 3h 5c]
WavesNight01: checks
LifeisagameX: checks
*** TURN *** [Jd 3h 5c] [9c]
WavesNight01: bets $6
LifeisagameX: folds
Uncalled bet ($6) returned to WavesNight01
WavesNight01 collected $11.76 from pot
WavesNight01: doesn't show hand
*** SUMMARY ***
Total pot $12 | Rake $0.24
Board [Jd 3h 5c 9c]
Seat 1: LifeisagameX (button) (small blind) folded on the Turn
Seat 2: WavesNight01 (big blind) collected ($11.76)


PokerStars Hand #150170979813:  Hold'em Limit ($3/$6 USD) - 2016/03/11 3:40:33 ET
Table 'Arduina' 6-max Seat #2 is the button
Seat 1: LifeisagameX ($238.55 in chips)
Seat 2: WavesNight01 ($115.30 in chips)
WavesNight01: posts small blind $1
LifeisagameX: posts big blind $3
*** HOLE CARDS ***
WavesNight01: folds
Uncalled bet ($2) returned to LifeisagameX
LifeisagameX collected $2 from pot
LifeisagameX: doesn't show hand
*** SUMMARY ***
Total pot $2 | Rake $0
Seat 1: LifeisagameX (big blind) collected ($2)
Seat 2: WavesNight01 (button) (small blind) folded before Flop


PokerStars Hand #150170977941:  Hold'em Limit ($3/$6 USD) - 2016/03/11 3:40:27 ET
Table 'Arduina' 6-max Seat #1 is the button
Seat 1: LifeisagameX ($235.55 in chips)
Seat 2: WavesNight01 ($118.30 in chips)
LifeisagameX: posts small blind $1
WavesNight01: posts big blind $3
*** HOLE CARDS ***
LifeisagameX: raises $3 to $6
WavesNight01: folds
Uncalled bet ($3) returned to LifeisagameX
LifeisagameX collected $6 from pot
LifeisagameX: doesn't show hand
*** SUMMARY ***
Total pot $6 | Rake $0
Seat 1: LifeisagameX (button) (small blind) collected ($6)
Seat 2: WavesNight01 (big blind) folded before Flop


PokerStars Hand #150170956432:  Hold'em Limit ($3/$6 USD) - 2016/03/11 3:39:25 ET
Table 'Arduina' 6-max Seat #2 is the button
Seat 1: LifeisagameX ($274.55 in chips)
Seat 2: WavesNight01 ($80.04 in chips)
WavesNight01: posts small blind $1
LifeisagameX: posts big blind $3
*** HOLE CARDS ***
WavesNight01: raises $3 to $6
LifeisagameX: raises $3 to $9
WavesNight01: calls $3
*** FLOP *** [As 5d 2d]
LifeisagameX: bets $3
WavesNight01: calls $3
*** TURN *** [As 5d 2d] [6s]
LifeisagameX: bets $6
WavesNight01: raises $6 to $12
LifeisagameX: calls $6
*** RIVER *** [As 5d 2d 6s] [Qd]
LifeisagameX: checks
WavesNight01: bets $6
LifeisagameX: calls $6
*** SHOW DOWN ***
WavesNight01: shows [5c 6h] (two pair, Sixes and Fives)
LifeisagameX: mucks hand
WavesNight01 collected $59.50 from pot
*** SUMMARY ***
Total pot $60 | Rake $0.50
Board [As 5d 2d 6s Qd]
Seat 1: LifeisagameX (big blind) mucked
Seat 2: WavesNight01 (button) (small blind) showed [5c 6h] and won ($59.50) with two pair, Sixes and Fives


PokerStars Hand #150170987819:  Hold'em Limit ($3/$6 USD) - 2016/03/11 3:40:56 ET
Table 'Arduina' 6-max Seat #2 is the button
Seat 1: LifeisagameX ($230.55 in chips)
Seat 2: WavesNight01 ($122.94 in chips)
WavesNight01: posts small blind $1
LifeisagameX: posts big blind $3
*** HOLE CARDS ***
WavesNight01: raises $3 to $6
LifeisagameX: calls $3
*** FLOP *** [4c 9s Kc]
LifeisagameX: checks
WavesNight01: bets $3
LifeisagameX: folds
Uncalled bet ($3) returned to WavesNight01
WavesNight01 collected $11.76 from pot
WavesNight01: doesn't show hand
*** SUMMARY ***
Total pot $12 | Rake $0.24
Board [4c 9s Kc]
Seat 1: LifeisagameX (big blind) folded on the Flop
Seat 2: WavesNight01 (button) (small blind) collected ($11.76)


PokerStars Hand #150170981693:  Hold'em Limit ($3/$6 USD) - 2016/03/11 3:40:38 ET
Table 'Arduina' 6-max Seat #1 is the button
Seat 1: LifeisagameX ($239.55 in chips)
Seat 2: WavesNight01 ($114.30 in chips)
LifeisagameX: posts small blind $1
WavesNight01: posts big blind $3
*** HOLE CARDS ***
LifeisagameX: raises $3 to $6
WavesNight01: raises $3 to $9
LifeisagameX: calls $3
*** FLOP *** [Kd 5s Jc]
WavesNight01: bets $3
LifeisagameX: folds
Uncalled bet ($3) returned to WavesNight01
WavesNight01 collected $17.64 from pot
WavesNight01: doesn't show hand
*** SUMMARY ***
Total pot $18 | Rake $0.36
Board [Kd 5s Jc]
Seat 1: LifeisagameX (button) (small blind) folded on the Flop
Seat 2: WavesNight01 (big blind) collected ($17.64)


PokerStars Hand #150170993156:  Hold'em Limit ($3/$6 USD) - 2016/03/11 3:41:11 ET
Table 'Arduina' 6-max Seat #1 is the button
Seat 1: LifeisagameX ($224.55 in chips)
Seat 2: WavesNight01 ($128.70 in chips)
LifeisagameX: posts small blind $1
WavesNight01: posts big blind $3
*** HOLE CARDS ***
LifeisagameX: raises $3 to $6
WavesNight01: calls $3
*** FLOP *** [3h Kh 8s]
WavesNight01: checks
LifeisagameX: bets $3
WavesNight01: calls $3
*** TURN *** [3h Kh 8s] [5c]
WavesNight01: checks
LifeisagameX: bets $6
WavesNight01: calls $6
*** RIVER *** [3h Kh 8s 5c] [9c]
WavesNight01: checks
LifeisagameX: bets $6
WavesNight01: calls $6
*** SHOW DOWN ***
LifeisagameX: shows [Qh 8d] (a pair of Eights)
WavesNight01: shows [9h 4h] (a pair of Nines)
WavesNight01 collected $41.50 from pot
*** SUMMARY ***
Total pot $42 | Rake $0.50
Board [3h Kh 8s 5c 9c]
Seat 1: LifeisagameX (button) (small blind) showed [Qh 8d] and lost with a pair of Eights
Seat 2: WavesNight01 (big blind) showed [9h 4h] and won ($41.50) with a pair of Nines


PokerStars Hand #150171020877:  Hold'em Limit ($3/$6 USD) - 2016/03/11 3:42:31 ET
Table 'Arduina' 6-max Seat #1 is the button
Seat 1: LifeisagameX ($177.55 in chips)
Seat 2: WavesNight01 ($174.22 in chips)
LifeisagameX: posts small blind $1
WavesNight01: posts big blind $3
*** HOLE CARDS ***
LifeisagameX: raises $3 to $6
WavesNight01: folds
Uncalled bet ($3) returned to LifeisagameX
LifeisagameX collected $6 from pot
LifeisagameX: doesn't show hand
*** SUMMARY ***
Total pot $6 | Rake $0
Seat 1: LifeisagameX (button) (small blind) collected ($6)
Seat 2: WavesNight01 (big blind) folded before Flop


PokerStars Hand #150171019218:  Hold'em Limit ($3/$6 USD) - 2016/03/11 3:42:26 ET
Table 'Arduina' 6-max Seat #2 is the button
Seat 1: LifeisagameX ($176.55 in chips)
Seat 2: WavesNight01 ($175.22 in chips)
WavesNight01: posts small blind $1
LifeisagameX: posts big blind $3
*** HOLE CARDS ***
WavesNight01: folds
Uncalled bet ($2) returned to LifeisagameX
LifeisagameX collected $2 from pot
LifeisagameX: doesn't show hand
*** SUMMARY ***
Total pot $2 | Rake $0
Seat 1: LifeisagameX (big blind) collected ($2)
Seat 2: WavesNight01 (button) (small blind) folded before Flop


PokerStars Hand #150171008840:  Hold'em Limit ($3/$6 USD) - 2016/03/11 3:41:57 ET
Table 'Arduina' 6-max Seat #1 is the button
Seat 1: LifeisagameX ($191.55 in chips)
Seat 2: WavesNight01 ($160.72 in chips)
LifeisagameX: posts small blind $1
WavesNight01: posts big blind $3
*** HOLE CARDS ***
LifeisagameX: raises $3 to $6
WavesNight01: calls $3
*** FLOP *** [8h 2s 6s]
WavesNight01: bets $3
LifeisagameX: calls $3
*** TURN *** [8h 2s 6s] [Jc]
WavesNight01: checks
LifeisagameX: bets $6
WavesNight01: calls $6
*** RIVER *** [8h 2s 6s Jc] [5s]
WavesNight01: checks
LifeisagameX: checks
*** SHOW DOWN ***
WavesNight01: shows [2h Ad] (a pair of Deuces)
LifeisagameX: mucks hand
WavesNight01 collected $29.50 from pot
*** SUMMARY ***
Total pot $30 | Rake $0.50
Board [8h 2s 6s Jc 5s]
Seat 1: LifeisagameX (button) (small blind) mucked
Seat 2: WavesNight01 (big blind) showed [2h Ad] and won ($29.50) with a pair of Deuces


PokerStars Hand #150171001549:  Hold'em Limit ($3/$6 USD) - 2016/03/11 3:41:35 ET
Table 'Arduina' 6-max Seat #2 is the button
Seat 1: LifeisagameX ($203.55 in chips)
Seat 2: WavesNight01 ($149.20 in chips)
WavesNight01: posts small blind $1
LifeisagameX: posts big blind $3
*** HOLE CARDS ***
WavesNight01: raises $3 to $6
LifeisagameX: raises $3 to $9
WavesNight01: calls $3
*** FLOP *** [Th 2s 4s]
LifeisagameX: bets $3
WavesNight01: calls $3
*** TURN *** [Th 2s 4s] [Ks]
LifeisagameX: checks
WavesNight01: bets $6
LifeisagameX: folds
Uncalled bet ($6) returned to WavesNight01
WavesNight01 collected $23.52 from pot
WavesNight01: doesn't show hand
*** SUMMARY ***
Total pot $24 | Rake $0.48
Board [Th 2s 4s Ks]
Seat 1: LifeisagameX (big blind) folded on the Turn
Seat 2: WavesNight01 (button) (small blind) collected ($23.52)


PokerStars Hand #150171023102:  Hold'em Limit ($3/$6 USD) - 2016/03/11 3:42:37 ET
Table 'Arduina' 6-max Seat #2 is the button
Seat 1: LifeisagameX ($180.55 in chips)
Seat 2: WavesNight01 ($171.22 in chips)
WavesNight01: posts small blind $1
LifeisagameX: posts big blind $3
*** HOLE CARDS ***
WavesNight01: raises $3 to $6
LifeisagameX: folds
Uncalled bet ($3) returned to WavesNight01
WavesNight01 collected $6 from pot
WavesNight01: doesn't show hand
*** SUMMARY ***
Total pot $6 | Rake $0
Seat 1: LifeisagameX (big blind) folded before Flop
Seat 2: WavesNight01 (button) (small blind) collected ($6)


PokerStars Hand #150171041204:  Hold'em Limit ($3/$6 USD) - 2016/03/11 3:43:30 ET
Table 'Arduina' 6-max Seat #1 is the button
Seat 1: LifeisagameX ($153.31 in chips)
Seat 2: WavesNight01 ($197.72 in chips)
LifeisagameX: posts small blind $1
WavesNight01: posts big blind $3
*** HOLE CARDS ***
LifeisagameX: raises $3 to $6
WavesNight01: folds
Uncalled bet ($3) returned to LifeisagameX
LifeisagameX collected $6 from pot
LifeisagameX: doesn't show hand
*** SUMMARY ***
Total pot $6 | Rake $0
Seat 1: LifeisagameX (button) (small blind) collected ($6)
Seat 2: WavesNight01 (big blind) folded before Flop


PokerStars Hand #150171029755:  Hold'em Limit ($3/$6 USD) - 2016/03/11 3:42:57 ET
Table 'Arduina' 6-max Seat #2 is the button
Seat 1: LifeisagameX ($183.31 in chips)
Seat 2: WavesNight01 ($168.22 in chips)
WavesNight01: posts small blind $1
LifeisagameX: posts big blind $3
*** HOLE CARDS ***
WavesNight01: raises $3 to $6
LifeisagameX: raises $3 to $9
WavesNight01: calls $3
*** FLOP *** [5h 6s 8s]
LifeisagameX: bets $3
WavesNight01: calls $3
*** TURN *** [5h 6s 8s] [2h]
LifeisagameX: bets $6
WavesNight01: raises $6 to $12
LifeisagameX: calls $6
*** RIVER *** [5h 6s 8s 2h] [Kd]
LifeisagameX: checks
WavesNight01: bets $6
LifeisagameX: calls $6
*** SHOW DOWN ***
WavesNight01: shows [7s 6h] (a pair of Sixes)
LifeisagameX: mucks hand
WavesNight01 collected $59.50 from pot
*** SUMMARY ***
Total pot $60 | Rake $0.50
Board [5h 6s 8s 2h Kd]
Seat 1: LifeisagameX (big blind) mucked
Seat 2: WavesNight01 (button) (small blind) showed [7s 6h] and won ($59.50) with a pair of Sixes


PokerStars Hand #150171025352:  Hold'em Limit ($3/$6 USD) - 2016/03/11 3:42:44 ET
Table 'Arduina' 6-max Seat #1 is the button
Seat 1: LifeisagameX ($177.55 in chips)
Seat 2: WavesNight01 ($174.22 in chips)
LifeisagameX: posts small blind $1
WavesNight01: posts big blind $3
*** HOLE CARDS ***
LifeisagameX: raises $3 to $6
WavesNight01: calls $3
*** FLOP *** [3c Ah Qh]
WavesNight01: checks
LifeisagameX: bets $3
WavesNight01: folds
Uncalled bet ($3) returned to LifeisagameX
LifeisagameX collected $11.76 from pot
LifeisagameX: doesn't show hand
*** SUMMARY ***
Total pot $12 | Rake $0.24
Board [3c Ah Qh]
Seat 1: LifeisagameX (button) (small blind) collected ($11.76)
Seat 2: WavesNight01 (big blind) folded on the Flop


PokerStars Hand #150171052608:  Hold'em Limit ($3/$6 USD) - 2016/03/11 3:44:03 ET
Table 'Arduina' 6-max Seat #2 is the button
Seat 1: LifeisagameX ($170.83 in chips)
Seat 2: WavesNight01 ($179.72 in chips)
WavesNight01: posts small blind $1
LifeisagameX: posts big blind $3
*** HOLE CARDS ***
WavesNight01: raises $3 to $6
LifeisagameX: calls $3
*** FLOP *** [3h 2h Qc]
LifeisagameX: checks
WavesNight01: bets $3
LifeisagameX: raises $3 to $6
WavesNight01: calls $3
*** TURN *** [3h 2h Qc] [Ac]
LifeisagameX: bets $6
WavesNight01: raises $6 to $12
LifeisagameX: raises $6 to $18
WavesNight01: calls $6
*** RIVER *** [3h 2h Qc Ac] [Jd]
LifeisagameX: bets $6
WavesNight01: calls $6
*** SHOW DOWN ***
LifeisagameX: shows [2c Ad] (two pair, Aces and Deuces)
WavesNight01: mucks hand
LifeisagameX collected $71.50 from pot
*** SUMMARY ***
Total pot $72 | Rake $0.50
Board [3h 2h Qc Ac Jd]
Seat 1: LifeisagameX (big blind) showed [2c Ad] and won ($71.50) with two pair, Aces and Deuces
Seat 2: WavesNight01 (button) (small blind) mucked


PokerStars Hand #150171043297:  Hold'em Limit ($3/$6 USD) - 2016/03/11 3:43:36 ET
Table 'Arduina' 6-max Seat #2 is the button
Seat 1: LifeisagameX ($156.31 in chips)
Seat 2: WavesNight01 ($194.72 in chips)
WavesNight01: posts small blind $1
LifeisagameX: posts big blind $3
*** HOLE CARDS ***
WavesNight01: raises $3 to $6
LifeisagameX: calls $3
*** FLOP *** [8h 3h 8d]
LifeisagameX: checks
WavesNight01: checks
*** TURN *** [8h 3h 8d] [Kc]
LifeisagameX: checks
WavesNight01: bets $6
LifeisagameX: calls $6
*** RIVER *** [8h 3h 8d Kc] [2d]
LifeisagameX: checks
WavesNight01: checks
*** SHOW DOWN ***
LifeisagameX: shows [3s 2s] (two pair, Eights and Threes)
WavesNight01: mucks hand
LifeisagameX collected $23.52 from pot
*** SUMMARY ***
Total pot $24 | Rake $0.48
Board [8h 3h 8d Kc 2d]
Seat 1: LifeisagameX (big blind) showed [3s 2s] and won ($23.52) with two pair, Eights and Threes
Seat 2: WavesNight01 (button) (small blind) mucked


PokerStars Hand #150171050111:  Hold'em Limit ($3/$6 USD) - 2016/03/11 3:43:56 ET
Table 'Arduina' 6-max Seat #1 is the button
Seat 1: LifeisagameX ($167.83 in chips)
Seat 2: WavesNight01 ($182.72 in chips)
LifeisagameX: posts small blind $1
WavesNight01: posts big blind $3
*** HOLE CARDS ***
LifeisagameX: raises $3 to $6
WavesNight01: folds
Uncalled bet ($3) returned to LifeisagameX
LifeisagameX collected $6 from pot
LifeisagameX: doesn't show hand
*** SUMMARY ***
Total pot $6 | Rake $0
Seat 1: LifeisagameX (button) (small blind) collected ($6)
Seat 2: WavesNight01 (big blind) folded before Flop


PokerStars Hand #150171063035:  Hold'em Limit ($3/$6 USD) - 2016/03/11 3:44:33 ET
Table 'Arduina' 6-max Seat #1 is the button
Seat 1: LifeisagameX ($206.33 in chips)
Seat 2: WavesNight01 ($143.72 in chips)
LifeisagameX: posts small blind $1
WavesNight01: posts big blind $3
*** HOLE CARDS ***
LifeisagameX: raises $3 to $6
WavesNight01: calls $3
*** FLOP *** [6s Ad Qs]
WavesNight01: checks
LifeisagameX: bets $3
WavesNight01: calls $3
*** TURN *** [6s Ad Qs] [6h]
WavesNight01: bets $6
LifeisagameX: calls $6
*** RIVER *** [6s Ad Qs 6h] [7d]
WavesNight01: checks
LifeisagameX: checks
*** SHOW DOWN ***
WavesNight01: shows [3h 3d] (two pair, Sixes and Threes)
LifeisagameX: mucks hand
WavesNight01 collected $29.50 from pot
*** SUMMARY ***
Total pot $30 | Rake $0.50
Board [6s Ad Qs 6h 7d]
Seat 1: LifeisagameX (button) (small blind) mucked
Seat 2: WavesNight01 (big blind) showed [3h 3d] and won ($29.50) with two pair, Sixes and Threes


PokerStars Hand #150171071785:  Hold'em Limit ($3/$6 USD) - 2016/03/11 3:44:59 ET
Table 'Arduina' 6-max Seat #2 is the button
Seat 1: LifeisagameX ($191.33 in chips)
Seat 2: WavesNight01 ($158.22 in chips)
WavesNight01: posts small blind $1
LifeisagameX: posts big blind $3
*** HOLE CARDS ***
WavesNight01: raises $3 to $6
LifeisagameX: calls $3
*** FLOP *** [Kc 7s 9c]
LifeisagameX: checks
WavesNight01: checks
*** TURN *** [Kc 7s 9c] [7h]
LifeisagameX: checks
WavesNight01: bets $6
LifeisagameX: calls $6
*** RIVER *** [Kc 7s 9c 7h] [Qd]
LifeisagameX: checks
WavesNight01: bets $6
LifeisagameX: calls $6
*** SHOW DOWN ***
WavesNight01: shows [6h 9d] (two pair, Nines and Sevens)
LifeisagameX: shows [Th 9h] (two pair, Nines and Sevens)
LifeisagameX collected $17.75 from pot
WavesNight01 collected $17.75 from pot
*** SUMMARY ***
Total pot $36 | Rake $0.50
Board [Kc 7s 9c 7h Qd]
Seat 1: LifeisagameX (big blind) showed [Th 9h] and won ($17.75) with two pair, Nines and Sevens
Seat 2: WavesNight01 (button) (small blind) showed [6h 9d] and won ($17.75) with two pair, Nines and Sevens


PokerStars Hand #150171081912:  Hold'em Limit ($3/$6 USD) - 2016/03/11 3:45:28 ET
Table 'Arduina' 6-max Seat #1 is the button
Seat 1: LifeisagameX ($191.08 in chips)
Seat 2: WavesNight01 ($157.97 in chips)
LifeisagameX: posts small blind $1
WavesNight01: posts big blind $3
*** HOLE CARDS ***
LifeisagameX: raises $3 to $6
WavesNight01: calls $3
*** FLOP *** [8s 2d Ad]
WavesNight01: checks
LifeisagameX: bets $3
WavesNight01: calls $3
*** TURN *** [8s 2d Ad] [5h]
WavesNight01: checks
LifeisagameX: bets $6
WavesNight01: calls $6
*** RIVER *** [8s 2d Ad 5h] [Qd]
WavesNight01: checks
LifeisagameX: bets $6
WavesNight01: raises $6 to $12
LifeisagameX: calls $6
*** SHOW DOWN ***
WavesNight01: shows [3h Kd] (high card Ace)
LifeisagameX: shows [4h Qc] (a pair of Queens)
LifeisagameX collected $53.50 from pot
*** SUMMARY ***
Total pot $54 | Rake $0.50
Board [8s 2d Ad 5h Qd]
Seat 1: LifeisagameX (button) (small blind) showed [4h Qc] and won ($53.50) with a pair of Queens
Seat 2: WavesNight01 (big blind) showed [3h Kd] and lost with high card Ace


PokerStars Hand #150171091084:  Hold'em Limit ($3/$6 USD) - 2016/03/11 3:45:54 ET
Table 'Arduina' 6-max Seat #2 is the button
Seat 1: LifeisagameX ($217.58 in chips)
Seat 2: WavesNight01 ($130.97 in chips)
WavesNight01: posts small blind $1
LifeisagameX: posts big blind $3
*** HOLE CARDS ***
WavesNight01: raises $3 to $6
LifeisagameX: raises $3 to $9
WavesNight01: raises $3 to $12
Betting is capped
LifeisagameX: calls $3
*** FLOP *** [4s Th Kc]
LifeisagameX: checks
WavesNight01: bets $3
LifeisagameX: calls $3
*** TURN *** [4s Th Kc] [5c]
LifeisagameX: checks
WavesNight01: bets $6
LifeisagameX: calls $6
*** RIVER *** [4s Th Kc 5c] [4h]
LifeisagameX: checks
WavesNight01: bets $6
LifeisagameX: calls $6
*** SHOW DOWN ***
WavesNight01: shows [Qs Qc] (two pair, Queens and Fours)
LifeisagameX: mucks hand
WavesNight01 collected $53.50 from pot
*** SUMMARY ***
Total pot $54 | Rake $0.50
Board [4s Th Kc 5c 4h]
Seat 1: LifeisagameX (big blind) mucked
Seat 2: WavesNight01 (button) (small blind) showed [Qs Qc] and won ($53.50) with two pair, Queens and Fours


PokerStars Hand #150171099279:  Hold'em Limit ($3/$6 USD) - 2016/03/11 3:46:17 ET
Table 'Arduina' 6-max Seat #1 is the button
Seat 1: LifeisagameX ($190.58 in chips)
Seat 2: WavesNight01 ($157.47 in chips)
LifeisagameX: posts small blind $1
WavesNight01: posts big blind $3
*** HOLE CARDS ***
LifeisagameX: raises $3 to $6
WavesNight01: calls $3
*** FLOP *** [4s 5c Js]
WavesNight01: checks
LifeisagameX: bets $3
WavesNight01: raises $3 to $6
LifeisagameX: folds
Uncalled bet ($3) returned to WavesNight01
WavesNight01 collected $17.64 from pot
WavesNight01: doesn't show hand
*** SUMMARY ***
Total pot $18 | Rake $0.36
Board [4s 5c Js]
Seat 1: LifeisagameX (button) (small blind) folded on the Flop
Seat 2: WavesNight01 (big blind) collected ($17.64)


PokerStars Hand #150171105230:  Hold'em Limit ($3/$6 USD) - 2016/03/11 3:46:34 ET
Table 'Arduina' 6-max Seat #2 is the button
Seat 1: LifeisagameX ($181.58 in chips)
Seat 2: WavesNight01 ($166.11 in chips)
WavesNight01: posts small blind $1
LifeisagameX: posts big blind $3
*** HOLE CARDS ***
WavesNight01: raises $3 to $6
LifeisagameX: calls $3
*** FLOP *** [As 4s 7c]
LifeisagameX: checks
WavesNight01: bets $3
LifeisagameX: raises $3 to $6
WavesNight01: calls $3
*** TURN *** [As 4s 7c] [Kd]
LifeisagameX: checks
WavesNight01: bets $6
LifeisagameX: calls $6
*** RIVER *** [As 4s 7c Kd] [4h]
LifeisagameX: checks
WavesNight01: bets $6
LifeisagameX: calls $6
*** SHOW DOWN ***
WavesNight01: shows [Qs 4d] (three of a kind, Fours)
LifeisagameX: mucks hand
WavesNight01 collected $47.50 from pot
*** SUMMARY ***
Total pot $48 | Rake $0.50
Board [As 4s 7c Kd 4h]
Seat 1: LifeisagameX (big blind) mucked
Seat 2: WavesNight01 (button) (small blind) showed [Qs 4d] and won ($47.50) with three of a kind, Fours


PokerStars Hand #150171123781:  Hold'em Limit ($3/$6 USD) - 2016/03/11 3:47:26 ET
Table 'Arduina' 6-max Seat #1 is the button
Seat 1: LifeisagameX ($160.34 in chips)
Seat 2: WavesNight01 ($186.61 in chips)
LifeisagameX: posts small blind $1
WavesNight01: posts big blind $3
*** HOLE CARDS ***
LifeisagameX: raises $3 to $6
WavesNight01: folds
Uncalled bet ($3) returned to LifeisagameX
LifeisagameX collected $6 from pot
LifeisagameX: doesn't show hand
*** SUMMARY ***
Total pot $6 | Rake $0
Seat 1: LifeisagameX (button) (small blind) collected ($6)
Seat 2: WavesNight01 (big blind) folded before Flop


PokerStars Hand #150171121830:  Hold'em Limit ($3/$6 USD) - 2016/03/11 3:47:21 ET
Table 'Arduina' 6-max Seat #2 is the button
Seat 1: LifeisagameX ($163.34 in chips)
Seat 2: WavesNight01 ($183.61 in chips)
WavesNight01: posts small blind $1
LifeisagameX: posts big blind $3
*** HOLE CARDS ***
WavesNight01: raises $3 to $6
LifeisagameX: folds
Uncalled bet ($3) returned to WavesNight01
WavesNight01 collected $6 from pot
WavesNight01: doesn't show hand
*** SUMMARY ***
Total pot $6 | Rake $0
Seat 1: LifeisagameX (big blind) folded before Flop
Seat 2: WavesNight01 (button) (small blind) collected ($6)


PokerStars Hand #150171116582:  Hold'em Limit ($3/$6 USD) - 2016/03/11 3:47:06 ET
Table 'Arduina' 6-max Seat #1 is the button
Seat 1: LifeisagameX ($157.58 in chips)
Seat 2: WavesNight01 ($189.61 in chips)
LifeisagameX: posts small blind $1
WavesNight01: posts big blind $3
*** HOLE CARDS ***
LifeisagameX: raises $3 to $6
WavesNight01: calls $3
*** FLOP *** [Th 5s 3s]
WavesNight01: checks
LifeisagameX: checks
*** TURN *** [Th 5s 3s] [Td]
WavesNight01: checks
LifeisagameX: bets $6
WavesNight01: folds
Uncalled bet ($6) returned to LifeisagameX
LifeisagameX collected $11.76 from pot
LifeisagameX: doesn't show hand
*** SUMMARY ***
Total pot $12 | Rake $0.24
Board [Th 5s 3s Td]
Seat 1: LifeisagameX (button) (small blind) collected ($11.76)
Seat 2: WavesNight01 (big blind) folded on the Turn


PokerStars Hand #150171137610:  Hold'em Limit ($3/$6 USD) - 2016/03/11 3:48:06 ET
Table 'Arduina' 6-max Seat #2 is the button
Seat 1: LifeisagameX ($159.98 in chips)
Seat 2: WavesNight01 ($186.13 in chips)
WavesNight01: posts small blind $1
LifeisagameX: posts big blind $3
*** HOLE CARDS ***
WavesNight01: raises $3 to $6
LifeisagameX: folds
Uncalled bet ($3) returned to WavesNight01
Acidstorm200 joins the table at seat #3
WavesNight01 collected $6 from pot
WavesNight01: doesn't show hand
*** SUMMARY ***
Total pot $6 | Rake $0
Seat 1: LifeisagameX (big blind) folded before Flop
Seat 2: WavesNight01 (button) (small blind) collected ($6)


PokerStars Hand #150171129696:  Hold'em Limit ($3/$6 USD) - 2016/03/11 3:47:43 ET
Table 'Arduina' 6-max Seat #1 is the button
Seat 1: LifeisagameX ($171.98 in chips)
Seat 2: WavesNight01 ($174.61 in chips)
LifeisagameX: posts small blind $1
WavesNight01: posts big blind $3
*** HOLE CARDS ***
LifeisagameX: raises $3 to $6
WavesNight01: raises $3 to $9
LifeisagameX: calls $3
*** FLOP *** [4d Kh 3s]
WavesNight01: bets $3
LifeisagameX: calls $3
*** TURN *** [4d Kh 3s] [Qs]
WavesNight01: checks
LifeisagameX: checks
*** RIVER *** [4d Kh 3s Qs] [9d]
WavesNight01: bets $6
LifeisagameX: folds
Uncalled bet ($6) returned to WavesNight01
WavesNight01 collected $23.52 from pot
WavesNight01: doesn't show hand
*** SUMMARY ***
Total pot $24 | Rake $0.48
Board [4d Kh 3s Qs 9d]
Seat 1: LifeisagameX (button) (small blind) folded on the River
Seat 2: WavesNight01 (big blind) collected ($23.52)


PokerStars Hand #150171125853:  Hold'em Limit ($3/$6 USD) - 2016/03/11 3:47:32 ET
Table 'Arduina' 6-max Seat #2 is the button
Seat 1: LifeisagameX ($163.34 in chips)
Seat 2: WavesNight01 ($183.61 in chips)
WavesNight01: posts small blind $1
LifeisagameX: posts big blind $3
*** HOLE CARDS ***
WavesNight01: raises $3 to $6
LifeisagameX: raises $3 to $9
WavesNight01: calls $3
*** FLOP *** [5c 6s Ad]
LifeisagameX: bets $3
WavesNight01: folds
Uncalled bet ($3) returned to LifeisagameX
LifeisagameX collected $17.64 from pot
LifeisagameX: doesn't show hand
*** SUMMARY ***
Total pot $18 | Rake $0.36
Board [5c 6s Ad]
Seat 1: LifeisagameX (big blind) collected ($17.64)
Seat 2: WavesNight01 (button) (small blind) folded on the Flop


PokerStars Hand #150171140424:  Hold'em Limit ($3/$6 USD) - 2016/03/11 3:48:14 ET
Table 'Arduina' 6-max Seat #1 is the button
Seat 1: LifeisagameX ($156.98 in chips)
Seat 2: WavesNight01 ($189.13 in chips)
LifeisagameX: posts small blind $1
WavesNight01: posts big blind $3
*** HOLE CARDS ***
LifeisagameX: raises $3 to $6
WavesNight01 said, "hu"
LifeisagameX said, "hu"
WavesNight01: calls $3
*** FLOP *** [8d 9h Ts]
WavesNight01: bets $3
LifeisagameX: raises $3 to $6
WavesNight01: calls $3
*** TURN *** [8d 9h Ts] [6d]
WavesNight01: checks
LifeisagameX: bets $6
Acidstorm200 is disconnected
WavesNight01: folds
Uncalled bet ($6) returned to LifeisagameX
LifeisagameX collected $23.52 from pot
LifeisagameX: doesn't show hand
*** SUMMARY ***
Total pot $24 | Rake $0.48
Board [8d 9h Ts 6d]
Seat 1: LifeisagameX (button) (small blind) collected ($23.52)
Seat 2: WavesNight01 (big blind) folded on the Turn


PokerStars Hand #150171183280:  Hold'em Limit ($3/$6 USD) - 2016/03/11 3:50:14 ET
Table 'Arduina' 6-max Seat #3 is the button
Seat 1: LifeisagameX ($150.50 in chips)
Seat 3: Acidstorm200 ($50.45 in chips)
Acidstorm200: posts small blind $1
LifeisagameX: posts big blind $3
*** HOLE CARDS ***
Acidstorm200: folds
Uncalled bet ($2) returned to LifeisagameX
Acidstorm200 leaves the table
LifeisagameX collected $2 from pot
LifeisagameX: doesn't show hand
*** SUMMARY ***
Total pot $2 | Rake $0
Seat 1: LifeisagameX (big blind) collected ($2)
Seat 3: Acidstorm200 (button) (small blind) folded before Flop


PokerStars Hand #150171201004:  Hold'em Limit ($3/$6 USD) - 2016/03/11 3:51:05 ET
Table 'Arduina' 6-max Seat #1 is the button
Seat 1: LifeisagameX ($130.50 in chips)
Seat 2: WavesNight01 ($196.63 in chips)
LifeisagameX: posts small blind $1
WavesNight01: posts big blind $3
*** HOLE CARDS ***
LifeisagameX: raises $3 to $6
WavesNight01: calls $3
*** FLOP *** [2s Jd Tc]
WavesNight01: checks
LifeisagameX: bets $3
WavesNight01: calls $3
*** TURN *** [2s Jd Tc] [8s]
WavesNight01: checks
LifeisagameX: bets $6
WavesNight01: folds
Uncalled bet ($6) returned to LifeisagameX
LifeisagameX collected $17.64 from pot
LifeisagameX: doesn't show hand
*** SUMMARY ***
Total pot $18 | Rake $0.36
Board [2s Jd Tc 8s]
Seat 1: LifeisagameX (button) (small blind) collected ($17.64)
Seat 2: WavesNight01 (big blind) folded on the Turn


PokerStars Hand #150171198859:  Hold'em Limit ($3/$6 USD) - 2016/03/11 3:50:59 ET
Table 'Arduina' 6-max Seat #2 is the button
Seat 1: LifeisagameX ($133.50 in chips)
Seat 2: WavesNight01 ($193.63 in chips)
WavesNight01: posts small blind $1
LifeisagameX: posts big blind $3
*** HOLE CARDS ***
WavesNight01: raises $3 to $6
LifeisagameX: folds
Uncalled bet ($3) returned to WavesNight01
WavesNight01 collected $6 from pot
WavesNight01: doesn't show hand
*** SUMMARY ***
Total pot $6 | Rake $0
Seat 1: LifeisagameX (big blind) folded before Flop
Seat 2: WavesNight01 (button) (small blind) collected ($6)


PokerStars Hand #150171187382:  Hold'em Limit ($3/$6 USD) - 2016/03/11 3:50:26 ET
Table 'Arduina' 6-max Seat #1 is the button
Seat 1: LifeisagameX ($151.50 in chips)
Seat 2: WavesNight01 ($176.13 in chips)
LifeisagameX: posts small blind $1
WavesNight01: posts big blind $3
*** HOLE CARDS ***
LifeisagameX: raises $3 to $6
WavesNight01: calls $3
*** FLOP *** [Jd 9c Ts]
WavesNight01: checks
LifeisagameX: bets $3
WavesNight01: raises $3 to $6
LifeisagameX said, "5/10?"
LifeisagameX: calls $3
*** TURN *** [Jd 9c Ts] [Kc]
WavesNight01: checks
LifeisagameX: checks
*** RIVER *** [Jd 9c Ts Kc] [Tc]
WavesNight01: bets $6
LifeisagameX: calls $6
*** SHOW DOWN ***
WavesNight01: shows [5c Qs] (a straight, Nine to King)
LifeisagameX: mucks hand
WavesNight01 collected $35.50 from pot
*** SUMMARY ***
Total pot $36 | Rake $0.50
Board [Jd 9c Ts Kc Tc]
Seat 1: LifeisagameX (button) (small blind) mucked
Seat 2: WavesNight01 (big blind) showed [5c Qs] and won ($35.50) with a straight, Nine to King


PokerStars Hand #150171205929:  Hold'em Limit ($3/$6 USD) - 2016/03/11 3:51:19 ET
Table 'Arduina' 6-max Seat #2 is the button
Seat 1: LifeisagameX ($139.14 in chips)
Seat 2: WavesNight01 ($187.63 in chips)
WavesNight01: posts small blind $1
LifeisagameX: posts big blind $3
*** HOLE CARDS ***
WavesNight01: raises $3 to $6
LifeisagameX: raises $3 to $9
WavesNight01: calls $3
*** FLOP *** [Ac 2h Kc]
LifeisagameX: bets $3
WavesNight01: folds
Uncalled bet ($3) returned to LifeisagameX
LifeisagameX collected $17.64 from pot
LifeisagameX: doesn't show hand
*** SUMMARY ***
Total pot $18 | Rake $0.36
Board [Ac 2h Kc]
Seat 1: LifeisagameX (big blind) collected ($17.64)
Seat 2: WavesNight01 (button) (small blind) folded on the Flop


PokerStars Hand #150171229498:  Hold'em Limit ($3/$6 USD) - 2016/03/11 3:52:27 ET
Table 'Arduina' 6-max Seat #2 is the button
Seat 1: LifeisagameX ($176.58 in chips)
Seat 2: WavesNight01 ($148.63 in chips)
WavesNight01: posts small blind $1
LifeisagameX: posts big blind $3
*** HOLE CARDS ***
WavesNight01: raises $3 to $6
LifeisagameX: calls $3
*** FLOP *** [Ts 7d Jh]
LifeisagameX: checks
WavesNight01: bets $3
LifeisagameX: folds
Uncalled bet ($3) returned to WavesNight01
WavesNight01 collected $11.76 from pot
WavesNight01: doesn't show hand
*** SUMMARY ***
Total pot $12 | Rake $0.24
Board [Ts 7d Jh]
Seat 1: LifeisagameX (big blind) folded on the Flop
Seat 2: WavesNight01 (button) (small blind) collected ($11.76)


PokerStars Hand #150171209222:  Hold'em Limit ($3/$6 USD) - 2016/03/11 3:51:28 ET
Table 'Arduina' 6-max Seat #1 is the button
Seat 1: LifeisagameX ($147.78 in chips)
Seat 2: WavesNight01 ($178.63 in chips)
LifeisagameX: posts small blind $1
WavesNight01: posts big blind $3
*** HOLE CARDS ***
LifeisagameX: raises $3 to $6
WavesNight01: raises $3 to $9
LifeisagameX: calls $3
*** FLOP *** [7s Jd 9h]
WavesNight01: bets $3
LifeisagameX: raises $3 to $6
WavesNight01: folds
Uncalled bet ($3) returned to LifeisagameX
LifeisagameX collected $23.52 from pot
LifeisagameX: doesn't show hand
*** SUMMARY ***
Total pot $24 | Rake $0.48
Board [7s Jd 9h]
Seat 1: LifeisagameX (button) (small blind) collected ($23.52)
Seat 2: WavesNight01 (big blind) folded on the Flop


PokerStars Hand #150171220716:  Hold'em Limit ($3/$6 USD) - 2016/03/11 3:52:02 ET
Table 'Arduina' 6-max Seat #1 is the button
Seat 1: LifeisagameX ($165.06 in chips)
Seat 2: WavesNight01 ($160.63 in chips)
LifeisagameX: posts small blind $1
WavesNight01: posts big blind $3
*** HOLE CARDS ***
LifeisagameX: raises $3 to $6
WavesNight01: calls $3
*** FLOP *** [7c Kc 9d]
WavesNight01: checks
LifeisagameX: checks
*** TURN *** [7c Kc 9d] [Qd]
WavesNight01: bets $6
LifeisagameX: calls $6
*** RIVER *** [7c Kc 9d Qd] [5d]
WavesNight01: checks
LifeisagameX: checks
*** SHOW DOWN ***
WavesNight01: shows [4s Js] (high card King)
LifeisagameX: shows [2c 7h] (a pair of Sevens)
LifeisagameX collected $23.52 from pot
*** SUMMARY ***
Total pot $24 | Rake $0.48
Board [7c Kc 9d Qd 5d]
Seat 1: LifeisagameX (button) (small blind) showed [2c 7h] and won ($23.52) with a pair of Sevens
Seat 2: WavesNight01 (big blind) showed [4s Js] and lost with high card King


PokerStars Hand #150171214254:  Hold'em Limit ($3/$6 USD) - 2016/03/11 3:51:43 ET
Table 'Arduina' 6-max Seat #2 is the button
Seat 1: LifeisagameX ($159.30 in chips)
Seat 2: WavesNight01 ($166.63 in chips)
WavesNight01: posts small blind $1
LifeisagameX: posts big blind $3
*** HOLE CARDS ***
WavesNight01: raises $3 to $6
LifeisagameX: calls $3
*** FLOP *** [Jh 5c 4s]
LifeisagameX: checks
WavesNight01: checks
*** TURN *** [Jh 5c 4s] [2d]
LifeisagameX: checks
WavesNight01: checks
*** RIVER *** [Jh 5c 4s 2d] [6h]
LifeisagameX: bets $6
WavesNight01: folds
Uncalled bet ($6) returned to LifeisagameX
LifeisagameX collected $11.76 from pot
LifeisagameX: doesn't show hand
*** SUMMARY ***
Total pot $12 | Rake $0.24
Board [Jh 5c 4s 2d 6h]
Seat 1: LifeisagameX (big blind) collected ($11.76)
Seat 2: WavesNight01 (button) (small blind) folded on the River


PokerStars Hand #150171236459:  Hold'em Limit ($3/$6 USD) - 2016/03/11 3:52:47 ET
Table 'Arduina' 6-max Seat #2 is the button
Seat 1: LifeisagameX ($173.58 in chips)
Seat 2: WavesNight01 ($151.39 in chips)
WavesNight01: posts small blind $1
LifeisagameX: posts big blind $3
*** HOLE CARDS ***
WavesNight01: folds
Uncalled bet ($2) returned to LifeisagameX
LifeisagameX collected $2 from pot
LifeisagameX: doesn't show hand
*** SUMMARY ***
Total pot $2 | Rake $0
Seat 1: LifeisagameX (big blind) collected ($2)
Seat 2: WavesNight01 (button) (small blind) folded before Flop


PokerStars Hand #150171234507:  Hold'em Limit ($3/$6 USD) - 2016/03/11 3:52:41 ET
Table 'Arduina' 6-max Seat #1 is the button
Seat 1: LifeisagameX ($170.58 in chips)
Seat 2: WavesNight01 ($154.39 in chips)
LifeisagameX: posts small blind $1
WavesNight01: posts big blind $3
*** HOLE CARDS ***
LifeisagameX: raises $3 to $6
WavesNight01: folds
Uncalled bet ($3) returned to LifeisagameX
LifeisagameX collected $6 from pot
LifeisagameX: doesn't show hand
*** SUMMARY ***
Total pot $6 | Rake $0
Seat 1: LifeisagameX (button) (small blind) collected ($6)
Seat 2: WavesNight01 (big blind) folded before Flop


PokerStars Hand #150171238214:  Hold'em Limit ($3/$6 USD) - 2016/03/11 3:52:51 ET
Table 'Arduina' 6-max Seat #1 is the button
Seat 1: LifeisagameX ($174.58 in chips)
Seat 2: WavesNight01 ($150.39 in chips)
LifeisagameX: posts small blind $1
WavesNight01: posts big blind $3
*** HOLE CARDS ***
LifeisagameX: raises $3 to $6
WavesNight01: folds
Uncalled bet ($3) returned to LifeisagameX
LifeisagameX collected $6 from pot
LifeisagameX: doesn't show hand
*** SUMMARY ***
Total pot $6 | Rake $0
Seat 1: LifeisagameX (button) (small blind) collected ($6)
Seat 2: WavesNight01 (big blind) folded before Flop


PokerStars Hand #150171240493:  Hold'em Limit ($3/$6 USD) - 2016/03/11 3:52:58 ET
Table 'Arduina' 6-max Seat #2 is the button
Seat 1: LifeisagameX ($177.58 in chips)
Seat 2: WavesNight01 ($147.39 in chips)
WavesNight01: posts small blind $1
LifeisagameX: posts big blind $3
*** HOLE CARDS ***
WavesNight01: raises $3 to $6
LifeisagameX: calls $3
*** FLOP *** [5d Jc 2c]
LifeisagameX: checks
WavesNight01: checks
*** TURN *** [5d Jc 2c] [Qh]
LifeisagameX: bets $6
WavesNight01: calls $6
*** RIVER *** [5d Jc 2c Qh] [As]
LifeisagameX: checks
WavesNight01: bets $6
LifeisagameX: calls $6
*** SHOW DOWN ***
WavesNight01: shows [3d Qd] (a pair of Queens)
LifeisagameX: mucks hand
WavesNight01 collected $35.50 from pot
*** SUMMARY ***
Total pot $36 | Rake $0.50
Board [5d Jc 2c Qh As]
Seat 1: LifeisagameX (big blind) mucked
Seat 2: WavesNight01 (button) (small blind) showed [3d Qd] and won ($35.50) with a pair of Queens


PokerStars Hand #150171256052:  Hold'em Limit ($3/$6 USD) - 2016/03/11 3:53:42 ET
Table 'Arduina' 6-max Seat #1 is the button
Seat 1: LifeisagameX ($159.58 in chips)
Seat 2: WavesNight01 ($164.89 in chips)
LifeisagameX: posts small blind $1
WavesNight01: posts big blind $3
*** HOLE CARDS ***
LifeisagameX: raises $3 to $6
WavesNight01: calls $3
*** FLOP *** [Td 7c 4d]
WavesNight01: checks
LifeisagameX: bets $3
WavesNight01: calls $3
*** TURN *** [Td 7c 4d] [4h]
WavesNight01: checks
LifeisagameX: checks
*** RIVER *** [Td 7c 4d 4h] [Jc]
WavesNight01: bets $6
LifeisagameX: calls $6
*** SHOW DOWN ***
WavesNight01: shows [3s 6s] (a pair of Fours)
LifeisagameX: shows [Kd Qs] (a pair of Fours - King kicker)
LifeisagameX collected $29.50 from pot
*** SUMMARY ***
Total pot $30 | Rake $0.50
Board [Td 7c 4d 4h Jc]
Seat 1: LifeisagameX (button) (small blind) showed [Kd Qs] and won ($29.50) with a pair of Fours
Seat 2: WavesNight01 (big blind) showed [3s 6s] and lost with a pair of Fours


PokerStars Hand #150171281273:  Hold'em Limit ($3/$6 USD) - 2016/03/11 3:54:53 ET
Table 'Arduina' 6-max Seat #1 is the button
Seat 1: LifeisagameX ($168.08 in chips)
Seat 2: WavesNight01 ($155.65 in chips)
LifeisagameX: posts small blind $1
WavesNight01: posts big blind $3
*** HOLE CARDS ***
LifeisagameX: raises $3 to $6
WavesNight01: folds
Uncalled bet ($3) returned to LifeisagameX
LifeisagameX collected $6 from pot
LifeisagameX: doesn't show hand
*** SUMMARY ***
Total pot $6 | Rake $0
Seat 1: LifeisagameX (button) (small blind) collected ($6)
Seat 2: WavesNight01 (big blind) folded before Flop


PokerStars Hand #150171274049:  Hold'em Limit ($3/$6 USD) - 2016/03/11 3:54:32 ET
Table 'Arduina' 6-max Seat #2 is the button
Seat 1: LifeisagameX ($174.08 in chips)
Seat 2: WavesNight01 ($149.89 in chips)
WavesNight01: posts small blind $1
LifeisagameX: posts big blind $3
*** HOLE CARDS ***
WavesNight01: raises $3 to $6
LifeisagameX: calls $3
*** FLOP *** [3c 9c Ad]
LifeisagameX: checks
WavesNight01: bets $3
LifeisagameX: folds
Uncalled bet ($3) returned to WavesNight01
WavesNight01 collected $11.76 from pot
WavesNight01: doesn't show hand
*** SUMMARY ***
Total pot $12 | Rake $0.24
Board [3c 9c Ad]
Seat 1: LifeisagameX (big blind) folded on the Flop
Seat 2: WavesNight01 (button) (small blind) collected ($11.76)


PokerStars Hand #150171283504:  Hold'em Limit ($3/$6 USD) - 2016/03/11 3:54:59 ET
Table 'Arduina' 6-max Seat #2 is the button
Seat 1: LifeisagameX ($171.08 in chips)
Seat 2: WavesNight01 ($152.65 in chips)
WavesNight01: posts small blind $1
LifeisagameX: posts big blind $3
*** HOLE CARDS ***
WavesNight01: folds
Uncalled bet ($2) returned to LifeisagameX
LifeisagameX collected $2 from pot
LifeisagameX: doesn't show hand
*** SUMMARY ***
Total pot $2 | Rake $0
Seat 1: LifeisagameX (big blind) collected ($2)
Seat 2: WavesNight01 (button) (small blind) folded before Flop


PokerStars Hand #150171303490:  Hold'em Limit ($3/$6 USD) - 2016/03/11 3:56:02 ET
Table 'Arduina' 6-max Seat #2 is the button
Seat 1: LifeisagameX ($195.58 in chips)
Seat 2: WavesNight01 ($127.65 in chips)
WavesNight01: posts small blind $1
LifeisagameX: posts big blind $3
*** HOLE CARDS ***
WavesNight01: folds
Uncalled bet ($2) returned to LifeisagameX
LifeisagameX collected $2 from pot
LifeisagameX: doesn't show hand
*** SUMMARY ***
Total pot $2 | Rake $0
Seat 1: LifeisagameX (big blind) collected ($2)
Seat 2: WavesNight01 (button) (small blind) folded before Flop


PokerStars Hand #150171285330:  Hold'em Limit ($3/$6 USD) - 2016/03/11 3:55:04 ET
Table 'Arduina' 6-max Seat #1 is the button
Seat 1: LifeisagameX ($172.08 in chips)
Seat 2: WavesNight01 ($151.65 in chips)
LifeisagameX: posts small blind $1
WavesNight01: posts big blind $3
*** HOLE CARDS ***
LifeisagameX: raises $3 to $6
WavesNight01: raises $3 to $9
LifeisagameX: calls $3
*** FLOP *** [2d 3d 3h]
WavesNight01: bets $3
LifeisagameX: raises $3 to $6
WavesNight01: raises $3 to $9
LifeisagameX: calls $3
*** TURN *** [2d 3d 3h] [6d]
WavesNight01: bets $6
LifeisagameX said, "play 10/250 ? or i leave?"
LifeisagameX: raises $6 to $12
WavesNight01: folds
Uncalled bet ($6) returned to LifeisagameX
LifeisagameX collected $47.50 from pot
LifeisagameX: doesn't show hand
*** SUMMARY ***
Total pot $48 | Rake $0.50
Board [2d 3d 3h 6d]
Seat 1: LifeisagameX (button) (small blind) collected ($47.50)
Seat 2: WavesNight01 (big blind) folded on the Turn


PokerStars Hand #150171305075:  Hold'em Limit ($3/$6 USD) - 2016/03/11 3:56:07 ET
Table 'Arduina' 6-max Seat #1 is the button
Seat 1: LifeisagameX ($196.58 in chips)
Seat 2: WavesNight01 ($126.65 in chips)
LifeisagameX: posts small blind $1
WavesNight01: posts big blind $3
*** HOLE CARDS ***
LifeisagameX: raises $3 to $6
WavesNight01: folds
Uncalled bet ($3) returned to LifeisagameX
LifeisagameX collected $6 from pot
LifeisagameX: doesn't show hand
*** SUMMARY ***
Total pot $6 | Rake $0
Seat 1: LifeisagameX (button) (small blind) collected ($6)
Seat 2: WavesNight01 (big blind) folded before Flop


