PokerStars Hand #159868805692:  Hold'em Limit ($3/$6 USD) - 2016/10/13 7:38:35 ET
Table 'Arenda' 6-max Seat #1 is the button
Seat 1: mishkamoya ($43.91 in chips)
Seat 2: AzureCaper ($72 in chips)
mishkamoya: posts small blind $1
Agrotait leaves the table
AzureCaper: posts big blind $3
*** HOLE CARDS ***
mishkamoya: raises $3 to $6
AzureCaper: folds
Uncalled bet ($3) returned to mishkamoya
mishkamoya collected $6 from pot
mishkamoya: doesn't show hand
*** SUMMARY ***
Total pot $6 | Rake $0
Seat 1: mishkamoya (button) (small blind) collected ($6)
Seat 2: AzureCaper (big blind) folded before Flop


PokerStars Hand #159868825678:  Hold'em Limit ($3/$6 USD) - 2016/10/13 7:39:19 ET
Table 'Arenda' 6-max Seat #1 is the button
Seat 1: mishkamoya ($59.55 in chips)
Seat 2: AzureCaper ($72 in chips)
mishkamoya: posts small blind $1
AzureCaper: posts big blind $3
*** HOLE CARDS ***
mishkamoya: raises $3 to $6
AzureCaper: folds
Uncalled bet ($3) returned to mishkamoya
mishkamoya collected $6 from pot
mishkamoya: doesn't show hand
*** SUMMARY ***
Total pot $6 | Rake $0
Seat 1: mishkamoya (button) (small blind) collected ($6)
Seat 2: AzureCaper (big blind) folded before Flop


PokerStars Hand #159868831338:  Hold'em Limit ($3/$6 USD) - 2016/10/13 7:39:31 ET
Table 'Arenda' 6-max Seat #2 is the button
Seat 1: mishkamoya ($62.55 in chips)
Seat 2: AzureCaper ($72 in chips)
AzureCaper: posts small blind $1
mishkamoya: posts big blind $3
*** HOLE CARDS ***
AzureCaper: raises $3 to $6
mishkamoya: calls $3
*** FLOP *** [Td 3s Qd]
mishkamoya: checks
AzureCaper: bets $3
mishkamoya: calls $3
*** TURN *** [Td 3s Qd] [6s]
mishkamoya: checks
AzureCaper: bets $6
mishkamoya: folds
Uncalled bet ($6) returned to AzureCaper
AzureCaper collected $17.64 from pot
AzureCaper: doesn't show hand
*** SUMMARY ***
Total pot $18 | Rake $0.36
Board [Td 3s Qd 6s]
Seat 1: mishkamoya (big blind) folded on the Turn
Seat 2: AzureCaper (button) (small blind) collected ($17.64)


PokerStars Hand #159868822989:  Hold'em Limit ($3/$6 USD) - 2016/10/13 7:39:13 ET
Table 'Arenda' 6-max Seat #2 is the button
Seat 1: mishkamoya ($58.55 in chips)
Seat 2: AzureCaper ($72 in chips)
AzureCaper: posts small blind $1
mishkamoya: posts big blind $3
*** HOLE CARDS ***
AzureCaper: folds
Uncalled bet ($2) returned to mishkamoya
mishkamoya collected $2 from pot
mishkamoya: doesn't show hand
*** SUMMARY ***
Total pot $2 | Rake $0
Seat 1: mishkamoya (big blind) collected ($2)
Seat 2: AzureCaper (button) (small blind) folded before Flop


PokerStars Hand #159868810003:  Hold'em Limit ($3/$6 USD) - 2016/10/13 7:38:45 ET
Table 'Arenda' 6-max Seat #2 is the button
Seat 1: mishkamoya ($46.91 in chips)
Seat 2: AzureCaper ($72 in chips)
AzureCaper: posts small blind $1
mishkamoya: posts big blind $3
*** HOLE CARDS ***
AzureCaper: raises $3 to $6
mishkamoya: calls $3
*** FLOP *** [8h 6c Kh]
mishkamoya: checks
AzureCaper: bets $3
mishkamoya: calls $3
*** TURN *** [8h 6c Kh] [4s]
mishkamoya: checks
AzureCaper: checks
*** RIVER *** [8h 6c Kh 4s] [Kc]
mishkamoya: checks
AzureCaper: checks
*** SHOW DOWN ***
mishkamoya: shows [6d 5s] (two pair, Kings and Sixes)
AzureCaper: mucks hand
mishkamoya collected $17.64 from pot
*** SUMMARY ***
Total pot $18 | Rake $0.36
Board [8h 6c Kh 4s Kc]
Seat 1: mishkamoya (big blind) showed [6d 5s] and won ($17.64) with two pair, Kings and Sixes
Seat 2: AzureCaper (button) (small blind) mucked


PokerStars Hand #159868817714:  Hold'em Limit ($3/$6 USD) - 2016/10/13 7:39:01 ET
Table 'Arenda' 6-max Seat #1 is the button
Seat 1: mishkamoya ($55.55 in chips)
Seat 2: AzureCaper ($72 in chips)
mishkamoya: posts small blind $1
AzureCaper: posts big blind $3
*** HOLE CARDS ***
mishkamoya: raises $3 to $6
AzureCaper: folds
Uncalled bet ($3) returned to mishkamoya
mishkamoya collected $6 from pot
mishkamoya: doesn't show hand
*** SUMMARY ***
Total pot $6 | Rake $0
Seat 1: mishkamoya (button) (small blind) collected ($6)
Seat 2: AzureCaper (big blind) folded before Flop


PokerStars Hand #159868844001:  Hold'em Limit ($3/$6 USD) - 2016/10/13 7:39:58 ET
Table 'Arenda' 6-max Seat #2 is the button
Seat 1: mishkamoya ($74.05 in chips)
Seat 2: AzureCaper ($72 in chips)
AzureCaper: posts small blind $1
mishkamoya: posts big blind $3
*** HOLE CARDS ***
AzureCaper: raises $3 to $6
mishkamoya: calls $3
*** FLOP *** [4c 2s 4d]
mishkamoya: checks
AzureCaper: bets $3
mishkamoya: folds
Uncalled bet ($3) returned to AzureCaper
AzureCaper collected $11.76 from pot
AzureCaper: doesn't show hand
*** SUMMARY ***
Total pot $12 | Rake $0.24
Board [4c 2s 4d]
Seat 1: mishkamoya (big blind) folded on the Flop
Seat 2: AzureCaper (button) (small blind) collected ($11.76)


PokerStars Hand #159868837141:  Hold'em Limit ($3/$6 USD) - 2016/10/13 7:39:44 ET
Table 'Arenda' 6-max Seat #1 is the button
Seat 1: mishkamoya ($53.55 in chips)
Seat 2: AzureCaper ($80.64 in chips)
mishkamoya: posts small blind $1
AzureCaper: posts big blind $3
*** HOLE CARDS ***
mishkamoya: raises $3 to $6
AzureCaper: calls $3
*** FLOP *** [5c 6s 7d]
AzureCaper: checks
mishkamoya: bets $3
AzureCaper: raises $3 to $6
mishkamoya: raises $3 to $9
AzureCaper: calls $3
*** TURN *** [5c 6s 7d] [7c]
AzureCaper: checks
mishkamoya: bets $6
AzureCaper: calls $6
*** RIVER *** [5c 6s 7d 7c] [2d]
AzureCaper: checks
mishkamoya: bets $6
AzureCaper: folds
Uncalled bet ($6) returned to mishkamoya
mishkamoya collected $41.50 from pot
mishkamoya: doesn't show hand
*** SUMMARY ***
Total pot $42 | Rake $0.50
Board [5c 6s 7d 7c 2d]
Seat 1: mishkamoya (button) (small blind) collected ($41.50)
Seat 2: AzureCaper (big blind) folded on the River


PokerStars Hand #159868847582:  Hold'em Limit ($3/$6 USD) - 2016/10/13 7:40:06 ET
Table 'Arenda' 6-max Seat #1 is the button
Seat 1: mishkamoya ($68.05 in chips)
Seat 2: AzureCaper ($77.76 in chips)
mishkamoya: posts small blind $1
AzureCaper: posts big blind $3
*** HOLE CARDS ***
mishkamoya: folds
Uncalled bet ($2) returned to AzureCaper
AzureCaper collected $2 from pot
AzureCaper: doesn't show hand
*** SUMMARY ***
Total pot $2 | Rake $0
Seat 1: mishkamoya (button) (small blind) folded before Flop
Seat 2: AzureCaper (big blind) collected ($2)


PokerStars Hand #159868853449:  Hold'em Limit ($3/$6 USD) - 2016/10/13 7:40:19 ET
Table 'Arenda' 6-max Seat #1 is the button
Seat 1: mishkamoya ($61.05 in chips)
Seat 2: AzureCaper ($84.52 in chips)
mishkamoya: posts small blind $1
AzureCaper: posts big blind $3
*** HOLE CARDS ***
mishkamoya: folds
Uncalled bet ($2) returned to AzureCaper
AzureCaper collected $2 from pot
AzureCaper: doesn't show hand
*** SUMMARY ***
Total pot $2 | Rake $0
Seat 1: mishkamoya (button) (small blind) folded before Flop
Seat 2: AzureCaper (big blind) collected ($2)


PokerStars Hand #159868849626:  Hold'em Limit ($3/$6 USD) - 2016/10/13 7:40:11 ET
Table 'Arenda' 6-max Seat #2 is the button
Seat 1: mishkamoya ($67.05 in chips)
Seat 2: AzureCaper ($78.76 in chips)
AzureCaper: posts small blind $1
mishkamoya: posts big blind $3
*** HOLE CARDS ***
AzureCaper: raises $3 to $6
mishkamoya: calls $3
*** FLOP *** [As 2d 4c]
mishkamoya: checks
AzureCaper: bets $3
NiktheDon joins the table at seat #3
mishkamoya: folds
Uncalled bet ($3) returned to AzureCaper
AzureCaper collected $11.76 from pot
AzureCaper: doesn't show hand
*** SUMMARY ***
Total pot $12 | Rake $0.24
Board [As 2d 4c]
Seat 1: mishkamoya (big blind) folded on the Flop
Seat 2: AzureCaper (button) (small blind) collected ($11.76)


PokerStars Hand #159868885574:  Hold'em Limit ($3/$6 USD) - 2016/10/13 7:41:28 ET
Table 'Arenda' 6-max Seat #3 is the button
Seat 2: AzureCaper ($130.52 in chips)
Seat 3: NiktheDon ($131.89 in chips)
NiktheDon: posts small blind $1
AzureCaper: posts big blind $3
*** HOLE CARDS ***
NiktheDon: folds
Uncalled bet ($2) returned to AzureCaper
AzureCaper collected $2 from pot
AzureCaper: doesn't show hand
*** SUMMARY ***
Total pot $2 | Rake $0
Seat 2: AzureCaper (big blind) collected ($2)
Seat 3: NiktheDon (button) (small blind) folded before Flop


PokerStars Hand #159868880987:  Hold'em Limit ($3/$6 USD) - 2016/10/13 7:41:18 ET
Table 'Arenda' 6-max Seat #2 is the button
Seat 2: AzureCaper ($139.52 in chips)
Seat 3: NiktheDon ($123.25 in chips)
AzureCaper: posts small blind $1
NiktheDon: posts big blind $3
*** HOLE CARDS ***
AzureCaper: raises $3 to $6
NiktheDon: raises $3 to $9
AzureCaper: calls $3
*** FLOP *** [Qs 3c Qh]
NiktheDon: bets $3
AzureCaper: folds
Uncalled bet ($3) returned to NiktheDon
NiktheDon collected $17.64 from pot
NiktheDon: doesn't show hand
*** SUMMARY ***
Total pot $18 | Rake $0.36
Board [Qs 3c Qh]
Seat 2: AzureCaper (button) (small blind) folded on the Flop
Seat 3: NiktheDon (big blind) collected ($17.64)


PokerStars Hand #159868888675:  Hold'em Limit ($3/$6 USD) - 2016/10/13 7:41:35 ET
Table 'Arenda' 6-max Seat #2 is the button
Seat 2: AzureCaper ($131.52 in chips)
Seat 3: NiktheDon ($130.89 in chips)
AzureCaper: posts small blind $1
NiktheDon: posts big blind $3
*** HOLE CARDS ***
AzureCaper: folds
Uncalled bet ($2) returned to NiktheDon
NiktheDon collected $2 from pot
NiktheDon: doesn't show hand
*** SUMMARY ***
Total pot $2 | Rake $0
Seat 2: AzureCaper (button) (small blind) folded before Flop
Seat 3: NiktheDon (big blind) collected ($2)


PokerStars Hand #159868908828:  Hold'em Limit ($3/$6 USD) - 2016/10/13 7:42:18 ET
Table 'Arenda' 6-max Seat #3 is the button
Seat 2: AzureCaper ($121.52 in chips)
Seat 3: NiktheDon ($140.53 in chips)
NiktheDon: posts small blind $1
AzureCaper: posts big blind $3
*** HOLE CARDS ***
NiktheDon: folds
Uncalled bet ($2) returned to AzureCaper
AzureCaper collected $2 from pot
AzureCaper: doesn't show hand
*** SUMMARY ***
Total pot $2 | Rake $0
Seat 2: AzureCaper (big blind) collected ($2)
Seat 3: NiktheDon (button) (small blind) folded before Flop


PokerStars Hand #159868900279:  Hold'em Limit ($3/$6 USD) - 2016/10/13 7:42:00 ET
Table 'Arenda' 6-max Seat #2 is the button
Seat 2: AzureCaper ($127.52 in chips)
Seat 3: NiktheDon ($134.77 in chips)
AzureCaper: posts small blind $1
NiktheDon: posts big blind $3
*** HOLE CARDS ***
AzureCaper: raises $3 to $6
NiktheDon: calls $3
*** FLOP *** [8h 2s Kc]
NiktheDon: bets $3
AzureCaper: folds
Uncalled bet ($3) returned to NiktheDon
NiktheDon collected $11.76 from pot
NiktheDon: doesn't show hand
*** SUMMARY ***
Total pot $12 | Rake $0.24
Board [8h 2s Kc]
Seat 2: AzureCaper (button) (small blind) folded on the Flop
Seat 3: NiktheDon (big blind) collected ($11.76)


PokerStars Hand #159868891300:  Hold'em Limit ($3/$6 USD) - 2016/10/13 7:41:41 ET
Table 'Arenda' 6-max Seat #3 is the button
Seat 2: AzureCaper ($130.52 in chips)
Seat 3: NiktheDon ($131.89 in chips)
NiktheDon: posts small blind $1
AzureCaper: posts big blind $3
*** HOLE CARDS ***
NiktheDon: calls $2
AzureCaper: checks
*** FLOP *** [3c Ah Td]
AzureCaper: checks
NiktheDon: checks
*** TURN *** [3c Ah Td] [5d]
AzureCaper: checks
NiktheDon: bets $6
AzureCaper: folds
Uncalled bet ($6) returned to NiktheDon
NiktheDon collected $5.88 from pot
NiktheDon: doesn't show hand
*** SUMMARY ***
Total pot $6 | Rake $0.12
Board [3c Ah Td 5d]
Seat 2: AzureCaper (big blind) folded on the Turn
Seat 3: NiktheDon (button) (small blind) collected ($5.88)


