PokerStars Hand #167726014291:  Hold'em Limit ($3/$6 USD) - 2017/03/17 17:21:12 ET
Table 'Arenda' 6-max Seat #2 is the button
Seat 1: DragonT55 ($160.67 in chips)
Seat 2: AzureCaper ($72 in chips)
AzureCaper: posts small blind $1
GoliafUa: is sitting out
DragonT55: posts big blind $3
*** HOLE CARDS ***
AzureCaper: raises $3 to $6
DragonT55: folds
Uncalled bet ($3) returned to AzureCaper
AzureCaper collected $6 from pot
*** SUMMARY ***
Total pot $6 | Rake $0
Seat 1: DragonT55 (big blind) folded before Flop
Seat 2: AzureCaper (button) (small blind) collected ($6)


PokerStars Hand #167726047663:  Hold'em Limit ($3/$6 USD) - 2017/03/17 17:21:51 ET
Table 'Arenda' 6-max Seat #2 is the button
Seat 1: DragonT55 ($178.17 in chips)
Seat 2: AzureCaper ($72 in chips)
AzureCaper: posts small blind $1
DragonT55: posts big blind $3
*** HOLE CARDS ***
AzureCaper: raises $3 to $6
DragonT55: folds
Uncalled bet ($3) returned to AzureCaper
AzureCaper collected $6 from pot
AzureCaper: doesn't show hand
*** SUMMARY ***
Total pot $6 | Rake $0
Seat 1: DragonT55 (big blind) folded before Flop
Seat 2: AzureCaper (button) (small blind) collected ($6)


PokerStars Hand #167726057936:  Hold'em Limit ($3/$6 USD) - 2017/03/17 17:22:03 ET
Table 'Arenda' 6-max Seat #1 is the button
Seat 1: DragonT55 ($175.17 in chips)
Seat 2: AzureCaper ($75 in chips)
DragonT55: posts small blind $1
AzureCaper: posts big blind $3
*** HOLE CARDS ***
DragonT55: calls $2
AzureCaper: checks
*** FLOP *** [3s 7d 2s]
AzureCaper: bets $3
DragonT55: folds
Uncalled bet ($3) returned to AzureCaper
AzureCaper collected $5.88 from pot
AzureCaper: doesn't show hand
*** SUMMARY ***
Total pot $6 | Rake $0.12
Board [3s 7d 2s]
Seat 1: DragonT55 (button) (small blind) folded on the Flop
Seat 2: AzureCaper (big blind) collected ($5.88)


PokerStars Hand #167726027144:  Hold'em Limit ($3/$6 USD) - 2017/03/17 17:21:27 ET
Table 'Arenda' 6-max Seat #1 is the button
Seat 1: DragonT55 ($157.67 in chips)
Seat 2: AzureCaper ($75 in chips)
DragonT55: posts small blind $1
AzureCaper: posts big blind $3
*** HOLE CARDS ***
DragonT55: calls $2
AzureCaper: checks
*** FLOP *** [Th 6h 2h]
AzureCaper: checks
DragonT55: bets $3
AzureCaper: raises $3 to $6
DragonT55: calls $3
*** TURN *** [Th 6h 2h] [Kc]
AzureCaper: bets $6
DragonT55: calls $6
*** RIVER *** [Th 6h 2h Kc] [Tc]
AzureCaper: bets $6
DragonT55: calls $6
*** SHOW DOWN ***
AzureCaper: shows [6s 2s] (two pair, Tens and Sixes)
DragonT55: shows [Qc Qs] (two pair, Queens and Tens)
DragonT55 collected $41.50 from pot
*** SUMMARY ***
Total pot $42 | Rake $0.50
Board [Th 6h 2h Kc Tc]
Seat 1: DragonT55 (button) (small blind) showed [Qc Qs] and won ($41.50) with two pair, Queens and Tens
Seat 2: AzureCaper (big blind) showed [6s 2s] and lost with two pair, Tens and Sixes


PokerStars Hand #167726071766:  Hold'em Limit ($3/$6 USD) - 2017/03/17 17:22:19 ET
Table 'Arenda' 6-max Seat #2 is the button
Seat 1: DragonT55 ($172.17 in chips)
Seat 2: AzureCaper ($77.88 in chips)
AzureCaper: posts small blind $1
DragonT55: posts big blind $3
*** HOLE CARDS ***
AzureCaper: raises $3 to $6
DragonT55: calls $3
*** FLOP *** [8c Kc 4d]
DragonT55: checks
AzureCaper: bets $3
DragonT55: folds
Uncalled bet ($3) returned to AzureCaper
AzureCaper collected $11.76 from pot
AzureCaper: doesn't show hand
*** SUMMARY ***
Total pot $12 | Rake $0.24
Board [8c Kc 4d]
Seat 1: DragonT55 (big blind) folded on the Flop
Seat 2: AzureCaper (button) (small blind) collected ($11.76)


PokerStars Hand #167726086369:  Hold'em Limit ($3/$6 USD) - 2017/03/17 17:22:36 ET
Table 'Arenda' 6-max Seat #1 is the button
Seat 1: DragonT55 ($166.17 in chips)
Seat 2: AzureCaper ($83.64 in chips)
DragonT55: posts small blind $1
AzureCaper: posts big blind $3
*** HOLE CARDS ***
DragonT55: calls $2
AzureCaper: checks
*** FLOP *** [3d 3s Tc]
AzureCaper: checks
DragonT55: checks
*** TURN *** [3d 3s Tc] [9d]
AzureCaper: bets $6
DragonT55: calls $6
*** RIVER *** [3d 3s Tc 9d] [5h]
AzureCaper: checks
DragonT55: bets $6
AzureCaper: calls $6
*** SHOW DOWN ***
DragonT55: shows [Qs Ts] (two pair, Tens and Threes)
AzureCaper: mucks hand
DragonT55 collected $29.50 from pot
*** SUMMARY ***
Total pot $30 | Rake $0.50
Board [3d 3s Tc 9d 5h]
Seat 1: DragonT55 (button) (small blind) showed [Qs Ts] and won ($29.50) with two pair, Tens and Threes
Seat 2: AzureCaper (big blind) mucked


PokerStars Hand #167726108435:  Hold'em Limit ($3/$6 USD) - 2017/03/17 17:23:02 ET
Table 'Arenda' 6-max Seat #2 is the button
Seat 1: DragonT55 ($180.67 in chips)
Seat 2: AzureCaper ($72 in chips)
AzureCaper: posts small blind $1
DragonT55: posts big blind $3
*** HOLE CARDS ***
AzureCaper: raises $3 to $6
DragonT55: calls $3
*** FLOP *** [3c Kh 9h]
DragonT55: checks
AzureCaper: bets $3
DragonT55: calls $3
*** TURN *** [3c Kh 9h] [2h]
DragonT55: checks
AzureCaper: bets $6
DragonT55: calls $6
*** RIVER *** [3c Kh 9h 2h] [5d]
DragonT55: checks
AzureCaper: checks
*** SHOW DOWN ***
DragonT55: shows [Ah 8d] (high card Ace)
AzureCaper: shows [4c 2c] (a pair of Deuces)
AzureCaper collected $29.50 from pot
*** SUMMARY ***
Total pot $30 | Rake $0.50
Board [3c Kh 9h 2h 5d]
Seat 1: DragonT55 (big blind) showed [Ah 8d] and lost with high card Ace
Seat 2: AzureCaper (button) (small blind) showed [4c 2c] and won ($29.50) with a pair of Deuces


PokerStars Hand #167726161930:  Hold'em Limit ($3/$6 USD) - 2017/03/17 17:24:05 ET
Table 'Arenda' 6-max Seat #1 is the button
Seat 1: DragonT55 ($145.67 in chips)
Seat 2: AzureCaper ($106 in chips)
DragonT55: posts small blind $1
AzureCaper: posts big blind $3
*** HOLE CARDS ***
DragonT55: folds
Uncalled bet ($2) returned to AzureCaper
AzureCaper collected $2 from pot
*** SUMMARY ***
Total pot $2 | Rake $0
Seat 1: DragonT55 (button) (small blind) folded before Flop
Seat 2: AzureCaper (big blind) collected ($2)


PokerStars Hand #167726156105:  Hold'em Limit ($3/$6 USD) - 2017/03/17 17:23:58 ET
Table 'Arenda' 6-max Seat #2 is the button
Seat 1: DragonT55 ($144.67 in chips)
Seat 2: AzureCaper ($107 in chips)
AzureCaper: posts small blind $1
DragonT55: posts big blind $3
*** HOLE CARDS ***
AzureCaper: folds
Uncalled bet ($2) returned to DragonT55
DragonT55 collected $2 from pot
*** SUMMARY ***
Total pot $2 | Rake $0
Seat 1: DragonT55 (big blind) collected ($2)
Seat 2: AzureCaper (button) (small blind) folded before Flop


PokerStars Hand #167726128347:  Hold'em Limit ($3/$6 USD) - 2017/03/17 17:23:26 ET
Table 'Arenda' 6-max Seat #1 is the button
Seat 1: DragonT55 ($165.67 in chips)
Seat 2: AzureCaper ($86.50 in chips)
DragonT55: posts small blind $1
AzureCaper: posts big blind $3
*** HOLE CARDS ***
DragonT55: calls $2
AzureCaper: raises $3 to $6
DragonT55: calls $3
*** FLOP *** [4c 9c 7d]
AzureCaper: bets $3
DragonT55: calls $3
*** TURN *** [4c 9c 7d] [6d]
AzureCaper: bets $6
DragonT55: calls $6
*** RIVER *** [4c 9c 7d 6d] [4s]
AzureCaper: checks
DragonT55: bets $6
AzureCaper: calls $6
*** SHOW DOWN ***
DragonT55: shows [Kd Qd] (a pair of Fours)
AzureCaper: shows [Ad Jh] (a pair of Fours - Ace kicker)
AzureCaper collected $41.50 from pot
*** SUMMARY ***
Total pot $42 | Rake $0.50
Board [4c 9c 7d 6d 4s]
Seat 1: DragonT55 (button) (small blind) showed [Kd Qd] and lost with a pair of Fours
Seat 2: AzureCaper (big blind) showed [Ad Jh] and won ($41.50) with a pair of Fours


PokerStars Hand #167726151407:  Hold'em Limit ($3/$6 USD) - 2017/03/17 17:23:53 ET
Table 'Arenda' 6-max Seat #1 is the button
Seat 1: DragonT55 ($145.67 in chips)
Seat 2: AzureCaper ($106 in chips)
DragonT55: posts small blind $1
AzureCaper: posts big blind $3
*** HOLE CARDS ***
DragonT55: folds
Uncalled bet ($2) returned to AzureCaper
AzureCaper collected $2 from pot
AzureCaper: doesn't show hand
*** SUMMARY ***
Total pot $2 | Rake $0
Seat 1: DragonT55 (button) (small blind) folded before Flop
Seat 2: AzureCaper (big blind) collected ($2)


PokerStars Hand #167726145831:  Hold'em Limit ($3/$6 USD) - 2017/03/17 17:23:46 ET
Table 'Arenda' 6-max Seat #2 is the button
Seat 1: DragonT55 ($144.67 in chips)
Seat 2: AzureCaper ($107 in chips)
AzureCaper: posts small blind $1
DragonT55: posts big blind $3
*** HOLE CARDS ***
AzureCaper: folds
Uncalled bet ($2) returned to DragonT55
DragonT55 collected $2 from pot
*** SUMMARY ***
Total pot $2 | Rake $0
Seat 1: DragonT55 (big blind) collected ($2)
Seat 2: AzureCaper (button) (small blind) folded before Flop


PokerStars Hand #167726166616:  Hold'em Limit ($3/$6 USD) - 2017/03/17 17:24:11 ET
Table 'Arenda' 6-max Seat #2 is the button
Seat 1: DragonT55 ($144.67 in chips)
Seat 2: AzureCaper ($107 in chips)
AzureCaper: posts small blind $1
DragonT55: posts big blind $3
*** HOLE CARDS ***
AzureCaper: raises $3 to $6
DragonT55: calls $3
*** FLOP *** [Ad Kd Qs]
DragonT55: checks
AzureCaper is disconnected
AzureCaper is connected
AzureCaper: bets $3
DragonT55: calls $3
*** TURN *** [Ad Kd Qs] [5d]
DragonT55: bets $6
AzureCaper: folds
Uncalled bet ($6) returned to DragonT55
DragonT55 collected $17.64 from pot
*** SUMMARY ***
Total pot $18 | Rake $0.36
Board [Ad Kd Qs 5d]
Seat 1: DragonT55 (big blind) collected ($17.64)
Seat 2: AzureCaper (button) (small blind) folded on the Turn


PokerStars Hand #167726278059:  Hold'em Limit ($3/$6 USD) - 2017/03/17 17:26:23 ET
Table 'Arenda' 6-max Seat #2 is the button
Seat 1: DragonT55 ($147.31 in chips)
Seat 2: AzureCaper ($103.76 in chips)
AzureCaper: posts small blind $1
DragonT55: posts big blind $3
*** HOLE CARDS ***
AzureCaper: folds
Uncalled bet ($2) returned to DragonT55
DragonT55 collected $2 from pot
*** SUMMARY ***
Total pot $2 | Rake $0
Seat 1: DragonT55 (big blind) collected ($2)
Seat 2: AzureCaper (button) (small blind) folded before Flop


PokerStars Hand #167726234336:  Hold'em Limit ($3/$6 USD) - 2017/03/17 17:25:31 ET
Table 'Arenda' 6-max Seat #1 is the button
Seat 1: DragonT55 ($153.31 in chips)
Seat 2: AzureCaper ($98 in chips)
DragonT55: posts small blind $1
AzureCaper: posts big blind $3
*** HOLE CARDS ***
DragonT55: calls $2
AzureCaper: raises $3 to $6
DragonT55: calls $3
*** FLOP *** [7h Js 6d]
AzureCaper: bets $3
DragonT55: folds
Uncalled bet ($3) returned to AzureCaper
AzureCaper collected $11.76 from pot
AzureCaper: doesn't show hand
*** SUMMARY ***
Total pot $12 | Rake $0.24
Board [7h Js 6d]
Seat 1: DragonT55 (button) (small blind) folded on the Flop
Seat 2: AzureCaper (big blind) collected ($11.76)


PokerStars Hand #167726294429:  Hold'em Limit ($3/$6 USD) - 2017/03/17 17:26:42 ET
Table 'Arenda' 6-max Seat #1 is the button
Seat 1: DragonT55 ($148.31 in chips)
Seat 2: AzureCaper ($102.76 in chips)
DragonT55: posts small blind $1
AzureCaper: posts big blind $3
*** HOLE CARDS ***
DragonT55: calls $2
AzureCaper: raises $3 to $6
DragonT55: calls $3
*** FLOP *** [Ac 9h 6d]
AzureCaper: bets $3
LouisB joins the table at seat #3
DragonT55: calls $3
*** TURN *** [Ac 9h 6d] [8c]
AzureCaper: bets $6
DragonT55: calls $6
*** RIVER *** [Ac 9h 6d 8c] [2c]
AzureCaper: bets $6
DragonT55: raises $6 to $12
AzureCaper: raises $6 to $18
DragonT55: folds
Uncalled bet ($6) returned to AzureCaper
AzureCaper collected $53.50 from pot
AzureCaper: doesn't show hand
*** SUMMARY ***
Total pot $54 | Rake $0.50
Board [Ac 9h 6d 8c 2c]
Seat 1: DragonT55 (button) (small blind) folded on the River
Seat 2: AzureCaper (big blind) collected ($53.50)


PokerStars Hand #167726289205:  Hold'em Limit ($3/$6 USD) - 2017/03/17 17:26:36 ET
Table 'Arenda' 6-max Seat #2 is the button
Seat 1: DragonT55 ($147.31 in chips)
Seat 2: AzureCaper ($103.76 in chips)
AzureCaper: posts small blind $1
DragonT55: posts big blind $3
*** HOLE CARDS ***
AzureCaper: folds
Uncalled bet ($2) returned to DragonT55
DragonT55 collected $2 from pot
*** SUMMARY ***
Total pot $2 | Rake $0
Seat 1: DragonT55 (big blind) collected ($2)
Seat 2: AzureCaper (button) (small blind) folded before Flop


PokerStars Hand #167726283734:  Hold'em Limit ($3/$6 USD) - 2017/03/17 17:26:29 ET
Table 'Arenda' 6-max Seat #1 is the button
Seat 1: DragonT55 ($148.31 in chips)
Seat 2: AzureCaper ($102.76 in chips)
DragonT55: posts small blind $1
AzureCaper: posts big blind $3
*** HOLE CARDS ***
DragonT55: folds
Uncalled bet ($2) returned to AzureCaper
AzureCaper collected $2 from pot
AzureCaper: doesn't show hand
*** SUMMARY ***
Total pot $2 | Rake $0
Seat 1: DragonT55 (button) (small blind) folded before Flop
Seat 2: AzureCaper (big blind) collected ($2)


PokerStars Hand #167729675151:  Hold'em Limit ($3/$6 USD) - 2017/03/17 18:36:50 ET
Table 'Arenda' 6-max Seat #1 is the button
Seat 1: Qvidde ($151.99 in chips)
Seat 6: Jannuh ($72.84 in chips)
Qvidde: posts small blind $1
Jannuh: posts big blind $3
*** HOLE CARDS ***
Qvidde: raises $3 to $6
Jannuh: folds
Uncalled bet ($3) returned to Qvidde
Qvidde collected $6 from pot
Qvidde: doesn't show hand
*** SUMMARY ***
Total pot $6 | Rake $0
Seat 1: Qvidde (button) (small blind) collected ($6)
Seat 6: Jannuh (big blind) folded before Flop


PokerStars Hand #167729687255:  Hold'em Limit ($3/$6 USD) - 2017/03/17 18:37:06 ET
Table 'Arenda' 6-max Seat #6 is the button
Seat 1: Qvidde ($154.99 in chips)
Seat 6: Jannuh ($69.84 in chips)
Jannuh: posts small blind $1
Qvidde: posts big blind $3
*** HOLE CARDS ***
Jannuh: raises $3 to $6
Qvidde: calls $3
*** FLOP *** [8h Ad 8d]
Qvidde: checks
Jannuh: bets $3
Qvidde: raises $3 to $6
Jannuh: raises $3 to $9
Qvidde: raises $3 to $12
Betting is capped
Jannuh: calls $3
*** TURN *** [8h Ad 8d] [2h]
Qvidde: bets $6
Jannuh: calls $6
*** RIVER *** [8h Ad 8d 2h] [Kc]
Qvidde: bets $6
Jannuh: raises $6 to $12
Qvidde: calls $6
*** SHOW DOWN ***
Jannuh: shows [3c 8c] (three of a kind, Eights)
Qvidde: shows [Jc 8s] (three of a kind, Eights)
Qvidde collected $35.75 from pot
Jannuh collected $35.75 from pot
*** SUMMARY ***
Total pot $72 | Rake $0.50
Board [8h Ad 8d 2h Kc]
Seat 1: Qvidde (big blind) showed [Jc 8s] and won ($35.75) with three of a kind, Eights
Seat 6: Jannuh (button) (small blind) showed [3c 8c] and won ($35.75) with three of a kind, Eights


PokerStars Hand #167729743249:  Hold'em Limit ($3/$6 USD) - 2017/03/17 18:38:18 ET
Table 'Arenda' 6-max Seat #1 is the button
Seat 1: Qvidde ($154.74 in chips)
Seat 6: Jannuh ($69.59 in chips)
Qvidde: posts small blind $1
Jannuh: posts big blind $3
*** HOLE CARDS ***
Qvidde: raises $3 to $6
Jannuh: calls $3
*** FLOP *** [2c 5h Ah]
Jannuh: checks
Qvidde: bets $3
Jannuh: folds
Uncalled bet ($3) returned to Qvidde
Qvidde collected $11.76 from pot
Qvidde: doesn't show hand
*** SUMMARY ***
Total pot $12 | Rake $0.24
Board [2c 5h Ah]
Seat 1: Qvidde (button) (small blind) collected ($11.76)
Seat 6: Jannuh (big blind) folded on the Flop


PokerStars Hand #167729771283:  Hold'em Limit ($3/$6 USD) - 2017/03/17 18:38:54 ET
Table 'Arenda' 6-max Seat #6 is the button
Seat 1: Qvidde ($160.50 in chips)
Seat 6: Jannuh ($63.59 in chips)
Jannuh: posts small blind $1
Qvidde: posts big blind $3
*** HOLE CARDS ***
Jannuh: raises $3 to $6
Qvidde: calls $3
*** FLOP *** [7c Jh Qc]
Qvidde: checks
Jannuh: bets $3
Qvidde: folds
Uncalled bet ($3) returned to Jannuh
Jannuh collected $11.76 from pot
Jannuh: doesn't show hand
*** SUMMARY ***
Total pot $12 | Rake $0.24
Board [7c Jh Qc]
Seat 1: Qvidde (big blind) folded on the Flop
Seat 6: Jannuh (button) (small blind) collected ($11.76)


PokerStars Hand #167729790681:  Hold'em Limit ($3/$6 USD) - 2017/03/17 18:39:19 ET
Table 'Arenda' 6-max Seat #1 is the button
Seat 1: Qvidde ($154.50 in chips)
Seat 6: Jannuh ($69.35 in chips)
Qvidde: posts small blind $1
ajdin3 was removed from the table for failing to post
Jannuh: posts big blind $3
*** HOLE CARDS ***
Qvidde: raises $3 to $6
Jannuh: folds
Uncalled bet ($3) returned to Qvidde
Qvidde collected $6 from pot
Qvidde: doesn't show hand
*** SUMMARY ***
Total pot $6 | Rake $0
Seat 1: Qvidde (button) (small blind) collected ($6)
Seat 6: Jannuh (big blind) folded before Flop


PokerStars Hand #167729797353:  Hold'em Limit ($3/$6 USD) - 2017/03/17 18:39:28 ET
Table 'Arenda' 6-max Seat #6 is the button
Seat 1: Qvidde ($157.50 in chips)
Seat 6: Jannuh ($66.35 in chips)
Jannuh: posts small blind $1
Qvidde: posts big blind $3
*** HOLE CARDS ***
Jannuh: raises $3 to $6
Qvidde: calls $3
*** FLOP *** [6d 7s 6h]
Qvidde: checks
Jannuh: checks
*** TURN *** [6d 7s 6h] [6c]
Qvidde: checks
Jannuh: bets $6
Qvidde: folds
Uncalled bet ($6) returned to Jannuh
Jannuh collected $11.76 from pot
Jannuh: doesn't show hand
*** SUMMARY ***
Total pot $12 | Rake $0.24
Board [6d 7s 6h 6c]
Seat 1: Qvidde (big blind) folded on the Turn
Seat 6: Jannuh (button) (small blind) collected ($11.76)


PokerStars Hand #167729897567:  Hold'em Limit ($3/$6 USD) - 2017/03/17 18:41:38 ET
Table 'Arenda' 6-max Seat #6 is the button
Seat 1: Qvidde ($187.40 in chips)
Seat 6: Jannuh ($34.87 in chips)
Jannuh: posts small blind $1
Qvidde: posts big blind $3
*** HOLE CARDS ***
Jannuh: folds
Uncalled bet ($2) returned to Qvidde
Qvidde collected $2 from pot
Qvidde: doesn't show hand
*** SUMMARY ***
Total pot $2 | Rake $0
Seat 1: Qvidde (big blind) collected ($2)
Seat 6: Jannuh (button) (small blind) folded before Flop


PokerStars Hand #167729891844:  Hold'em Limit ($3/$6 USD) - 2017/03/17 18:41:30 ET
Table 'Arenda' 6-max Seat #1 is the button
Seat 1: Qvidde ($184.40 in chips)
Seat 6: Jannuh ($37.87 in chips)
Qvidde: posts small blind $1
Jannuh: posts big blind $3
*** HOLE CARDS ***
Qvidde: raises $3 to $6
Jannuh: folds
Uncalled bet ($3) returned to Qvidde
Qvidde collected $6 from pot
Qvidde: doesn't show hand
*** SUMMARY ***
Total pot $6 | Rake $0
Seat 1: Qvidde (button) (small blind) collected ($6)
Seat 6: Jannuh (big blind) folded before Flop


PokerStars Hand #167729858301:  Hold'em Limit ($3/$6 USD) - 2017/03/17 18:40:47 ET
Table 'Arenda' 6-max Seat #6 is the button
Seat 1: Qvidde ($151.26 in chips)
Seat 6: Jannuh ($71.87 in chips)
Jannuh: posts small blind $1
Qvidde: posts big blind $3
*** HOLE CARDS ***
Jannuh: folds
Uncalled bet ($2) returned to Qvidde
Qvidde collected $2 from pot
Qvidde: doesn't show hand
*** SUMMARY ***
Total pot $2 | Rake $0
Seat 1: Qvidde (big blind) collected ($2)
Seat 6: Jannuh (button) (small blind) folded before Flop


PokerStars Hand #167729824939:  Hold'em Limit ($3/$6 USD) - 2017/03/17 18:40:03 ET
Table 'Arenda' 6-max Seat #1 is the button
Seat 1: Qvidde ($151.50 in chips)
Seat 6: Jannuh ($72.11 in chips)
Qvidde: posts small blind $1
GRAILKO was removed from the table for failing to post
Jannuh: posts big blind $3
*** HOLE CARDS ***
Qvidde: raises $3 to $6
Jannuh: calls $3
*** FLOP *** [Ad Td Ac]
Jannuh: checks
Qvidde: checks
*** TURN *** [Ad Td Ac] [8s]
Jannuh: bets $6
Qvidde: calls $6
*** RIVER *** [Ad Td Ac 8s] [Ks]
Jannuh: checks
Qvidde: checks
*** SHOW DOWN ***
Jannuh: shows [Ts Qs] (two pair, Aces and Tens)
Qvidde: shows [2c Th] (two pair, Aces and Tens)
Jannuh collected $11.76 from pot
Qvidde collected $11.76 from pot
*** SUMMARY ***
Total pot $24 | Rake $0.48
Board [Ad Td Ac 8s Ks]
Seat 1: Qvidde (button) (small blind) showed [2c Th] and won ($11.76) with two pair, Aces and Tens
Seat 6: Jannuh (big blind) showed [Ts Qs] and won ($11.76) with two pair, Aces and Tens


PokerStars Hand #167729862656:  Hold'em Limit ($3/$6 USD) - 2017/03/17 18:40:52 ET
Table 'Arenda' 6-max Seat #1 is the button
Seat 1: Qvidde ($152.26 in chips)
Seat 6: Jannuh ($70.87 in chips)
Qvidde: posts small blind $1
Jannuh: posts big blind $3
*** HOLE CARDS ***
Qvidde: raises $3 to $6
Jannuh: calls $3
*** FLOP *** [Td 5s Ah]
Jannuh: bets $3
Qvidde: raises $3 to $6
Jannuh: folds
Uncalled bet ($3) returned to Qvidde
Qvidde collected $17.64 from pot
Qvidde: doesn't show hand
*** SUMMARY ***
Total pot $18 | Rake $0.36
Board [Td 5s Ah]
Seat 1: Qvidde (button) (small blind) collected ($17.64)
Seat 6: Jannuh (big blind) folded on the Flop


PokerStars Hand #167729877236:  Hold'em Limit ($3/$6 USD) - 2017/03/17 18:41:11 ET
Table 'Arenda' 6-max Seat #6 is the button
Seat 1: Qvidde ($160.90 in chips)
Seat 6: Jannuh ($61.87 in chips)
Jannuh: posts small blind $1
Qvidde: posts big blind $3
*** HOLE CARDS ***
Jannuh: raises $3 to $6
Qvidde: raises $3 to $9
Jannuh: calls $3
*** FLOP *** [7c Tc Kc]
Qvidde: bets $3
Jannuh: calls $3
*** TURN *** [7c Tc Kc] [5s]
Qvidde: bets $6
Jannuh: calls $6
*** RIVER *** [7c Tc Kc 5s] [8s]
Qvidde: bets $6
Jannuh: calls $6
*** SHOW DOWN ***
Qvidde: shows [Th Qh] (a pair of Tens)
Jannuh: mucks hand
Qvidde collected $47.50 from pot
*** SUMMARY ***
Total pot $48 | Rake $0.50
Board [7c Tc Kc 5s 8s]
Seat 1: Qvidde (big blind) showed [Th Qh] and won ($47.50) with a pair of Tens
Seat 6: Jannuh (button) (small blind) mucked


PokerStars Hand #167729902983:  Hold'em Limit ($3/$6 USD) - 2017/03/17 18:41:45 ET
Table 'Arenda' 6-max Seat #1 is the button
Seat 1: Qvidde ($188.40 in chips)
Seat 6: Jannuh ($33.87 in chips)
Qvidde: posts small blind $1
Jannuh: posts big blind $3
*** HOLE CARDS ***
Qvidde: raises $3 to $6
Jannuh: calls $3
*** FLOP *** [8h Ad 2c]
Jannuh: checks
Qvidde: bets $3
Jannuh: calls $3
*** TURN *** [8h Ad 2c] [5s]
Jannuh: checks
Qvidde: checks
*** RIVER *** [8h Ad 2c 5s] [3d]
Jannuh: bets $6
Qvidde: calls $6
*** SHOW DOWN ***
Jannuh: shows [Kc 8d] (a pair of Eights)
Qvidde: mucks hand
Jannuh collected $29.50 from pot
*** SUMMARY ***
Total pot $30 | Rake $0.50
Board [8h Ad 2c 5s 3d]
Seat 1: Qvidde (button) (small blind) mucked
Seat 6: Jannuh (big blind) showed [Kc 8d] and won ($29.50) with a pair of Eights


PokerStars Hand #167729925751:  Hold'em Limit ($3/$6 USD) - 2017/03/17 18:42:14 ET
Table 'Arenda' 6-max Seat #6 is the button
Seat 1: Qvidde ($173.40 in chips)
Seat 6: Jannuh ($48.37 in chips)
Jannuh: posts small blind $1
Qvidde: posts big blind $3
*** HOLE CARDS ***
Jannuh: raises $3 to $6
Qvidde: calls $3
*** FLOP *** [4s 2s 3s]
Qvidde: checks
Jannuh: checks
*** TURN *** [4s 2s 3s] [Kc]
Qvidde: bets $6
Jannuh: folds
Uncalled bet ($6) returned to Qvidde
Qvidde collected $11.76 from pot
Qvidde: doesn't show hand
*** SUMMARY ***
Total pot $12 | Rake $0.24
Board [4s 2s 3s Kc]
Seat 1: Qvidde (big blind) collected ($11.76)
Seat 6: Jannuh (button) (small blind) folded on the Turn


PokerStars Hand #167729954816:  Hold'em Limit ($3/$6 USD) - 2017/03/17 18:42:53 ET
Table 'Arenda' 6-max Seat #1 is the button
Seat 1: Qvidde ($185.92 in chips)
Seat 6: Jannuh ($35.37 in chips)
Qvidde: posts small blind $1
Jannuh: posts big blind $3
*** HOLE CARDS ***
Qvidde: raises $3 to $6
Jannuh: calls $3
*** FLOP *** [Ks Th 9h]
Jannuh: checks
Qvidde: checks
*** TURN *** [Ks Th 9h] [9s]
Jannuh: bets $6
Qvidde: calls $6
*** RIVER *** [Ks Th 9h 9s] [Ts]
Jannuh: bets $6
Qvidde: folds
Uncalled bet ($6) returned to Jannuh
Jannuh collected $23.52 from pot
Jannuh: doesn't show hand
*** SUMMARY ***
Total pot $24 | Rake $0.48
Board [Ks Th 9h 9s Ts]
Seat 1: Qvidde (button) (small blind) folded on the River
Seat 6: Jannuh (big blind) collected ($23.52)


PokerStars Hand #167729950766:  Hold'em Limit ($3/$6 USD) - 2017/03/17 18:42:47 ET
Table 'Arenda' 6-max Seat #6 is the button
Seat 1: Qvidde ($184.92 in chips)
Seat 6: Jannuh ($36.37 in chips)
Jannuh: posts small blind $1
Qvidde: posts big blind $3
*** HOLE CARDS ***
Jannuh: folds
Uncalled bet ($2) returned to Qvidde
Qvidde collected $2 from pot
Qvidde: doesn't show hand
*** SUMMARY ***
Total pot $2 | Rake $0
Seat 1: Qvidde (big blind) collected ($2)
Seat 6: Jannuh (button) (small blind) folded before Flop


PokerStars Hand #167729941844:  Hold'em Limit ($3/$6 USD) - 2017/03/17 18:42:36 ET
Table 'Arenda' 6-max Seat #1 is the button
Seat 1: Qvidde ($179.16 in chips)
Seat 6: Jannuh ($42.37 in chips)
Qvidde: posts small blind $1
Jannuh: posts big blind $3
*** HOLE CARDS ***
Qvidde: raises $3 to $6
Jannuh: calls $3
*** FLOP *** [9h 3h 3s]
Jannuh: checks
Qvidde: bets $3
Jannuh: folds
Uncalled bet ($3) returned to Qvidde
Qvidde collected $11.76 from pot
Qvidde: doesn't show hand
*** SUMMARY ***
Total pot $12 | Rake $0.24
Board [9h 3h 3s]
Seat 1: Qvidde (button) (small blind) collected ($11.76)
Seat 6: Jannuh (big blind) folded on the Flop


PokerStars Hand #167729992549:  Hold'em Limit ($3/$6 USD) - 2017/03/17 18:43:42 ET
Table 'Arenda' 6-max Seat #6 is the button
Seat 1: Qvidde ($173.92 in chips)
Seat 6: Jannuh ($46.89 in chips)
Jannuh: posts small blind $1
Qvidde: posts big blind $3
*** HOLE CARDS ***
Jannuh: raises $3 to $6
Qvidde: calls $3
*** FLOP *** [5c Qc Qh]
Qvidde: checks
Jannuh: bets $3
Qvidde: raises $3 to $6
Jannuh: calls $3
*** TURN *** [5c Qc Qh] [7h]
Qvidde: bets $6
Jannuh: calls $6
*** RIVER *** [5c Qc Qh 7h] [9d]
Qvidde: bets $6
Jannuh: calls $6
*** SHOW DOWN ***
Qvidde: shows [7s Tc] (two pair, Queens and Sevens)
Jannuh: shows [Kh Kc] (two pair, Kings and Queens)
Jannuh collected $47.50 from pot
*** SUMMARY ***
Total pot $48 | Rake $0.50
Board [5c Qc Qh 7h 9d]
Seat 1: Qvidde (big blind) showed [7s Tc] and lost with two pair, Queens and Sevens
Seat 6: Jannuh (button) (small blind) showed [Kh Kc] and won ($47.50) with two pair, Kings and Queens


PokerStars Hand #167730017329:  Hold'em Limit ($3/$6 USD) - 2017/03/17 18:44:14 ET
Table 'Arenda' 6-max Seat #1 is the button
Seat 1: Qvidde ($149.92 in chips)
Seat 6: Jannuh ($70.39 in chips)
Qvidde: posts small blind $1
Jannuh: posts big blind $3
*** HOLE CARDS ***
Qvidde: raises $3 to $6
Jannuh: folds
Uncalled bet ($3) returned to Qvidde
Qvidde collected $6 from pot
Qvidde: doesn't show hand
*** SUMMARY ***
Total pot $6 | Rake $0
Seat 1: Qvidde (button) (small blind) collected ($6)
Seat 6: Jannuh (big blind) folded before Flop


PokerStars Hand #167730024930:  Hold'em Limit ($3/$6 USD) - 2017/03/17 18:44:25 ET
Table 'Arenda' 6-max Seat #6 is the button
Seat 1: Qvidde ($152.92 in chips)
Seat 6: Jannuh ($67.39 in chips)
Jannuh: posts small blind $1
Qvidde: posts big blind $3
*** HOLE CARDS ***
Jannuh: raises $3 to $6
Qvidde: calls $3
*** FLOP *** [8s 5c 8h]
Qvidde: checks
Jannuh: checks
*** TURN *** [8s 5c 8h] [Qd]
Qvidde: bets $6
Jannuh: raises $6 to $12
Qvidde: folds
Uncalled bet ($6) returned to Jannuh
Jannuh collected $23.52 from pot
Jannuh: doesn't show hand
*** SUMMARY ***
Total pot $24 | Rake $0.48
Board [8s 5c 8h Qd]
Seat 1: Qvidde (big blind) folded on the Turn
Seat 6: Jannuh (button) (small blind) collected ($23.52)


PokerStars Hand #167730045372:  Hold'em Limit ($3/$6 USD) - 2017/03/17 18:44:51 ET
Table 'Arenda' 6-max Seat #1 is the button
Seat 1: Qvidde ($140.92 in chips)
Seat 6: Jannuh ($78.91 in chips)
Qvidde: posts small blind $1
Jannuh: posts big blind $3
*** HOLE CARDS ***
Qvidde: raises $3 to $6
Jannuh: calls $3
*** FLOP *** [7h 3d 9h]
Jannuh: checks
Qvidde: checks
*** TURN *** [7h 3d 9h] [Th]
Jannuh: bets $6
Qvidde: calls $6
*** RIVER *** [7h 3d 9h Th] [Jd]
Jannuh: bets $6
Qvidde: folds
Uncalled bet ($6) returned to Jannuh
Jannuh collected $23.52 from pot
Jannuh: doesn't show hand
*** SUMMARY ***
Total pot $24 | Rake $0.48
Board [7h 3d 9h Th Jd]
Seat 1: Qvidde (button) (small blind) folded on the River
Seat 6: Jannuh (big blind) collected ($23.52)


PokerStars Hand #167730093777:  Hold'em Limit ($3/$6 USD) - 2017/03/17 18:45:55 ET
Table 'Arenda' 6-max Seat #6 is the button
Seat 1: Qvidde ($128.92 in chips)
Seat 6: Jannuh ($90.43 in chips)
Jannuh: posts small blind $1
Qvidde: posts big blind $3
*** HOLE CARDS ***
Jannuh: folds
Uncalled bet ($2) returned to Qvidde
Qvidde collected $2 from pot
Qvidde: doesn't show hand
*** SUMMARY ***
Total pot $2 | Rake $0
Seat 1: Qvidde (big blind) collected ($2)
Seat 6: Jannuh (button) (small blind) folded before Flop


PokerStars Hand #167730119959:  Hold'em Limit ($3/$6 USD) - 2017/03/17 18:46:30 ET
Table 'Arenda' 6-max Seat #6 is the button
Seat 1: Qvidde ($132.92 in chips)
Seat 6: Jannuh ($86.43 in chips)
Jannuh: posts small blind $1
Qvidde: posts big blind $3
*** HOLE CARDS ***
Jannuh: folds
Uncalled bet ($2) returned to Qvidde
Qvidde collected $2 from pot
Qvidde: doesn't show hand
*** SUMMARY ***
Total pot $2 | Rake $0
Seat 1: Qvidde (big blind) collected ($2)
Seat 6: Jannuh (button) (small blind) folded before Flop


PokerStars Hand #167730098272:  Hold'em Limit ($3/$6 USD) - 2017/03/17 18:46:01 ET
Table 'Arenda' 6-max Seat #1 is the button
Seat 1: Qvidde ($129.92 in chips)
Seat 6: Jannuh ($89.43 in chips)
Qvidde: posts small blind $1
Jannuh: posts big blind $3
*** HOLE CARDS ***
Qvidde: raises $3 to $6
Jannuh: folds
Uncalled bet ($3) returned to Qvidde
Qvidde collected $6 from pot
Qvidde: doesn't show hand
*** SUMMARY ***
Total pot $6 | Rake $0
Seat 1: Qvidde (button) (small blind) collected ($6)
Seat 6: Jannuh (big blind) folded before Flop


PokerStars Hand #167730123874:  Hold'em Limit ($3/$6 USD) - 2017/03/17 18:46:35 ET
Table 'Arenda' 6-max Seat #1 is the button
Seat 1: Qvidde ($133.92 in chips)
Seat 6: Jannuh ($85.43 in chips)
Qvidde: posts small blind $1
Jannuh: posts big blind $3
*** HOLE CARDS ***
Qvidde: raises $3 to $6
Jannuh: folds
Uncalled bet ($3) returned to Qvidde
Qvidde collected $6 from pot
Qvidde: doesn't show hand
*** SUMMARY ***
Total pot $6 | Rake $0
Seat 1: Qvidde (button) (small blind) collected ($6)
Seat 6: Jannuh (big blind) folded before Flop


PokerStars Hand #167730131536:  Hold'em Limit ($3/$6 USD) - 2017/03/17 18:46:45 ET
Table 'Arenda' 6-max Seat #6 is the button
Seat 1: Qvidde ($136.92 in chips)
Seat 6: Jannuh ($82.43 in chips)
Jannuh: posts small blind $1
Qvidde: posts big blind $3
*** HOLE CARDS ***
Jannuh: raises $3 to $6
Qvidde: raises $3 to $9
Jannuh: calls $3
*** FLOP *** [4s Js 7d]
Qvidde: bets $3
belik555 joins the table at seat #2
Jannuh: calls $3
*** TURN *** [4s Js 7d] [5s]
Qvidde: bets $6
Jannuh: calls $6
*** RIVER *** [4s Js 7d 5s] [9d]
belik555 said, "hi Qvide"
Qvidde: bets $6
Jannuh: calls $6
*** SHOW DOWN ***
Qvidde: shows [8d 8s] (a pair of Eights)
Jannuh: mucks hand
Qvidde collected $47.50 from pot
belik555 said, "You are here ?"
*** SUMMARY ***
Total pot $48 | Rake $0.50
Board [4s Js 7d 5s 9d]
Seat 1: Qvidde (big blind) showed [8d 8s] and won ($47.50) with a pair of Eights
Seat 6: Jannuh (button) (small blind) mucked


PokerStars Hand #167730600378:  Hold'em Limit ($3/$6 USD) - 2017/03/17 18:57:40 ET
Table 'Arenda' 6-max Seat #1 is the button
Seat 1: Qvidde ($201.22 in chips)
Seat 6: Jannuh ($43.92 in chips)
Qvidde: posts small blind $1
belik555: is sitting out
Jannuh: posts big blind $3
*** HOLE CARDS ***
Qvidde: raises $3 to $6
Jannuh: folds
Uncalled bet ($3) returned to Qvidde
Qvidde collected $6 from pot
Qvidde: doesn't show hand
*** SUMMARY ***
Total pot $6 | Rake $0
Seat 1: Qvidde (button) (small blind) collected ($6)
Seat 6: Jannuh (big blind) folded before Flop


