PokerStars Hand #155117145967:  Hold'em Limit ($3/$6 USD) - 2016/06/23 18:13:54 ET
Table 'Arequipa II' 6-max Seat #3 is the button
Seat 2: TinaTurner72 ($125.76 in chips)
Seat 3: Dron21200 ($24 in chips)
Dron21200: posts small blind $1
TinaTurner72: posts big blind $3
*** HOLE CARDS ***
Dron21200: folds
Uncalled bet ($2) returned to TinaTurner72
TinaTurner72 collected $2 from pot
TinaTurner72: doesn't show hand
*** SUMMARY ***
Total pot $2 | Rake $0
Seat 2: TinaTurner72 (big blind) collected ($2)
Seat 3: Dron21200 (button) (small blind) folded before Flop


PokerStars Hand #155117134979:  Hold'em Limit ($3/$6 USD) - 2016/06/23 18:13:37 ET
Table 'Arequipa II' 6-max Seat #2 is the button
Seat 2: TinaTurner72 ($120 in chips)
Seat 3: Dron21200 ($30 in chips)
TinaTurner72: posts small blind $1
Dron21200: posts big blind $3
*** HOLE CARDS ***
TinaTurner72: raises $3 to $6
Dron21200: calls $3
*** FLOP *** [Kd 9c 5d]
Dron21200: checks
TinaTurner72: bets $3
Dron21200: folds
Uncalled bet ($3) returned to TinaTurner72
TinaTurner72 collected $11.76 from pot
TinaTurner72: doesn't show hand
*** SUMMARY ***
Total pot $12 | Rake $0.24
Board [Kd 9c 5d]
Seat 2: TinaTurner72 (button) (small blind) collected ($11.76)
Seat 3: Dron21200 (big blind) folded on the Flop


PokerStars Hand #155117149077:  Hold'em Limit ($3/$6 USD) - 2016/06/23 18:13:58 ET
Table 'Arequipa II' 6-max Seat #2 is the button
Seat 2: TinaTurner72 ($126.76 in chips)
Seat 3: Dron21200 ($23 in chips)
TinaTurner72: posts small blind $1
Dron21200: posts big blind $3
*** HOLE CARDS ***
TinaTurner72: raises $3 to $6
Dron21200: calls $3
*** FLOP *** [7d Td 4s]
Dron21200: checks
TinaTurner72: bets $3
Dron21200: raises $3 to $6
TinaTurner72: calls $3
*** TURN *** [7d Td 4s] [6c]
Dron21200: bets $6
TinaTurner72: calls $6
*** RIVER *** [7d Td 4s 6c] [9h]
Dron21200: bets $5 and is all-in
TinaTurner72: calls $5
*** SHOW DOWN ***
Dron21200: shows [7s 8s] (a straight, Six to Ten)
TinaTurner72: shows [Qs 8d] (a straight, Six to Ten)
Dron21200 collected $22.75 from pot
TinaTurner72 collected $22.75 from pot
perten joins the table at seat #5
*** SUMMARY ***
Total pot $46 | Rake $0.50
Board [7d Td 4s 6c 9h]
Seat 2: TinaTurner72 (button) (small blind) showed [Qs 8d] and won ($22.75) with a straight, Six to Ten
Seat 3: Dron21200 (big blind) showed [7s 8s] and won ($22.75) with a straight, Six to Ten


