PokerStars Hand #154755213795:  Hold'em Limit ($3/$6 USD) - 2016/06/15 3:12:15 ET
Table 'Arequipa' 6-max Seat #6 is the button
Seat 3: shushlo ($72 in chips)
Seat 6: buddhasway ($94 in chips)
buddhasway: posts small blind $1
shushlo: posts big blind $3
*** HOLE CARDS ***
buddhasway: raises $3 to $6
shushlo: raises $3 to $9
buddhasway: raises $3 to $12
Betting is capped
belik555 joins the table at seat #1
shushlo: calls $3
*** FLOP *** [5h Ks 3s]
shushlo: checks
buddhasway: bets $3
shushlo: calls $3
*** TURN *** [5h Ks 3s] [5d]
shushlo: checks
buddhasway: bets $6
shushlo: raises $6 to $12
buddhasway: calls $6
*** RIVER *** [5h Ks 3s 5d] [4d]
shushlo: checks
buddhasway: bets $6
shushlo: calls $6
*** SHOW DOWN ***
buddhasway: shows [Jd Kd] (two pair, Kings and Fives)
shushlo: mucks hand
buddhasway collected $65.50 from pot
*** SUMMARY ***
Total pot $66 | Rake $0.50
Board [5h Ks 3s 5d 4d]
Seat 3: shushlo (big blind) mucked
Seat 6: buddhasway (button) (small blind) showed [Jd Kd] and won ($65.50) with two pair, Kings and Fives


PokerStars Hand #154755232111:  Hold'em Limit ($3/$6 USD) - 2016/06/15 3:13:25 ET
Table 'Arequipa' 6-max Seat #3 is the button
Seat 3: shushlo ($72 in chips)
Seat 6: buddhasway ($126.50 in chips)
shushlo: posts small blind $1
buddhasway: posts big blind $3
*** HOLE CARDS ***
shushlo: raises $3 to $6
buddhasway: calls $3
*** FLOP *** [Jd 5h 6c]
buddhasway: checks
shushlo: checks
*** TURN *** [Jd 5h 6c] [6d]
buddhasway: bets $6
shushlo: calls $6
*** RIVER *** [Jd 5h 6c 6d] [4d]
buddhasway: bets $6
shushlo: calls $6
*** SHOW DOWN ***
buddhasway: shows [Qh 6s] (three of a kind, Sixes)
shushlo: mucks hand
buddhasway collected $35.50 from pot
*** SUMMARY ***
Total pot $36 | Rake $0.50
Board [Jd 5h 6c 6d 4d]
Seat 3: shushlo (button) (small blind) mucked
Seat 6: buddhasway (big blind) showed [Qh 6s] and won ($35.50) with three of a kind, Sixes


PokerStars Hand #154755255983:  Hold'em Limit ($3/$6 USD) - 2016/06/15 3:14:57 ET
Table 'Arequipa' 6-max Seat #6 is the button
Seat 1: belik555 ($97.50 in chips)
Seat 6: buddhasway ($117 in chips)
buddhasway: posts small blind $1
belik555: posts big blind $3
*** HOLE CARDS ***
buddhasway: raises $3 to $6
belik555: calls $3
*** FLOP *** [4c 6d 8c]
belik555: checks
buddhasway: bets $3
belik555: raises $3 to $6
buddhasway: calls $3
*** TURN *** [4c 6d 8c] [2c]
belik555: bets $6
buddhasway: raises $6 to $12
belik555: calls $6
*** RIVER *** [4c 6d 8c 2c] [2s]
belik555: checks
buddhasway: checks
*** SHOW DOWN ***
belik555: shows [6s 2d] (a full house, Deuces full of Sixes)
buddhasway: mucks hand
belik555 collected $47.50 from pot
*** SUMMARY ***
Total pot $48 | Rake $0.50
Board [4c 6d 8c 2c 2s]
Seat 1: belik555 (big blind) showed [6s 2d] and won ($47.50) with a full house, Deuces full of Sixes
Seat 6: buddhasway (button) (small blind) mucked


PokerStars Hand #154755252729:  Hold'em Limit ($3/$6 USD) - 2016/06/15 3:14:45 ET
Table 'Arequipa' 6-max Seat #1 is the button
Seat 1: belik555 ($91.74 in chips)
Seat 6: buddhasway ($123 in chips)
belik555: posts small blind $1
shushlo: is sitting out
shushlo leaves the table
buddhasway: posts big blind $3
*** HOLE CARDS ***
belik555: raises $3 to $6
buddhasway: calls $3
*** FLOP *** [Qs As Ts]
buddhasway: checks
belik555: bets $3
buddhasway: folds
Uncalled bet ($3) returned to belik555
belik555 collected $11.76 from pot
belik555: doesn't show hand
*** SUMMARY ***
Total pot $12 | Rake $0.24
Board [Qs As Ts]
Seat 1: belik555 (button) (small blind) collected ($11.76)
Seat 6: buddhasway (big blind) folded on the Flop


PokerStars Hand #154755272575:  Hold'em Limit ($3/$6 USD) - 2016/06/15 3:16:00 ET
Table 'Arequipa' 6-max Seat #6 is the button
Seat 1: belik555 ($103 in chips)
Seat 6: buddhasway ($110.50 in chips)
buddhasway: posts small blind $1
belik555: posts big blind $3
*** HOLE CARDS ***
buddhasway: raises $3 to $6
belik555: calls $3
*** FLOP *** [8c 3s Th]
belik555: checks
buddhasway: bets $3
belik555: raises $3 to $6
buddhasway: calls $3
*** TURN *** [8c 3s Th] [4c]
belik555: bets $6
buddhasway: calls $6
*** RIVER *** [8c 3s Th 4c] [As]
belik555: bets $6
buddhasway: calls $6
*** SHOW DOWN ***
belik555: shows [Td Ah] (two pair, Aces and Tens)
buddhasway: mucks hand
belik555 collected $47.50 from pot
*** SUMMARY ***
Total pot $48 | Rake $0.50
Board [8c 3s Th 4c As]
Seat 1: belik555 (big blind) showed [Td Ah] and won ($47.50) with two pair, Aces and Tens
Seat 6: buddhasway (button) (small blind) mucked


PokerStars Hand #154755265617:  Hold'em Limit ($3/$6 USD) - 2016/06/15 3:15:34 ET
Table 'Arequipa' 6-max Seat #1 is the button
Seat 1: belik555 ($121 in chips)
Seat 6: buddhasway ($93 in chips)
belik555: posts small blind $1
buddhasway: posts big blind $3
*** HOLE CARDS ***
belik555: raises $3 to $6
buddhasway: raises $3 to $9
belik555: calls $3
*** FLOP *** [Qs 4s Qh]
buddhasway: bets $3
belik555: calls $3
*** TURN *** [Qs 4s Qh] [8h]
buddhasway: bets $6
belik555: calls $6
*** RIVER *** [Qs 4s Qh 8h] [4c]
buddhasway: bets $6
belik555: folds
Uncalled bet ($6) returned to buddhasway
buddhasway collected $35.50 from pot
buddhasway: doesn't show hand
*** SUMMARY ***
Total pot $36 | Rake $0.50
Board [Qs 4s Qh 8h 4c]
Seat 1: belik555 (button) (small blind) folded on the River
Seat 6: buddhasway (big blind) collected ($35.50)


PokerStars Hand #154755295816:  Hold'em Limit ($3/$6 USD) - 2016/06/15 3:17:28 ET
Table 'Arequipa' 6-max Seat #1 is the button
Seat 1: belik555 ($115.26 in chips)
Seat 6: buddhasway ($96.78 in chips)
belik555: posts small blind $1
buddhasway: posts big blind $3
*** HOLE CARDS ***
belik555: raises $3 to $6
buddhasway: calls $3
*** FLOP *** [9s 5d 2d]
buddhasway: checks
belik555: bets $3
buddhasway: folds
Uncalled bet ($3) returned to belik555
belik555 collected $11.76 from pot
belik555: doesn't show hand
*** SUMMARY ***
Total pot $12 | Rake $0.24
Board [9s 5d 2d]
Seat 1: belik555 (button) (small blind) collected ($11.76)
Seat 6: buddhasway (big blind) folded on the Flop


PokerStars Hand #154755285356:  Hold'em Limit ($3/$6 USD) - 2016/06/15 3:16:49 ET
Table 'Arequipa' 6-max Seat #6 is the button
Seat 1: belik555 ($114.50 in chips)
Seat 6: buddhasway ($98.02 in chips)
buddhasway: posts small blind $1
belik555: posts big blind $3
*** HOLE CARDS ***
buddhasway: folds
Uncalled bet ($2) returned to belik555
belik555 collected $2 from pot
belik555: doesn't show hand
*** SUMMARY ***
Total pot $2 | Rake $0
Seat 1: belik555 (big blind) collected ($2)
Seat 6: buddhasway (button) (small blind) folded before Flop


PokerStars Hand #154755281591:  Hold'em Limit ($3/$6 USD) - 2016/06/15 3:16:34 ET
Table 'Arequipa' 6-max Seat #1 is the button
Seat 1: belik555 ($126.50 in chips)
Seat 6: buddhasway ($86.50 in chips)
belik555: posts small blind $1
buddhasway: posts big blind $3
*** HOLE CARDS ***
belik555: raises $3 to $6
buddhasway: raises $3 to $9
belik555: calls $3
*** FLOP *** [8h 4d Qd]
buddhasway: bets $3
belik555: calls $3
*** TURN *** [8h 4d Qd] [Ks]
buddhasway: bets $6
belik555: folds
Uncalled bet ($6) returned to buddhasway
buddhasway collected $23.52 from pot
buddhasway: doesn't show hand
*** SUMMARY ***
Total pot $24 | Rake $0.48
Board [8h 4d Qd Ks]
Seat 1: belik555 (button) (small blind) folded on the Turn
Seat 6: buddhasway (big blind) collected ($23.52)


PokerStars Hand #154755290142:  Hold'em Limit ($3/$6 USD) - 2016/06/15 3:17:07 ET
Table 'Arequipa' 6-max Seat #6 is the button
Seat 1: belik555 ($121.26 in chips)
Seat 6: buddhasway ($91.02 in chips)
buddhasway: posts small blind $1
belik555: posts big blind $3
*** HOLE CARDS ***
buddhasway: raises $3 to $6
belik555: calls $3
*** FLOP *** [9s Jc 3h]
belik555: checks
buddhasway: checks
*** TURN *** [9s Jc 3h] [Td]
belik555: checks
buddhasway: checks
*** RIVER *** [9s Jc 3h Td] [Ts]
belik555: checks
buddhasway: bets $6
belik555: folds
Uncalled bet ($6) returned to buddhasway
buddhasway collected $11.76 from pot
buddhasway: doesn't show hand
*** SUMMARY ***
Total pot $12 | Rake $0.24
Board [9s Jc 3h Td Ts]
Seat 1: belik555 (big blind) folded on the River
Seat 6: buddhasway (button) (small blind) collected ($11.76)


PokerStars Hand #154755286656:  Hold'em Limit ($3/$6 USD) - 2016/06/15 3:16:54 ET
Table 'Arequipa' 6-max Seat #1 is the button
Seat 1: belik555 ($115.50 in chips)
Seat 6: buddhasway ($97.02 in chips)
belik555: posts small blind $1
buddhasway: posts big blind $3
*** HOLE CARDS ***
belik555: raises $3 to $6
buddhasway: calls $3
*** FLOP *** [6d Qs Qc]
buddhasway: checks
belik555: bets $3
buddhasway: folds
Uncalled bet ($3) returned to belik555
belik555 collected $11.76 from pot
belik555: doesn't show hand
*** SUMMARY ***
Total pot $12 | Rake $0.24
Board [6d Qs Qc]
Seat 1: belik555 (button) (small blind) collected ($11.76)
Seat 6: buddhasway (big blind) folded on the Flop


PokerStars Hand #154755304141:  Hold'em Limit ($3/$6 USD) - 2016/06/15 3:17:59 ET
Table 'Arequipa' 6-max Seat #6 is the button
Seat 1: belik555 ($113.02 in chips)
Seat 6: buddhasway ($98.42 in chips)
buddhasway: posts small blind $1
belik555: posts big blind $3
*** HOLE CARDS ***
buddhasway: raises $3 to $6
belik555: calls $3
*** FLOP *** [Th 7c As]
belik555: checks
buddhasway: bets $3
belik555: folds
Uncalled bet ($3) returned to buddhasway
buddhasway collected $11.76 from pot
buddhasway: doesn't show hand
*** SUMMARY ***
Total pot $12 | Rake $0.24
Board [Th 7c As]
Seat 1: belik555 (big blind) folded on the Flop
Seat 6: buddhasway (button) (small blind) collected ($11.76)


PokerStars Hand #154755300844:  Hold'em Limit ($3/$6 USD) - 2016/06/15 3:17:47 ET
Table 'Arequipa' 6-max Seat #1 is the button
Seat 1: belik555 ($122.02 in chips)
Seat 6: buddhasway ($89.78 in chips)
belik555: posts small blind $1
buddhasway: posts big blind $3
*** HOLE CARDS ***
belik555: raises $3 to $6
buddhasway: raises $3 to $9
belik555: calls $3
*** FLOP *** [Jc Ks Kh]
buddhasway: bets $3
belik555: folds
Uncalled bet ($3) returned to buddhasway
buddhasway collected $17.64 from pot
buddhasway: doesn't show hand
*** SUMMARY ***
Total pot $18 | Rake $0.36
Board [Jc Ks Kh]
Seat 1: belik555 (button) (small blind) folded on the Flop
Seat 6: buddhasway (big blind) collected ($17.64)


PokerStars Hand #154755299417:  Hold'em Limit ($3/$6 USD) - 2016/06/15 3:17:42 ET
Table 'Arequipa' 6-max Seat #6 is the button
Seat 1: belik555 ($121.02 in chips)
Seat 6: buddhasway ($90.78 in chips)
buddhasway: posts small blind $1
belik555: posts big blind $3
*** HOLE CARDS ***
buddhasway: folds
Uncalled bet ($2) returned to belik555
belik555 collected $2 from pot
belik555: doesn't show hand
*** SUMMARY ***
Total pot $2 | Rake $0
Seat 1: belik555 (big blind) collected ($2)
Seat 6: buddhasway (button) (small blind) folded before Flop


PokerStars Hand #154755307880:  Hold'em Limit ($3/$6 USD) - 2016/06/15 3:18:13 ET
Table 'Arequipa' 6-max Seat #1 is the button
Seat 1: belik555 ($107.02 in chips)
Seat 6: buddhasway ($104.18 in chips)
belik555: posts small blind $1
buddhasway: posts big blind $3
*** HOLE CARDS ***
belik555: raises $3 to $6
buddhasway: calls $3
*** FLOP *** [Td Ac 7c]
buddhasway: checks
belik555: checks
*** TURN *** [Td Ac 7c] [Th]
buddhasway: checks
belik555: checks
*** RIVER *** [Td Ac 7c Th] [6h]
buddhasway: checks
belik555: bets $6
buddhasway: calls $6
*** SHOW DOWN ***
belik555: shows [6c As] (two pair, Aces and Tens)
buddhasway: mucks hand
belik555 collected $23.52 from pot
*** SUMMARY ***
Total pot $24 | Rake $0.48
Board [Td Ac 7c Th 6h]
Seat 1: belik555 (button) (small blind) showed [6c As] and won ($23.52) with two pair, Aces and Tens
Seat 6: buddhasway (big blind) mucked


PokerStars Hand #154755316698:  Hold'em Limit ($3/$6 USD) - 2016/06/15 3:18:47 ET
Table 'Arequipa' 6-max Seat #6 is the button
Seat 1: belik555 ($118.54 in chips)
Seat 6: buddhasway ($92.18 in chips)
buddhasway: posts small blind $1
belik555: posts big blind $3
*** HOLE CARDS ***
buddhasway: raises $3 to $6
belik555: calls $3
*** FLOP *** [4c 5s Qd]
belik555: checks
buddhasway: bets $3
belik555: calls $3
*** TURN *** [4c 5s Qd] [Kc]
belik555: checks
buddhasway: bets $6
chosenfish joins the table at seat #4
belik555: calls $6
*** RIVER *** [4c 5s Qd Kc] [3h]
belik555: checks
buddhasway: checks
*** SHOW DOWN ***
belik555: shows [Jh Tc] (high card King)
buddhasway: mucks hand
belik555 collected $29.50 from pot
*** SUMMARY ***
Total pot $30 | Rake $0.50
Board [4c 5s Qd Kc 3h]
Seat 1: belik555 (big blind) showed [Jh Tc] and won ($29.50) with high card King
Seat 6: buddhasway (button) (small blind) mucked


PokerStars Hand #154756249941:  Hold'em Limit ($3/$6 USD) - 2016/06/15 4:15:00 ET
Table 'Arequipa' 6-max Seat #6 is the button
Seat 2: dwayno44 ($237.80 in chips)
Seat 6: Ag3r0n ($164.49 in chips)
Ag3r0n: posts small blind $1
belik555: is sitting out
dwayno44: posts big blind $3
*** HOLE CARDS ***
Ag3r0n: raises $3 to $6
VolkovDmitri leaves the table
belik555 leaves the table
belik555 joins the table at seat #3
dwayno44: folds
Uncalled bet ($3) returned to Ag3r0n
Ag3r0n collected $6 from pot
*** SUMMARY ***
Total pot $6 | Rake $0
Seat 2: dwayno44 (big blind) folded before Flop
Seat 6: Ag3r0n (button) (small blind) collected ($6)


