PokerStars Hand #158530293323:  Hold'em Limit ($3/$6 USD) - 2016/09/12 20:12:29 ET
Table 'Arequipa' 6-max Seat #1 is the button
Seat 1: Jeelsy ($46.19 in chips)
Seat 5: GoliafUa ($120 in chips)
Jeelsy: posts small blind $1
GoliafUa: posts big blind $3
*** HOLE CARDS ***
Jeelsy: raises $3 to $6
GoliafUa: calls $3
*** FLOP *** [2h 7d Jd]
GoliafUa: checks
Jeelsy: bets $3
GoliafUa: folds
Uncalled bet ($3) returned to Jeelsy
Jeelsy collected $11.76 from pot
Jeelsy: doesn't show hand
*** SUMMARY ***
Total pot $12 | Rake $0.24
Board [2h 7d Jd]
Seat 1: Jeelsy (button) (small blind) collected ($11.76)
Seat 5: GoliafUa (big blind) folded on the Flop


PokerStars Hand #158530326750:  Hold'em Limit ($3/$6 USD) - 2016/09/12 20:13:38 ET
Table 'Arequipa' 6-max Seat #5 is the button
Seat 1: Jeelsy ($42.45 in chips)
Seat 5: GoliafUa ($122.50 in chips)
GoliafUa: posts small blind $1
Jeelsy: posts big blind $3
*** HOLE CARDS ***
GoliafUa: raises $3 to $6
Jeelsy: calls $3
*** FLOP *** [7s Th 7c]
Jeelsy: checks
GoliafUa: bets $3
Jeelsy: folds
Uncalled bet ($3) returned to GoliafUa
GoliafUa collected $11.76 from pot
GoliafUa: doesn't show hand
*** SUMMARY ***
Total pot $12 | Rake $0.24
Board [7s Th 7c]
Seat 1: Jeelsy (big blind) folded on the Flop
Seat 5: GoliafUa (button) (small blind) collected ($11.76)


PokerStars Hand #158530315785:  Hold'em Limit ($3/$6 USD) - 2016/09/12 20:13:15 ET
Table 'Arequipa' 6-max Seat #1 is the button
Seat 1: Jeelsy ($66.45 in chips)
Seat 5: GoliafUa ($99 in chips)
Jeelsy: posts small blind $1
GoliafUa: posts big blind $3
*** HOLE CARDS ***
Jeelsy: raises $3 to $6
GoliafUa: calls $3
*** FLOP *** [4c As Qd]
GoliafUa: checks
Jeelsy: bets $3
GoliafUa: raises $3 to $6
Jeelsy: calls $3
*** TURN *** [4c As Qd] [7s]
GoliafUa: bets $6
Jeelsy: calls $6
*** RIVER *** [4c As Qd 7s] [Tc]
GoliafUa: bets $6
Jeelsy: calls $6
*** SHOW DOWN ***
GoliafUa: shows [8h Ah] (a pair of Aces)
Jeelsy: mucks hand
GoliafUa collected $47.50 from pot
*** SUMMARY ***
Total pot $48 | Rake $0.50
Board [4c As Qd 7s Tc]
Seat 1: Jeelsy (button) (small blind) mucked
Seat 5: GoliafUa (big blind) showed [8h Ah] and won ($47.50) with a pair of Aces


PokerStars Hand #158530303548:  Hold'em Limit ($3/$6 USD) - 2016/09/12 20:12:50 ET
Table 'Arequipa' 6-max Seat #5 is the button
Seat 1: Jeelsy ($51.95 in chips)
Seat 5: GoliafUa ($114 in chips)
GoliafUa: posts small blind $1
Jeelsy: posts big blind $3
*** HOLE CARDS ***
GoliafUa: raises $3 to $6
Jeelsy: calls $3
*** FLOP *** [Ah Jc Kc]
Jeelsy: bets $3
GoliafUa: calls $3
*** TURN *** [Ah Jc Kc] [3c]
Jeelsy: bets $6
GoliafUa: calls $6
*** RIVER *** [Ah Jc Kc 3c] [Qc]
Jeelsy: bets $6
GoliafUa: folds
Uncalled bet ($6) returned to Jeelsy
Jeelsy collected $29.50 from pot
Jeelsy: doesn't show hand
*** SUMMARY ***
Total pot $30 | Rake $0.50
Board [Ah Jc Kc 3c Qc]
Seat 1: Jeelsy (big blind) collected ($29.50)
Seat 5: GoliafUa (button) (small blind) folded on the River


PokerStars Hand #158530355188:  Hold'em Limit ($3/$6 USD) - 2016/09/12 20:14:37 ET
Table 'Arequipa' 6-max Seat #1 is the button
Seat 1: Jeelsy ($56.73 in chips)
Seat 5: GoliafUa ($107.26 in chips)
Jeelsy: posts small blind $1
GoliafUa: posts big blind $3
*** HOLE CARDS ***
Jeelsy: raises $3 to $6
GoliafUa: folds
Uncalled bet ($3) returned to Jeelsy
Jeelsy collected $6 from pot
Jeelsy: doesn't show hand
*** SUMMARY ***
Total pot $6 | Rake $0
Seat 1: Jeelsy (button) (small blind) collected ($6)
Seat 5: GoliafUa (big blind) folded before Flop


PokerStars Hand #158530350773:  Hold'em Limit ($3/$6 USD) - 2016/09/12 20:14:28 ET
Table 'Arequipa' 6-max Seat #5 is the button
Seat 1: Jeelsy ($50.97 in chips)
Seat 5: GoliafUa ($113.26 in chips)
GoliafUa: posts small blind $1
Jeelsy: posts big blind $3
*** HOLE CARDS ***
GoliafUa: raises $3 to $6
Jeelsy: calls $3
*** FLOP *** [4c Jd 6d]
Jeelsy: bets $3
GoliafUa: folds
Uncalled bet ($3) returned to Jeelsy
Jeelsy collected $11.76 from pot
Jeelsy: doesn't show hand
*** SUMMARY ***
Total pot $12 | Rake $0.24
Board [4c Jd 6d]
Seat 1: Jeelsy (big blind) collected ($11.76)
Seat 5: GoliafUa (button) (small blind) folded on the Flop


PokerStars Hand #158530347817:  Hold'em Limit ($3/$6 USD) - 2016/09/12 20:14:22 ET
Table 'Arequipa' 6-max Seat #1 is the button
Seat 1: Jeelsy ($47.97 in chips)
Seat 5: GoliafUa ($116.26 in chips)
Jeelsy: posts small blind $1
GoliafUa: posts big blind $3
*** HOLE CARDS ***
Jeelsy: raises $3 to $6
GoliafUa: folds
Uncalled bet ($3) returned to Jeelsy
Jeelsy collected $6 from pot
Jeelsy: doesn't show hand
*** SUMMARY ***
Total pot $6 | Rake $0
Seat 1: Jeelsy (button) (small blind) collected ($6)
Seat 5: GoliafUa (big blind) folded before Flop


PokerStars Hand #158530343131:  Hold'em Limit ($3/$6 USD) - 2016/09/12 20:14:12 ET
Table 'Arequipa' 6-max Seat #5 is the button
Seat 1: Jeelsy ($42.21 in chips)
Seat 5: GoliafUa ($122.26 in chips)
GoliafUa: posts small blind $1
Jeelsy: posts big blind $3
*** HOLE CARDS ***
GoliafUa: raises $3 to $6
Jeelsy: calls $3
*** FLOP *** [8h 7d Ac]
Jeelsy: bets $3
GoliafUa: folds
Uncalled bet ($3) returned to Jeelsy
Jeelsy collected $11.76 from pot
Jeelsy: doesn't show hand
*** SUMMARY ***
Total pot $12 | Rake $0.24
Board [8h 7d Ac]
Seat 1: Jeelsy (big blind) collected ($11.76)
Seat 5: GoliafUa (button) (small blind) folded on the Flop


PokerStars Hand #158530332961:  Hold'em Limit ($3/$6 USD) - 2016/09/12 20:13:51 ET
Table 'Arequipa' 6-max Seat #1 is the button
Seat 1: Jeelsy ($36.45 in chips)
Seat 5: GoliafUa ($128.26 in chips)
Jeelsy: posts small blind $1
GoliafUa: posts big blind $3
*** HOLE CARDS ***
Jeelsy: raises $3 to $6
GoliafUa: calls $3
*** FLOP *** [Qs 2c 9h]
GoliafUa: checks
Jeelsy: checks
*** TURN *** [Qs 2c 9h] [7c]
GoliafUa: checks
Jeelsy: bets $6
GoliafUa: folds
Uncalled bet ($6) returned to Jeelsy
Jeelsy collected $11.76 from pot
Jeelsy: doesn't show hand
*** SUMMARY ***
Total pot $12 | Rake $0.24
Board [Qs 2c 9h 7c]
Seat 1: Jeelsy (button) (small blind) collected ($11.76)
Seat 5: GoliafUa (big blind) folded on the Turn


PokerStars Hand #158530376510:  Hold'em Limit ($3/$6 USD) - 2016/09/12 20:15:22 ET
Table 'Arequipa' 6-max Seat #5 is the button
Seat 1: Jeelsy ($53.37 in chips)
Seat 5: GoliafUa ($109.76 in chips)
GoliafUa: posts small blind $1
Jeelsy: posts big blind $3
*** HOLE CARDS ***
GoliafUa: raises $3 to $6
Jeelsy: calls $3
*** FLOP *** [Jc 8c 8d]
Jeelsy: checks
GoliafUa: bets $3
Jeelsy: folds
Uncalled bet ($3) returned to GoliafUa
GoliafUa collected $11.76 from pot
GoliafUa: doesn't show hand
*** SUMMARY ***
Total pot $12 | Rake $0.24
Board [Jc 8c 8d]
Seat 1: Jeelsy (big blind) folded on the Flop
Seat 5: GoliafUa (button) (small blind) collected ($11.76)


PokerStars Hand #158530366419:  Hold'em Limit ($3/$6 USD) - 2016/09/12 20:15:01 ET
Table 'Arequipa' 6-max Seat #1 is the button
Seat 1: Jeelsy ($68.37 in chips)
Seat 5: GoliafUa ($95.26 in chips)
Jeelsy: posts small blind $1
GoliafUa: posts big blind $3
*** HOLE CARDS ***
Jeelsy: raises $3 to $6
GoliafUa: calls $3
*** FLOP *** [6d 9s 5d]
GoliafUa: checks
Jeelsy: bets $3
GoliafUa: calls $3
*** TURN *** [6d 9s 5d] [Jc]
GoliafUa: checks
Jeelsy: checks
*** RIVER *** [6d 9s 5d Jc] [3s]
GoliafUa: bets $6
Jeelsy: calls $6
*** SHOW DOWN ***
GoliafUa: shows [4d 9d] (a pair of Nines)
Jeelsy: mucks hand
GoliafUa collected $29.50 from pot
*** SUMMARY ***
Total pot $30 | Rake $0.50
Board [6d 9s 5d Jc 3s]
Seat 1: Jeelsy (button) (small blind) mucked
Seat 5: GoliafUa (big blind) showed [4d 9d] and won ($29.50) with a pair of Nines


PokerStars Hand #158530359309:  Hold'em Limit ($3/$6 USD) - 2016/09/12 20:14:46 ET
Table 'Arequipa' 6-max Seat #5 is the button
Seat 1: Jeelsy ($59.73 in chips)
Seat 5: GoliafUa ($104.26 in chips)
GoliafUa: posts small blind $1
Jeelsy: posts big blind $3
*** HOLE CARDS ***
GoliafUa: raises $3 to $6
Jeelsy: calls $3
*** FLOP *** [8h 2h 6c]
Jeelsy: bets $3
GoliafUa: calls $3
*** TURN *** [8h 2h 6c] [Qc]
Jeelsy: bets $6
GoliafUa: folds
Uncalled bet ($6) returned to Jeelsy
Jeelsy collected $17.64 from pot
Jeelsy: doesn't show hand
*** SUMMARY ***
Total pot $18 | Rake $0.36
Board [8h 2h 6c Qc]
Seat 1: Jeelsy (big blind) collected ($17.64)
Seat 5: GoliafUa (button) (small blind) folded on the Turn


PokerStars Hand #158530411636:  Hold'em Limit ($3/$6 USD) - 2016/09/12 20:16:35 ET
Table 'Arequipa' 6-max Seat #5 is the button
Seat 1: Jeelsy ($82.39 in chips)
Seat 5: GoliafUa ($79.52 in chips)
GoliafUa: posts small blind $1
Jeelsy: posts big blind $3
*** HOLE CARDS ***
GoliafUa: folds
Uncalled bet ($2) returned to Jeelsy
Jeelsy collected $2 from pot
Jeelsy: doesn't show hand
*** SUMMARY ***
Total pot $2 | Rake $0
Seat 1: Jeelsy (big blind) collected ($2)
Seat 5: GoliafUa (button) (small blind) folded before Flop


PokerStars Hand #158530399676:  Hold'em Limit ($3/$6 USD) - 2016/09/12 20:16:10 ET
Table 'Arequipa' 6-max Seat #1 is the button
Seat 1: Jeelsy ($58.89 in chips)
Seat 5: GoliafUa ($103.52 in chips)
Jeelsy: posts small blind $1
GoliafUa: posts big blind $3
*** HOLE CARDS ***
Jeelsy: raises $3 to $6
GoliafUa: calls $3
*** FLOP *** [9h 7s Kh]
GoliafUa: checks
Jeelsy: bets $3
GoliafUa: raises $3 to $6
Jeelsy: calls $3
*** TURN *** [9h 7s Kh] [3h]
GoliafUa: bets $6
Jeelsy: calls $6
*** RIVER *** [9h 7s Kh 3h] [Qs]
GoliafUa: bets $6
Jeelsy: calls $6
*** SHOW DOWN ***
GoliafUa: shows [Th 9s] (a pair of Nines)
Jeelsy: shows [Qc Jd] (a pair of Queens)
Jeelsy collected $47.50 from pot
*** SUMMARY ***
Total pot $48 | Rake $0.50
Board [9h 7s Kh 3h Qs]
Seat 1: Jeelsy (button) (small blind) showed [Qc Jd] and won ($47.50) with a pair of Queens
Seat 5: GoliafUa (big blind) showed [Th 9s] and lost with a pair of Nines


PokerStars Hand #158530392956:  Hold'em Limit ($3/$6 USD) - 2016/09/12 20:15:56 ET
Table 'Arequipa' 6-max Seat #5 is the button
Seat 1: Jeelsy ($50.25 in chips)
Seat 5: GoliafUa ($112.52 in chips)
GoliafUa: posts small blind $1
Jeelsy: posts big blind $3
*** HOLE CARDS ***
GoliafUa: raises $3 to $6
Jeelsy: calls $3
*** FLOP *** [3c 7d 4h]
Jeelsy: bets $3
GoliafUa: calls $3
*** TURN *** [3c 7d 4h] [6h]
Jeelsy: bets $6
GoliafUa: folds
Uncalled bet ($6) returned to Jeelsy
Jeelsy collected $17.64 from pot
Jeelsy: doesn't show hand
*** SUMMARY ***
Total pot $18 | Rake $0.36
Board [3c 7d 4h 6h]
Seat 1: Jeelsy (big blind) collected ($17.64)
Seat 5: GoliafUa (button) (small blind) folded on the Turn


PokerStars Hand #158530384802:  Hold'em Limit ($3/$6 USD) - 2016/09/12 20:15:39 ET
Table 'Arequipa' 6-max Seat #1 is the button
Seat 1: Jeelsy ($47.37 in chips)
Seat 5: GoliafUa ($115.52 in chips)
Jeelsy: posts small blind $1
GoliafUa: posts big blind $3
*** HOLE CARDS ***
Jeelsy: calls $2
GoliafUa: checks
*** FLOP *** [Tc Jc 4h]
GoliafUa: checks
Jeelsy: bets $3
GoliafUa: folds
Uncalled bet ($3) returned to Jeelsy
Jeelsy collected $5.88 from pot
Jeelsy: doesn't show hand
*** SUMMARY ***
Total pot $6 | Rake $0.12
Board [Tc Jc 4h]
Seat 1: Jeelsy (button) (small blind) collected ($5.88)
Seat 5: GoliafUa (big blind) folded on the Flop


PokerStars Hand #158530437244:  Hold'em Limit ($3/$6 USD) - 2016/09/12 20:17:28 ET
Table 'Arequipa' 6-max Seat #1 is the button
Seat 1: Jeelsy ($88.03 in chips)
Seat 5: GoliafUa ($133.28 in chips)
Jeelsy: posts small blind $1
GoliafUa: posts big blind $3
*** HOLE CARDS ***
Jeelsy: raises $3 to $6
GoliafUa: calls $3
*** FLOP *** [Ad 4c 3d]
GoliafUa: checks
Jeelsy: bets $3
GoliafUa: raises $3 to $6
Jeelsy: calls $3
*** TURN *** [Ad 4c 3d] [Qs]
GoliafUa: bets $6
Jeelsy: calls $6
*** RIVER *** [Ad 4c 3d Qs] [2d]
GoliafUa: bets $6
Jeelsy: calls $6
*** SHOW DOWN ***
GoliafUa: shows [2h 4h] (two pair, Fours and Deuces)
Jeelsy: mucks hand
GoliafUa collected $47.50 from pot
*** SUMMARY ***
Total pot $48 | Rake $0.50
Board [Ad 4c 3d Qs 2d]
Seat 1: Jeelsy (button) (small blind) mucked
Seat 5: GoliafUa (big blind) showed [2h 4h] and won ($47.50) with two pair, Fours and Deuces


PokerStars Hand #158530433127:  Hold'em Limit ($3/$6 USD) - 2016/09/12 20:17:19 ET
Table 'Arequipa' 6-max Seat #5 is the button
Seat 1: Jeelsy ($87.03 in chips)
Seat 5: GoliafUa ($134.28 in chips)
GoliafUa: posts small blind $1
Jeelsy: posts big blind $3
*** HOLE CARDS ***
GoliafUa: folds
Uncalled bet ($2) returned to Jeelsy
Jeelsy collected $2 from pot
Jeelsy: doesn't show hand
*** SUMMARY ***
Total pot $2 | Rake $0
Seat 1: Jeelsy (big blind) collected ($2)
Seat 5: GoliafUa (button) (small blind) folded before Flop


PokerStars Hand #158530426193:  Hold'em Limit ($3/$6 USD) - 2016/09/12 20:17:05 ET
Table 'Arequipa' 6-max Seat #1 is the button
Seat 1: Jeelsy ($93.03 in chips)
Seat 5: GoliafUa ($128.52 in chips)
Jeelsy: posts small blind $1
GoliafUa: posts big blind $3
*** HOLE CARDS ***
Jeelsy: calls $2
GoliafUa: raises $3 to $6
Jeelsy: calls $3
*** FLOP *** [Ac Ah Qh]
GoliafUa: bets $3
Jeelsy: folds
Uncalled bet ($3) returned to GoliafUa
GoliafUa collected $11.76 from pot
GoliafUa: doesn't show hand
*** SUMMARY ***
Total pot $12 | Rake $0.24
Board [Ac Ah Qh]
Seat 1: Jeelsy (button) (small blind) folded on the Flop
Seat 5: GoliafUa (big blind) collected ($11.76)


PokerStars Hand #158530423693:  Hold'em Limit ($3/$6 USD) - 2016/09/12 20:17:00 ET
Table 'Arequipa' 6-max Seat #5 is the button
Seat 1: Jeelsy ($92.03 in chips)
Seat 5: GoliafUa ($129.52 in chips)
GoliafUa: posts small blind $1
Jeelsy: posts big blind $3
*** HOLE CARDS ***
GoliafUa: folds
Uncalled bet ($2) returned to Jeelsy
Jeelsy collected $2 from pot
Jeelsy: doesn't show hand
*** SUMMARY ***
Total pot $2 | Rake $0
Seat 1: Jeelsy (big blind) collected ($2)
Seat 5: GoliafUa (button) (small blind) folded before Flop


PokerStars Hand #158530415128:  Hold'em Limit ($3/$6 USD) - 2016/09/12 20:16:42 ET
Table 'Arequipa' 6-max Seat #1 is the button
Seat 1: Jeelsy ($83.39 in chips)
Seat 5: GoliafUa ($78.52 in chips)
Jeelsy: posts small blind $1
GoliafUa: posts big blind $3
*** HOLE CARDS ***
Jeelsy: raises $3 to $6
GoliafUa: calls $3
*** FLOP *** [3c 4s Qs]
GoliafUa: checks
Jeelsy: bets $3
GoliafUa: calls $3
*** TURN *** [3c 4s Qs] [Qc]
GoliafUa: checks
Jeelsy: bets $6
GoliafUa: folds
Uncalled bet ($6) returned to Jeelsy
Jeelsy collected $17.64 from pot
Jeelsy: doesn't show hand
*** SUMMARY ***
Total pot $18 | Rake $0.36
Board [3c 4s Qs Qc]
Seat 1: Jeelsy (button) (small blind) collected ($17.64)
Seat 5: GoliafUa (big blind) folded on the Turn


PokerStars Hand #158530468688:  Hold'em Limit ($3/$6 USD) - 2016/09/12 20:18:34 ET
Table 'Arequipa' 6-max Seat #1 is the button
Seat 1: Jeelsy ($54.43 in chips)
Seat 5: GoliafUa ($165.28 in chips)
Jeelsy: posts small blind $1
GoliafUa: posts big blind $3
*** HOLE CARDS ***
Jeelsy: raises $3 to $6
GoliafUa: raises $3 to $9
Jeelsy: calls $3
*** FLOP *** [Kh 4c 7h]
GoliafUa: bets $3
Jeelsy: calls $3
*** TURN *** [Kh 4c 7h] [4d]
GoliafUa: bets $6
Jeelsy: calls $6
*** RIVER *** [Kh 4c 7h 4d] [2d]
GoliafUa: bets $6
Jeelsy: calls $6
*** SHOW DOWN ***
GoliafUa: shows [Kc 7c] (two pair, Kings and Sevens)
Jeelsy: mucks hand
GoliafUa collected $47.50 from pot
*** SUMMARY ***
Total pot $48 | Rake $0.50
Board [Kh 4c 7h 4d 2d]
Seat 1: Jeelsy (button) (small blind) mucked
Seat 5: GoliafUa (big blind) showed [Kc 7c] and won ($47.50) with two pair, Kings and Sevens


PokerStars Hand #158530462509:  Hold'em Limit ($3/$6 USD) - 2016/09/12 20:18:21 ET
Table 'Arequipa' 6-max Seat #5 is the button
Seat 1: Jeelsy ($45.79 in chips)
Seat 5: GoliafUa ($174.28 in chips)
GoliafUa: posts small blind $1
Jeelsy: posts big blind $3
*** HOLE CARDS ***
GoliafUa: raises $3 to $6
Jeelsy: raises $3 to $9
GoliafUa: calls $3
*** FLOP *** [3d Ts Qh]
Jeelsy: bets $3
GoliafUa: folds
Uncalled bet ($3) returned to Jeelsy
Jeelsy collected $17.64 from pot
Jeelsy: doesn't show hand
*** SUMMARY ***
Total pot $18 | Rake $0.36
Board [3d Ts Qh]
Seat 1: Jeelsy (big blind) collected ($17.64)
Seat 5: GoliafUa (button) (small blind) folded on the Flop


PokerStars Hand #158530455053:  Hold'em Limit ($3/$6 USD) - 2016/09/12 20:18:05 ET
Table 'Arequipa' 6-max Seat #1 is the button
Seat 1: Jeelsy ($40.03 in chips)
Seat 5: GoliafUa ($180.28 in chips)
Jeelsy: posts small blind $1
GoliafUa: posts big blind $3
*** HOLE CARDS ***
Jeelsy: raises $3 to $6
GoliafUa: calls $3
*** FLOP *** [9h 8c 2c]
GoliafUa: checks
Jeelsy: checks
*** TURN *** [9h 8c 2c] [9d]
GoliafUa: checks
Jeelsy: checks
*** RIVER *** [9h 8c 2c 9d] [4c]
GoliafUa: checks
Jeelsy: bets $6
GoliafUa: folds
Uncalled bet ($6) returned to Jeelsy
Jeelsy collected $11.76 from pot
Jeelsy: doesn't show hand
*** SUMMARY ***
Total pot $12 | Rake $0.24
Board [9h 8c 2c 9d 4c]
Seat 1: Jeelsy (button) (small blind) collected ($11.76)
Seat 5: GoliafUa (big blind) folded on the River


PokerStars Hand #158530445871:  Hold'em Limit ($3/$6 USD) - 2016/09/12 20:17:46 ET
Table 'Arequipa' 6-max Seat #5 is the button
Seat 1: Jeelsy ($64.03 in chips)
Seat 5: GoliafUa ($156.78 in chips)
GoliafUa: posts small blind $1
Jeelsy: posts big blind $3
*** HOLE CARDS ***
GoliafUa: raises $3 to $6
Jeelsy: raises $3 to $9
GoliafUa: calls $3
*** FLOP *** [Qs 7h 4s]
Jeelsy: bets $3
GoliafUa: calls $3
*** TURN *** [Qs 7h 4s] [2d]
Jeelsy: bets $6
GoliafUa: calls $6
*** RIVER *** [Qs 7h 4s 2d] [2h]
Jeelsy: bets $6
GoliafUa: calls $6
*** SHOW DOWN ***
Jeelsy: shows [8s 5s] (a pair of Deuces)
GoliafUa: shows [8d 4h] (two pair, Fours and Deuces)
GoliafUa collected $47.50 from pot
*** SUMMARY ***
Total pot $48 | Rake $0.50
Board [Qs 7h 4s 2d 2h]
Seat 1: Jeelsy (big blind) showed [8s 5s] and lost with a pair of Deuces
Seat 5: GoliafUa (button) (small blind) showed [8d 4h] and won ($47.50) with two pair, Fours and Deuces


PokerStars Hand #158530492928:  Hold'em Limit ($3/$6 USD) - 2016/09/12 20:19:24 ET
Table 'Arequipa' 6-max Seat #5 is the button
Seat 1: Jeelsy ($47.93 in chips)
Seat 5: GoliafUa ($170.54 in chips)
GoliafUa: posts small blind $1
Jeelsy: posts big blind $3
*** HOLE CARDS ***
GoliafUa: raises $3 to $6
Jeelsy: calls $3
*** FLOP *** [2h Ks 8d]
Jeelsy: checks
GoliafUa: bets $3
Jeelsy: calls $3
*** TURN *** [2h Ks 8d] [Jd]
Jeelsy: checks
GoliafUa: checks
*** RIVER *** [2h Ks 8d Jd] [Kh]
Jeelsy: bets $6
GoliafUa: folds
Uncalled bet ($6) returned to Jeelsy
Jeelsy collected $17.64 from pot
Jeelsy: doesn't show hand
*** SUMMARY ***
Total pot $18 | Rake $0.36
Board [2h Ks 8d Jd Kh]
Seat 1: Jeelsy (big blind) collected ($17.64)
Seat 5: GoliafUa (button) (small blind) folded on the River


PokerStars Hand #158530487675:  Hold'em Limit ($3/$6 USD) - 2016/09/12 20:19:13 ET
Table 'Arequipa' 6-max Seat #1 is the button
Seat 1: Jeelsy ($53.93 in chips)
Seat 5: GoliafUa ($164.78 in chips)
Jeelsy: posts small blind $1
GoliafUa: posts big blind $3
*** HOLE CARDS ***
Jeelsy: raises $3 to $6
GoliafUa: calls $3
*** FLOP *** [8s 3h 2d]
GoliafUa: checks
Jeelsy: checks
*** TURN *** [8s 3h 2d] [7d]
GoliafUa: bets $6
Jeelsy: folds
Uncalled bet ($6) returned to GoliafUa
GoliafUa collected $11.76 from pot
GoliafUa: doesn't show hand
*** SUMMARY ***
Total pot $12 | Rake $0.24
Board [8s 3h 2d 7d]
Seat 1: Jeelsy (button) (small blind) folded on the Turn
Seat 5: GoliafUa (big blind) collected ($11.76)


PokerStars Hand #158530476487:  Hold'em Limit ($3/$6 USD) - 2016/09/12 20:18:50 ET
Table 'Arequipa' 6-max Seat #5 is the button
Seat 1: Jeelsy ($30.43 in chips)
Seat 5: GoliafUa ($188.78 in chips)
GoliafUa: posts small blind $1
Jeelsy: posts big blind $3
*** HOLE CARDS ***
GoliafUa: raises $3 to $6
Jeelsy: raises $3 to $9
GoliafUa: calls $3
*** FLOP *** [4c 5d Js]
Jeelsy: bets $3
GoliafUa: calls $3
*** TURN *** [4c 5d Js] [3s]
Jeelsy: bets $6
GoliafUa: calls $6
*** RIVER *** [4c 5d Js 3s] [Ad]
Jeelsy: bets $6
GoliafUa: calls $6
*** SHOW DOWN ***
Jeelsy: shows [Ah Kc] (a pair of Aces)
GoliafUa: mucks hand
Jeelsy collected $47.50 from pot
*** SUMMARY ***
Total pot $48 | Rake $0.50
Board [4c 5d Js 3s Ad]
Seat 1: Jeelsy (big blind) showed [Ah Kc] and won ($47.50) with a pair of Aces
Seat 5: GoliafUa (button) (small blind) mucked


PokerStars Hand #158530514032:  Hold'em Limit ($3/$6 USD) - 2016/09/12 20:19:56 ET
Table 'Arequipa' 6-max Seat #5 is the button
Seat 1: Jeelsy ($59.57 in chips)
Seat 5: GoliafUa ($158.54 in chips)
GoliafUa: posts small blind $1
Jeelsy: posts big blind $3
*** HOLE CARDS ***
GoliafUa: raises $3 to $6
Jeelsy: calls $3
*** FLOP *** [5d Kh Th]
Jeelsy: bets $3
GoliafUa: calls $3
*** TURN *** [5d Kh Th] [7h]
Jeelsy: checks
GoliafUa: bets $6
Jeelsy: folds
Uncalled bet ($6) returned to GoliafUa
GoliafUa collected $17.64 from pot
GoliafUa: doesn't show hand
*** SUMMARY ***
Total pot $18 | Rake $0.36
Board [5d Kh Th 7h]
Seat 1: Jeelsy (big blind) folded on the Turn
Seat 5: GoliafUa (button) (small blind) collected ($17.64)


PokerStars Hand #158530509074:  Hold'em Limit ($3/$6 USD) - 2016/09/12 20:19:45 ET
Table 'Arequipa' 6-max Seat #1 is the button
Seat 1: Jeelsy ($56.57 in chips)
Seat 5: GoliafUa ($161.54 in chips)
Jeelsy: posts small blind $1
GoliafUa: posts big blind $3
*** HOLE CARDS ***
Jeelsy: raises $3 to $6
GoliafUa: folds
Uncalled bet ($3) returned to Jeelsy
Jeelsy collected $6 from pot
Jeelsy: doesn't show hand
*** SUMMARY ***
Total pot $6 | Rake $0
Seat 1: Jeelsy (button) (small blind) collected ($6)
Seat 5: GoliafUa (big blind) folded before Flop


PokerStars Hand #158530553233:  Hold'em Limit ($3/$6 USD) - 2016/09/12 20:21:18 ET
Table 'Arequipa' 6-max Seat #1 is the button
Seat 1: Jeelsy ($47.09 in chips)
Seat 5: GoliafUa ($169.68 in chips)
Jeelsy: posts small blind $1
GoliafUa: posts big blind $3
*** HOLE CARDS ***
Jeelsy: calls $2
GoliafUa: raises $3 to $6
Jeelsy: calls $3
*** FLOP *** [7h 7d Jh]
GoliafUa: bets $3
Jeelsy: calls $3
*** TURN *** [7h 7d Jh] [8s]
GoliafUa: checks
Jeelsy: checks
*** RIVER *** [7h 7d Jh 8s] [5c]
GoliafUa: checks
Jeelsy: checks
*** SHOW DOWN ***
GoliafUa: shows [4c As] (a pair of Sevens)
Jeelsy: mucks hand
GoliafUa collected $17.64 from pot
*** SUMMARY ***
Total pot $18 | Rake $0.36
Board [7h 7d Jh 8s 5c]
Seat 1: Jeelsy (button) (small blind) mucked
Seat 5: GoliafUa (big blind) showed [4c As] and won ($17.64) with a pair of Sevens


PokerStars Hand #158530543854:  Hold'em Limit ($3/$6 USD) - 2016/09/12 20:20:58 ET
Table 'Arequipa' 6-max Seat #5 is the button
Seat 1: Jeelsy ($35.57 in chips)
Seat 5: GoliafUa ($181.68 in chips)
GoliafUa: posts small blind $1
Jeelsy: posts big blind $3
*** HOLE CARDS ***
GoliafUa: raises $3 to $6
Jeelsy: raises $3 to $9
GoliafUa: calls $3
*** FLOP *** [Ah 2c 4d]
Jeelsy: bets $3
GoliafUa: calls $3
*** TURN *** [Ah 2c 4d] [3s]
Jeelsy: checks
GoliafUa: checks
*** RIVER *** [Ah 2c 4d 3s] [3d]
Jeelsy: checks
GoliafUa: checks
*** SHOW DOWN ***
Jeelsy: shows [9h 9c] (two pair, Nines and Threes)
GoliafUa: mucks hand
Jeelsy collected $23.52 from pot
*** SUMMARY ***
Total pot $24 | Rake $0.48
Board [Ah 2c 4d 3s 3d]
Seat 1: Jeelsy (big blind) showed [9h 9c] and won ($23.52) with two pair, Nines and Threes
Seat 5: GoliafUa (button) (small blind) mucked


PokerStars Hand #158530524600:  Hold'em Limit ($3/$6 USD) - 2016/09/12 20:20:18 ET
Table 'Arequipa' 6-max Seat #1 is the button
Seat 1: Jeelsy ($50.57 in chips)
Seat 5: GoliafUa ($167.18 in chips)
Jeelsy: posts small blind $1
GoliafUa: posts big blind $3
*** HOLE CARDS ***
Jeelsy: calls $2
GoliafUa: raises $3 to $6
Jeelsy: calls $3
*** FLOP *** [Td 8d Kh]
GoliafUa: bets $3
Jeelsy: calls $3
*** TURN *** [Td 8d Kh] [6s]
GoliafUa: bets $6
Jeelsy: calls $6
*** RIVER *** [Td 8d Kh 6s] [3c]
GoliafUa: checks
Jeelsy: checks
*** SHOW DOWN ***
GoliafUa: shows [Ac Qd] (high card Ace)
Jeelsy: mucks hand
GoliafUa collected $29.50 from pot
*** SUMMARY ***
Total pot $30 | Rake $0.50
Board [Td 8d Kh 6s 3c]
Seat 1: Jeelsy (button) (small blind) mucked
Seat 5: GoliafUa (big blind) showed [Ac Qd] and won ($29.50) with high card Ace


PokerStars Hand #158530589352:  Hold'em Limit ($3/$6 USD) - 2016/09/12 20:22:34 ET
Table 'Arequipa' 6-max Seat #5 is the button
Seat 1: Jeelsy ($11.09 in chips)
Seat 5: GoliafUa ($204.70 in chips)
GoliafUa: posts small blind $1
Jeelsy: posts big blind $3
*** HOLE CARDS ***
GoliafUa: raises $3 to $6
Jeelsy: calls $3
*** FLOP *** [Jc 7s Qs]
Jeelsy: checks
GoliafUa: bets $3
Jeelsy: folds
Uncalled bet ($3) returned to GoliafUa
GoliafUa collected $11.76 from pot
GoliafUa: doesn't show hand
*** SUMMARY ***
Total pot $12 | Rake $0.24
Board [Jc 7s Qs]
Seat 1: Jeelsy (big blind) folded on the Flop
Seat 5: GoliafUa (button) (small blind) collected ($11.76)


PokerStars Hand #158530580616:  Hold'em Limit ($3/$6 USD) - 2016/09/12 20:22:16 ET
Table 'Arequipa' 6-max Seat #1 is the button
Seat 1: Jeelsy ($14.09 in chips)
Seat 5: GoliafUa ($201.82 in chips)
Jeelsy: posts small blind $1
GoliafUa: posts big blind $3
*** HOLE CARDS ***
Jeelsy: calls $2
GoliafUa: checks
*** FLOP *** [Td 4c 4s]
GoliafUa: checks
Jeelsy: checks
*** TURN *** [Td 4c 4s] [4h]
GoliafUa: checks
Jeelsy: checks
*** RIVER *** [Td 4c 4s 4h] [5c]
GoliafUa: bets $6
Jeelsy: folds
Uncalled bet ($6) returned to GoliafUa
GoliafUa collected $5.88 from pot
GoliafUa: doesn't show hand
*** SUMMARY ***
Total pot $6 | Rake $0.12
Board [Td 4c 4s 4h 5c]
Seat 1: Jeelsy (button) (small blind) folded on the River
Seat 5: GoliafUa (big blind) collected ($5.88)


PokerStars Hand #158530566912:  Hold'em Limit ($3/$6 USD) - 2016/09/12 20:21:47 ET
Table 'Arequipa' 6-max Seat #5 is the button
Seat 1: Jeelsy ($38.09 in chips)
Seat 5: GoliafUa ($178.32 in chips)
GoliafUa: posts small blind $1
Jeelsy: posts big blind $3
*** HOLE CARDS ***
GoliafUa: raises $3 to $6
Jeelsy: raises $3 to $9
GoliafUa: calls $3
*** FLOP *** [8h Ks 8d]
Jeelsy: bets $3
GoliafUa: calls $3
*** TURN *** [8h Ks 8d] [3d]
Jeelsy: bets $6
GoliafUa: calls $6
*** RIVER *** [8h Ks 8d 3d] [Qh]
Jeelsy: bets $6
GoliafUa: calls $6
*** SHOW DOWN ***
Jeelsy: shows [5d Ad] (a pair of Eights)
GoliafUa: shows [3s 5c] (two pair, Eights and Threes)
GoliafUa collected $47.50 from pot
*** SUMMARY ***
Total pot $48 | Rake $0.50
Board [8h Ks 8d 3d Qh]
Seat 1: Jeelsy (big blind) showed [5d Ad] and lost with a pair of Eights
Seat 5: GoliafUa (button) (small blind) showed [3s 5c] and won ($47.50) with two pair, Eights and Threes


PokerStars Hand #158530594888:  Hold'em Limit ($3/$6 USD) - 2016/09/12 20:22:46 ET
Table 'Arequipa' 6-max Seat #1 is the button
Seat 1: Jeelsy ($5.09 in chips)
Seat 5: GoliafUa ($210.46 in chips)
Jeelsy: posts small blind $1
GoliafUa: posts big blind $3
*** HOLE CARDS ***
Jeelsy: raises $2.09 to $5.09 and is all-in
GoliafUa: calls $2.09
*** FLOP *** [Jh Jd 7s]
*** TURN *** [Jh Jd 7s] [Kd]
*** RIVER *** [Jh Jd 7s Kd] [Th]
*** SHOW DOWN ***
GoliafUa: shows [Ac 9s] (a pair of Jacks)
Jeelsy: shows [Qd 2s] (a pair of Jacks - lower kicker)
GoliafUa collected $9.98 from pot
*** SUMMARY ***
Total pot $10.18 | Rake $0.20
Board [Jh Jd 7s Kd Th]
Seat 1: Jeelsy (button) (small blind) showed [Qd 2s] and lost with a pair of Jacks
Seat 5: GoliafUa (big blind) showed [Ac 9s] and won ($9.98) with a pair of Jacks


