PokerStars Hand #152643114461:  Hold'em Limit ($3/$6 USD) - 2016/04/30 2:00:45 ET
Table 'Aretaon' 6-max Seat #2 is the button
Seat 2: robertass84 ($120 in chips)
Seat 3: LifeisagameX ($60 in chips)
robertass84: posts small blind $1
LifeisagameX: posts big blind $3
*** HOLE CARDS ***
robertass84: folds
Uncalled bet ($2) returned to LifeisagameX
LifeisagameX collected $2 from pot
LifeisagameX: doesn't show hand
*** SUMMARY ***
Total pot $2 | Rake $0
Seat 2: robertass84 (button) (small blind) folded before Flop
Seat 3: LifeisagameX (big blind) collected ($2)


PokerStars Hand #152643128749:  Hold'em Limit ($3/$6 USD) - 2016/04/30 2:01:37 ET
Table 'Aretaon' 6-max Seat #3 is the button
Seat 2: robertass84 ($134.50 in chips)
Seat 3: LifeisagameX ($49 in chips)
LifeisagameX: posts small blind $1
robertass84: posts big blind $3
*** HOLE CARDS ***
LifeisagameX: raises $3 to $6
robertass84: folds
Uncalled bet ($3) returned to LifeisagameX
LifeisagameX collected $6 from pot
LifeisagameX: doesn't show hand
*** SUMMARY ***
Total pot $6 | Rake $0
Seat 2: robertass84 (big blind) folded before Flop
Seat 3: LifeisagameX (button) (small blind) collected ($6)


PokerStars Hand #152643117932:  Hold'em Limit ($3/$6 USD) - 2016/04/30 2:00:58 ET
Table 'Aretaon' 6-max Seat #2 is the button
Seat 2: robertass84 ($120 in chips)
Seat 3: LifeisagameX ($64 in chips)
robertass84: posts small blind $1
LifeisagameX: posts big blind $3
*** HOLE CARDS ***
robertass84: raises $3 to $6
LifeisagameX: raises $3 to $9
robertass84: raises $3 to $12
Betting is capped
LifeisagameX: calls $3
*** FLOP *** [Ks As Th]
LifeisagameX: checks
robertass84: bets $3
LifeisagameX: calls $3
*** TURN *** [Ks As Th] [5d]
LifeisagameX: checks
robertass84: bets $6
LifeisagameX: folds
Uncalled bet ($6) returned to robertass84
robertass84 collected $29.50 from pot
robertass84: doesn't show hand
*** SUMMARY ***
Total pot $30 | Rake $0.50
Board [Ks As Th 5d]
Seat 2: robertass84 (button) (small blind) collected ($29.50)
Seat 3: LifeisagameX (big blind) folded on the Turn


PokerStars Hand #152643115779:  Hold'em Limit ($3/$6 USD) - 2016/04/30 2:00:50 ET
Table 'Aretaon' 6-max Seat #3 is the button
Seat 2: robertass84 ($120 in chips)
Seat 3: LifeisagameX ($61 in chips)
LifeisagameX: posts small blind $1
robertass84: posts big blind $3
*** HOLE CARDS ***
LifeisagameX: raises $3 to $6
robertass84: folds
Uncalled bet ($3) returned to LifeisagameX
LifeisagameX collected $6 from pot
*** SUMMARY ***
Total pot $6 | Rake $0
Seat 2: robertass84 (big blind) folded before Flop
Seat 3: LifeisagameX (button) (small blind) collected ($6)


PokerStars Hand #152643131450:  Hold'em Limit ($3/$6 USD) - 2016/04/30 2:01:46 ET
Table 'Aretaon' 6-max Seat #2 is the button
Seat 2: robertass84 ($131.50 in chips)
Seat 3: LifeisagameX ($52 in chips)
robertass84: posts small blind $1
LifeisagameX: posts big blind $3
*** HOLE CARDS ***
robertass84: folds
Uncalled bet ($2) returned to LifeisagameX
LifeisagameX collected $2 from pot
LifeisagameX: doesn't show hand
*** SUMMARY ***
Total pot $2 | Rake $0
Seat 2: robertass84 (button) (small blind) folded before Flop
Seat 3: LifeisagameX (big blind) collected ($2)


PokerStars Hand #152643145629:  Hold'em Limit ($3/$6 USD) - 2016/04/30 2:02:36 ET
Table 'Aretaon' 6-max Seat #3 is the button
Seat 2: robertass84 ($127.25 in chips)
Seat 3: LifeisagameX ($55.75 in chips)
LifeisagameX: posts small blind $1
robertass84: posts big blind $3
*** HOLE CARDS ***
LifeisagameX: raises $3 to $6
robertass84: calls $3
*** FLOP *** [4h Qc Jc]
robertass84: checks
LifeisagameX: bets $3
robertass84: folds
Uncalled bet ($3) returned to LifeisagameX
LifeisagameX collected $11.76 from pot
LifeisagameX: doesn't show hand
*** SUMMARY ***
Total pot $12 | Rake $0.24
Board [4h Qc Jc]
Seat 2: robertass84 (big blind) folded on the Flop
Seat 3: LifeisagameX (button) (small blind) collected ($11.76)


PokerStars Hand #152643139094:  Hold'em Limit ($3/$6 USD) - 2016/04/30 2:02:13 ET
Table 'Aretaon' 6-max Seat #2 is the button
Seat 2: robertass84 ($127.50 in chips)
Seat 3: LifeisagameX ($56 in chips)
robertass84: posts small blind $1
LifeisagameX: posts big blind $3
*** HOLE CARDS ***
robertass84: raises $3 to $6
LifeisagameX: raises $3 to $9
robertass84: calls $3
*** FLOP *** [2d Kd Kc]
LifeisagameX: bets $3
robertass84: calls $3
*** TURN *** [2d Kd Kc] [6h]
LifeisagameX: bets $6
robertass84: calls $6
*** RIVER *** [2d Kd Kc 6h] [Qs]
LifeisagameX: checks
robertass84: bets $6
LifeisagameX: calls $6
*** SHOW DOWN ***
robertass84: shows [Ac 9h] (a pair of Kings)
LifeisagameX: shows [9d Ad] (a pair of Kings)
LifeisagameX collected $23.75 from pot
robertass84 collected $23.75 from pot
*** SUMMARY ***
Total pot $48 | Rake $0.50
Board [2d Kd Kc 6h Qs]
Seat 2: robertass84 (button) (small blind) showed [Ac 9h] and won ($23.75) with a pair of Kings
Seat 3: LifeisagameX (big blind) showed [9d Ad] and won ($23.75) with a pair of Kings


PokerStars Hand #152643135849:  Hold'em Limit ($3/$6 USD) - 2016/04/30 2:02:01 ET
Table 'Aretaon' 6-max Seat #3 is the button
Seat 2: robertass84 ($130.50 in chips)
Seat 3: LifeisagameX ($53 in chips)
LifeisagameX: posts small blind $1
robertass84: posts big blind $3
*** HOLE CARDS ***
LifeisagameX: raises $3 to $6
robertass84: folds
Uncalled bet ($3) returned to LifeisagameX
LifeisagameX collected $6 from pot
LifeisagameX: doesn't show hand
*** SUMMARY ***
Total pot $6 | Rake $0
Seat 2: robertass84 (big blind) folded before Flop
Seat 3: LifeisagameX (button) (small blind) collected ($6)


PokerStars Hand #152643149910:  Hold'em Limit ($3/$6 USD) - 2016/04/30 2:02:51 ET
Table 'Aretaon' 6-max Seat #2 is the button
Seat 2: robertass84 ($121.25 in chips)
Seat 3: LifeisagameX ($61.51 in chips)
robertass84: posts small blind $1
LifeisagameX: posts big blind $3
*** HOLE CARDS ***
robertass84: raises $3 to $6
LifeisagameX: calls $3
*** FLOP *** [5s 6s 8s]
LifeisagameX: checks
Hiller10 joins the table at seat #6
robertass84: bets $3
LifeisagameX: raises $3 to $6
robertass84: calls $3
*** TURN *** [5s 6s 8s] [4s]
LifeisagameX: bets $6
robertass84: raises $6 to $12
LifeisagameX: raises $6 to $18
robertass84: raises $6 to $24
Betting is capped
LifeisagameX: calls $6
*** RIVER *** [5s 6s 8s 4s] [Ad]
LifeisagameX: checks
robertass84: bets $6
LifeisagameX: raises $6 to $12
robertass84: raises $6 to $18
LifeisagameX: raises $6 to $24
Betting is capped
robertass84: calls $6
*** SHOW DOWN ***
LifeisagameX: shows [Th 7s] (a straight flush, Four to Eight)
robertass84: mucks hand
LifeisagameX collected $119.50 from pot
*** SUMMARY ***
Total pot $120 | Rake $0.50
Board [5s 6s 8s 4s Ad]
Seat 2: robertass84 (button) (small blind) mucked
Seat 3: LifeisagameX (big blind) showed [Th 7s] and won ($119.50) with a straight flush, Four to Eight


PokerStars Hand #152643645821:  Hold'em Limit ($3/$6 USD) - 2016/04/30 2:31:05 ET
Table 'Aretaon' 6-max Seat #2 is the button
Seat 2: $polu4atel*$ ($57.99 in chips)
Seat 5: Wurst2000 ($141 in chips)
$polu4atel*$: posts small blind $1
boriskloris: is sitting out
Wurst2000: posts big blind $3
*** HOLE CARDS ***
Masqb leaves the table
$polu4atel*$: calls $2
Wurst2000: checks
*** FLOP *** [9h 2d Qd]
Wurst2000: bets $3
$polu4atel*$: calls $3
*** TURN *** [9h 2d Qd] [Ac]
Wurst2000: bets $6
$polu4atel*$: calls $6
*** RIVER *** [9h 2d Qd Ac] [8c]
Wurst2000: bets $6
$polu4atel*$: raises $6 to $12
Wurst2000: calls $6
*** SHOW DOWN ***
$polu4atel*$: shows [8h Qs] (two pair, Queens and Eights)
Wurst2000: mucks hand
$polu4atel*$ collected $47.50 from pot
sismos404 joins the table at seat #1
*** SUMMARY ***
Total pot $48 | Rake $0.50
Board [9h 2d Qd Ac 8c]
Seat 2: $polu4atel*$ (button) (small blind) showed [8h Qs] and won ($47.50) with two pair, Queens and Eights
Seat 5: Wurst2000 (big blind) mucked


PokerStars Hand #152643690950:  Hold'em Limit ($3/$6 USD) - 2016/04/30 2:33:34 ET
Table 'Aretaon' 6-max Seat #3 is the button
Seat 3: boriskloris ($111 in chips)
Seat 5: Wurst2000 ($126.92 in chips)
boriskloris: posts small blind $1
Wurst2000: posts big blind $3
*** HOLE CARDS ***
boriskloris: raises $3 to $6
Wurst2000: folds
Uncalled bet ($3) returned to boriskloris
boriskloris collected $6 from pot
boriskloris: doesn't show hand
Masqb joins the table at seat #4
*** SUMMARY ***
Total pot $6 | Rake $0
Seat 3: boriskloris (button) (small blind) collected ($6)
Seat 5: Wurst2000 (big blind) folded before Flop


PokerStars Hand #152643689562:  Hold'em Limit ($3/$6 USD) - 2016/04/30 2:33:30 ET
Table 'Aretaon' 6-max Seat #5 is the button
Seat 3: boriskloris ($110 in chips)
Seat 5: Wurst2000 ($127.92 in chips)
Wurst2000: posts small blind $1
boriskloris: posts big blind $3
*** HOLE CARDS ***
Wurst2000: folds
Uncalled bet ($2) returned to boriskloris
boriskloris collected $2 from pot
boriskloris: doesn't show hand
*** SUMMARY ***
Total pot $2 | Rake $0
Seat 3: boriskloris (big blind) collected ($2)
Seat 5: Wurst2000 (button) (small blind) folded before Flop


PokerStars Hand #152643692859:  Hold'em Limit ($3/$6 USD) - 2016/04/30 2:33:40 ET
Table 'Aretaon' 6-max Seat #5 is the button
Seat 3: boriskloris ($114 in chips)
Seat 5: Wurst2000 ($123.92 in chips)
Wurst2000: posts small blind $1
boriskloris: posts big blind $3
*** HOLE CARDS ***
Wurst2000: raises $3 to $6
boriskloris: calls $3
*** FLOP *** [8s Kd 6c]
boriskloris: checks
Wurst2000: bets $3
boriskloris: calls $3
*** TURN *** [8s Kd 6c] [Ah]
boriskloris: checks
Wurst2000: bets $6
boriskloris: folds
Uncalled bet ($6) returned to Wurst2000
Wurst2000 collected $17.64 from pot
Wurst2000: doesn't show hand
*** SUMMARY ***
Total pot $18 | Rake $0.36
Board [8s Kd 6c Ah]
Seat 3: boriskloris (big blind) folded on the Turn
Seat 5: Wurst2000 (button) (small blind) collected ($17.64)


PokerStars Hand #152643712456:  Hold'em Limit ($3/$6 USD) - 2016/04/30 2:34:45 ET
Table 'Aretaon' 6-max Seat #5 is the button
Seat 4: Masqb ($65 in chips)
Seat 5: Wurst2000 ($126.02 in chips)
Wurst2000: posts small blind $1
Masqb: posts big blind $3
*** HOLE CARDS ***
Wurst2000: raises $3 to $6
boriskloris leaves the table
Masqb: calls $3
*** FLOP *** [7s Qh 9c]
Masqb: checks
Wurst2000: bets $3
Masqb: folds
Uncalled bet ($3) returned to Wurst2000
Wurst2000 collected $11.76 from pot
Wurst2000: doesn't show hand
*** SUMMARY ***
Total pot $12 | Rake $0.24
Board [7s Qh 9c]
Seat 4: Masqb (big blind) folded on the Flop
Seat 5: Wurst2000 (button) (small blind) collected ($11.76)


