PokerStars Hand #176547496768:  Hold'em Limit ($3/$6 USD) - 2017/10/05 22:27:29 ET
Table 'Arete' 10-max Seat #1 is the button
Seat 1: Chessnok ($120 in chips)
Seat 5: ZOGI ($55.68 in chips)
Chessnok: posts small blind $1
ZOGI: posts big blind $3
*** HOLE CARDS ***
Chessnok: raises $3 to $6
ZOGI: raises $3 to $9
Chessnok: calls $3
*** FLOP *** [Th 9s Qc]
ZOGI: bets $3
Chessnok: folds
Uncalled bet ($3) returned to ZOGI
ZOGI collected $17.64 from pot
*** SUMMARY ***
Total pot $18 | Rake $0.36
Board [Th 9s Qc]
Seat 1: Chessnok (button) (small blind) folded on the Flop
Seat 5: ZOGI (big blind) collected ($17.64)


PokerStars Hand #176547515442:  Hold'em Limit ($3/$6 USD) - 2017/10/05 22:28:26 ET
Table 'Arete' 10-max Seat #5 is the button
Seat 1: Chessnok ($138.14 in chips)
Seat 5: ZOGI ($36.32 in chips)
ZOGI: posts small blind $1
Chessnok: posts big blind $3
*** HOLE CARDS ***
ZOGI: folds
Uncalled bet ($2) returned to Chessnok
Chessnok collected $2 from pot
Chessnok: doesn't show hand
*** SUMMARY ***
Total pot $2 | Rake $0
Seat 1: Chessnok (big blind) collected ($2)
Seat 5: ZOGI (button) (small blind) folded before Flop


PokerStars Hand #176547513524:  Hold'em Limit ($3/$6 USD) - 2017/10/05 22:28:20 ET
Table 'Arete' 10-max Seat #1 is the button
Seat 1: Chessnok ($135.14 in chips)
Seat 5: ZOGI ($39.32 in chips)
Chessnok: posts small blind $1
ZOGI: posts big blind $3
*** HOLE CARDS ***
Chessnok: raises $3 to $6
ZOGI: folds
Uncalled bet ($3) returned to Chessnok
Chessnok collected $6 from pot
Chessnok: doesn't show hand
*** SUMMARY ***
Total pot $6 | Rake $0
Seat 1: Chessnok (button) (small blind) collected ($6)
Seat 5: ZOGI (big blind) folded before Flop


PokerStars Hand #176547508122:  Hold'em Limit ($3/$6 USD) - 2017/10/05 22:28:04 ET
Table 'Arete' 10-max Seat #5 is the button
Seat 1: Chessnok ($120.64 in chips)
Seat 5: ZOGI ($54.32 in chips)
ZOGI: posts small blind $1
Chessnok: posts big blind $3
*** HOLE CARDS ***
ZOGI: calls $2
Chessnok: raises $3 to $6
ZOGI: calls $3
*** FLOP *** [Qd Ah 8d]
Chessnok: bets $3
ZOGI: calls $3
*** TURN *** [Qd Ah 8d] [5c]
Chessnok: bets $6
ZOGI: calls $6
*** RIVER *** [Qd Ah 8d 5c] [Td]
Chessnok: bets $6
ZOGI: folds
Uncalled bet ($6) returned to Chessnok
Chessnok collected $29.50 from pot
Chessnok: doesn't show hand
*** SUMMARY ***
Total pot $30 | Rake $0.50
Board [Qd Ah 8d 5c Td]
Seat 1: Chessnok (big blind) collected ($29.50)
Seat 5: ZOGI (button) (small blind) folded on the River


PokerStars Hand #176547502445:  Hold'em Limit ($3/$6 USD) - 2017/10/05 22:27:46 ET
Table 'Arete' 10-max Seat #1 is the button
Seat 1: Chessnok ($112 in chips)
Seat 5: ZOGI ($63.32 in chips)
Chessnok: posts small blind $1
ZOGI: posts big blind $3
*** HOLE CARDS ***
Chessnok: raises $3 to $6
ZOGI: calls $3
*** FLOP *** [Tc 2h 8c]
ZOGI: checks
Chessnok: bets $3
ZOGI: calls $3
*** TURN *** [Tc 2h 8c] [Ts]
ZOGI: checks
Chessnok: bets $6
ZOGI: folds
Uncalled bet ($6) returned to Chessnok
Chessnok collected $17.64 from pot
Chessnok: doesn't show hand
*** SUMMARY ***
Total pot $18 | Rake $0.36
Board [Tc 2h 8c Ts]
Seat 1: Chessnok (button) (small blind) collected ($17.64)
Seat 5: ZOGI (big blind) folded on the Turn


