PokerStars Hand #158768289620:  Hold'em Limit ($3/$6 USD) - 2016/09/18 11:37:57 ET
Table 'Arete II' 6-max Seat #6 is the button
Seat 4: VolkovDmitri ($196.66 in chips)
Seat 6: Zooshark ($59 in chips)
Zooshark: posts small blind $1
jvc336: is sitting out
XXHALINAXX leaves the table
VolkovDmitri: posts big blind $3
*** HOLE CARDS ***
jvc336 leaves the table
Zooshark: folds
Uncalled bet ($2) returned to VolkovDmitri
VolkovDmitri collected $2 from pot
VolkovDmitri: doesn't show hand
*** SUMMARY ***
Total pot $2 | Rake $0
Seat 4: VolkovDmitri (big blind) collected ($2)
Seat 6: Zooshark (button) (small blind) folded before Flop


PokerStars Hand #158768322167:  Hold'em Limit ($3/$6 USD) - 2016/09/18 11:38:39 ET
Table 'Arete II' 6-max Seat #6 is the button
Seat 4: VolkovDmitri ($207.42 in chips)
Seat 6: Zooshark ($48 in chips)
Zooshark: posts small blind $1
VolkovDmitri: posts big blind $3
*** HOLE CARDS ***
Zooshark: folds
Uncalled bet ($2) returned to VolkovDmitri
VolkovDmitri collected $2 from pot
VolkovDmitri: doesn't show hand
*** SUMMARY ***
Total pot $2 | Rake $0
Seat 4: VolkovDmitri (big blind) collected ($2)
Seat 6: Zooshark (button) (small blind) folded before Flop


PokerStars Hand #158768315318:  Hold'em Limit ($3/$6 USD) - 2016/09/18 11:38:30 ET
Table 'Arete II' 6-max Seat #4 is the button
Seat 4: VolkovDmitri ($204.42 in chips)
Seat 6: Zooshark ($51 in chips)
VolkovDmitri: posts small blind $1
Zooshark: posts big blind $3
*** HOLE CARDS ***
VolkovDmitri: raises $3 to $6
Zooshark: folds
Uncalled bet ($3) returned to VolkovDmitri
VolkovDmitri collected $6 from pot
VolkovDmitri: doesn't show hand
*** SUMMARY ***
Total pot $6 | Rake $0
Seat 4: VolkovDmitri (button) (small blind) collected ($6)
Seat 6: Zooshark (big blind) folded before Flop


PokerStars Hand #158768311349:  Hold'em Limit ($3/$6 USD) - 2016/09/18 11:38:25 ET
Table 'Arete II' 6-max Seat #6 is the button
Seat 4: VolkovDmitri ($203.42 in chips)
Seat 6: Zooshark ($52 in chips)
Zooshark: posts small blind $1
VolkovDmitri: posts big blind $3
*** HOLE CARDS ***
Zooshark: folds
Uncalled bet ($2) returned to VolkovDmitri
VolkovDmitri collected $2 from pot
VolkovDmitri: doesn't show hand
*** SUMMARY ***
Total pot $2 | Rake $0
Seat 4: VolkovDmitri (big blind) collected ($2)
Seat 6: Zooshark (button) (small blind) folded before Flop


PokerStars Hand #158768295547:  Hold'em Limit ($3/$6 USD) - 2016/09/18 11:38:05 ET
Table 'Arete II' 6-max Seat #4 is the button
Seat 4: VolkovDmitri ($197.66 in chips)
Seat 6: Zooshark ($58 in chips)
VolkovDmitri: posts small blind $1
Zooshark: posts big blind $3
*** HOLE CARDS ***
VolkovDmitri: raises $3 to $6
Zooshark: calls $3
*** FLOP *** [Qs 4s Kh]
Zooshark: checks
VolkovDmitri: bets $3
Zooshark: folds
Uncalled bet ($3) returned to VolkovDmitri
VolkovDmitri collected $11.76 from pot
VolkovDmitri: doesn't show hand
*** SUMMARY ***
Total pot $12 | Rake $0.24
Board [Qs 4s Kh]
Seat 4: VolkovDmitri (button) (small blind) collected ($11.76)
Seat 6: Zooshark (big blind) folded on the Flop


PokerStars Hand #158768326555:  Hold'em Limit ($3/$6 USD) - 2016/09/18 11:38:44 ET
Table 'Arete II' 6-max Seat #4 is the button
Seat 4: VolkovDmitri ($208.42 in chips)
Seat 6: Zooshark ($47 in chips)
VolkovDmitri: posts small blind $1
Zooshark: posts big blind $3
*** HOLE CARDS ***
VolkovDmitri: raises $3 to $6
Zooshark: calls $3
*** FLOP *** [3h Ts Ad]
Zooshark: checks
VolkovDmitri: bets $3
Zooshark: raises $3 to $6
VolkovDmitri: folds
Uncalled bet ($3) returned to Zooshark
Zooshark collected $17.64 from pot
Zooshark: doesn't show hand
*** SUMMARY ***
Total pot $18 | Rake $0.36
Board [3h Ts Ad]
Seat 4: VolkovDmitri (button) (small blind) folded on the Flop
Seat 6: Zooshark (big blind) collected ($17.64)


PokerStars Hand #158768383324:  Hold'em Limit ($3/$6 USD) - 2016/09/18 11:39:57 ET
Table 'Arete II' 6-max Seat #6 is the button
Seat 4: VolkovDmitri ($209.28 in chips)
Seat 6: Zooshark ($44.78 in chips)
Zooshark: posts small blind $1
VolkovDmitri: posts big blind $3
*** HOLE CARDS ***
Zooshark: folds
Uncalled bet ($2) returned to VolkovDmitri
VolkovDmitri collected $2 from pot
VolkovDmitri: doesn't show hand
*** SUMMARY ***
Total pot $2 | Rake $0
Seat 4: VolkovDmitri (big blind) collected ($2)
Seat 6: Zooshark (button) (small blind) folded before Flop


PokerStars Hand #158768364481:  Hold'em Limit ($3/$6 USD) - 2016/09/18 11:39:33 ET
Table 'Arete II' 6-max Seat #4 is the button
Seat 4: VolkovDmitri ($231.92 in chips)
Seat 6: Zooshark ($22.64 in chips)
VolkovDmitri: posts small blind $1
Zooshark: posts big blind $3
*** HOLE CARDS ***
VolkovDmitri: raises $3 to $6
Zooshark: raises $3 to $9
VolkovDmitri: calls $3
*** FLOP *** [Ad 3h 8d]
Zooshark: bets $3
VolkovDmitri: calls $3
*** TURN *** [Ad 3h 8d] [8c]
Zooshark: bets $6
VolkovDmitri: raises $6 to $12
Zooshark: calls $4.64 and is all-in
Uncalled bet ($1.36) returned to VolkovDmitri
*** RIVER *** [Ad 3h 8d 8c] [8s]
*** SHOW DOWN ***
Zooshark: shows [9h As] (a full house, Eights full of Aces)
VolkovDmitri: shows [3d 4c] (a full house, Eights full of Threes)
Zooshark collected $44.78 from pot
*** SUMMARY ***
Total pot $45.28 | Rake $0.50
Board [Ad 3h 8d 8c 8s]
Seat 4: VolkovDmitri (button) (small blind) showed [3d 4c] and lost with a full house, Eights full of Threes
Seat 6: Zooshark (big blind) showed [9h As] and won ($44.78) with a full house, Eights full of Aces


PokerStars Hand #158768338263:  Hold'em Limit ($3/$6 USD) - 2016/09/18 11:38:59 ET
Table 'Arete II' 6-max Seat #6 is the button
Seat 4: VolkovDmitri ($199.42 in chips)
Seat 6: Zooshark ($55.64 in chips)
Zooshark: posts small blind $1
VolkovDmitri: posts big blind $3
*** HOLE CARDS ***
Zooshark: raises $3 to $6
VolkovDmitri: raises $3 to $9
Zooshark: raises $3 to $12
Betting is capped
VolkovDmitri: calls $3
*** FLOP *** [6h 5c 6c]
VolkovDmitri: checks
Zooshark: bets $3
VolkovDmitri: calls $3
*** TURN *** [6h 5c 6c] [2s]
VolkovDmitri: checks
Zooshark: bets $6
VolkovDmitri: raises $6 to $12
Zooshark: calls $6
*** RIVER *** [6h 5c 6c 2s] [8d]
VolkovDmitri: bets $6
Zooshark: calls $6
*** SHOW DOWN ***
VolkovDmitri: shows [2h 2d] (a full house, Deuces full of Sixes)
Zooshark: mucks hand
VolkovDmitri collected $65.50 from pot
*** SUMMARY ***
Total pot $66 | Rake $0.50
Board [6h 5c 6c 2s 8d]
Seat 4: VolkovDmitri (big blind) showed [2h 2d] and won ($65.50) with a full house, Deuces full of Sixes
Seat 6: Zooshark (button) (small blind) mucked


PokerStars Hand #158768387609:  Hold'em Limit ($3/$6 USD) - 2016/09/18 11:40:03 ET
Table 'Arete II' 6-max Seat #4 is the button
Seat 4: VolkovDmitri ($210.28 in chips)
Seat 6: Zooshark ($43.78 in chips)
VolkovDmitri: posts small blind $1
Zooshark: posts big blind $3
*** HOLE CARDS ***
VolkovDmitri: raises $3 to $6
Zooshark: raises $3 to $9
VolkovDmitri: calls $3
*** FLOP *** [6s 2c 6d]
Zooshark: bets $3
VolkovDmitri: calls $3
*** TURN *** [6s 2c 6d] [Ts]
Zooshark: bets $6
VolkovDmitri: raises $6 to $12
Zooshark: folds
Uncalled bet ($6) returned to VolkovDmitri
VolkovDmitri collected $35.50 from pot
VolkovDmitri: doesn't show hand
*** SUMMARY ***
Total pot $36 | Rake $0.50
Board [6s 2c 6d Ts]
Seat 4: VolkovDmitri (button) (small blind) collected ($35.50)
Seat 6: Zooshark (big blind) folded on the Turn


PokerStars Hand #158768420750:  Hold'em Limit ($3/$6 USD) - 2016/09/18 11:40:45 ET
Table 'Arete II' 6-max Seat #4 is the button
Seat 4: VolkovDmitri ($232.78 in chips)
Seat 6: Zooshark ($20.78 in chips)
VolkovDmitri: posts small blind $1
Zooshark: posts big blind $3
*** HOLE CARDS ***
VolkovDmitri: raises $3 to $6
Zooshark: raises $3 to $9
VolkovDmitri: calls $3
*** FLOP *** [5c 5d Th]
Zooshark: bets $3
VolkovDmitri: calls $3
*** TURN *** [5c 5d Th] [Js]
Zooshark: bets $6
VolkovDmitri: raises $6 to $12
Zooshark: calls $2.78 and is all-in
Uncalled bet ($3.22) returned to VolkovDmitri
*** RIVER *** [5c 5d Th Js] [9d]
*** SHOW DOWN ***
Zooshark: shows [Kh Qc] (a straight, Nine to King)
VolkovDmitri: shows [5h Td] (a full house, Fives full of Tens)
VolkovDmitri collected $41.06 from pot
*** SUMMARY ***
Total pot $41.56 | Rake $0.50
Board [5c 5d Th Js 9d]
Seat 4: VolkovDmitri (button) (small blind) showed [5h Td] and won ($41.06) with a full house, Fives full of Tens
Seat 6: Zooshark (big blind) showed [Kh Qc] and lost with a straight, Nine to King


PokerStars Hand #158768416592:  Hold'em Limit ($3/$6 USD) - 2016/09/18 11:40:40 ET
Table 'Arete II' 6-max Seat #6 is the button
Seat 4: VolkovDmitri ($231.78 in chips)
Seat 6: Zooshark ($21.78 in chips)
Zooshark: posts small blind $1
VolkovDmitri: posts big blind $3
*** HOLE CARDS ***
Zooshark: folds
Uncalled bet ($2) returned to VolkovDmitri
VolkovDmitri collected $2 from pot
*** SUMMARY ***
Total pot $2 | Rake $0
Seat 4: VolkovDmitri (big blind) collected ($2)
Seat 6: Zooshark (button) (small blind) folded before Flop


PokerStars Hand #158768411618:  Hold'em Limit ($3/$6 USD) - 2016/09/18 11:40:34 ET
Table 'Arete II' 6-max Seat #4 is the button
Seat 4: VolkovDmitri ($228.78 in chips)
Seat 6: Zooshark ($24.78 in chips)
VolkovDmitri: posts small blind $1
Zooshark: posts big blind $3
*** HOLE CARDS ***
VolkovDmitri: raises $3 to $6
Zooshark: folds
Uncalled bet ($3) returned to VolkovDmitri
VolkovDmitri collected $6 from pot
VolkovDmitri: doesn't show hand
*** SUMMARY ***
Total pot $6 | Rake $0
Seat 4: VolkovDmitri (button) (small blind) collected ($6)
Seat 6: Zooshark (big blind) folded before Flop


PokerStars Hand #158768407501:  Hold'em Limit ($3/$6 USD) - 2016/09/18 11:40:28 ET
Table 'Arete II' 6-max Seat #6 is the button
Seat 4: VolkovDmitri ($227.78 in chips)
Seat 6: Zooshark ($25.78 in chips)
Zooshark: posts small blind $1
VolkovDmitri: posts big blind $3
*** HOLE CARDS ***
Zooshark: folds
Uncalled bet ($2) returned to VolkovDmitri
VolkovDmitri collected $2 from pot
VolkovDmitri: doesn't show hand
*** SUMMARY ***
Total pot $2 | Rake $0
Seat 4: VolkovDmitri (big blind) collected ($2)
Seat 6: Zooshark (button) (small blind) folded before Flop


