PokerStars Hand #170806026016:  Hold'em Limit ($3/$6 USD) - 2017/05/23 8:45:13 ET
Table 'Arethusa' 6-max Seat #4 is the button
Seat 3: BobPokerBG ($59.59 in chips)
Seat 4: FHstyles ($54 in chips)
FHstyles: posts small blind $1
BobPokerBG: posts big blind $3
*** HOLE CARDS ***
FHstyles: raises $3 to $6
BobPokerBG: raises $3 to $9
FHstyles: calls $3
*** FLOP *** [3h Jd Tc]
BobPokerBG: bets $3
FHstyles: folds
Uncalled bet ($3) returned to BobPokerBG
FHstyles leaves the table
BobPokerBG collected $17.64 from pot
BobPokerBG: doesn't show hand
*** SUMMARY ***
Total pot $18 | Rake $0.36
Board [3h Jd Tc]
Seat 3: BobPokerBG (big blind) collected ($17.64)
Seat 4: FHstyles (button) (small blind) folded on the Flop


PokerStars Hand #170808135597:  Hold'em Limit ($3/$6 USD) - 2017/05/23 9:54:00 ET
Table 'Arethusa' 10-max Seat #5 is the button
Seat 5: sim5sim5 ($72 in chips)
Seat 6: FHstyles ($74.52 in chips)
sim5sim5: posts small blind $1
FHstyles: posts big blind $3
*** HOLE CARDS ***
sim5sim5: raises $3 to $6
FHstyles: raises $3 to $9
sim5sim5: calls $3
*** FLOP *** [5h 5d 9h]
FHstyles: bets $3
sim5sim5: calls $3
*** TURN *** [5h 5d 9h] [7c]
FHstyles: bets $6
sim5sim5: folds
Uncalled bet ($6) returned to FHstyles
FHstyles collected $23.52 from pot
FHstyles: doesn't show hand
*** SUMMARY ***
Total pot $24 | Rake $0.48
Board [5h 5d 9h 7c]
Seat 5: sim5sim5 (button) (small blind) folded on the Turn
Seat 6: FHstyles (big blind) collected ($23.52)


PokerStars Hand #170808131932:  Hold'em Limit ($3/$6 USD) - 2017/05/23 9:53:53 ET
Table 'Arethusa' 10-max Seat #6 is the button
Seat 5: sim5sim5 ($72 in chips)
Seat 6: FHstyles ($71.52 in chips)
FHstyles: posts small blind $1
sim5sim5: posts big blind $3
*** HOLE CARDS ***
FHstyles: raises $3 to $6
sim5sim5: folds
Uncalled bet ($3) returned to FHstyles
FHstyles collected $6 from pot
FHstyles: doesn't show hand
*** SUMMARY ***
Total pot $6 | Rake $0
Seat 5: sim5sim5 (big blind) folded before Flop
Seat 6: FHstyles (button) (small blind) collected ($6)


PokerStars Hand #170808113048:  Hold'em Limit ($3/$6 USD) - 2017/05/23 9:53:17 ET
Table 'Arethusa' 10-max Seat #5 is the button
Seat 5: sim5sim5 ($72 in chips)
Seat 6: FHstyles ($60 in chips)
sim5sim5: posts small blind $1
FHstyles: posts big blind $3
*** HOLE CARDS ***
sim5sim5: raises $3 to $6
FHstyles: calls $3
*** FLOP *** [5d 9s 3c]
FHstyles: checks
sim5sim5: bets $3
FHstyles: raises $3 to $6
sim5sim5: calls $3
*** TURN *** [5d 9s 3c] [6h]
FHstyles: bets $6
sim5sim5: folds
Uncalled bet ($6) returned to FHstyles
FHstyles collected $23.52 from pot
FHstyles: doesn't show hand
*** SUMMARY ***
Total pot $24 | Rake $0.48
Board [5d 9s 3c 6h]
Seat 5: sim5sim5 (button) (small blind) folded on the Turn
Seat 6: FHstyles (big blind) collected ($23.52)


PokerStars Hand #170808164581:  Hold'em Limit ($3/$6 USD) - 2017/05/23 9:54:54 ET
Table 'Arethusa' 10-max Seat #5 is the button
Seat 5: sim5sim5 ($72 in chips)
Seat 6: FHstyles ($112.54 in chips)
sim5sim5: posts small blind $1
FHstyles: posts big blind $3
*** HOLE CARDS ***
sim5sim5: raises $3 to $6
FHstyles: calls $3
*** FLOP *** [7s Qc Jd]
FHstyles: checks
sim5sim5: bets $3
FHstyles: folds
Uncalled bet ($3) returned to sim5sim5
sim5sim5 collected $11.76 from pot
sim5sim5: doesn't show hand
*** SUMMARY ***
Total pot $12 | Rake $0.24
Board [7s Qc Jd]
Seat 5: sim5sim5 (button) (small blind) collected ($11.76)
Seat 6: FHstyles (big blind) folded on the Flop


PokerStars Hand #170808147056:  Hold'em Limit ($3/$6 USD) - 2017/05/23 9:54:21 ET
Table 'Arethusa' 10-max Seat #6 is the button
Seat 5: sim5sim5 ($72 in chips)
Seat 6: FHstyles ($86.04 in chips)
FHstyles: posts small blind $1
sim5sim5: posts big blind $3
*** HOLE CARDS ***
FHstyles: raises $3 to $6
sim5sim5: raises $3 to $9
FHstyles: calls $3
*** FLOP *** [8d 7d 2c]
sim5sim5: bets $3
FHstyles: raises $3 to $6
PayMyAudiR8 joins the table at seat #7
sim5sim5: calls $3
*** TURN *** [8d 7d 2c] [5c]
sim5sim5: checks
FHstyles: bets $6
sim5sim5: calls $6
*** RIVER *** [8d 7d 2c 5c] [Qc]
sim5sim5: checks
FHstyles: bets $6
sim5sim5: calls $6
*** SHOW DOWN ***
FHstyles: shows [9s 9c] (a pair of Nines)
sim5sim5: mucks hand
FHstyles collected $53.50 from pot
*** SUMMARY ***
Total pot $54 | Rake $0.50
Board [8d 7d 2c 5c Qc]
Seat 5: sim5sim5 (big blind) mucked
Seat 6: FHstyles (button) (small blind) showed [9s 9c] and won ($53.50) with a pair of Nines


PokerStars Hand #170808178617:  Hold'em Limit ($3/$6 USD) - 2017/05/23 9:55:21 ET
Table 'Arethusa' 10-max Seat #7 is the button
Seat 6: FHstyles ($105.54 in chips)
Seat 7: PayMyAudiR8 ($114 in chips)
PayMyAudiR8: posts small blind $1
sim5sim5: is sitting out
FHstyles: posts big blind $3
*** HOLE CARDS ***
PayMyAudiR8: raises $3 to $6
FHstyles: raises $3 to $9
sim5sim5 leaves the table
PayMyAudiR8: calls $3
*** FLOP *** [3s Qs Jh]
FHstyles: bets $3
PayMyAudiR8: raises $3 to $6
FHstyles: raises $3 to $9
PayMyAudiR8: raises $3 to $12
Betting is capped
FHstyles: calls $3
*** TURN *** [3s Qs Jh] [Jd]
FHstyles: bets $6
PayMyAudiR8: raises $6 to $12
FHstyles: raises $6 to $18
PayMyAudiR8: raises $6 to $24
Betting is capped
FHstyles: calls $6
*** RIVER *** [3s Qs Jh Jd] [7h]
FHstyles: checks
PayMyAudiR8: checks
*** SHOW DOWN ***
FHstyles: shows [As Ks] (a pair of Jacks)
PayMyAudiR8: shows [7s Ts] (two pair, Jacks and Sevens)
PayMyAudiR8 collected $89.50 from pot
*** SUMMARY ***
Total pot $90 | Rake $0.50
Board [3s Qs Jh Jd 7h]
Seat 6: FHstyles (big blind) showed [As Ks] and lost with a pair of Jacks
Seat 7: PayMyAudiR8 (button) (small blind) showed [7s Ts] and won ($89.50) with two pair, Jacks and Sevens


