PokerStars Hand #161934716612:  Hold'em Limit ($3/$6 USD) - 2016/11/25 9:12:46 ET
Table 'Aretaon II' 6-max Seat #5 is the button
Seat 5: zizonmusang ($94.50 in chips)
Seat 6: grabaz ($225 in chips)
zizonmusang: posts small blind $1
grabaz: posts big blind $3
*** HOLE CARDS ***
zizonmusang: folds
Uncalled bet ($2) returned to grabaz
grabaz collected $2 from pot
grabaz: doesn't show hand
*** SUMMARY ***
Total pot $2 | Rake $0
Seat 5: zizonmusang (button) (small blind) folded before Flop
Seat 6: grabaz (big blind) collected ($2)


PokerStars Hand #161934703823:  Hold'em Limit ($3/$6 USD) - 2016/11/25 9:12:25 ET
Table 'Aretaon II' 6-max Seat #6 is the button
Seat 5: zizonmusang ($80 in chips)
Seat 6: grabaz ($240 in chips)
grabaz: posts small blind $1
zizonmusang: posts big blind $3
*** HOLE CARDS ***
grabaz: raises $3 to $6
zizonmusang: calls $3
*** FLOP *** [Qs Jc 6d]
zizonmusang: checks
grabaz: bets $3
zizonmusang: calls $3
*** TURN *** [Qs Jc 6d] [Qc]
zizonmusang: checks
grabaz: bets $6
zizonmusang: raises $6 to $12
grabaz: folds
Uncalled bet ($6) returned to zizonmusang
zizonmusang collected $29.50 from pot
zizonmusang: doesn't show hand
*** SUMMARY ***
Total pot $30 | Rake $0.50
Board [Qs Jc 6d Qc]
Seat 5: zizonmusang (big blind) collected ($29.50)
Seat 6: grabaz (button) (small blind) folded on the Turn


PokerStars Hand #161934740560:  Hold'em Limit ($3/$6 USD) - 2016/11/25 9:13:25 ET
Table 'Aretaon II' 6-max Seat #5 is the button
Seat 5: zizonmusang ($111 in chips)
Seat 6: grabaz ($208 in chips)
zizonmusang: posts small blind $1
grabaz: posts big blind $3
*** HOLE CARDS ***
zizonmusang: raises $3 to $6
grabaz: calls $3
*** FLOP *** [7d 8s 2h]
grabaz: checks
zizonmusang: bets $3
grabaz: raises $3 to $6
zizonmusang: calls $3
*** TURN *** [7d 8s 2h] [9d]
grabaz: bets $6
zizonmusang: calls $6
*** RIVER *** [7d 8s 2h 9d] [Kc]
grabaz: checks
zizonmusang: bets $6
grabaz: calls $6
*** SHOW DOWN ***
zizonmusang: shows [Jc Ks] (a pair of Kings)
grabaz: mucks hand
zizonmusang collected $47.50 from pot
*** SUMMARY ***
Total pot $48 | Rake $0.50
Board [7d 8s 2h 9d Kc]
Seat 5: zizonmusang (button) (small blind) showed [Jc Ks] and won ($47.50) with a pair of Kings
Seat 6: grabaz (big blind) mucked


PokerStars Hand #161934762598:  Hold'em Limit ($3/$6 USD) - 2016/11/25 9:14:01 ET
Table 'Aretaon II' 6-max Seat #6 is the button
Seat 5: zizonmusang ($134.50 in chips)
Seat 6: grabaz ($184 in chips)
grabaz: posts small blind $1
zizonmusang: posts big blind $3
*** HOLE CARDS ***
grabaz: raises $3 to $6
zizonmusang: calls $3
*** FLOP *** [4h Qc 6d]
zizonmusang: checks
grabaz: bets $3
zizonmusang: folds
Uncalled bet ($3) returned to grabaz
grabaz collected $11.76 from pot
grabaz: doesn't show hand
*** SUMMARY ***
Total pot $12 | Rake $0.24
Board [4h Qc 6d]
Seat 5: zizonmusang (big blind) folded on the Flop
Seat 6: grabaz (button) (small blind) collected ($11.76)


PokerStars Hand #161934719830:  Hold'em Limit ($3/$6 USD) - 2016/11/25 9:12:52 ET
Table 'Aretaon II' 6-max Seat #6 is the button
Seat 5: zizonmusang ($93.50 in chips)
Seat 6: grabaz ($226 in chips)
grabaz: posts small blind $1
zizonmusang: posts big blind $3
*** HOLE CARDS ***
grabaz: raises $3 to $6
zizonmusang: raises $3 to $9
grabaz: calls $3
*** FLOP *** [4h Kh 6h]
zizonmusang: bets $3
grabaz: calls $3
*** TURN *** [4h Kh 6h] [3c]
zizonmusang: bets $6
grabaz: calls $6
*** RIVER *** [4h Kh 6h 3c] [Kd]
zizonmusang: checks
grabaz: checks
*** SHOW DOWN ***
zizonmusang: shows [7s As] (a pair of Kings)
grabaz: mucks hand
zizonmusang collected $35.50 from pot
*** SUMMARY ***
Total pot $36 | Rake $0.50
Board [4h Kh 6h 3c Kd]
Seat 5: zizonmusang (big blind) showed [7s As] and won ($35.50) with a pair of Kings
Seat 6: grabaz (button) (small blind) mucked


PokerStars Hand #161934771872:  Hold'em Limit ($3/$6 USD) - 2016/11/25 9:14:16 ET
Table 'Aretaon II' 6-max Seat #5 is the button
Seat 5: zizonmusang ($128.50 in chips)
Seat 6: grabaz ($189.76 in chips)
zizonmusang: posts small blind $1
grabaz: posts big blind $3
*** HOLE CARDS ***
zizonmusang: raises $3 to $6
grabaz: calls $3
*** FLOP *** [Kh Ts 4h]
grabaz: checks
zizonmusang: bets $3
grabaz: calls $3
*** TURN *** [Kh Ts 4h] [5d]
grabaz: checks
zizonmusang: checks
*** RIVER *** [Kh Ts 4h 5d] [6h]
grabaz: bets $6
zizonmusang: folds
Uncalled bet ($6) returned to grabaz
grabaz collected $17.64 from pot
grabaz: doesn't show hand
*** SUMMARY ***
Total pot $18 | Rake $0.36
Board [Kh Ts 4h 5d 6h]
Seat 5: zizonmusang (button) (small blind) folded on the River
Seat 6: grabaz (big blind) collected ($17.64)


PokerStars Hand #161934786305:  Hold'em Limit ($3/$6 USD) - 2016/11/25 9:14:40 ET
Table 'Aretaon II' 6-max Seat #6 is the button
Seat 5: zizonmusang ($119.50 in chips)
Seat 6: grabaz ($198.40 in chips)
grabaz: posts small blind $1
zizonmusang: posts big blind $3
*** HOLE CARDS ***
grabaz: raises $3 to $6
zizonmusang: folds
Uncalled bet ($3) returned to grabaz
grabaz collected $6 from pot
grabaz: doesn't show hand
*** SUMMARY ***
Total pot $6 | Rake $0
Seat 5: zizonmusang (big blind) folded before Flop
Seat 6: grabaz (button) (small blind) collected ($6)


PokerStars Hand #161934790035:  Hold'em Limit ($3/$6 USD) - 2016/11/25 9:14:46 ET
Table 'Aretaon II' 6-max Seat #5 is the button
Seat 5: zizonmusang ($116.50 in chips)
Seat 6: grabaz ($201.40 in chips)
zizonmusang: posts small blind $1
grabaz: posts big blind $3
*** HOLE CARDS ***
zizonmusang: raises $3 to $6
grabaz: calls $3
*** FLOP *** [7c 3d 9h]
grabaz: checks
zizonmusang: bets $3
grabaz: calls $3
*** TURN *** [7c 3d 9h] [5s]
grabaz: checks
zizonmusang: bets $6
grabaz: calls $6
*** RIVER *** [7c 3d 9h 5s] [2c]
grabaz: checks
zizonmusang: bets $6
grabaz: folds
Uncalled bet ($6) returned to zizonmusang
zizonmusang collected $29.50 from pot
zizonmusang: doesn't show hand
*** SUMMARY ***
Total pot $30 | Rake $0.50
Board [7c 3d 9h 5s 2c]
Seat 5: zizonmusang (button) (small blind) collected ($29.50)
Seat 6: grabaz (big blind) folded on the River


