PokerStars Hand #160894301789:  Hold'em Limit ($3/$6 USD) - 2016/11/04 13:53:02 ET
Table 'Aretaon II' 6-max Seat #4 is the button
Seat 4: assitoni ($73 in chips)
Seat 5: Titanic001 ($108.88 in chips)
assitoni: posts small blind $1
Titanic001: posts big blind $3
*** HOLE CARDS ***
assitoni: raises $3 to $6
Titanic001: calls $3
*** FLOP *** [8c Th Ts]
cheeestar198 joins the table at seat #3
Titanic001: checks
vestimokrec joins the table at seat #6
assitoni: bets $3
Titanic001: folds
Uncalled bet ($3) returned to assitoni
assitoni collected $11.76 from pot
assitoni: doesn't show hand
*** SUMMARY ***
Total pot $12 | Rake $0.24
Board [8c Th Ts]
Seat 4: assitoni (button) (small blind) collected ($11.76)
Seat 5: Titanic001 (big blind) folded on the Flop


PokerStars Hand #160894297773:  Hold'em Limit ($3/$6 USD) - 2016/11/04 13:52:57 ET
Table 'Aretaon II' 6-max Seat #5 is the button
Seat 4: assitoni ($72 in chips)
Seat 5: Titanic001 ($109.88 in chips)
Titanic001: posts small blind $1
assitoni: posts big blind $3
*** HOLE CARDS ***
Titanic001: folds
Uncalled bet ($2) returned to assitoni
assitoni collected $2 from pot
assitoni: doesn't show hand
*** SUMMARY ***
Total pot $2 | Rake $0
Seat 4: assitoni (big blind) collected ($2)
Seat 5: Titanic001 (button) (small blind) folded before Flop


PokerStars Hand #160894277406:  Hold'em Limit ($3/$6 USD) - 2016/11/04 13:52:32 ET
Table 'Aretaon II' 6-max Seat #4 is the button
Seat 4: assitoni ($72 in chips)
Seat 5: Titanic001 ($108.88 in chips)
assitoni: posts small blind $1
Titanic001: posts big blind $3
*** HOLE CARDS ***
assitoni: folds
Uncalled bet ($2) returned to Titanic001
Titanic001 collected $2 from pot
*** SUMMARY ***
Total pot $2 | Rake $0
Seat 4: assitoni (button) (small blind) folded before Flop
Seat 5: Titanic001 (big blind) collected ($2)


PokerStars Hand #160903952591:  Hold'em Limit ($3/$6 USD) - 2016/11/04 16:57:47 ET
Table 'Aretaon II' 6-max Seat #3 is the button
Seat 2: RaisemyNut$ ($329.79 in chips)
Seat 3: PycV ($190.28 in chips)
PycV: posts small blind $1
grunervelt: is sitting out
RaisemyNut$: posts big blind $3
*** HOLE CARDS ***
PycV: folds
Uncalled bet ($2) returned to RaisemyNut$
RaisemyNut$ collected $2 from pot
RaisemyNut$: doesn't show hand
*** SUMMARY ***
Total pot $2 | Rake $0
Seat 2: RaisemyNut$ (big blind) collected ($2)
Seat 3: PycV (button) (small blind) folded before Flop


