PokerStars Hand #160822559746:  Hold'em Limit ($3/$6 USD) - 2016/11/03 0:36:50 ET
Table 'Aretaon' 6-max Seat #4 is the button
Seat 3: hairy1961 ($49 in chips)
Seat 4: assitoni ($73 in chips)
assitoni: posts small blind $1
hairy1961: posts big blind $3
*** HOLE CARDS ***
assitoni: raises $3 to $6
hairy1961: raises $3 to $9
assitoni: calls $3
*** FLOP *** [7d 7s 3h]
hairy1961: bets $3
assitoni: folds
Uncalled bet ($3) returned to hairy1961
hairy1961 collected $17.64 from pot
*** SUMMARY ***
Total pot $18 | Rake $0.36
Board [7d 7s 3h]
Seat 3: hairy1961 (big blind) collected ($17.64)
Seat 4: assitoni (button) (small blind) folded on the Flop


PokerStars Hand #160822556849:  Hold'em Limit ($3/$6 USD) - 2016/11/03 0:36:38 ET
Table 'Aretaon' 6-max Seat #3 is the button
Seat 3: hairy1961 ($50 in chips)
Seat 4: assitoni ($72 in chips)
hairy1961: posts small blind $1
assitoni: posts big blind $3
*** HOLE CARDS ***
hairy1961: folds
Uncalled bet ($2) returned to assitoni
assitoni collected $2 from pot
assitoni: doesn't show hand
*** SUMMARY ***
Total pot $2 | Rake $0
Seat 3: hairy1961 (button) (small blind) folded before Flop
Seat 4: assitoni (big blind) collected ($2)


PokerStars Hand #160822573431:  Hold'em Limit ($3/$6 USD) - 2016/11/03 0:37:47 ET
Table 'Aretaon' 6-max Seat #3 is the button
Seat 3: hairy1961 ($57.64 in chips)
Seat 4: assitoni ($72 in chips)
hairy1961: posts small blind $1
assitoni: posts big blind $3
*** HOLE CARDS ***
hairy1961: folds
Uncalled bet ($2) returned to assitoni
assitoni collected $2 from pot
assitoni: doesn't show hand
*** SUMMARY ***
Total pot $2 | Rake $0
Seat 3: hairy1961 (button) (small blind) folded before Flop
Seat 4: assitoni (big blind) collected ($2)


PokerStars Hand #160822575047:  Hold'em Limit ($3/$6 USD) - 2016/11/03 0:37:53 ET
Table 'Aretaon' 6-max Seat #4 is the button
Seat 3: hairy1961 ($56.64 in chips)
Seat 4: assitoni ($73 in chips)
assitoni: posts small blind $1
hairy1961: posts big blind $3
*** HOLE CARDS ***
assitoni: folds
Uncalled bet ($2) returned to hairy1961
hairy1961 collected $2 from pot
*** SUMMARY ***
Total pot $2 | Rake $0
Seat 3: hairy1961 (big blind) collected ($2)
Seat 4: assitoni (button) (small blind) folded before Flop


PokerStars Hand #160822577826:  Hold'em Limit ($3/$6 USD) - 2016/11/03 0:38:05 ET
Table 'Aretaon' 6-max Seat #3 is the button
Seat 3: hairy1961 ($57.64 in chips)
Seat 4: assitoni ($72 in chips)
hairy1961: posts small blind $1
assitoni: posts big blind $3
*** HOLE CARDS ***
hairy1961: folds
Uncalled bet ($2) returned to assitoni
assitoni collected $2 from pot
assitoni: doesn't show hand
*** SUMMARY ***
Total pot $2 | Rake $0
Seat 3: hairy1961 (button) (small blind) folded before Flop
Seat 4: assitoni (big blind) collected ($2)


