PokerStars Hand #154943500817:  Hold'em Limit ($3/$6 USD) - 2016/06/19 14:06:16 ET
Table 'Arethusa II' 10-max Seat #7 is the button
Seat 5: tigulll ($72 in chips)
Seat 7: Pandakey ($125.76 in chips)
Pandakey: posts small blind $1
tigulll: posts big blind $3
*** HOLE CARDS ***
Pandakey: folds
Uncalled bet ($2) returned to tigulll
tigulll collected $2 from pot
tigulll: doesn't show hand
*** SUMMARY ***
Total pot $2 | Rake $0
Seat 5: tigulll (big blind) collected ($2)
Seat 7: Pandakey (button) (small blind) folded before Flop


PokerStars Hand #154943484593:  Hold'em Limit ($3/$6 USD) - 2016/06/19 14:05:57 ET
Table 'Arethusa II' 10-max Seat #5 is the button
Seat 5: tigulll ($78 in chips)
Seat 7: Pandakey ($120 in chips)
tigulll: posts small blind $1
Pandakey: posts big blind $3
*** HOLE CARDS ***
tigulll: raises $3 to $6
Pandakey: calls $3
*** FLOP *** [2s 9s As]
Pandakey: checks
tigulll: checks
*** TURN *** [2s 9s As] [7s]
Pandakey: bets $6
tigulll: folds
Uncalled bet ($6) returned to Pandakey
Pandakey collected $11.76 from pot
Pandakey: doesn't show hand
*** SUMMARY ***
Total pot $12 | Rake $0.24
Board [2s 9s As 7s]
Seat 5: tigulll (button) (small blind) folded on the Turn
Seat 7: Pandakey (big blind) collected ($11.76)


PokerStars Hand #154943551151:  Hold'em Limit ($3/$6 USD) - 2016/06/19 14:07:14 ET
Table 'Arethusa II' 10-max Seat #5 is the button
Seat 5: tigulll ($75.52 in chips)
Seat 7: Pandakey ($121.52 in chips)
tigulll: posts small blind $1
Pandakey: posts big blind $3
*** HOLE CARDS ***
tigulll: folds
Uncalled bet ($2) returned to Pandakey
Pandakey collected $2 from pot
Pandakey: doesn't show hand
*** SUMMARY ***
Total pot $2 | Rake $0
Seat 5: tigulll (button) (small blind) folded before Flop
Seat 7: Pandakey (big blind) collected ($2)


PokerStars Hand #154943540246:  Hold'em Limit ($3/$6 USD) - 2016/06/19 14:07:02 ET
Table 'Arethusa II' 10-max Seat #7 is the button
Seat 5: tigulll ($81.52 in chips)
Seat 7: Pandakey ($115.76 in chips)
Pandakey: posts small blind $1
tigulll: posts big blind $3
*** HOLE CARDS ***
Pandakey: raises $3 to $6
tigulll: calls $3
*** FLOP *** [Ah 4d 5c]
millchar joins the table at seat #1
tigulll: checks
Pandakey: bets $3
tigulll: folds
Uncalled bet ($3) returned to Pandakey
Pandakey collected $11.76 from pot
Pandakey: doesn't show hand
*** SUMMARY ***
Total pot $12 | Rake $0.24
Board [Ah 4d 5c]
Seat 5: tigulll (big blind) folded on the Flop
Seat 7: Pandakey (button) (small blind) collected ($11.76)


PokerStars Hand #154943530629:  Hold'em Limit ($3/$6 USD) - 2016/06/19 14:06:50 ET
Table 'Arethusa II' 10-max Seat #5 is the button
Seat 5: tigulll ($75.76 in chips)
Seat 7: Pandakey ($121.76 in chips)
tigulll: posts small blind $1
Pandakey: posts big blind $3
*** HOLE CARDS ***
tigulll: raises $3 to $6
Pandakey: calls $3
*** FLOP *** [Td 2s 9s]
Pandakey: checks
tigulll: bets $3
Pandakey: folds
Uncalled bet ($3) returned to tigulll
tigulll collected $11.76 from pot
tigulll: doesn't show hand
*** SUMMARY ***
Total pot $12 | Rake $0.24
Board [Td 2s 9s]
Seat 5: tigulll (button) (small blind) collected ($11.76)
Seat 7: Pandakey (big blind) folded on the Flop


PokerStars Hand #154943524526:  Hold'em Limit ($3/$6 USD) - 2016/06/19 14:06:43 ET
Table 'Arethusa II' 10-max Seat #7 is the button
Seat 5: tigulll ($78.76 in chips)
Seat 7: Pandakey ($118.76 in chips)
Pandakey: posts small blind $1
tigulll: posts big blind $3
*** HOLE CARDS ***
Pandakey: raises $3 to $6
tigulll: folds
Uncalled bet ($3) returned to Pandakey
Pandakey collected $6 from pot
Pandakey: doesn't show hand
*** SUMMARY ***
Total pot $6 | Rake $0
Seat 5: tigulll (big blind) folded before Flop
Seat 7: Pandakey (button) (small blind) collected ($6)


PokerStars Hand #154943504899:  Hold'em Limit ($3/$6 USD) - 2016/06/19 14:06:20 ET
Table 'Arethusa II' 10-max Seat #5 is the button
Seat 5: tigulll ($73 in chips)
Seat 7: Pandakey ($124.76 in chips)
tigulll: posts small blind $1
Pandakey: posts big blind $3
*** HOLE CARDS ***
tigulll: raises $3 to $6
Pandakey: calls $3
*** FLOP *** [5d 8s 2s]
Pandakey: checks
tigulll: bets $3
Pandakey: folds
Uncalled bet ($3) returned to tigulll
tigulll collected $11.76 from pot
tigulll: doesn't show hand
*** SUMMARY ***
Total pot $12 | Rake $0.24
Board [5d 8s 2s]
Seat 5: tigulll (button) (small blind) collected ($11.76)
Seat 7: Pandakey (big blind) folded on the Flop


PokerStars Hand #154943655571:  Hold'em Limit ($3/$6 USD) - 2016/06/19 14:09:17 ET
Table 'Arethusa II' 10-max Seat #5 is the button
Seat 5: tigulll ($69.52 in chips)
Seat 7: Pandakey ($79.52 in chips)
tigulll: posts small blind $1
Pandakey: posts big blind $3
*** HOLE CARDS ***
tigulll: folds
Uncalled bet ($2) returned to Pandakey
Pandakey collected $2 from pot
Pandakey: doesn't show hand
*** SUMMARY ***
Total pot $2 | Rake $0
Seat 5: tigulll (button) (small blind) folded before Flop
Seat 7: Pandakey (big blind) collected ($2)


PokerStars Hand #154943647448:  Hold'em Limit ($3/$6 USD) - 2016/06/19 14:09:07 ET
Table 'Arethusa II' 10-max Seat #7 is the button
Seat 5: tigulll ($68.52 in chips)
Seat 7: Pandakey ($80.52 in chips)
Pandakey: posts small blind $1
millchar: is sitting out
millchar leaves the table
tigulll: posts big blind $3
*** HOLE CARDS ***
Pandakey: folds
Uncalled bet ($2) returned to tigulll
tigulll collected $2 from pot
tigulll: doesn't show hand
*** SUMMARY ***
Total pot $2 | Rake $0
Seat 5: tigulll (big blind) collected ($2)
Seat 7: Pandakey (button) (small blind) folded before Flop


PokerStars Hand #154943682033:  Hold'em Limit ($3/$6 USD) - 2016/06/19 14:09:47 ET
Table 'Arethusa II' 10-max Seat #7 is the button
Seat 5: tigulll ($51.52 in chips)
Seat 7: Pandakey ($97.02 in chips)
Pandakey: posts small blind $1
tigulll: posts big blind $3
*** HOLE CARDS ***
Pandakey: raises $3 to $6
tigulll: calls $3
*** FLOP *** [Jh 7d Kh]
tigulll: checks
Pandakey: checks
*** TURN *** [Jh 7d Kh] [Th]
tigulll: checks
Pandakey: bets $6
tigulll: calls $6
*** RIVER *** [Jh 7d Kh Th] [Ts]
tigulll: checks
Pandakey: bets $6
tigulll: folds
Uncalled bet ($6) returned to Pandakey
Pandakey collected $23.52 from pot
Pandakey: doesn't show hand
*** SUMMARY ***
Total pot $24 | Rake $0.48
Board [Jh 7d Kh Th Ts]
Seat 5: tigulll (big blind) folded on the River
Seat 7: Pandakey (button) (small blind) collected ($23.52)


PokerStars Hand #154943663670:  Hold'em Limit ($3/$6 USD) - 2016/06/19 14:09:26 ET
Table 'Arethusa II' 10-max Seat #5 is the button
Seat 5: tigulll ($69.52 in chips)
Seat 7: Pandakey ($79.52 in chips)
tigulll: posts small blind $1
Pandakey: posts big blind $3
*** HOLE CARDS ***
tigulll: raises $3 to $6
Pandakey: raises $3 to $9
tigulll: calls $3
*** FLOP *** [4s 7h Ks]
Pandakey: bets $3
tigulll: calls $3
*** TURN *** [4s 7h Ks] [8h]
Pandakey: bets $6
tigulll: calls $6
*** RIVER *** [4s 7h Ks 8h] [7d]
Pandakey: bets $6
tigulll: folds
Uncalled bet ($6) returned to Pandakey
Pandakey collected $35.50 from pot
Pandakey: doesn't show hand
*** SUMMARY ***
Total pot $36 | Rake $0.50
Board [4s 7h Ks 8h 7d]
Seat 5: tigulll (button) (small blind) folded on the River
Seat 7: Pandakey (big blind) collected ($35.50)


PokerStars Hand #154943659580:  Hold'em Limit ($3/$6 USD) - 2016/06/19 14:09:21 ET
Table 'Arethusa II' 10-max Seat #7 is the button
Seat 5: tigulll ($68.52 in chips)
Seat 7: Pandakey ($80.52 in chips)
Pandakey: posts small blind $1
tigulll: posts big blind $3
*** HOLE CARDS ***
Pandakey: folds
Uncalled bet ($2) returned to tigulll
tigulll collected $2 from pot
tigulll: doesn't show hand
*** SUMMARY ***
Total pot $2 | Rake $0
Seat 5: tigulll (big blind) collected ($2)
Seat 7: Pandakey (button) (small blind) folded before Flop


PokerStars Hand #154943747165:  Hold'em Limit ($3/$6 USD) - 2016/06/19 14:11:04 ET
Table 'Arethusa II' 10-max Seat #7 is the button
Seat 5: tigulll ($26.27 in chips)
Seat 7: Pandakey ($120.81 in chips)
Pandakey: posts small blind $1
tigulll: posts big blind $3
*** HOLE CARDS ***
Pandakey: raises $3 to $6
tigulll: calls $3
*** FLOP *** [Ah 6d 8h]
tigulll: checks
Pandakey: bets $3
tigulll: calls $3
*** TURN *** [Ah 6d 8h] [3d]
tigulll: checks
Pandakey: checks
*** RIVER *** [Ah 6d 8h 3d] [2s]
tigulll: bets $6
Pandakey: folds
Uncalled bet ($6) returned to tigulll
tigulll collected $17.64 from pot
tigulll: doesn't show hand
*** SUMMARY ***
Total pot $18 | Rake $0.36
Board [Ah 6d 8h 3d 2s]
Seat 5: tigulll (big blind) collected ($17.64)
Seat 7: Pandakey (button) (small blind) folded on the River


PokerStars Hand #154943743136:  Hold'em Limit ($3/$6 USD) - 2016/06/19 14:10:59 ET
Table 'Arethusa II' 10-max Seat #5 is the button
Seat 5: tigulll ($27.27 in chips)
Seat 7: Pandakey ($119.81 in chips)
tigulll: posts small blind $1
Pandakey: posts big blind $3
*** HOLE CARDS ***
tigulll: folds
Uncalled bet ($2) returned to Pandakey
Pandakey collected $2 from pot
Pandakey: doesn't show hand
*** SUMMARY ***
Total pot $2 | Rake $0
Seat 5: tigulll (button) (small blind) folded before Flop
Seat 7: Pandakey (big blind) collected ($2)


PokerStars Hand #154943726294:  Hold'em Limit ($3/$6 USD) - 2016/06/19 14:10:39 ET
Table 'Arethusa II' 10-max Seat #7 is the button
Seat 5: tigulll ($27.52 in chips)
Seat 7: Pandakey ($120.06 in chips)
Pandakey: posts small blind $1
tigulll: posts big blind $3
*** HOLE CARDS ***
Pandakey: raises $3 to $6
tigulll: calls $3
*** FLOP *** [7s 9s Jc]
tigulll: checks
Pandakey: bets $3
tigulll: calls $3
*** TURN *** [7s 9s Jc] [2c]
tigulll: checks
Pandakey: bets $6
tigulll: calls $6
*** RIVER *** [7s 9s Jc 2c] [8h]
tigulll: bets $6
Pandakey: raises $6 to $12
tigulll: calls $6
*** SHOW DOWN ***
Pandakey: shows [Jh Ts] (a straight, Seven to Jack)
tigulll: shows [6s Tc] (a straight, Seven to Jack)
tigulll collected $26.75 from pot
Pandakey collected $26.75 from pot
*** SUMMARY ***
Total pot $54 | Rake $0.50
Board [7s 9s Jc 2c 8h]
Seat 5: tigulll (big blind) showed [6s Tc] and won ($26.75) with a straight, Seven to Jack
Seat 7: Pandakey (button) (small blind) showed [Jh Ts] and won ($26.75) with a straight, Seven to Jack


PokerStars Hand #154943721471:  Hold'em Limit ($3/$6 USD) - 2016/06/19 14:10:34 ET
Table 'Arethusa II' 10-max Seat #5 is the button
Seat 5: tigulll ($24.52 in chips)
Seat 7: Pandakey ($123.06 in chips)
tigulll: posts small blind $1
Pandakey: posts big blind $3
*** HOLE CARDS ***
tigulll: raises $3 to $6
Pandakey: folds
Uncalled bet ($3) returned to tigulll
tigulll collected $6 from pot
tigulll: doesn't show hand
*** SUMMARY ***
Total pot $6 | Rake $0
Seat 5: tigulll (button) (small blind) collected ($6)
Seat 7: Pandakey (big blind) folded before Flop


PokerStars Hand #154943717066:  Hold'em Limit ($3/$6 USD) - 2016/06/19 14:10:29 ET
Table 'Arethusa II' 10-max Seat #7 is the button
Seat 5: tigulll ($27.52 in chips)
Seat 7: Pandakey ($120.06 in chips)
Pandakey: posts small blind $1
tigulll: posts big blind $3
*** HOLE CARDS ***
Pandakey: raises $3 to $6
tigulll: folds
Uncalled bet ($3) returned to Pandakey
Pandakey collected $6 from pot
Pandakey: doesn't show hand
*** SUMMARY ***
Total pot $6 | Rake $0
Seat 5: tigulll (big blind) folded before Flop
Seat 7: Pandakey (button) (small blind) collected ($6)


PokerStars Hand #154943700457:  Hold'em Limit ($3/$6 USD) - 2016/06/19 14:10:09 ET
Table 'Arethusa II' 10-max Seat #5 is the button
Seat 5: tigulll ($39.52 in chips)
Seat 7: Pandakey ($108.54 in chips)
tigulll: posts small blind $1
Pandakey: posts big blind $3
*** HOLE CARDS ***
tigulll: raises $3 to $6
Pandakey: calls $3
*** FLOP *** [9c Kd 7c]
Pandakey: checks
tigulll: checks
*** TURN *** [9c Kd 7c] [Jd]
Pandakey: bets $6
tigulll: calls $6
*** RIVER *** [9c Kd 7c Jd] [Kc]
Pandakey: bets $6
tigulll: folds
Uncalled bet ($6) returned to Pandakey
Pandakey collected $23.52 from pot
Pandakey: doesn't show hand
*** SUMMARY ***
Total pot $24 | Rake $0.48
Board [9c Kd 7c Jd Kc]
Seat 5: tigulll (button) (small blind) folded on the River
Seat 7: Pandakey (big blind) collected ($23.52)


PokerStars Hand #154943788088:  Hold'em Limit ($3/$6 USD) - 2016/06/19 14:11:52 ET
Table 'Arethusa II' 10-max Seat #5 is the button
Seat 5: tigulll ($45.43 in chips)
Seat 7: Pandakey ($100.81 in chips)
tigulll: posts small blind $1
Pandakey: posts big blind $3
*** HOLE CARDS ***
tigulll: raises $3 to $6
Pandakey: raises $3 to $9
tigulll: calls $3
*** FLOP *** [7c 4h 6h]
Pandakey: bets $3
tigulll: calls $3
*** TURN *** [7c 4h 6h] [8s]
Pandakey: bets $6
tigulll: raises $6 to $12
Pandakey: calls $6
*** RIVER *** [7c 4h 6h 8s] [Th]
Pandakey: checks
tigulll: bets $6
Pandakey: calls $6
*** SHOW DOWN ***
tigulll: shows [5h Kc] (a straight, Four to Eight)
Pandakey: mucks hand
tigulll collected $59.50 from pot
*** SUMMARY ***
Total pot $60 | Rake $0.50
Board [7c 4h 6h 8s Th]
Seat 5: tigulll (button) (small blind) showed [5h Kc] and won ($59.50) with a straight, Four to Eight
Seat 7: Pandakey (big blind) mucked


PokerStars Hand #154943775139:  Hold'em Limit ($3/$6 USD) - 2016/06/19 14:11:37 ET
Table 'Arethusa II' 10-max Seat #7 is the button
Seat 5: tigulll ($33.91 in chips)
Seat 7: Pandakey ($112.81 in chips)
Pandakey: posts small blind $1
tigulll: posts big blind $3
*** HOLE CARDS ***
Pandakey: raises $3 to $6
tigulll: raises $3 to $9
Pandakey: calls $3
*** FLOP *** [Qh Qs 4s]
tigulll: bets $3
Pandakey: calls $3
*** TURN *** [Qh Qs 4s] [3c]
tigulll: bets $6
Pandakey: folds
Uncalled bet ($6) returned to tigulll
tigulll collected $23.52 from pot
tigulll: doesn't show hand
*** SUMMARY ***
Total pot $24 | Rake $0.48
Board [Qh Qs 4s 3c]
Seat 5: tigulll (big blind) collected ($23.52)
Seat 7: Pandakey (button) (small blind) folded on the Turn


PokerStars Hand #154943771262:  Hold'em Limit ($3/$6 USD) - 2016/06/19 14:11:32 ET
Table 'Arethusa II' 10-max Seat #5 is the button
Seat 5: tigulll ($34.91 in chips)
Seat 7: Pandakey ($111.81 in chips)
tigulll: posts small blind $1
Pandakey: posts big blind $3
*** HOLE CARDS ***
tigulll: folds
Uncalled bet ($2) returned to Pandakey
Pandakey collected $2 from pot
Pandakey: doesn't show hand
*** SUMMARY ***
Total pot $2 | Rake $0
Seat 5: tigulll (button) (small blind) folded before Flop
Seat 7: Pandakey (big blind) collected ($2)


PokerStars Hand #154943767419:  Hold'em Limit ($3/$6 USD) - 2016/06/19 14:11:28 ET
Table 'Arethusa II' 10-max Seat #7 is the button
Seat 5: tigulll ($33.91 in chips)
Seat 7: Pandakey ($112.81 in chips)
Pandakey: posts small blind $1
tigulll: posts big blind $3
*** HOLE CARDS ***
Pandakey: folds
Uncalled bet ($2) returned to tigulll
tigulll collected $2 from pot
tigulll: doesn't show hand
*** SUMMARY ***
Total pot $2 | Rake $0
Seat 5: tigulll (big blind) collected ($2)
Seat 7: Pandakey (button) (small blind) folded before Flop


PokerStars Hand #154943763321:  Hold'em Limit ($3/$6 USD) - 2016/06/19 14:11:23 ET
Table 'Arethusa II' 10-max Seat #5 is the button
Seat 5: tigulll ($34.91 in chips)
Seat 7: Pandakey ($111.81 in chips)
tigulll: posts small blind $1
Pandakey: posts big blind $3
*** HOLE CARDS ***
tigulll: folds
Uncalled bet ($2) returned to Pandakey
Pandakey collected $2 from pot
Pandakey: doesn't show hand
*** SUMMARY ***
Total pot $2 | Rake $0
Seat 5: tigulll (button) (small blind) folded before Flop
Seat 7: Pandakey (big blind) collected ($2)


PokerStars Hand #154943839449:  Hold'em Limit ($3/$6 USD) - 2016/06/19 14:12:53 ET
Table 'Arethusa II' 10-max Seat #5 is the button
Seat 5: tigulll ($68.93 in chips)
Seat 7: Pandakey ($76.57 in chips)
tigulll: posts small blind $1
Pandakey: posts big blind $3
*** HOLE CARDS ***
tigulll: raises $3 to $6
Pandakey: raises $3 to $9
tigulll: calls $3
*** FLOP *** [4s Ts 7h]
Pandakey: bets $3
tigulll: calls $3
*** TURN *** [4s Ts 7h] [Kh]
Pandakey: bets $6
tigulll: calls $6
*** RIVER *** [4s Ts 7h Kh] [7d]
Pandakey: checks
tigulll: checks
*** SHOW DOWN ***
Pandakey: shows [9d Jd] (a pair of Sevens)
tigulll: mucks hand
Pandakey collected $35.50 from pot
*** SUMMARY ***
Total pot $36 | Rake $0.50
Board [4s Ts 7h Kh 7d]
Seat 5: tigulll (button) (small blind) mucked
Seat 7: Pandakey (big blind) showed [9d Jd] and won ($35.50) with a pair of Sevens


PokerStars Hand #154943834418:  Hold'em Limit ($3/$6 USD) - 2016/06/19 14:12:47 ET
Table 'Arethusa II' 10-max Seat #7 is the button
Seat 5: tigulll ($71.93 in chips)
Seat 7: Pandakey ($73.57 in chips)
Pandakey: posts small blind $1
tigulll: posts big blind $3
*** HOLE CARDS ***
Pandakey: raises $3 to $6
tigulll: folds
Uncalled bet ($3) returned to Pandakey
Pandakey collected $6 from pot
Pandakey: doesn't show hand
*** SUMMARY ***
Total pot $6 | Rake $0
Seat 5: tigulll (big blind) folded before Flop
Seat 7: Pandakey (button) (small blind) collected ($6)


PokerStars Hand #154943821272:  Hold'em Limit ($3/$6 USD) - 2016/06/19 14:12:31 ET
Table 'Arethusa II' 10-max Seat #5 is the button
Seat 5: tigulll ($68.93 in chips)
Seat 7: Pandakey ($76.57 in chips)
tigulll: posts small blind $1
Pandakey: posts big blind $3
*** HOLE CARDS ***
tigulll: raises $3 to $6
Pandakey: folds
Uncalled bet ($3) returned to tigulll
tigulll collected $6 from pot
tigulll: doesn't show hand
*** SUMMARY ***
Total pot $6 | Rake $0
Seat 5: tigulll (button) (small blind) collected ($6)
Seat 7: Pandakey (big blind) folded before Flop


PokerStars Hand #154943809788:  Hold'em Limit ($3/$6 USD) - 2016/06/19 14:12:18 ET
Table 'Arethusa II' 10-max Seat #7 is the button
Seat 5: tigulll ($74.93 in chips)
Seat 7: Pandakey ($70.81 in chips)
Pandakey: posts small blind $1
tigulll: posts big blind $3
*** HOLE CARDS ***
Pandakey: raises $3 to $6
tigulll: calls $3
*** FLOP *** [As Td 5d]
tigulll: checks
Pandakey: bets $3
tigulll: folds
Uncalled bet ($3) returned to Pandakey
Pandakey collected $11.76 from pot
Pandakey: doesn't show hand
*** SUMMARY ***
Total pot $12 | Rake $0.24
Board [As Td 5d]
Seat 5: tigulll (big blind) folded on the Flop
Seat 7: Pandakey (button) (small blind) collected ($11.76)


PokerStars Hand #154943890878:  Hold'em Limit ($3/$6 USD) - 2016/06/19 14:13:53 ET
Table 'Arethusa II' 10-max Seat #5 is the button
Seat 5: tigulll ($65.21 in chips)
Seat 7: Pandakey ($79.07 in chips)
tigulll: posts small blind $1
Pandakey: posts big blind $3
*** HOLE CARDS ***
tigulll: raises $3 to $6
Pandakey: raises $3 to $9
tigulll: calls $3
*** FLOP *** [Ts Qc 3c]
Pandakey: bets $3
tigulll: calls $3
*** TURN *** [Ts Qc 3c] [9s]
Pandakey: checks
tigulll: checks
*** RIVER *** [Ts Qc 3c 9s] [6s]
tomte999 joins the table at seat #6
Pandakey: checks
tigulll: checks
*** SHOW DOWN ***
Pandakey: shows [Ad 8s] (high card Ace)
tigulll: mucks hand
Pandakey collected $23.52 from pot
*** SUMMARY ***
Total pot $24 | Rake $0.48
Board [Ts Qc 3c 9s 6s]
Seat 5: tigulll (button) (small blind) mucked
Seat 7: Pandakey (big blind) showed [Ad 8s] and won ($23.52) with high card Ace


PokerStars Hand #154943877560:  Hold'em Limit ($3/$6 USD) - 2016/06/19 14:13:37 ET
Table 'Arethusa II' 10-max Seat #7 is the button
Seat 5: tigulll ($53.69 in chips)
Seat 7: Pandakey ($91.07 in chips)
Pandakey: posts small blind $1
tigulll: posts big blind $3
*** HOLE CARDS ***
Pandakey: raises $3 to $6
tigulll: raises $3 to $9
Pandakey: calls $3
*** FLOP *** [5d 4s Ah]
tigulll: bets $3
Pandakey: calls $3
*** TURN *** [5d 4s Ah] [Jc]
tigulll: bets $6
Pandakey: folds
Uncalled bet ($6) returned to tigulll
tigulll collected $23.52 from pot
tigulll: doesn't show hand
*** SUMMARY ***
Total pot $24 | Rake $0.48
Board [5d 4s Ah Jc]
Seat 5: tigulll (big blind) collected ($23.52)
Seat 7: Pandakey (button) (small blind) folded on the Turn


PokerStars Hand #154943869378:  Hold'em Limit ($3/$6 USD) - 2016/06/19 14:13:28 ET
Table 'Arethusa II' 10-max Seat #5 is the button
Seat 5: tigulll ($47.93 in chips)
Seat 7: Pandakey ($97.07 in chips)
tigulll: posts small blind $1
Pandakey: posts big blind $3
*** HOLE CARDS ***
tigulll: raises $3 to $6
Pandakey: calls $3
*** FLOP *** [Tc 8c Th]
Pandakey: checks
tigulll: bets $3
Pandakey: folds
Uncalled bet ($3) returned to tigulll
tigulll collected $11.76 from pot
tigulll: doesn't show hand
*** SUMMARY ***
Total pot $12 | Rake $0.24
Board [Tc 8c Th]
Seat 5: tigulll (button) (small blind) collected ($11.76)
Seat 7: Pandakey (big blind) folded on the Flop


PokerStars Hand #154943864452:  Hold'em Limit ($3/$6 USD) - 2016/06/19 14:13:22 ET
Table 'Arethusa II' 10-max Seat #7 is the button
Seat 5: tigulll ($50.93 in chips)
Seat 7: Pandakey ($94.07 in chips)
Pandakey: posts small blind $1
tigulll: posts big blind $3
*** HOLE CARDS ***
Pandakey: raises $3 to $6
tigulll: folds
Uncalled bet ($3) returned to Pandakey
Pandakey collected $6 from pot
Pandakey: doesn't show hand
*** SUMMARY ***
Total pot $6 | Rake $0
Seat 5: tigulll (big blind) folded before Flop
Seat 7: Pandakey (button) (small blind) collected ($6)


PokerStars Hand #154943906280:  Hold'em Limit ($3/$6 USD) - 2016/06/19 14:14:11 ET
Table 'Arethusa II' 10-max Seat #7 is the button
Seat 5: tigulll ($53.21 in chips)
Seat 7: Pandakey ($90.59 in chips)
Pandakey: posts small blind $1
tigulll: posts big blind $3
*** HOLE CARDS ***
Pandakey: raises $3 to $6
tigulll: calls $3
*** FLOP *** [3c Jc 5c]
tigulll: checks
Pandakey: checks
*** TURN *** [3c Jc 5c] [Qh]
tigulll: checks
Pandakey: bets $6
tigulll: calls $6
*** RIVER *** [3c Jc 5c Qh] [4s]
tigulll: checks
Pandakey: checks
*** SHOW DOWN ***
tigulll: shows [Ks 2c] (high card King)
Pandakey: shows [8h 4c] (a pair of Fours)
Pandakey collected $23.52 from pot
*** SUMMARY ***
Total pot $24 | Rake $0.48
Board [3c Jc 5c Qh 4s]
Seat 5: tigulll (big blind) showed [Ks 2c] and lost with high card King
Seat 7: Pandakey (button) (small blind) showed [8h 4c] and won ($23.52) with a pair of Fours


PokerStars Hand #154953708264:  Hold'em Limit ($3/$6 USD) - 2016/06/19 17:30:00 ET
Table 'Arethusa II' 10-max Seat #8 is the button
Seat 7: CHUBSTER ($68.35 in chips)
Seat 8: derdex ($607.87 in chips)
derdex: posts small blind $1
CHUBSTER: posts big blind $3
*** HOLE CARDS ***
derdex: raises $3 to $6
CHUBSTER: calls $3
*** FLOP *** [3c Jd Qc]
CHUBSTER: checks
derdex: bets $3
CHUBSTER: calls $3
*** TURN *** [3c Jd Qc] [5d]
CHUBSTER: checks
derdex: bets $6
CHUBSTER: calls $6
*** RIVER *** [3c Jd Qc 5d] [Tc]
CHUBSTER: bets $6
derdex: folds
Uncalled bet ($6) returned to CHUBSTER
CHUBSTER collected $29.50 from pot
*** SUMMARY ***
Total pot $30 | Rake $0.50
Board [3c Jd Qc 5d Tc]
Seat 7: CHUBSTER (big blind) collected ($29.50)
Seat 8: derdex (button) (small blind) folded on the River


