PokerStars Hand #168183271769:  Hold'em Limit ($3/$6 USD) - 2017/03/27 9:58:13 ET
Table 'Arete' 6-max Seat #3 is the button
Seat 3: benbb ($36 in chips)
Seat 4: AzureCaper ($75 in chips)
benbb: posts small blind $1
AzureCaper: posts big blind $3
*** HOLE CARDS ***
BugerDV joins the table at seat #5
benbb: raises $3 to $6
AzureCaper: folds
Uncalled bet ($3) returned to benbb
benbb collected $6 from pot
benbb: doesn't show hand
*** SUMMARY ***
Total pot $6 | Rake $0
Seat 3: benbb (button) (small blind) collected ($6)
Seat 4: AzureCaper (big blind) folded before Flop


PokerStars Hand #168183268330:  Hold'em Limit ($3/$6 USD) - 2017/03/27 9:58:06 ET
Table 'Arete' 6-max Seat #4 is the button
Seat 3: benbb ($39 in chips)
Seat 4: AzureCaper ($72 in chips)
AzureCaper: posts small blind $1
benbb: posts big blind $3
*** HOLE CARDS ***
AzureCaper: raises $3 to $6
benbb: folds
Uncalled bet ($3) returned to AzureCaper
AzureCaper collected $6 from pot
AzureCaper: doesn't show hand
*** SUMMARY ***
Total pot $6 | Rake $0
Seat 3: benbb (big blind) folded before Flop
Seat 4: AzureCaper (button) (small blind) collected ($6)


PokerStars Hand #168183263709:  Hold'em Limit ($3/$6 USD) - 2017/03/27 9:57:57 ET
Table 'Arete' 6-max Seat #3 is the button
Seat 3: benbb ($36 in chips)
Seat 4: AzureCaper ($72 in chips)
benbb: posts small blind $1
AzureCaper: posts big blind $3
*** HOLE CARDS ***
benbb: raises $3 to $6
AzureCaper: folds
Uncalled bet ($3) returned to benbb
benbb collected $6 from pot
benbb: doesn't show hand
*** SUMMARY ***
Total pot $6 | Rake $0
Seat 3: benbb (button) (small blind) collected ($6)
Seat 4: AzureCaper (big blind) folded before Flop


PokerStars Hand #168183257898:  Hold'em Limit ($3/$6 USD) - 2017/03/27 9:57:45 ET
Table 'Arete' 6-max Seat #3 is the button
Seat 3: benbb ($36 in chips)
Seat 4: AzureCaper ($72 in chips)
benbb: posts small blind $1
AzureCaper: posts big blind $3
*** HOLE CARDS ***
benbb: folds
Uncalled bet ($2) returned to AzureCaper
AzureCaper collected $2 from pot
AzureCaper: doesn't show hand
*** SUMMARY ***
Total pot $2 | Rake $0
Seat 3: benbb (button) (small blind) folded before Flop
Seat 4: AzureCaper (big blind) collected ($2)


PokerStars Hand #168184426827:  Hold'em Limit ($3/$6 USD) - 2017/03/27 10:31:00 ET
Table 'Arete' 6-max Seat #2 is the button
Seat 2: WPVS ($411.17 in chips)
Seat 3: starsjuuunky ($262.56 in chips)
WPVS: posts small blind $1
starsjuuunky: posts big blind $3
*** HOLE CARDS ***
WPVS: raises $3 to $6
starsjuuunky: folds
Uncalled bet ($3) returned to WPVS
WPVS collected $6 from pot
WPVS: doesn't show hand
BugerDV joins the table at seat #4
*** SUMMARY ***
Total pot $6 | Rake $0
Seat 2: WPVS (button) (small blind) collected ($6)
Seat 3: starsjuuunky (big blind) folded before Flop


PokerStars Hand #168184414202:  Hold'em Limit ($3/$6 USD) - 2017/03/27 10:30:39 ET
Table 'Arete' 6-max Seat #3 is the button
Seat 2: WPVS ($429.17 in chips)
Seat 3: starsjuuunky ($245.06 in chips)
starsjuuunky: posts small blind $1
tttzzz: is sitting out
WPVS: posts big blind $3
*** HOLE CARDS ***
starsjuuunky: raises $3 to $6
WPVS: calls $3
*** FLOP *** [Ah 3s Ac]
tttzzz leaves the table
WPVS: checks
starsjuuunky: bets $3
WPVS: raises $3 to $6
starsjuuunky: calls $3
*** TURN *** [Ah 3s Ac] [2c]
WPVS: bets $6
starsjuuunky: calls $6
*** RIVER *** [Ah 3s Ac 2c] [6d]
WPVS: checks
starsjuuunky: bets $6
WPVS: folds
Uncalled bet ($6) returned to starsjuuunky
starsjuuunky collected $35.50 from pot
starsjuuunky: doesn't show hand
*** SUMMARY ***
Total pot $36 | Rake $0.50
Board [Ah 3s Ac 2c 6d]
Seat 2: WPVS (big blind) folded on the River
Seat 3: starsjuuunky (button) (small blind) collected ($35.50)


PokerStars Hand #168184517974:  Hold'em Limit ($3/$6 USD) - 2017/03/27 10:33:29 ET
Table 'Arete' 6-max Seat #2 is the button
Seat 2: WPVS ($449.84 in chips)
Seat 3: starsjuuunky ($217.84 in chips)
WPVS: posts small blind $1
starsjuuunky: posts big blind $3
*** HOLE CARDS ***
WPVS: folds
Uncalled bet ($2) returned to starsjuuunky
starsjuuunky collected $2 from pot
starsjuuunky: doesn't show hand
*** SUMMARY ***
Total pot $2 | Rake $0
Seat 2: WPVS (button) (small blind) folded before Flop
Seat 3: starsjuuunky (big blind) collected ($2)


