PokerStars Hand #168270663824:  Hold'em Limit ($3/$6 USD) - 2017/03/29 6:27:20 ET
Table 'Aretaon' 6-max Seat #6 is the button
Seat 1: TbIP-TbIP 88 ($72 in chips)
Seat 6: HAOYUN88888 ($50 in chips)
HAOYUN88888: posts small blind $1
TbIP-TbIP 88: posts big blind $3
*** HOLE CARDS ***
HAOYUN88888: raises $3 to $6
TbIP-TbIP 88: calls $3
*** FLOP *** [Ad 7s 9s]
TbIP-TbIP 88: checks
HAOYUN88888: bets $3
TbIP-TbIP 88: folds
Uncalled bet ($3) returned to HAOYUN88888
HAOYUN88888 collected $11.76 from pot
HAOYUN88888: doesn't show hand
*** SUMMARY ***
Total pot $12 | Rake $0.24
Board [Ad 7s 9s]
Seat 1: TbIP-TbIP 88 (big blind) folded on the Flop
Seat 6: HAOYUN88888 (button) (small blind) collected ($11.76)


PokerStars Hand #168270670314:  Hold'em Limit ($3/$6 USD) - 2017/03/29 6:27:36 ET
Table 'Aretaon' 6-max Seat #1 is the button
Seat 1: TbIP-TbIP 88 ($72 in chips)
Seat 6: HAOYUN88888 ($55.76 in chips)
TbIP-TbIP 88: posts small blind $1
HAOYUN88888: posts big blind $3
*** HOLE CARDS ***
TbIP-TbIP 88: raises $3 to $6
HAOYUN88888: calls $3
*** FLOP *** [As 5c 7s]
HAOYUN88888: checks
TbIP-TbIP 88: bets $3
HAOYUN88888: calls $3
*** TURN *** [As 5c 7s] [2s]
HAOYUN88888: checks
TbIP-TbIP 88: checks
*** RIVER *** [As 5c 7s 2s] [Ah]
HAOYUN88888: bets $6
TbIP-TbIP 88: folds
Uncalled bet ($6) returned to HAOYUN88888
HAOYUN88888 collected $17.64 from pot
HAOYUN88888: doesn't show hand
*** SUMMARY ***
Total pot $18 | Rake $0.36
Board [As 5c 7s 2s Ah]
Seat 1: TbIP-TbIP 88 (button) (small blind) folded on the River
Seat 6: HAOYUN88888 (big blind) collected ($17.64)


PokerStars Hand #168270691297:  Hold'em Limit ($3/$6 USD) - 2017/03/29 6:28:26 ET
Table 'Aretaon' 6-max Seat #6 is the button
Seat 1: TbIP-TbIP 88 ($72 in chips)
Seat 6: HAOYUN88888 ($64.40 in chips)
HAOYUN88888: posts small blind $1
TbIP-TbIP 88: posts big blind $3
*** HOLE CARDS ***
HAOYUN88888: folds
Uncalled bet ($2) returned to TbIP-TbIP 88
TbIP-TbIP 88 collected $2 from pot
TbIP-TbIP 88: doesn't show hand
*** SUMMARY ***
Total pot $2 | Rake $0
Seat 1: TbIP-TbIP 88 (big blind) collected ($2)
Seat 6: HAOYUN88888 (button) (small blind) folded before Flop


PokerStars Hand #168270694123:  Hold'em Limit ($3/$6 USD) - 2017/03/29 6:28:33 ET
Table 'Aretaon' 6-max Seat #1 is the button
Seat 1: TbIP-TbIP 88 ($73 in chips)
Seat 6: HAOYUN88888 ($63.40 in chips)
TbIP-TbIP 88: posts small blind $1
HAOYUN88888: posts big blind $3
*** HOLE CARDS ***
TbIP-TbIP 88: raises $3 to $6
HAOYUN88888: calls $3
*** FLOP *** [Ad 3s Qd]
HAOYUN88888: checks
TbIP-TbIP 88: bets $3
HAOYUN88888: folds
Uncalled bet ($3) returned to TbIP-TbIP 88
TbIP-TbIP 88 collected $11.76 from pot
TbIP-TbIP 88: doesn't show hand
*** SUMMARY ***
Total pot $12 | Rake $0.24
Board [Ad 3s Qd]
Seat 1: TbIP-TbIP 88 (button) (small blind) collected ($11.76)
Seat 6: HAOYUN88888 (big blind) folded on the Flop


PokerStars Hand #168270699730:  Hold'em Limit ($3/$6 USD) - 2017/03/29 6:28:47 ET
Table 'Aretaon' 6-max Seat #6 is the button
Seat 1: TbIP-TbIP 88 ($78.76 in chips)
Seat 6: HAOYUN88888 ($57.40 in chips)
HAOYUN88888: posts small blind $1
TbIP-TbIP 88: posts big blind $3
*** HOLE CARDS ***
HAOYUN88888: raises $3 to $6
TbIP-TbIP 88: calls $3
*** FLOP *** [5d 2c 9d]
TbIP-TbIP 88: checks
HAOYUN88888: bets $3
TbIP-TbIP 88: calls $3
*** TURN *** [5d 2c 9d] [5c]
TbIP-TbIP 88: checks
HAOYUN88888: bets $6
TbIP-TbIP 88: calls $6
*** RIVER *** [5d 2c 9d 5c] [7h]
TbIP-TbIP 88: checks
HAOYUN88888: bets $6
TbIP-TbIP 88: calls $6
*** SHOW DOWN ***
HAOYUN88888: shows [9h 7c] (two pair, Nines and Sevens)
TbIP-TbIP 88: mucks hand
HAOYUN88888 collected $41.50 from pot
*** SUMMARY ***
Total pot $42 | Rake $0.50
Board [5d 2c 9d 5c 7h]
Seat 1: TbIP-TbIP 88 (big blind) mucked
Seat 6: HAOYUN88888 (button) (small blind) showed [9h 7c] and won ($41.50) with two pair, Nines and Sevens


PokerStars Hand #168270708024:  Hold'em Limit ($3/$6 USD) - 2017/03/29 6:29:07 ET
Table 'Aretaon' 6-max Seat #1 is the button
Seat 1: TbIP-TbIP 88 ($72 in chips)
Seat 6: HAOYUN88888 ($77.90 in chips)
TbIP-TbIP 88: posts small blind $1
HAOYUN88888: posts big blind $3
*** HOLE CARDS ***
TbIP-TbIP 88: raises $3 to $6
HAOYUN88888: calls $3
*** FLOP *** [7d 4s Ks]
HAOYUN88888: checks
TbIP-TbIP 88: bets $3
HAOYUN88888: raises $3 to $6
TbIP-TbIP 88: folds
Uncalled bet ($3) returned to HAOYUN88888
HAOYUN88888 collected $17.64 from pot
HAOYUN88888: doesn't show hand
*** SUMMARY ***
Total pot $18 | Rake $0.36
Board [7d 4s Ks]
Seat 1: TbIP-TbIP 88 (button) (small blind) folded on the Flop
Seat 6: HAOYUN88888 (big blind) collected ($17.64)


PokerStars Hand #168270759916:  Hold'em Limit ($3/$6 USD) - 2017/03/29 6:31:11 ET
Table 'Aretaon' 6-max Seat #6 is the button
Seat 1: TbIP-TbIP 88 ($95.14 in chips)
Seat 6: HAOYUN88888 ($61.56 in chips)
HAOYUN88888: posts small blind $1
TbIP-TbIP 88: posts big blind $3
*** HOLE CARDS ***
HAOYUN88888: raises $3 to $6
TbIP-TbIP 88: calls $3
*** FLOP *** [Qd 2s 9d]
TbIP-TbIP 88: checks
HAOYUN88888: bets $3
TbIP-TbIP 88: folds
Uncalled bet ($3) returned to HAOYUN88888
HAOYUN88888 collected $11.76 from pot
HAOYUN88888: doesn't show hand
*** SUMMARY ***
Total pot $12 | Rake $0.24
Board [Qd 2s 9d]
Seat 1: TbIP-TbIP 88 (big blind) folded on the Flop
Seat 6: HAOYUN88888 (button) (small blind) collected ($11.76)


PokerStars Hand #168270753832:  Hold'em Limit ($3/$6 USD) - 2017/03/29 6:30:57 ET
Table 'Aretaon' 6-max Seat #1 is the button
Seat 1: TbIP-TbIP 88 ($107.14 in chips)
Seat 6: HAOYUN88888 ($50.04 in chips)
TbIP-TbIP 88: posts small blind $1
HAOYUN88888: posts big blind $3
*** HOLE CARDS ***
TbIP-TbIP 88: raises $3 to $6
HAOYUN88888: raises $3 to $9
TbIP-TbIP 88: calls $3
*** FLOP *** [2d 6s 4s]
HAOYUN88888: bets $3
TbIP-TbIP 88: calls $3
*** TURN *** [2d 6s 4s] [Kd]
HAOYUN88888: bets $6
TbIP-TbIP 88: folds
Uncalled bet ($6) returned to HAOYUN88888
HAOYUN88888 collected $23.52 from pot
HAOYUN88888: doesn't show hand
cornetc joins the table at seat #2
*** SUMMARY ***
Total pot $24 | Rake $0.48
Board [2d 6s 4s Kd]
Seat 1: TbIP-TbIP 88 (button) (small blind) folded on the Turn
Seat 6: HAOYUN88888 (big blind) collected ($23.52)


PokerStars Hand #168270746566:  Hold'em Limit ($3/$6 USD) - 2017/03/29 6:30:39 ET
Table 'Aretaon' 6-max Seat #6 is the button
Seat 1: TbIP-TbIP 88 ($122.14 in chips)
Seat 6: HAOYUN88888 ($35.54 in chips)
HAOYUN88888: posts small blind $1
TbIP-TbIP 88: posts big blind $3
*** HOLE CARDS ***
HAOYUN88888: raises $3 to $6
TbIP-TbIP 88: calls $3
*** FLOP *** [8c 2c Ks]
TbIP-TbIP 88: checks
HAOYUN88888: bets $3
TbIP-TbIP 88: calls $3
*** TURN *** [8c 2c Ks] [Qh]
TbIP-TbIP 88: checks
HAOYUN88888: bets $6
TbIP-TbIP 88: calls $6
*** RIVER *** [8c 2c Ks Qh] [Td]
TbIP-TbIP 88: checks
HAOYUN88888: checks
*** SHOW DOWN ***
TbIP-TbIP 88: shows [Ah 3d] (high card Ace)
HAOYUN88888: shows [8s Ad] (a pair of Eights)
HAOYUN88888 collected $29.50 from pot
*** SUMMARY ***
Total pot $30 | Rake $0.50
Board [8c 2c Ks Qh Td]
Seat 1: TbIP-TbIP 88 (big blind) showed [Ah 3d] and lost with high card Ace
Seat 6: HAOYUN88888 (button) (small blind) showed [8s Ad] and won ($29.50) with a pair of Eights


PokerStars Hand #168270732298:  Hold'em Limit ($3/$6 USD) - 2017/03/29 6:30:06 ET
Table 'Aretaon' 6-max Seat #1 is the button
Seat 1: TbIP-TbIP 88 ($113.50 in chips)
Seat 6: HAOYUN88888 ($44.54 in chips)
TbIP-TbIP 88: posts small blind $1
HAOYUN88888: posts big blind $3
*** HOLE CARDS ***
TbIP-TbIP 88: raises $3 to $6
HAOYUN88888: calls $3
*** FLOP *** [Jd 6c 3h]
HAOYUN88888: checks
TbIP-TbIP 88: bets $3
HAOYUN88888: calls $3
*** TURN *** [Jd 6c 3h] [6d]
HAOYUN88888: checks
TbIP-TbIP 88: bets $6
HAOYUN88888: folds
Uncalled bet ($6) returned to TbIP-TbIP 88
TbIP-TbIP 88 collected $17.64 from pot
TbIP-TbIP 88: doesn't show hand
*** SUMMARY ***
Total pot $18 | Rake $0.36
Board [Jd 6c 3h 6d]
Seat 1: TbIP-TbIP 88 (button) (small blind) collected ($17.64)
Seat 6: HAOYUN88888 (big blind) folded on the Turn


PokerStars Hand #168272279112:  Hold'em Limit ($3/$6 USD) - 2017/03/29 7:29:39 ET
Table 'Aretaon' 6-max Seat #6 is the button
Seat 5: Ale4o ($260.66 in chips)
Seat 6: HAL9QQQ ($121.22 in chips)
HAL9QQQ: posts small blind $1
flynny1111: is sitting out
Ale4o: posts big blind $3
*** HOLE CARDS ***
HAL9QQQ: raises $3 to $6
Ale4o: folds
Uncalled bet ($3) returned to HAL9QQQ
flynny1111 leaves the table
HAL9QQQ collected $6 from pot
HAL9QQQ: doesn't show hand
*** SUMMARY ***
Total pot $6 | Rake $0
Seat 5: Ale4o (big blind) folded before Flop
Seat 6: HAL9QQQ (button) (small blind) collected ($6)


PokerStars Hand #168272303751:  Hold'em Limit ($3/$6 USD) - 2017/03/29 7:30:33 ET
Table 'Aretaon' 6-max Seat #2 is the button
Seat 2: VitaminPro ($114 in chips)
Seat 5: Ale4o ($263.42 in chips)
VitaminPro: posts small blind $1
Ale4o: posts big blind $3
*** HOLE CARDS ***
VitaminPro: folds
Uncalled bet ($2) returned to Ale4o
Ale4o collected $2 from pot
Ale4o: doesn't show hand
*** SUMMARY ***
Total pot $2 | Rake $0
Seat 2: VitaminPro (button) (small blind) folded before Flop
Seat 5: Ale4o (big blind) collected ($2)


PokerStars Hand #168272295304:  Hold'em Limit ($3/$6 USD) - 2017/03/29 7:30:15 ET
Table 'Aretaon' 6-max Seat #5 is the button
Seat 2: VitaminPro ($120 in chips)
Seat 5: Ale4o ($257.66 in chips)
Ale4o: posts small blind $1
VitaminPro: posts big blind $3
*** HOLE CARDS ***
Ale4o: raises $3 to $6
VitaminPro: calls $3
*** FLOP *** [4c Tc Kd]
VitaminPro: checks
Ale4o: bets $3
VitaminPro: folds
Uncalled bet ($3) returned to Ale4o
Ale4o collected $11.76 from pot
Ale4o: doesn't show hand
*** SUMMARY ***
Total pot $12 | Rake $0.24
Board [4c Tc Kd]
Seat 2: VitaminPro (big blind) folded on the Flop
Seat 5: Ale4o (button) (small blind) collected ($11.76)


PokerStars Hand #168272305685:  Hold'em Limit ($3/$6 USD) - 2017/03/29 7:30:38 ET
Table 'Aretaon' 6-max Seat #5 is the button
Seat 2: VitaminPro ($113 in chips)
Seat 5: Ale4o ($264.42 in chips)
Ale4o: posts small blind $1
VitaminPro: posts big blind $3
*** HOLE CARDS ***
Ale4o: raises $3 to $6
VitaminPro: calls $3
*** FLOP *** [9h 5d Ts]
VitaminPro: checks
Ale4o: bets $3
VitaminPro: raises $3 to $6
Ale4o: calls $3
*** TURN *** [9h 5d Ts] [3s]
VitaminPro: checks
Ale4o: bets $6
VitaminPro: folds
Uncalled bet ($6) returned to Ale4o
Ale4o collected $23.52 from pot
Ale4o: doesn't show hand
*** SUMMARY ***
Total pot $24 | Rake $0.48
Board [9h 5d Ts 3s]
Seat 2: VitaminPro (big blind) folded on the Turn
Seat 5: Ale4o (button) (small blind) collected ($23.52)


