PokerStars Hand #176761954569:  Hold'em Limit ($3/$6 USD) - 2017/10/10 21:58:56 ET
Table 'Argelander' 10-max Seat #10 is the button
Seat 1: Chessnok ($120 in chips)
Seat 10: ManuelSikora ($46.52 in chips)
ManuelSikora: posts small blind $1
Chessnok: posts big blind $3
*** HOLE CARDS ***
ManuelSikora: calls $2
Chessnok: checks
*** FLOP *** [9c 9d 6h]
Chessnok: checks
ManuelSikora: bets $3
Chessnok: calls $3
*** TURN *** [9c 9d 6h] [4d]
Chessnok: checks
ManuelSikora: checks
*** RIVER *** [9c 9d 6h 4d] [5h]
Chessnok: bets $6
ManuelSikora: calls $6
*** SHOW DOWN ***
Chessnok: shows [Jd 7s] (a pair of Nines)
ManuelSikora: shows [Ah 3c] (a pair of Nines - Ace kicker)
ManuelSikora collected $23.52 from pot
*** SUMMARY ***
Total pot $24 | Rake $0.48
Board [9c 9d 6h 4d 5h]
Seat 1: Chessnok (big blind) showed [Jd 7s] and lost with a pair of Nines
Seat 10: ManuelSikora (button) (small blind) showed [Ah 3c] and won ($23.52) with a pair of Nines


PokerStars Hand #176761984839:  Hold'em Limit ($3/$6 USD) - 2017/10/10 22:00:37 ET
Table 'Argelander' 10-max Seat #1 is the button
Seat 1: Chessnok ($83.76 in chips)
Seat 10: ManuelSikora ($80.94 in chips)
Chessnok: posts small blind $1
ManuelSikora: posts big blind $3
*** HOLE CARDS ***
Chessnok: folds
Uncalled bet ($2) returned to ManuelSikora
ManuelSikora collected $2 from pot
ManuelSikora: doesn't show hand
*** SUMMARY ***
Total pot $2 | Rake $0
Seat 1: Chessnok (button) (small blind) folded before Flop
Seat 10: ManuelSikora (big blind) collected ($2)


PokerStars Hand #176761981469:  Hold'em Limit ($3/$6 USD) - 2017/10/10 22:00:26 ET
Table 'Argelander' 10-max Seat #10 is the button
Seat 1: Chessnok ($78 in chips)
Seat 10: ManuelSikora ($86.94 in chips)
ManuelSikora: posts small blind $1
Chessnok: posts big blind $3
*** HOLE CARDS ***
ManuelSikora: raises $3 to $6
Chessnok: calls $3
*** FLOP *** [As 2c Ah]
Chessnok: checks
ManuelSikora: checks
*** TURN *** [As 2c Ah] [Tc]
Chessnok: bets $6
ManuelSikora: folds
Uncalled bet ($6) returned to Chessnok
Chessnok collected $11.76 from pot
Chessnok: doesn't show hand
*** SUMMARY ***
Total pot $12 | Rake $0.24
Board [As 2c Ah Tc]
Seat 1: Chessnok (big blind) collected ($11.76)
Seat 10: ManuelSikora (button) (small blind) folded on the Turn


PokerStars Hand #176761969789:  Hold'em Limit ($3/$6 USD) - 2017/10/10 21:59:47 ET
Table 'Argelander' 10-max Seat #1 is the button
Seat 1: Chessnok ($108 in chips)
Seat 10: ManuelSikora ($58.04 in chips)
Chessnok: posts small blind $1
ManuelSikora: posts big blind $3
*** HOLE CARDS ***
Chessnok: raises $3 to $6
ManuelSikora: calls $3
*** FLOP *** [Qs Kd 9h]
ManuelSikora: bets $3
Chessnok: folds
Uncalled bet ($3) returned to ManuelSikora
ManuelSikora collected $11.76 from pot
ManuelSikora: doesn't show hand
*** SUMMARY ***
Total pot $12 | Rake $0.24
Board [Qs Kd 9h]
Seat 1: Chessnok (button) (small blind) folded on the Flop
Seat 10: ManuelSikora (big blind) collected ($11.76)


PokerStars Hand #176761972259:  Hold'em Limit ($3/$6 USD) - 2017/10/10 21:59:55 ET
Table 'Argelander' 10-max Seat #10 is the button
Seat 1: Chessnok ($102 in chips)
Seat 10: ManuelSikora ($63.80 in chips)
ManuelSikora: posts small blind $1
Chessnok: posts big blind $3
*** HOLE CARDS ***
ManuelSikora: calls $2
Chessnok: raises $3 to $6
ManuelSikora: calls $3
*** FLOP *** [3h 9d 5c]
Chessnok: bets $3
ManuelSikora: calls $3
*** TURN *** [3h 9d 5c] [Qd]
Chessnok: bets $6
ManuelSikora: calls $6
*** RIVER *** [3h 9d 5c Qd] [9h]
Chessnok: checks
ManuelSikora: checks
*** SHOW DOWN ***
Chessnok: shows [Ac Ts] (a pair of Nines)
ManuelSikora: shows [5s Tc] (two pair, Nines and Fives)
ManuelSikora collected $29.50 from pot
*** SUMMARY ***
Total pot $30 | Rake $0.50
Board [3h 9d 5c Qd 9h]
Seat 1: Chessnok (big blind) showed [Ac Ts] and lost with a pair of Nines
Seat 10: ManuelSikora (button) (small blind) showed [5s Tc] and won ($29.50) with two pair, Nines and Fives


PokerStars Hand #176761978005:  Hold'em Limit ($3/$6 USD) - 2017/10/10 22:00:14 ET
Table 'Argelander' 10-max Seat #1 is the button
Seat 1: Chessnok ($87 in chips)
Seat 10: ManuelSikora ($78.30 in chips)
Chessnok: posts small blind $1
ManuelSikora: posts big blind $3
*** HOLE CARDS ***
Chessnok: raises $3 to $6
ManuelSikora: calls $3
*** FLOP *** [As 5c 2h]
ManuelSikora: bets $3
Chessnok: calls $3
*** TURN *** [As 5c 2h] [4h]
ManuelSikora: bets $6
Chessnok: folds
Uncalled bet ($6) returned to ManuelSikora
ManuelSikora collected $17.64 from pot
ManuelSikora: doesn't show hand
*** SUMMARY ***
Total pot $18 | Rake $0.36
Board [As 5c 2h 4h]
Seat 1: Chessnok (button) (small blind) folded on the Turn
Seat 10: ManuelSikora (big blind) collected ($17.64)


PokerStars Hand #176761986245:  Hold'em Limit ($3/$6 USD) - 2017/10/10 22:00:41 ET
Table 'Argelander' 10-max Seat #10 is the button
Seat 1: Chessnok ($82.76 in chips)
Seat 10: ManuelSikora ($81.94 in chips)
ManuelSikora: posts small blind $1
Chessnok: posts big blind $3
*** HOLE CARDS ***
ManuelSikora: raises $3 to $6
Chessnok: calls $3
*** FLOP *** [2s Js 4h]
Chessnok: checks
ManuelSikora: bets $3
Chessnok: raises $3 to $6
ManuelSikora: calls $3
*** TURN *** [2s Js 4h] [8d]
Chessnok: bets $6
ManuelSikora: calls $6
*** RIVER *** [2s Js 4h 8d] [5c]
Chessnok: bets $6
ManuelSikora: raises $6 to $12
GlamDragon joins the table at seat #2
Chessnok: calls $6
*** SHOW DOWN ***
ManuelSikora: shows [6h 7d] (a straight, Four to Eight)
Chessnok: mucks hand
ManuelSikora collected $59.50 from pot
*** SUMMARY ***
Total pot $60 | Rake $0.50
Board [2s Js 4h 8d 5c]
Seat 1: Chessnok (big blind) mucked
Seat 10: ManuelSikora (button) (small blind) showed [6h 7d] and won ($59.50) with a straight, Four to Eight


PokerStars Hand #176762314244:  Hold'em Limit ($3/$6 USD) - 2017/10/10 22:16:48 ET
Table 'Argelander' 10-max Seat #3 is the button
Seat 2: GlamDragon ($152.03 in chips)
Seat 3: LouisB ($32.88 in chips)
LouisB: posts small blind $1
GlamDragon: posts big blind $3
*** HOLE CARDS ***
LouisB: raises $3 to $6
GlamDragon: calls $3
*** FLOP *** [As 6d Th]
GlamDragon: checks
LouisB: bets $3
GlamDragon: calls $3
*** TURN *** [As 6d Th] [Tc]
GlamDragon: checks
LouisB: bets $6
GlamDragon: raises $6 to $12
LouisB: calls $6
*** RIVER *** [As 6d Th Tc] [3s]
GlamDragon: bets $6
LouisB: calls $6
*** SHOW DOWN ***
GlamDragon: shows [5d Td] (three of a kind, Tens)
LouisB: mucks hand
GlamDragon collected $53.50 from pot
*** SUMMARY ***
Total pot $54 | Rake $0.50
Board [As 6d Th Tc 3s]
Seat 2: GlamDragon (big blind) showed [5d Td] and won ($53.50) with three of a kind, Tens
Seat 3: LouisB (button) (small blind) mucked


PokerStars Hand #176762319106:  Hold'em Limit ($3/$6 USD) - 2017/10/10 22:17:02 ET
Table 'Argelander' 10-max Seat #2 is the button
Seat 2: GlamDragon ($178.53 in chips)
Seat 3: LouisB ($5.88 in chips)
GlamDragon: posts small blind $1
LouisB: posts big blind $3
*** HOLE CARDS ***
GlamDragon: raises $3 to $6
LouisB: calls $2.88 and is all-in
Uncalled bet ($0.12) returned to GlamDragon
*** FLOP *** [8h 4h 8d]
*** TURN *** [8h 4h 8d] [3h]
*** RIVER *** [8h 4h 8d 3h] [7d]
*** SHOW DOWN ***
LouisB: shows [Kh 2d] (a pair of Eights)
GlamDragon: shows [Qd 9s] (a pair of Eights - lower kicker)
LouisB collected $11.52 from pot
*** SUMMARY ***
Total pot $11.76 | Rake $0.24
Board [8h 4h 8d 3h 7d]
Seat 2: GlamDragon (button) (small blind) showed [Qd 9s] and lost with a pair of Eights
Seat 3: LouisB (big blind) showed [Kh 2d] and won ($11.52) with a pair of Eights


PokerStars Hand #176762323070:  Hold'em Limit ($3/$6 USD) - 2017/10/10 22:17:14 ET
Table 'Argelander' 10-max Seat #3 is the button
Seat 2: GlamDragon ($172.65 in chips)
Seat 3: LouisB ($11.52 in chips)
LouisB: posts small blind $1
GlamDragon: posts big blind $3
*** HOLE CARDS ***
LouisB: folds
Uncalled bet ($2) returned to GlamDragon
GlamDragon collected $2 from pot
GlamDragon: doesn't show hand
*** SUMMARY ***
Total pot $2 | Rake $0
Seat 2: GlamDragon (big blind) collected ($2)
Seat 3: LouisB (button) (small blind) folded before Flop


PokerStars Hand #176762329503:  Hold'em Limit ($3/$6 USD) - 2017/10/10 22:17:33 ET
Table 'Argelander' 10-max Seat #2 is the button
Seat 2: GlamDragon ($173.65 in chips)
Seat 3: LouisB ($84.44 in chips)
GlamDragon: posts small blind $1
LouisB: posts big blind $3
*** HOLE CARDS ***
GlamDragon: raises $3 to $6
LouisB: raises $3 to $9
GlamDragon: calls $3
*** FLOP *** [Qs 3h 6d]
LouisB: bets $3
GlamDragon: calls $3
*** TURN *** [Qs 3h 6d] [6c]
LouisB: bets $6
GlamDragon: folds
Uncalled bet ($6) returned to LouisB
LouisB collected $23.52 from pot
LouisB: doesn't show hand
*** SUMMARY ***
Total pot $24 | Rake $0.48
Board [Qs 3h 6d 6c]
Seat 2: GlamDragon (button) (small blind) folded on the Turn
Seat 3: LouisB (big blind) collected ($23.52)


PokerStars Hand #176762332947:  Hold'em Limit ($3/$6 USD) - 2017/10/10 22:17:44 ET
Table 'Argelander' 10-max Seat #3 is the button
Seat 2: GlamDragon ($161.65 in chips)
Seat 3: LouisB ($95.96 in chips)
LouisB: posts small blind $1
GlamDragon: posts big blind $3
*** HOLE CARDS ***
LouisB: raises $3 to $6
GlamDragon: calls $3
*** FLOP *** [7d Jd 8d]
GlamDragon: checks
LouisB: checks
*** TURN *** [7d Jd 8d] [6h]
Chessnok leaves the table
GlamDragon: bets $6
LouisB: raises $6 to $12
GlamDragon: calls $6
*** RIVER *** [7d Jd 8d 6h] [5h]
GlamDragon: checks
LouisB: bets $6
GlamDragon: calls $6
*** SHOW DOWN ***
LouisB: shows [7h 6c] (two pair, Sevens and Sixes)
GlamDragon: shows [9c 8h] (a straight, Five to Nine)
GlamDragon collected $47.50 from pot
*** SUMMARY ***
Total pot $48 | Rake $0.50
Board [7d Jd 8d 6h 5h]
Seat 2: GlamDragon (big blind) showed [9c 8h] and won ($47.50) with a straight, Five to Nine
Seat 3: LouisB (button) (small blind) showed [7h 6c] and lost with two pair, Sevens and Sixes


PokerStars Hand #176762338117:  Hold'em Limit ($3/$6 USD) - 2017/10/10 22:17:59 ET
Table 'Argelander' 10-max Seat #2 is the button
Seat 2: GlamDragon ($185.15 in chips)
Seat 3: LouisB ($71.96 in chips)
GlamDragon: posts small blind $1
LouisB: posts big blind $3
*** HOLE CARDS ***
GlamDragon: folds
Uncalled bet ($2) returned to LouisB
LouisB collected $2 from pot
LouisB: doesn't show hand
*** SUMMARY ***
Total pot $2 | Rake $0
Seat 2: GlamDragon (button) (small blind) folded before Flop
Seat 3: LouisB (big blind) collected ($2)


PokerStars Hand #176762369788:  Hold'em Limit ($3/$6 USD) - 2017/10/10 22:19:34 ET
Table 'Argelander' 10-max Seat #3 is the button
Seat 2: GlamDragon ($189.67 in chips)
Seat 3: LouisB ($65.96 in chips)
LouisB: posts small blind $1
GlamDragon: posts big blind $3
*** HOLE CARDS ***
LouisB: raises $3 to $6
GlamDragon: folds
Uncalled bet ($3) returned to LouisB
LouisB collected $6 from pot
LouisB: doesn't show hand
*** SUMMARY ***
Total pot $6 | Rake $0
Seat 2: GlamDragon (big blind) folded before Flop
Seat 3: LouisB (button) (small blind) collected ($6)


PokerStars Hand #176762357942:  Hold'em Limit ($3/$6 USD) - 2017/10/10 22:18:59 ET
Table 'Argelander' 10-max Seat #2 is the button
Seat 2: GlamDragon ($178.15 in chips)
Seat 5: CharginWapos ($70.45 in chips)
GlamDragon: posts small blind $1
LouisB: is sitting out
CharginWapos: posts big blind $3
*** HOLE CARDS ***
GlamDragon: raises $3 to $6
CharginWapos: raises $3 to $9
GlamDragon: calls $3
*** FLOP *** [Td 6h 7h]
CharginWapos: bets $3
GlamDragon: calls $3
*** TURN *** [Td 6h 7h] [9h]
CharginWapos: checks
GlamDragon: checks
*** RIVER *** [Td 6h 7h 9h] [9c]
CharginWapos: checks
GlamDragon: checks
*** SHOW DOWN ***
CharginWapos: shows [Ad Jh] (a pair of Nines)
GlamDragon: shows [3c 6c] (two pair, Nines and Sixes)
GlamDragon collected $23.52 from pot
*** SUMMARY ***
Total pot $24 | Rake $0.48
Board [Td 6h 7h 9h 9c]
Seat 2: GlamDragon (button) (small blind) showed [3c 6c] and won ($23.52) with two pair, Nines and Sixes
Seat 5: CharginWapos (big blind) showed [Ad Jh] and lost with a pair of Nines


PokerStars Hand #176762372906:  Hold'em Limit ($3/$6 USD) - 2017/10/10 22:19:44 ET
Table 'Argelander' 10-max Seat #2 is the button
Seat 2: GlamDragon ($186.67 in chips)
Seat 3: LouisB ($68.96 in chips)
GlamDragon: posts small blind $1
LouisB: posts big blind $3
*** HOLE CARDS ***
GlamDragon: raises $3 to $6
LouisB: folds
Uncalled bet ($3) returned to GlamDragon
GlamDragon collected $6 from pot
GlamDragon: doesn't show hand
*** SUMMARY ***
Total pot $6 | Rake $0
Seat 2: GlamDragon (button) (small blind) collected ($6)
Seat 3: LouisB (big blind) folded before Flop


PokerStars Hand #176762379573:  Hold'em Limit ($3/$6 USD) - 2017/10/10 22:20:04 ET
Table 'Argelander' 10-max Seat #3 is the button
Seat 2: GlamDragon ($189.67 in chips)
Seat 3: LouisB ($65.96 in chips)
LouisB: posts small blind $1
GlamDragon: posts big blind $3
*** HOLE CARDS ***
LouisB: folds
Uncalled bet ($2) returned to GlamDragon
GlamDragon collected $2 from pot
GlamDragon: doesn't show hand
LouisB leaves the table
*** SUMMARY ***
Total pot $2 | Rake $0
Seat 2: GlamDragon (big blind) collected ($2)
Seat 3: LouisB (button) (small blind) folded before Flop


