PokerStars Hand #156779226409:  Hold'em Limit ($3/$6 USD) - 2016/08/02 15:23:15 ET
Table 'Argelander II' 6-max Seat #4 is the button
Seat 4: Zubasa07 ($483 in chips)
Seat 5: hairy1961 ($76.50 in chips)
Zubasa07: posts small blind $1
hairy1961: posts big blind $3
*** HOLE CARDS ***
Zubasa07: raises $3 to $6
hairy1961: folds
Uncalled bet ($3) returned to Zubasa07
Zubasa07 collected $6 from pot
Zubasa07: doesn't show hand
*** SUMMARY ***
Total pot $6 | Rake $0
Seat 4: Zubasa07 (button) (small blind) collected ($6)
Seat 5: hairy1961 (big blind) folded before Flop


PokerStars Hand #156779222183:  Hold'em Limit ($3/$6 USD) - 2016/08/02 15:23:10 ET
Table 'Argelander II' 6-max Seat #5 is the button
Seat 4: Zubasa07 ($482 in chips)
Seat 5: hairy1961 ($77.50 in chips)
hairy1961: posts small blind $1
Zubasa07: posts big blind $3
*** HOLE CARDS ***
hairy1961: folds
Uncalled bet ($2) returned to Zubasa07
Zubasa07 collected $2 from pot
Zubasa07: doesn't show hand
*** SUMMARY ***
Total pot $2 | Rake $0
Seat 4: Zubasa07 (big blind) collected ($2)
Seat 5: hairy1961 (button) (small blind) folded before Flop


PokerStars Hand #156779163693:  Hold'em Limit ($3/$6 USD) - 2016/08/02 15:22:01 ET
Table 'Argelander II' 6-max Seat #4 is the button
Seat 4: Zubasa07 ($500 in chips)
Seat 5: hairy1961 ($60 in chips)
Zubasa07: posts small blind $1
hairy1961: posts big blind $3
*** HOLE CARDS ***
Zubasa07: raises $3 to $6
hairy1961: calls $3
*** FLOP *** [8h 3c Qs]
hairy1961: checks
Zubasa07: bets $3
hairy1961: raises $3 to $6
Zubasa07: calls $3
*** TURN *** [8h 3c Qs] [4s]
hairy1961: bets $6
Zubasa07: calls $6
*** RIVER *** [8h 3c Qs 4s] [3d]
hairy1961: bets $6
Zubasa07: folds
Uncalled bet ($6) returned to hairy1961
hairy1961 collected $35.50 from pot
*** SUMMARY ***
Total pot $36 | Rake $0.50
Board [8h 3c Qs 4s 3d]
Seat 4: Zubasa07 (button) (small blind) folded on the River
Seat 5: hairy1961 (big blind) collected ($35.50)


PokerStars Hand #156779289618:  Hold'em Limit ($3/$6 USD) - 2016/08/02 15:24:29 ET
Table 'Argelander II' 6-max Seat #5 is the button
Seat 4: Zubasa07 ($473 in chips)
Seat 5: hairy1961 ($86.02 in chips)
hairy1961: posts small blind $1
Zubasa07: posts big blind $3
*** HOLE CARDS ***
hairy1961: folds
Uncalled bet ($2) returned to Zubasa07
Zubasa07 collected $2 from pot
Zubasa07: doesn't show hand
*** SUMMARY ***
Total pot $2 | Rake $0
Seat 4: Zubasa07 (big blind) collected ($2)
Seat 5: hairy1961 (button) (small blind) folded before Flop


PokerStars Hand #156779279914:  Hold'em Limit ($3/$6 USD) - 2016/08/02 15:24:18 ET
Table 'Argelander II' 6-max Seat #4 is the button
Seat 4: Zubasa07 ($470 in chips)
Seat 5: hairy1961 ($89.02 in chips)
Zubasa07: posts small blind $1
hairy1961: posts big blind $3
*** HOLE CARDS ***
Zubasa07: raises $3 to $6
hairy1961: folds
Uncalled bet ($3) returned to Zubasa07
Zubasa07 collected $6 from pot
Zubasa07: doesn't show hand
*** SUMMARY ***
Total pot $6 | Rake $0
Seat 4: Zubasa07 (button) (small blind) collected ($6)
Seat 5: hairy1961 (big blind) folded before Flop


PokerStars Hand #156779273213:  Hold'em Limit ($3/$6 USD) - 2016/08/02 15:24:10 ET
Table 'Argelander II' 6-max Seat #5 is the button
Seat 4: Zubasa07 ($473 in chips)
Seat 5: hairy1961 ($86.02 in chips)
hairy1961: posts small blind $1
Zubasa07: posts big blind $3
*** HOLE CARDS ***
hairy1961: raises $3 to $6
Zubasa07: folds
Uncalled bet ($3) returned to hairy1961
hairy1961 collected $6 from pot
hairy1961: doesn't show hand
*** SUMMARY ***
Total pot $6 | Rake $0
Seat 4: Zubasa07 (big blind) folded before Flop
Seat 5: hairy1961 (button) (small blind) collected ($6)


PokerStars Hand #156779268606:  Hold'em Limit ($3/$6 USD) - 2016/08/02 15:24:04 ET
Table 'Argelander II' 6-max Seat #4 is the button
Seat 4: Zubasa07 ($474 in chips)
Seat 5: hairy1961 ($85.02 in chips)
Zubasa07: posts small blind $1
hairy1961: posts big blind $3
*** HOLE CARDS ***
Zubasa07: folds
Uncalled bet ($2) returned to hairy1961
hairy1961 collected $2 from pot
*** SUMMARY ***
Total pot $2 | Rake $0
Seat 4: Zubasa07 (button) (small blind) folded before Flop
Seat 5: hairy1961 (big blind) collected ($2)


PokerStars Hand #156779231445:  Hold'em Limit ($3/$6 USD) - 2016/08/02 15:23:20 ET
Table 'Argelander II' 6-max Seat #5 is the button
Seat 4: Zubasa07 ($486 in chips)
Seat 5: hairy1961 ($73.50 in chips)
hairy1961: posts small blind $1
Zubasa07: posts big blind $3
*** HOLE CARDS ***
hairy1961: raises $3 to $6
Zubasa07: raises $3 to $9
hairy1961: calls $3
*** FLOP *** [2h Qd 3s]
Zubasa07: bets $3
hairy1961: calls $3
*** TURN *** [2h Qd 3s] [Kh]
Zubasa07: checks
hairy1961: checks
*** RIVER *** [2h Qd 3s Kh] [4s]
Zubasa07: checks
hairy1961: bets $6
Zubasa07: folds
Uncalled bet ($6) returned to hairy1961
hairy1961 collected $23.52 from pot
*** SUMMARY ***
Total pot $24 | Rake $0.48
Board [2h Qd 3s Kh 4s]
Seat 4: Zubasa07 (big blind) folded on the River
Seat 5: hairy1961 (button) (small blind) collected ($23.52)


PokerStars Hand #156779294061:  Hold'em Limit ($3/$6 USD) - 2016/08/02 15:24:34 ET
Table 'Argelander II' 6-max Seat #4 is the button
Seat 4: Zubasa07 ($474 in chips)
Seat 5: hairy1961 ($85.02 in chips)
Zubasa07: posts small blind $1
hairy1961: posts big blind $3
*** HOLE CARDS ***
Zubasa07: raises $3 to $6
hairy1961: calls $3
*** FLOP *** [Ac Ah 3s]
hairy1961: checks
Zubasa07: bets $3
hairy1961: calls $3
*** TURN *** [Ac Ah 3s] [8d]
hairy1961: checks
Zubasa07: bets $6
hairy1961: calls $6
*** RIVER *** [Ac Ah 3s 8d] [Jc]
hairy1961: checks
Zubasa07: bets $6
hairy1961: calls $6
*** SHOW DOWN ***
Zubasa07: shows [4d Ad] (three of a kind, Aces)
hairy1961: mucks hand
Zubasa07 collected $41.50 from pot
*** SUMMARY ***
Total pot $42 | Rake $0.50
Board [Ac Ah 3s 8d Jc]
Seat 4: Zubasa07 (button) (small blind) showed [4d Ad] and won ($41.50) with three of a kind, Aces
Seat 5: hairy1961 (big blind) mucked


PokerStars Hand #156779376380:  Hold'em Limit ($3/$6 USD) - 2016/08/02 15:26:12 ET
Table 'Argelander II' 6-max Seat #5 is the button
Seat 4: Zubasa07 ($535 in chips)
Seat 5: hairy1961 ($23.02 in chips)
hairy1961: posts small blind $1
Zubasa07: posts big blind $3
*** HOLE CARDS ***
hairy1961: folds
Uncalled bet ($2) returned to Zubasa07
Zubasa07 collected $2 from pot
Zubasa07: doesn't show hand
*** SUMMARY ***
Total pot $2 | Rake $0
Seat 4: Zubasa07 (big blind) collected ($2)
Seat 5: hairy1961 (button) (small blind) folded before Flop


PokerStars Hand #156779363607:  Hold'em Limit ($3/$6 USD) - 2016/08/02 15:25:57 ET
Table 'Argelander II' 6-max Seat #4 is the button
Seat 4: Zubasa07 ($536 in chips)
Seat 5: hairy1961 ($22.02 in chips)
Zubasa07: posts small blind $1
hairy1961: posts big blind $3
*** HOLE CARDS ***
Zubasa07: folds
Uncalled bet ($2) returned to hairy1961
hairy1961 collected $2 from pot
hairy1961: doesn't show hand
*** SUMMARY ***
Total pot $2 | Rake $0
Seat 4: Zubasa07 (button) (small blind) folded before Flop
Seat 5: hairy1961 (big blind) collected ($2)


PokerStars Hand #156779318397:  Hold'em Limit ($3/$6 USD) - 2016/08/02 15:25:03 ET
Table 'Argelander II' 6-max Seat #5 is the button
Seat 4: Zubasa07 ($494.50 in chips)
Seat 5: hairy1961 ($64.02 in chips)
hairy1961: posts small blind $1
Zubasa07: posts big blind $3
*** HOLE CARDS ***
hairy1961: raises $3 to $6
Zubasa07: raises $3 to $9
hairy1961: calls $3
*** FLOP *** [Qh 5s 8h]
Zubasa07: bets $3
hairy1961: calls $3
*** TURN *** [Qh 5s 8h] [9h]
Zubasa07: bets $6
hairy1961: raises $6 to $12
Zubasa07: raises $6 to $18
hairy1961: calls $6
*** RIVER *** [Qh 5s 8h 9h] [Js]
Zubasa07: bets $6
hairy1961: raises $6 to $12
Zubasa07: calls $6
*** SHOW DOWN ***
hairy1961: shows [Td 6d] (a straight, Eight to Queen)
Zubasa07: shows [7h 5h] (a flush, Queen high)
Zubasa07 collected $83.50 from pot
*** SUMMARY ***
Total pot $84 | Rake $0.50
Board [Qh 5s 8h 9h Js]
Seat 4: Zubasa07 (big blind) showed [7h 5h] and won ($83.50) with a flush, Queen high
Seat 5: hairy1961 (button) (small blind) showed [Td 6d] and lost with a straight, Eight to Queen


PokerStars Hand #156779402345:  Hold'em Limit ($3/$6 USD) - 2016/08/02 15:26:42 ET
Table 'Argelander II' 6-max Seat #4 is the button
Seat 4: Zubasa07 ($525 in chips)
Seat 5: hairy1961 ($32.54 in chips)
Zubasa07: posts small blind $1
hairy1961: posts big blind $3
*** HOLE CARDS ***
Zubasa07: raises $3 to $6
hairy1961: calls $3
*** FLOP *** [8c Ts 7h]
hairy1961: bets $3
Zubasa07: calls $3
*** TURN *** [8c Ts 7h] [6c]
hairy1961: bets $6
Zubasa07: calls $6
*** RIVER *** [8c Ts 7h 6c] [Jd]
hairy1961: bets $6
yayaya joins the table at seat #1
Zubasa07: calls $6
*** SHOW DOWN ***
hairy1961: shows [8s 6d] (two pair, Eights and Sixes)
Zubasa07: mucks hand
hairy1961 collected $41.50 from pot
*** SUMMARY ***
Total pot $42 | Rake $0.50
Board [8c Ts 7h 6c Jd]
Seat 4: Zubasa07 (button) (small blind) mucked
Seat 5: hairy1961 (big blind) showed [8s 6d] and won ($41.50) with two pair, Eights and Sixes


PokerStars Hand #156779397866:  Hold'em Limit ($3/$6 USD) - 2016/08/02 15:26:37 ET
Table 'Argelander II' 6-max Seat #5 is the button
Seat 4: Zubasa07 ($524 in chips)
Seat 5: hairy1961 ($33.54 in chips)
hairy1961: posts small blind $1
Zubasa07: posts big blind $3
*** HOLE CARDS ***
hairy1961: folds
Uncalled bet ($2) returned to Zubasa07
Zubasa07 collected $2 from pot
Zubasa07: doesn't show hand
*** SUMMARY ***
Total pot $2 | Rake $0
Seat 4: Zubasa07 (big blind) collected ($2)
Seat 5: hairy1961 (button) (small blind) folded before Flop


PokerStars Hand #156779380987:  Hold'em Limit ($3/$6 USD) - 2016/08/02 15:26:17 ET
Table 'Argelander II' 6-max Seat #4 is the button
Seat 4: Zubasa07 ($536 in chips)
Seat 5: hairy1961 ($22.02 in chips)
Zubasa07: posts small blind $1
hairy1961: posts big blind $3
*** HOLE CARDS ***
Zubasa07: raises $3 to $6
hairy1961: raises $3 to $9
Zubasa07: calls $3
*** FLOP *** [4h 2c Js]
hairy1961: bets $3
Zubasa07: calls $3
*** TURN *** [4h 2c Js] [6h]
hairy1961: bets $6
Zubasa07: folds
Uncalled bet ($6) returned to hairy1961
hairy1961 collected $23.52 from pot
hairy1961: doesn't show hand
*** SUMMARY ***
Total pot $24 | Rake $0.48
Board [4h 2c Js 6h]
Seat 4: Zubasa07 (button) (small blind) folded on the Turn
Seat 5: hairy1961 (big blind) collected ($23.52)


PokerStars Hand #156779910940:  Hold'em Limit ($3/$6 USD) - 2016/08/02 15:36:30 ET
Table 'Argelander II' 6-max Seat #3 is the button
Seat 2: HeinzelZwerg ($61.32 in chips)
Seat 3: ValeryRon ($107 in chips)
ValeryRon: posts small blind $1
Zubasa07: is sitting out
HeinzelZwerg: posts big blind $3
*** HOLE CARDS ***
ValeryRon: folds
Uncalled bet ($2) returned to HeinzelZwerg
HeinzelZwerg collected $2 from pot
HeinzelZwerg: doesn't show hand
*** SUMMARY ***
Total pot $2 | Rake $0
Seat 2: HeinzelZwerg (big blind) collected ($2)
Seat 3: ValeryRon (button) (small blind) folded before Flop


