PokerStars Hand #150441648406:  Hold'em Limit ($3/$6 USD) - 2016/03/16 11:17:37 ET
Table 'Ariadne' 6-max Seat #1 is the button
Seat 1: partyalex92 ($75.38 in chips)
Seat 2: Ale4o ($130.52 in chips)
partyalex92: posts small blind $1
Ale4o: posts big blind $3
*** HOLE CARDS ***
partyalex92: folds
Uncalled bet ($2) returned to Ale4o
Psynto joins the table at seat #3
Ale4o collected $2 from pot
Ale4o: doesn't show hand
*** SUMMARY ***
Total pot $2 | Rake $0
Seat 1: partyalex92 (button) (small blind) folded before Flop
Seat 2: Ale4o (big blind) collected ($2)


PokerStars Hand #150441645360:  Hold'em Limit ($3/$6 USD) - 2016/03/16 11:17:33 ET
Table 'Ariadne' 6-max Seat #2 is the button
Seat 1: partyalex92 ($74.38 in chips)
Seat 2: Ale4o ($131.52 in chips)
Ale4o: posts small blind $1
partyalex92: posts big blind $3
*** HOLE CARDS ***
Ale4o: folds
Uncalled bet ($2) returned to partyalex92
partyalex92 collected $2 from pot
*** SUMMARY ***
Total pot $2 | Rake $0
Seat 1: partyalex92 (big blind) collected ($2)
Seat 2: Ale4o (button) (small blind) folded before Flop


PokerStars Hand #150441636085:  Hold'em Limit ($3/$6 USD) - 2016/03/16 11:17:19 ET
Table 'Ariadne' 6-max Seat #1 is the button
Seat 1: partyalex92 ($86.38 in chips)
Seat 2: Ale4o ($120 in chips)
partyalex92: posts small blind $1
Ale4o: posts big blind $3
*** HOLE CARDS ***
partyalex92: raises $3 to $6
Ale4o: calls $3
*** FLOP *** [8d 7d Kd]
Ale4o: checks
partyalex92: bets $3
Ale4o: raises $3 to $6
partyalex92: calls $3
*** TURN *** [8d 7d Kd] [Th]
Ale4o: bets $6
partyalex92: folds
Uncalled bet ($6) returned to Ale4o
Ale4o collected $23.52 from pot
Ale4o: doesn't show hand
*** SUMMARY ***
Total pot $24 | Rake $0.48
Board [8d 7d Kd Th]
Seat 1: partyalex92 (button) (small blind) folded on the Turn
Seat 2: Ale4o (big blind) collected ($23.52)


PokerStars Hand #150442464920:  Hold'em Limit ($3/$6 USD) - 2016/03/16 11:36:45 ET
Table 'Ariadne' 6-max Seat #4 is the button
Seat 3: belik555 ($91.74 in chips)
Seat 4: glottis88 ($189.23 in chips)
glottis88: posts small blind $1
B_loJkl: is sitting out
belik555: posts big blind $3
*** HOLE CARDS ***
glottis88: calls $2
belik555: raises $3 to $6
glottis88: calls $3
*** FLOP *** [Td 3d Ts]
B_loJkl leaves the table
belik555: bets $3
B_loJkl joins the table at seat #5
glottis88: folds
Uncalled bet ($3) returned to belik555
belik555 collected $11.76 from pot
belik555: doesn't show hand
glottis88 leaves the table
*** SUMMARY ***
Total pot $12 | Rake $0.24
Board [Td 3d Ts]
Seat 3: belik555 (big blind) collected ($11.76)
Seat 4: glottis88 (button) (small blind) folded on the Flop


PokerStars Hand #150442479365:  Hold'em Limit ($3/$6 USD) - 2016/03/16 11:37:05 ET
Table 'Ariadne' 6-max Seat #3 is the button
Seat 3: belik555 ($97.50 in chips)
Seat 5: B_loJkl ($150 in chips)
belik555: posts small blind $1
B_loJkl: posts big blind $3
*** HOLE CARDS ***
belik555: raises $3 to $6
B_loJkl: calls $3
*** FLOP *** [Ah 2s 6c]
B_loJkl: checks
belik555: bets $3
B_loJkl: calls $3
*** TURN *** [Ah 2s 6c] [4c]
B_loJkl: checks
belik555: bets $6
B_loJkl: calls $6
*** RIVER *** [Ah 2s 6c 4c] [3d]
B_loJkl: checks
belik555: bets $6
B_loJkl: folds
Uncalled bet ($6) returned to belik555
belik555 collected $29.50 from pot
belik555: doesn't show hand
*** SUMMARY ***
Total pot $30 | Rake $0.50
Board [Ah 2s 6c 4c 3d]
Seat 3: belik555 (button) (small blind) collected ($29.50)
Seat 5: B_loJkl (big blind) folded on the River


