PokerStars Hand #170091888067:  Hold'em Limit ($3/$6 USD) - 2017/05/07 14:41:26 ET
Table 'Ariadne II' 6-max Seat #3 is the button
Seat 3: kismespit ($26.63 in chips)
Seat 4: Agrotait ($92.25 in chips)
kismespit: posts small blind $1
Agrotait: posts big blind $3
*** HOLE CARDS ***
kismespit: raises $3 to $6
Agrotait: folds
Uncalled bet ($3) returned to kismespit
kismespit collected $6 from pot
*** SUMMARY ***
Total pot $6 | Rake $0
Seat 3: kismespit (button) (small blind) collected ($6)
Seat 4: Agrotait (big blind) folded before Flop


PokerStars Hand #170091846782:  Hold'em Limit ($3/$6 USD) - 2017/05/07 14:40:43 ET
Table 'Ariadne II' 6-max Seat #4 is the button
Seat 3: kismespit ($47.63 in chips)
Seat 4: Agrotait ($71.75 in chips)
Agrotait: posts small blind $1
kismespit: posts big blind $3
*** HOLE CARDS ***
Agrotait: raises $3 to $6
Rednaxela05 joins the table at seat #5
kismespit: raises $3 to $9
Agrotait: calls $3
*** FLOP *** [4d Qh Td]
kismespit: checks
Agrotait: checks
*** TURN *** [4d Qh Td] [4c]
kismespit: bets $6
Agrotait: calls $6
*** RIVER *** [4d Qh Td 4c] [6s]
kismespit: bets $6
Agrotait: raises $6 to $12
kismespit: folds
Uncalled bet ($6) returned to Agrotait
Agrotait collected $41.50 from pot
Agrotait: doesn't show hand
*** SUMMARY ***
Total pot $42 | Rake $0.50
Board [4d Qh Td 4c 6s]
Seat 3: kismespit (big blind) folded on the River
Seat 4: Agrotait (button) (small blind) collected ($41.50)


PokerStars Hand #170091803624:  Hold'em Limit ($3/$6 USD) - 2017/05/07 14:39:59 ET
Table 'Ariadne II' 6-max Seat #3 is the button
Seat 3: kismespit ($47.88 in chips)
Seat 4: Agrotait ($72 in chips)
kismespit: posts small blind $1
Agrotait: posts big blind $3
*** HOLE CARDS ***
kismespit: raises $3 to $6
Agrotait: calls $3
*** FLOP *** [2d Jd Ad]
Agrotait: checks
kismespit: bets $3
Agrotait: calls $3
*** TURN *** [2d Jd Ad] [6s]
Agrotait: checks
kismespit: bets $6
Agrotait: calls $6
*** RIVER *** [2d Jd Ad 6s] [6h]
Agrotait: checks
kismespit: bets $6
Agrotait: calls $6
*** SHOW DOWN ***
kismespit: shows [Jc 9d] (two pair, Jacks and Sixes)
Agrotait: shows [Js 4d] (two pair, Jacks and Sixes)
Agrotait collected $20.75 from pot
kismespit collected $20.75 from pot
*** SUMMARY ***
Total pot $42 | Rake $0.50
Board [2d Jd Ad 6s 6h]
Seat 3: kismespit (button) (small blind) showed [Jc 9d] and won ($20.75) with two pair, Jacks and Sixes
Seat 4: Agrotait (big blind) showed [Js 4d] and won ($20.75) with two pair, Jacks and Sixes


