PokerStars Hand #151825510250:  Hold'em Limit ($3/$6 USD) - 2016/04/12 15:57:14 ET
Table 'Ariadne II' 6-max Seat #3 is the button
Seat 3: melyh82 ($99.26 in chips)
Seat 4: AzureCaper ($72 in chips)
melyh82: posts small blind $1
AzureCaper: posts big blind $3
*** HOLE CARDS ***
melyh82: raises $3 to $6
AzureCaper: calls $3
*** FLOP *** [Ah Jh 7c]
AzureCaper: checks
melyh82: bets $3
AzureCaper: folds
Uncalled bet ($3) returned to melyh82
melyh82 collected $11.76 from pot
*** SUMMARY ***
Total pot $12 | Rake $0.24
Board [Ah Jh 7c]
Seat 3: melyh82 (button) (small blind) collected ($11.76)
Seat 4: AzureCaper (big blind) folded on the Flop


PokerStars Hand #151825486373:  Hold'em Limit ($3/$6 USD) - 2016/04/12 15:56:40 ET
Table 'Ariadne II' 6-max Seat #4 is the button
Seat 3: melyh82 ($75.76 in chips)
Seat 4: AzureCaper ($72 in chips)
AzureCaper: posts small blind $1
melyh82: posts big blind $3
*** HOLE CARDS ***
AzureCaper: raises $3 to $6
melyh82: calls $3
*** FLOP *** [Jd 2h 7h]
melyh82: checks
AzureCaper: bets $3
melyh82: raises $3 to $6
AzureCaper: calls $3
*** TURN *** [Jd 2h 7h] [4c]
melyh82: bets $6
AzureCaper: calls $6
*** RIVER *** [Jd 2h 7h 4c] [8c]
melyh82: bets $6
AzureCaper: calls $6
*** SHOW DOWN ***
melyh82: shows [Qd Jh] (a pair of Jacks)
AzureCaper: mucks hand
melyh82 collected $47.50 from pot
*** SUMMARY ***
Total pot $48 | Rake $0.50
Board [Jd 2h 7h 4c 8c]
Seat 3: melyh82 (big blind) showed [Qd Jh] and won ($47.50) with a pair of Jacks
Seat 4: AzureCaper (button) (small blind) mucked


PokerStars Hand #151825552051:  Hold'em Limit ($3/$6 USD) - 2016/04/12 15:58:14 ET
Table 'Ariadne II' 6-max Seat #3 is the button
Seat 3: melyh82 ($123.30 in chips)
Seat 4: AzureCaper ($72 in chips)
melyh82: posts small blind $1
AzureCaper: posts big blind $3
*** HOLE CARDS ***
melyh82: raises $3 to $6
AzureCaper: folds
Uncalled bet ($3) returned to melyh82
melyh82 collected $6 from pot
*** SUMMARY ***
Total pot $6 | Rake $0
Seat 3: melyh82 (button) (small blind) collected ($6)
Seat 4: AzureCaper (big blind) folded before Flop


PokerStars Hand #151825541561:  Hold'em Limit ($3/$6 USD) - 2016/04/12 15:57:59 ET
Table 'Ariadne II' 6-max Seat #4 is the button
Seat 3: melyh82 ($111.78 in chips)
Seat 4: AzureCaper ($72 in chips)
AzureCaper: posts small blind $1
melyh82: posts big blind $3
*** HOLE CARDS ***
AzureCaper: raises $3 to $6
melyh82: calls $3
*** FLOP *** [5d 2s 4s]
melyh82: checks
AzureCaper: bets $3
melyh82: raises $3 to $6
AzureCaper: calls $3
*** TURN *** [5d 2s 4s] [5h]
melyh82: bets $6
AzureCaper: folds
Uncalled bet ($6) returned to melyh82
melyh82 collected $23.52 from pot
*** SUMMARY ***
Total pot $24 | Rake $0.48
Board [5d 2s 4s 5h]
Seat 3: melyh82 (big blind) collected ($23.52)
Seat 4: AzureCaper (button) (small blind) folded on the Turn


PokerStars Hand #151825523053:  Hold'em Limit ($3/$6 USD) - 2016/04/12 15:57:33 ET
Table 'Ariadne II' 6-max Seat #3 is the button
Seat 3: melyh82 ($106.02 in chips)
Seat 4: AzureCaper ($72 in chips)
melyh82: posts small blind $1
AzureCaper: posts big blind $3
*** HOLE CARDS ***
melyh82: raises $3 to $6
AzureCaper: calls $3
*** FLOP *** [8d Qd Jh]
AzureCaper: checks
melyh82: checks
*** TURN *** [8d Qd Jh] [5s]
AzureCaper: checks
melyh82: checks
*** RIVER *** [8d Qd Jh 5s] [7d]
AzureCaper: checks
melyh82: checks
*** SHOW DOWN ***
AzureCaper: shows [3c Ac] (high card Ace)
melyh82: shows [4s 4d] (a pair of Fours)
melyh82 collected $11.76 from pot
*** SUMMARY ***
Total pot $12 | Rake $0.24
Board [8d Qd Jh 5s 7d]
Seat 3: melyh82 (button) (small blind) showed [4s 4d] and won ($11.76) with a pair of Fours
Seat 4: AzureCaper (big blind) showed [3c Ac] and lost with high card Ace


PokerStars Hand #151825519370:  Hold'em Limit ($3/$6 USD) - 2016/04/12 15:57:27 ET
Table 'Ariadne II' 6-max Seat #4 is the button
Seat 3: melyh82 ($105.02 in chips)
Seat 4: AzureCaper ($72 in chips)
AzureCaper: posts small blind $1
melyh82: posts big blind $3
*** HOLE CARDS ***
AzureCaper: folds
Uncalled bet ($2) returned to melyh82
melyh82 collected $2 from pot
*** SUMMARY ***
Total pot $2 | Rake $0
Seat 3: melyh82 (big blind) collected ($2)
Seat 4: AzureCaper (button) (small blind) folded before Flop


PokerStars Hand #151825593182:  Hold'em Limit ($3/$6 USD) - 2016/04/12 15:59:13 ET
Table 'Ariadne II' 6-max Seat #3 is the button
Seat 3: melyh82 ($171.44 in chips)
Seat 4: AzureCaper ($72 in chips)
melyh82: posts small blind $1
AzureCaper: posts big blind $3
*** HOLE CARDS ***
melyh82: raises $3 to $6
AzureCaper: calls $3
*** FLOP *** [2d 7d Jc]
AzureCaper: checks
melyh82: checks
*** TURN *** [2d 7d Jc] [4s]
AzureCaper: bets $6
melyh82: calls $6
*** RIVER *** [2d 7d Jc 4s] [5d]
AzureCaper: bets $6
melyh82: raises $6 to $12
AzureCaper: folds
Uncalled bet ($6) returned to melyh82
melyh82 collected $35.50 from pot
*** SUMMARY ***
Total pot $36 | Rake $0.50
Board [2d 7d Jc 4s 5d]
Seat 3: melyh82 (button) (small blind) collected ($35.50)
Seat 4: AzureCaper (big blind) folded on the River


PokerStars Hand #151825588992:  Hold'em Limit ($3/$6 USD) - 2016/04/12 15:59:07 ET
Table 'Ariadne II' 6-max Seat #4 is the button
Seat 3: melyh82 ($170.44 in chips)
Seat 4: AzureCaper ($72 in chips)
AzureCaper: posts small blind $1
melyh82: posts big blind $3
*** HOLE CARDS ***
AzureCaper: folds
Uncalled bet ($2) returned to melyh82
melyh82 collected $2 from pot
*** SUMMARY ***
Total pot $2 | Rake $0
Seat 3: melyh82 (big blind) collected ($2)
Seat 4: AzureCaper (button) (small blind) folded before Flop


PokerStars Hand #151825578001:  Hold'em Limit ($3/$6 USD) - 2016/04/12 15:58:51 ET
Table 'Ariadne II' 6-max Seat #3 is the button
Seat 3: melyh82 ($134.94 in chips)
Seat 4: AzureCaper ($72 in chips)
melyh82: posts small blind $1
AzureCaper: posts big blind $3
*** HOLE CARDS ***
melyh82: raises $3 to $6
AzureCaper: raises $3 to $9
melyh82: calls $3
*** FLOP *** [4c 9s Ks]
AzureCaper: bets $3
melyh82: calls $3
*** TURN *** [4c 9s Ks] [Tc]
AzureCaper: bets $6
melyh82: raises $6 to $12
AzureCaper: raises $6 to $18
melyh82: calls $6
*** RIVER *** [4c 9s Ks Tc] [Qc]
AzureCaper: bets $6
melyh82: calls $6
*** SHOW DOWN ***
AzureCaper: shows [Td 9h] (two pair, Tens and Nines)
melyh82: shows [4d Kh] (two pair, Kings and Fours)
melyh82 collected $71.50 from pot
*** SUMMARY ***
Total pot $72 | Rake $0.50
Board [4c 9s Ks Tc Qc]
Seat 3: melyh82 (button) (small blind) showed [4d Kh] and won ($71.50) with two pair, Kings and Fours
Seat 4: AzureCaper (big blind) showed [Td 9h] and lost with two pair, Tens and Nines


PokerStars Hand #151825561690:  Hold'em Limit ($3/$6 USD) - 2016/04/12 15:58:27 ET
Table 'Ariadne II' 6-max Seat #4 is the button
Seat 3: melyh82 ($126.30 in chips)
Seat 4: AzureCaper ($72 in chips)
AzureCaper: posts small blind $1
melyh82: posts big blind $3
*** HOLE CARDS ***
AzureCaper: raises $3 to $6
melyh82: calls $3
*** FLOP *** [Ad 2d Td]
melyh82: checks
AzureCaper: bets $3
melyh82: calls $3
*** TURN *** [Ad 2d Td] [4c]
melyh82: checks
AzureCaper: checks
*** RIVER *** [Ad 2d Td 4c] [3s]
melyh82: bets $6
AzureCaper: folds
Uncalled bet ($6) returned to melyh82
melyh82 collected $17.64 from pot
*** SUMMARY ***
Total pot $18 | Rake $0.36
Board [Ad 2d Td 4c 3s]
Seat 3: melyh82 (big blind) collected ($17.64)
Seat 4: AzureCaper (button) (small blind) folded on the River


PokerStars Hand #151825632612:  Hold'em Limit ($3/$6 USD) - 2016/04/12 16:00:09 ET
Table 'Ariadne II' 6-max Seat #4 is the button
Seat 3: melyh82 ($227.70 in chips)
Seat 4: AzureCaper ($72 in chips)
AzureCaper: posts small blind $1
melyh82: posts big blind $3
*** HOLE CARDS ***
AzureCaper: raises $3 to $6
melyh82: calls $3
*** FLOP *** [3d 6h 4h]
melyh82: checks
AzureCaper: bets $3
melyh82: calls $3
*** TURN *** [3d 6h 4h] [3h]
melyh82: checks
AzureCaper: bets $6
melyh82: calls $6
*** RIVER *** [3d 6h 4h 3h] [2s]
melyh82: bets $6
AzureCaper: calls $6
*** SHOW DOWN ***
melyh82: shows [Qs 7h] (a pair of Threes)
AzureCaper: shows [3c As] (three of a kind, Threes)
AzureCaper collected $41.50 from pot
*** SUMMARY ***
Total pot $42 | Rake $0.50
Board [3d 6h 4h 3h 2s]
Seat 3: melyh82 (big blind) showed [Qs 7h] and lost with a pair of Threes
Seat 4: AzureCaper (button) (small blind) showed [3c As] and won ($41.50) with three of a kind, Threes


PokerStars Hand #151825621341:  Hold'em Limit ($3/$6 USD) - 2016/04/12 15:59:53 ET
Table 'Ariadne II' 6-max Seat #3 is the button
Seat 3: melyh82 ($210.20 in chips)
Seat 4: AzureCaper ($72 in chips)
melyh82: posts small blind $1
AzureCaper: posts big blind $3
*** HOLE CARDS ***
melyh82: raises $3 to $6
AzureCaper: calls $3
*** FLOP *** [Ah Th 7c]
AzureCaper: checks
melyh82: checks
*** TURN *** [Ah Th 7c] [Ac]
AzureCaper: bets $6
melyh82: calls $6
*** RIVER *** [Ah Th 7c Ac] [Td]
AzureCaper: checks
melyh82: bets $6
AzureCaper: calls $6
*** SHOW DOWN ***
melyh82: shows [4c Ad] (a full house, Aces full of Tens)
AzureCaper: mucks hand
melyh82 collected $35.50 from pot
*** SUMMARY ***
Total pot $36 | Rake $0.50
Board [Ah Th 7c Ac Td]
Seat 3: melyh82 (button) (small blind) showed [4c Ad] and won ($35.50) with a full house, Aces full of Tens
Seat 4: AzureCaper (big blind) mucked


PokerStars Hand #151825618300:  Hold'em Limit ($3/$6 USD) - 2016/04/12 15:59:49 ET
Table 'Ariadne II' 6-max Seat #4 is the button
Seat 3: melyh82 ($209.20 in chips)
Seat 4: AzureCaper ($72 in chips)
AzureCaper: posts small blind $1
melyh82: posts big blind $3
*** HOLE CARDS ***
AzureCaper: folds
Uncalled bet ($2) returned to melyh82
melyh82 collected $2 from pot
*** SUMMARY ***
Total pot $2 | Rake $0
Seat 3: melyh82 (big blind) collected ($2)
Seat 4: AzureCaper (button) (small blind) folded before Flop


PokerStars Hand #151825612525:  Hold'em Limit ($3/$6 USD) - 2016/04/12 15:59:41 ET
Table 'Ariadne II' 6-max Seat #3 is the button
Seat 3: melyh82 ($203.44 in chips)
Seat 4: AzureCaper ($72 in chips)
melyh82: posts small blind $1
AzureCaper: posts big blind $3
*** HOLE CARDS ***
melyh82: raises $3 to $6
AzureCaper: calls $3
*** FLOP *** [6s 6h 7h]
AzureCaper: checks
melyh82: bets $3
AzureCaper: folds
Uncalled bet ($3) returned to melyh82
melyh82 collected $11.76 from pot
*** SUMMARY ***
Total pot $12 | Rake $0.24
Board [6s 6h 7h]
Seat 3: melyh82 (button) (small blind) collected ($11.76)
Seat 4: AzureCaper (big blind) folded on the Flop


PokerStars Hand #151825601920:  Hold'em Limit ($3/$6 USD) - 2016/04/12 15:59:25 ET
Table 'Ariadne II' 6-max Seat #4 is the button
Seat 3: melyh82 ($188.94 in chips)
Seat 4: AzureCaper ($72 in chips)
AzureCaper: posts small blind $1
melyh82: posts big blind $3
*** HOLE CARDS ***
AzureCaper: raises $3 to $6
melyh82: calls $3
*** FLOP *** [Ts Js 7d]
melyh82: checks
AzureCaper: bets $3
melyh82: calls $3
*** TURN *** [Ts Js 7d] [5s]
melyh82: checks
AzureCaper: bets $6
melyh82: calls $6
*** RIVER *** [Ts Js 7d 5s] [Ac]
melyh82: checks
AzureCaper: checks
*** SHOW DOWN ***
melyh82: shows [Qh Kh] (a straight, Ten to Ace)
AzureCaper: mucks hand
melyh82 collected $29.50 from pot
*** SUMMARY ***
Total pot $30 | Rake $0.50
Board [Ts Js 7d 5s Ac]
Seat 3: melyh82 (big blind) showed [Qh Kh] and won ($29.50) with a straight, Ten to Ace
Seat 4: AzureCaper (button) (small blind) mucked


PokerStars Hand #151825645150:  Hold'em Limit ($3/$6 USD) - 2016/04/12 16:00:26 ET
Table 'Ariadne II' 6-max Seat #3 is the button
Seat 3: melyh82 ($206.70 in chips)
Seat 4: AzureCaper ($92.50 in chips)
melyh82: posts small blind $1
AzureCaper: posts big blind $3
*** HOLE CARDS ***
melyh82: raises $3 to $6
AzureCaper: calls $3
*** FLOP *** [8s 2c 3s]
AzureCaper: checks
melyh82: bets $3
Hi Im Alexey joins the table at seat #5
AzureCaper: folds
Uncalled bet ($3) returned to melyh82
melyh82 collected $11.76 from pot
*** SUMMARY ***
Total pot $12 | Rake $0.24
Board [8s 2c 3s]
Seat 3: melyh82 (button) (small blind) collected ($11.76)
Seat 4: AzureCaper (big blind) folded on the Flop


PokerStars Hand #151825885632:  Hold'em Limit ($3/$6 USD) - 2016/04/12 16:05:09 ET
Table 'Ariadne II' 6-max Seat #6 is the button
Seat 4: AzureCaper ($80.07 in chips)
Seat 6: 200XPoNnieS ($140.35 in chips)
200XPoNnieS: posts small blind $1
AzureCaper: posts big blind $3
*** HOLE CARDS ***
200XPoNnieS: folds
Uncalled bet ($2) returned to AzureCaper
AzureCaper collected $2 from pot
AzureCaper: doesn't show hand
*** SUMMARY ***
Total pot $2 | Rake $0
Seat 4: AzureCaper (big blind) collected ($2)
Seat 6: 200XPoNnieS (button) (small blind) folded before Flop


