PokerStars Hand #167713156220:  Hold'em Limit ($3/$6 USD) - 2017/03/17 12:48:38 ET
Table 'Aribeda' 6-max Seat #3 is the button
Seat 3: mariefella ($77.21 in chips)
Seat 4: GRAILKO ($181.14 in chips)
mariefella: posts small blind $1
GRAILKO: posts big blind $3
*** HOLE CARDS ***
mariefella: raises $3 to $6
GRAILKO: folds
Uncalled bet ($3) returned to mariefella
mariefella collected $6 from pot
mariefella: doesn't show hand
*** SUMMARY ***
Total pot $6 | Rake $0
Seat 3: mariefella (button) (small blind) collected ($6)
Seat 4: GRAILKO (big blind) folded before Flop


PokerStars Hand #167713143557:  Hold'em Limit ($3/$6 USD) - 2017/03/17 12:48:19 ET
Table 'Aribeda' 6-max Seat #4 is the button
Seat 3: mariefella ($56.71 in chips)
Seat 4: GRAILKO ($202.14 in chips)
GRAILKO: posts small blind $1
mariefella: posts big blind $3
*** HOLE CARDS ***
GRAILKO: raises $3 to $6
mariefella: calls $3
*** FLOP *** [9c 4h 8c]
mariefella: checks
GRAILKO: bets $3
mariefella: calls $3
*** TURN *** [9c 4h 8c] [Ad]
mariefella: checks
GRAILKO: bets $6
mariefella: calls $6
*** RIVER *** [9c 4h 8c Ad] [Ts]
mariefella: checks
GRAILKO: bets $6
mariefella: calls $6
Jack_Wu1985 joins the table at seat #1
*** SHOW DOWN ***
GRAILKO: shows [2s Qd] (high card Ace)
mariefella: shows [Jd 4s] (a pair of Fours)
mariefella collected $41.50 from pot
*** SUMMARY ***
Total pot $42 | Rake $0.50
Board [9c 4h 8c Ad Ts]
Seat 3: mariefella (big blind) showed [Jd 4s] and won ($41.50) with a pair of Fours
Seat 4: GRAILKO (button) (small blind) showed [2s Qd] and lost with high card Ace


PokerStars Hand #167713420752:  Hold'em Limit ($3/$6 USD) - 2017/03/17 12:55:01 ET
Table 'Aribeda' 6-max Seat #4 is the button
Seat 2: vestimokrec ($103.92 in chips)
Seat 4: GRAILKO ($148.88 in chips)
GRAILKO: posts small blind $1
uglyghost101: is sitting out
Jack_Wu1985: is sitting out
vestimokrec: posts big blind $3
*** HOLE CARDS ***
GRAILKO: raises $3 to $6
Jack_Wu1985 leaves the table
uglyghost101 leaves the table
vestimokrec: calls $3
*** FLOP *** [3h 4d 6d]
vestimokrec: checks
GRAILKO: bets $3
vestimokrec: calls $3
*** TURN *** [3h 4d 6d] [Qs]
vestimokrec: checks
GRAILKO: bets $6
vestimokrec: folds
Uncalled bet ($6) returned to GRAILKO
GRAILKO collected $17.64 from pot
GRAILKO: doesn't show hand
*** SUMMARY ***
Total pot $18 | Rake $0.36
Board [3h 4d 6d Qs]
Seat 2: vestimokrec (big blind) folded on the Turn
Seat 4: GRAILKO (button) (small blind) collected ($17.64)


