PokerStars Hand #172843374280:  Hold'em Limit ($3/$6 USD) - 2017/07/10 7:22:19 ET
Table 'Aribeda' 6-max Seat #4 is the button
Seat 4: Anchig ($120 in chips)
Seat 5: nashmed99 ($139.55 in chips)
SLK500 joins the table at seat #2
Anchig: posts small blind $1
nashmed99: posts big blind $3
*** HOLE CARDS ***
Whatze Phuck joins the table at seat #6
Anchig: raises $3 to $6
nashmed99: calls $3
*** FLOP *** [4c Jc 8h]
nashmed99: checks
Anchig: bets $3
nashmed99: folds
Uncalled bet ($3) returned to Anchig
Anchig collected $11.76 from pot
Anchig: doesn't show hand
nashmed99 leaves the table
*** SUMMARY ***
Total pot $12 | Rake $0.24
Board [4c Jc 8h]
Seat 4: Anchig (button) (small blind) collected ($11.76)
Seat 5: nashmed99 (big blind) folded on the Flop


PokerStars Hand #172843391038:  Hold'em Limit ($3/$6 USD) - 2017/07/10 7:23:01 ET
Table 'Aribeda' 6-max Seat #6 is the button
Seat 2: SLK500 ($119 in chips)
Seat 6: Whatze Phuck ($178 in chips)
Anchig leaves the table
Whatze Phuck: posts small blind $1
SLK500: posts big blind $3
*** HOLE CARDS ***
Whatze Phuck: raises $3 to $6
SLK500: calls $3
*** FLOP *** [4s 5d 6h]
SLK500: bets $3
Whatze Phuck: calls $3
*** TURN *** [4s 5d 6h] [7s]
SLK500: bets $6
Whatze Phuck: calls $6
*** RIVER *** [4s 5d 6h 7s] [9d]
SLK500: checks
Whatze Phuck: checks
*** SHOW DOWN ***
SLK500: shows [7c Jh] (a pair of Sevens)
Whatze Phuck: mucks hand
SLK500 collected $29.50 from pot
*** SUMMARY ***
Total pot $30 | Rake $0.50
Board [4s 5d 6h 7s 9d]
Seat 2: SLK500 (big blind) showed [7c Jh] and won ($29.50) with a pair of Sevens
Seat 6: Whatze Phuck (button) (small blind) mucked


PokerStars Hand #172843541517:  Hold'em Limit ($3/$6 USD) - 2017/07/10 7:29:06 ET
Table 'Aribeda' 6-max Seat #4 is the button
Seat 3: dovatora35 ($40.96 in chips)
Seat 4: Anchig ($121 in chips)
Anchig: posts small blind $1
dovatora35: posts big blind $3
*** HOLE CARDS ***
Anchig: raises $3 to $6
dovatora35: calls $3
*** FLOP *** [9s As 8c]
dovatora35: checks
Anchig: bets $3
dovatora35: raises $3 to $6
Anchig: folds
Uncalled bet ($3) returned to dovatora35
dovatora35 collected $17.64 from pot
dovatora35: doesn't show hand
*** SUMMARY ***
Total pot $18 | Rake $0.36
Board [9s As 8c]
Seat 3: dovatora35 (big blind) collected ($17.64)
Seat 4: Anchig (button) (small blind) folded on the Flop


PokerStars Hand #172843545946:  Hold'em Limit ($3/$6 USD) - 2017/07/10 7:29:17 ET
Table 'Aribeda' 6-max Seat #3 is the button
Seat 3: dovatora35 ($49.60 in chips)
Seat 4: Anchig ($112 in chips)
dovatora35: posts small blind $1
Anchig: posts big blind $3
*** HOLE CARDS ***
dovatora35: folds
Uncalled bet ($2) returned to Anchig
Anchig collected $2 from pot
Anchig: doesn't show hand
*** SUMMARY ***
Total pot $2 | Rake $0
Seat 3: dovatora35 (button) (small blind) folded before Flop
Seat 4: Anchig (big blind) collected ($2)


PokerStars Hand #172843550934:  Hold'em Limit ($3/$6 USD) - 2017/07/10 7:29:30 ET
Table 'Aribeda' 6-max Seat #3 is the button
Seat 3: dovatora35 ($42.60 in chips)
Seat 4: Anchig ($118.76 in chips)
dovatora35: posts small blind $1
Anchig: posts big blind $3
*** HOLE CARDS ***
dovatora35: folds
Uncalled bet ($2) returned to Anchig
Anchig collected $2 from pot
Anchig: doesn't show hand
*** SUMMARY ***
Total pot $2 | Rake $0
Seat 3: dovatora35 (button) (small blind) folded before Flop
Seat 4: Anchig (big blind) collected ($2)


PokerStars Hand #172843547808:  Hold'em Limit ($3/$6 USD) - 2017/07/10 7:29:22 ET
Table 'Aribeda' 6-max Seat #4 is the button
Seat 3: dovatora35 ($48.60 in chips)
Seat 4: Anchig ($113 in chips)
Anchig: posts small blind $1
dovatora35: posts big blind $3
*** HOLE CARDS ***
Anchig: raises $3 to $6
dovatora35: calls $3
*** FLOP *** [Ac 5s Kc]
dovatora35: checks
Anchig: bets $3
dovatora35: folds
Uncalled bet ($3) returned to Anchig
Anchig collected $11.76 from pot
Anchig: doesn't show hand
*** SUMMARY ***
Total pot $12 | Rake $0.24
Board [Ac 5s Kc]
Seat 3: dovatora35 (big blind) folded on the Flop
Seat 4: Anchig (button) (small blind) collected ($11.76)


PokerStars Hand #172843555636:  Hold'em Limit ($3/$6 USD) - 2017/07/10 7:29:41 ET
Table 'Aribeda' 6-max Seat #3 is the button
Seat 3: dovatora35 ($38.60 in chips)
Seat 4: Anchig ($122.76 in chips)
dovatora35: posts small blind $1
Anchig: posts big blind $3
*** HOLE CARDS ***
dovatora35: raises $3 to $6
Anchig: folds
Uncalled bet ($3) returned to dovatora35
dovatora35 collected $6 from pot
dovatora35: doesn't show hand
*** SUMMARY ***
Total pot $6 | Rake $0
Seat 3: dovatora35 (button) (small blind) collected ($6)
Seat 4: Anchig (big blind) folded before Flop


PokerStars Hand #172843552869:  Hold'em Limit ($3/$6 USD) - 2017/07/10 7:29:34 ET
Table 'Aribeda' 6-max Seat #4 is the button
Seat 3: dovatora35 ($41.60 in chips)
Seat 4: Anchig ($119.76 in chips)
Anchig: posts small blind $1
dovatora35: posts big blind $3
*** HOLE CARDS ***
Anchig: raises $3 to $6
dovatora35: folds
Uncalled bet ($3) returned to Anchig
Anchig collected $6 from pot
Anchig: doesn't show hand
*** SUMMARY ***
Total pot $6 | Rake $0
Seat 3: dovatora35 (big blind) folded before Flop
Seat 4: Anchig (button) (small blind) collected ($6)


PokerStars Hand #172843538798:  Hold'em Limit ($3/$6 USD) - 2017/07/10 7:29:00 ET
Table 'Aribeda' 6-max Seat #3 is the button
Seat 3: dovatora35 ($41.96 in chips)
Seat 4: Anchig ($120 in chips)
dovatora35: posts small blind $1
Anchig: posts big blind $3
*** HOLE CARDS ***
dovatora35: folds
Uncalled bet ($2) returned to Anchig
Anchig collected $2 from pot
Anchig: doesn't show hand
*** SUMMARY ***
Total pot $2 | Rake $0
Seat 3: dovatora35 (button) (small blind) folded before Flop
Seat 4: Anchig (big blind) collected ($2)


PokerStars Hand #172843557837:  Hold'em Limit ($3/$6 USD) - 2017/07/10 7:29:46 ET
Table 'Aribeda' 6-max Seat #4 is the button
Seat 3: dovatora35 ($41.60 in chips)
Seat 4: Anchig ($119.76 in chips)
Anchig: posts small blind $1
dovatora35: posts big blind $3
*** HOLE CARDS ***
Anchig: raises $3 to $6
dovatora35: calls $3
*** FLOP *** [4h Th 6d]
dovatora35: checks
Anchig: bets $3
dovatora35: calls $3
*** TURN *** [4h Th 6d] [Tc]
dovatora35: checks
Anchig: bets $6
dovatora35: calls $6
*** RIVER *** [4h Th 6d Tc] [4d]
dovatora35: checks
Anchig: bets $6
dovatora35: calls $6
*** SHOW DOWN ***
Anchig: shows [9h Td] (a full house, Tens full of Fours)
dovatora35: mucks hand
Anchig collected $41.50 from pot
*** SUMMARY ***
Total pot $42 | Rake $0.50
Board [4h Th 6d Tc 4d]
Seat 3: dovatora35 (big blind) mucked
Seat 4: Anchig (button) (small blind) showed [9h Td] and won ($41.50) with a full house, Tens full of Fours


PokerStars Hand #172843565525:  Hold'em Limit ($3/$6 USD) - 2017/07/10 7:30:05 ET
Table 'Aribeda' 6-max Seat #3 is the button
Seat 3: dovatora35 ($20.60 in chips)
Seat 4: Anchig ($140.26 in chips)
dovatora35: posts small blind $1
Anchig: posts big blind $3
*** HOLE CARDS ***
dovatora35: raises $3 to $6
Anchig: calls $3
*** FLOP *** [6s 3c 6d]
Anchig: checks
dovatora35: checks
*** TURN *** [6s 3c 6d] [Tc]
Anchig: checks
dovatora35: checks
*** RIVER *** [6s 3c 6d Tc] [7c]
Anchig: bets $6
dovatora35: folds
Uncalled bet ($6) returned to Anchig
Anchig collected $11.76 from pot
Anchig: doesn't show hand
*** SUMMARY ***
Total pot $12 | Rake $0.24
Board [6s 3c 6d Tc 7c]
Seat 3: dovatora35 (button) (small blind) folded on the River
Seat 4: Anchig (big blind) collected ($11.76)


PokerStars Hand #172843574375:  Hold'em Limit ($3/$6 USD) - 2017/07/10 7:30:16 ET
Table 'Aribeda' 6-max Seat #4 is the button
Seat 3: dovatora35 ($14.60 in chips)
Seat 4: Anchig ($146.02 in chips)
Anchig: posts small blind $1
dovatora35: posts big blind $3
*** HOLE CARDS ***
Anchig: folds
Uncalled bet ($2) returned to dovatora35
dovatora35 collected $2 from pot
dovatora35: doesn't show hand
*** SUMMARY ***
Total pot $2 | Rake $0
Seat 3: dovatora35 (big blind) collected ($2)
Seat 4: Anchig (button) (small blind) folded before Flop


PokerStars Hand #172843576487:  Hold'em Limit ($3/$6 USD) - 2017/07/10 7:30:21 ET
Table 'Aribeda' 6-max Seat #3 is the button
Seat 3: dovatora35 ($15.60 in chips)
Seat 4: Anchig ($145.02 in chips)
dovatora35: posts small blind $1
Anchig: posts big blind $3
*** HOLE CARDS ***
dovatora35: raises $3 to $6
Anchig: calls $3
*** FLOP *** [Ad Jh 7c]
Anchig: checks
dovatora35: bets $3
Anchig: raises $3 to $6
dovatora35: folds
Uncalled bet ($3) returned to Anchig
Anchig collected $17.64 from pot
Anchig: doesn't show hand
*** SUMMARY ***
Total pot $18 | Rake $0.36
Board [Ad Jh 7c]
Seat 3: dovatora35 (button) (small blind) folded on the Flop
Seat 4: Anchig (big blind) collected ($17.64)


PokerStars Hand #172843585782:  Hold'em Limit ($3/$6 USD) - 2017/07/10 7:30:43 ET
Table 'Aribeda' 6-max Seat #3 is the button
Seat 3: dovatora35 ($12.94 in chips)
Seat 4: Anchig ($147.06 in chips)
dovatora35: posts small blind $1
Anchig: posts big blind $3
*** HOLE CARDS ***
dovatora35: raises $3 to $6
Anchig: folds
Uncalled bet ($3) returned to dovatora35
dovatora35 collected $6 from pot
dovatora35: doesn't show hand
*** SUMMARY ***
Total pot $6 | Rake $0
Seat 3: dovatora35 (button) (small blind) collected ($6)
Seat 4: Anchig (big blind) folded before Flop


PokerStars Hand #172843580471:  Hold'em Limit ($3/$6 USD) - 2017/07/10 7:30:31 ET
Table 'Aribeda' 6-max Seat #4 is the button
Seat 3: dovatora35 ($6.60 in chips)
Seat 4: Anchig ($153.66 in chips)
Anchig: posts small blind $1
dovatora35: posts big blind $3
*** HOLE CARDS ***
Anchig: raises $3 to $6
dovatora35: raises $0.60 to $6.60 and is all-in
Anchig: calls $0.60
*** FLOP *** [5d 3d 6h]
*** TURN *** [5d 3d 6h] [Ah]
*** RIVER *** [5d 3d 6h Ah] [4d]
*** SHOW DOWN ***
dovatora35: shows [5c 2s] (a straight, Deuce to Six)
Anchig: shows [Jc Ks] (high card Ace)
dovatora35 collected $12.94 from pot
*** SUMMARY ***
Total pot $13.20 | Rake $0.26
Board [5d 3d 6h Ah 4d]
Seat 3: dovatora35 (big blind) showed [5c 2s] and won ($12.94) with a straight, Deuce to Six
Seat 4: Anchig (button) (small blind) showed [Jc Ks] and lost with high card Ace


PokerStars Hand #172843594749:  Hold'em Limit ($3/$6 USD) - 2017/07/10 7:31:05 ET
Table 'Aribeda' 6-max Seat #4 is the button
Seat 3: dovatora35 ($22.70 in chips)
Seat 4: Anchig ($137.06 in chips)
Anchig: posts small blind $1
dovatora35: posts big blind $3
*** HOLE CARDS ***
Anchig: raises $3 to $6
dovatora35: calls $3
*** FLOP *** [5s 9s Qh]
dovatora35: checks
Anchig: bets $3
dovatora35: raises $3 to $6
Anchig: folds
Uncalled bet ($3) returned to dovatora35
dovatora35 collected $17.64 from pot
dovatora35: doesn't show hand
*** SUMMARY ***
Total pot $18 | Rake $0.36
Board [5s 9s Qh]
Seat 3: dovatora35 (big blind) collected ($17.64)
Seat 4: Anchig (button) (small blind) folded on the Flop


PokerStars Hand #172843598891:  Hold'em Limit ($3/$6 USD) - 2017/07/10 7:31:15 ET
Table 'Aribeda' 6-max Seat #3 is the button
Seat 3: dovatora35 ($31.34 in chips)
Seat 4: Anchig ($128.06 in chips)
dovatora35: posts small blind $1
Anchig: posts big blind $3
*** HOLE CARDS ***
dovatora35: raises $3 to $6
Anchig: calls $3
*** FLOP *** [Tc 3h 9d]
Anchig: checks
dovatora35: checks
*** TURN *** [Tc 3h 9d] [8d]
Anchig: bets $6
dovatora35: folds
Uncalled bet ($6) returned to Anchig
SHOOTER1118 joins the table at seat #1
Anchig collected $11.76 from pot
Anchig: doesn't show hand
*** SUMMARY ***
Total pot $12 | Rake $0.24
Board [Tc 3h 9d 8d]
Seat 3: dovatora35 (button) (small blind) folded on the Turn
Seat 4: Anchig (big blind) collected ($11.76)


PokerStars Hand #172843587967:  Hold'em Limit ($3/$6 USD) - 2017/07/10 7:30:49 ET
Table 'Aribeda' 6-max Seat #4 is the button
Seat 3: dovatora35 ($15.94 in chips)
Seat 4: Anchig ($144.06 in chips)
Anchig: posts small blind $1
dovatora35: posts big blind $3
*** HOLE CARDS ***
Anchig: folds
Uncalled bet ($2) returned to dovatora35
dovatora35 collected $2 from pot
dovatora35: doesn't show hand
*** SUMMARY ***
Total pot $2 | Rake $0
Seat 3: dovatora35 (big blind) collected ($2)
Seat 4: Anchig (button) (small blind) folded before Flop


PokerStars Hand #172843589859:  Hold'em Limit ($3/$6 USD) - 2017/07/10 7:30:53 ET
Table 'Aribeda' 6-max Seat #3 is the button
Seat 3: dovatora35 ($16.94 in chips)
Seat 4: Anchig ($143.06 in chips)
dovatora35: posts small blind $1
Anchig: posts big blind $3
*** HOLE CARDS ***
dovatora35: raises $3 to $6
Anchig: calls $3
*** FLOP *** [7s Qd 2c]
Anchig: checks
dovatora35: bets $3
Anchig: folds
Uncalled bet ($3) returned to dovatora35
dovatora35 collected $11.76 from pot
dovatora35: doesn't show hand
*** SUMMARY ***
Total pot $12 | Rake $0.24
Board [7s Qd 2c]
Seat 3: dovatora35 (button) (small blind) collected ($11.76)
Seat 4: Anchig (big blind) folded on the Flop


PokerStars Hand #172843716455:  Hold'em Limit ($3/$6 USD) - 2017/07/10 7:35:59 ET
Table 'Aribeda' 6-max Seat #3 is the button
Seat 3: dovatora35 ($59.87 in chips)
Seat 4: Anchig ($61.77 in chips)
dovatora35: posts small blind $1
Anchig: posts big blind $3
*** HOLE CARDS ***
dovatora35: raises $3 to $6
Anchig: calls $3
*** FLOP *** [Td 9d 7s]
Anchig: checks
dovatora35: checks
*** TURN *** [Td 9d 7s] [Tc]
Anchig: bets $6
dovatora35: calls $6
*** RIVER *** [Td 9d 7s Tc] [3d]
Anchig: bets $6
dovatora35: calls $6
*** SHOW DOWN ***
Anchig: shows [8h 6h] (a straight, Six to Ten)
dovatora35: mucks hand
Anchig collected $35.50 from pot
*** SUMMARY ***
Total pot $36 | Rake $0.50
Board [Td 9d 7s Tc 3d]
Seat 3: dovatora35 (button) (small blind) mucked
Seat 4: Anchig (big blind) showed [8h 6h] and won ($35.50) with a straight, Six to Ten


PokerStars Hand #172843731526:  Hold'em Limit ($3/$6 USD) - 2017/07/10 7:36:36 ET
Table 'Aribeda' 6-max Seat #3 is the button
Seat 3: dovatora35 ($56.37 in chips)
Seat 4: Anchig ($64.27 in chips)
dovatora35: posts small blind $1
Anchig: posts big blind $3
*** HOLE CARDS ***
dovatora35: folds
Uncalled bet ($2) returned to Anchig
Anchig collected $2 from pot
Anchig: doesn't show hand
*** SUMMARY ***
Total pot $2 | Rake $0
Seat 3: dovatora35 (button) (small blind) folded before Flop
Seat 4: Anchig (big blind) collected ($2)


PokerStars Hand #172843723052:  Hold'em Limit ($3/$6 USD) - 2017/07/10 7:36:15 ET
Table 'Aribeda' 6-max Seat #4 is the button
Seat 3: dovatora35 ($41.87 in chips)
Seat 4: Anchig ($79.27 in chips)
Anchig: posts small blind $1
dovatora35: posts big blind $3
*** HOLE CARDS ***
Anchig: raises $3 to $6
dovatora35: calls $3
*** FLOP *** [5s Ad 2d]
dovatora35: checks
Anchig: bets $3
dovatora35: calls $3
*** TURN *** [5s Ad 2d] [Tc]
dovatora35: checks
Anchig: checks
*** RIVER *** [5s Ad 2d Tc] [2h]
dovatora35: bets $6
Anchig: calls $6
*** SHOW DOWN ***
dovatora35: shows [7d 7s] (two pair, Sevens and Deuces)
Anchig: mucks hand
SHOOTER1118 leaves the table
dovatora35 collected $29.50 from pot
*** SUMMARY ***
Total pot $30 | Rake $0.50
Board [5s Ad 2d Tc 2h]
Seat 3: dovatora35 (big blind) showed [7d 7s] and won ($29.50) with two pair, Sevens and Deuces
Seat 4: Anchig (button) (small blind) mucked


PokerStars Hand #172843733636:  Hold'em Limit ($3/$6 USD) - 2017/07/10 7:36:41 ET
Table 'Aribeda' 6-max Seat #4 is the button
Seat 3: dovatora35 ($55.37 in chips)
Seat 4: Anchig ($65.27 in chips)
Anchig: posts small blind $1
dovatora35: posts big blind $3
*** HOLE CARDS ***
Anchig: folds
Uncalled bet ($2) returned to dovatora35
dovatora35 collected $2 from pot
dovatora35: doesn't show hand
*** SUMMARY ***
Total pot $2 | Rake $0
Seat 3: dovatora35 (big blind) collected ($2)
Seat 4: Anchig (button) (small blind) folded before Flop


PokerStars Hand #172843710045:  Hold'em Limit ($3/$6 USD) - 2017/07/10 7:35:44 ET
Table 'Aribeda' 6-max Seat #4 is the button
Seat 3: dovatora35 ($39.37 in chips)
Seat 4: Anchig ($82.77 in chips)
Anchig: posts small blind $1
dovatora35: posts big blind $3
*** HOLE CARDS ***
Anchig: raises $3 to $6
dovatora35: calls $3
*** FLOP *** [Td Qd 8s]
dovatora35: checks
Anchig: bets $3
dovatora35: calls $3
*** TURN *** [Td Qd 8s] [5c]
dovatora35: checks
Anchig: bets $6
dovatora35: raises $6 to $12
Anchig: calls $6
*** RIVER *** [Td Qd 8s 5c] [4s]
dovatora35: bets $6
Anchig: folds
Uncalled bet ($6) returned to dovatora35
dovatora35 collected $41.50 from pot
dovatora35: doesn't show hand
*** SUMMARY ***
Total pot $42 | Rake $0.50
Board [Td Qd 8s 5c 4s]
Seat 3: dovatora35 (big blind) collected ($41.50)
Seat 4: Anchig (button) (small blind) folded on the River


PokerStars Hand #172843736442:  Hold'em Limit ($3/$6 USD) - 2017/07/10 7:36:48 ET
Table 'Aribeda' 6-max Seat #3 is the button
Seat 3: dovatora35 ($56.37 in chips)
Seat 4: Anchig ($64.27 in chips)
dovatora35: posts small blind $1
Anchig: posts big blind $3
*** HOLE CARDS ***
dovatora35: raises $3 to $6
Anchig: calls $3
*** FLOP *** [Ts 5d 2s]
Anchig: bets $3
dovatora35: calls $3
*** TURN *** [Ts 5d 2s] [Tc]
Anchig: bets $6
dovatora35: folds
Uncalled bet ($6) returned to Anchig
Anchig collected $17.64 from pot
Anchig: doesn't show hand
*** SUMMARY ***
Total pot $18 | Rake $0.36
Board [Ts 5d 2s Tc]
Seat 3: dovatora35 (button) (small blind) folded on the Turn
Seat 4: Anchig (big blind) collected ($17.64)


PokerStars Hand #172843747432:  Hold'em Limit ($3/$6 USD) - 2017/07/10 7:37:14 ET
Table 'Aribeda' 6-max Seat #3 is the button
Seat 3: dovatora35 ($44.37 in chips)
Seat 4: Anchig ($75.91 in chips)
dovatora35: posts small blind $1
Anchig: posts big blind $3
*** HOLE CARDS ***
dovatora35: folds
Uncalled bet ($2) returned to Anchig
Anchig collected $2 from pot
Anchig: doesn't show hand
*** SUMMARY ***
Total pot $2 | Rake $0
Seat 3: dovatora35 (button) (small blind) folded before Flop
Seat 4: Anchig (big blind) collected ($2)


PokerStars Hand #172843741881:  Hold'em Limit ($3/$6 USD) - 2017/07/10 7:37:01 ET
Table 'Aribeda' 6-max Seat #4 is the button
Seat 3: dovatora35 ($47.37 in chips)
Seat 4: Anchig ($72.91 in chips)
Anchig: posts small blind $1
dovatora35: posts big blind $3
*** HOLE CARDS ***
Anchig: raises $3 to $6
dovatora35: folds
Uncalled bet ($3) returned to Anchig
Anchig collected $6 from pot
Anchig: doesn't show hand
*** SUMMARY ***
Total pot $6 | Rake $0
Seat 3: dovatora35 (big blind) folded before Flop
Seat 4: Anchig (button) (small blind) collected ($6)


PokerStars Hand #172843756621:  Hold'em Limit ($3/$6 USD) - 2017/07/10 7:37:36 ET
Table 'Aribeda' 6-max Seat #4 is the button
Seat 3: dovatora35 ($36.37 in chips)
Seat 4: Anchig ($83.67 in chips)
Anchig: posts small blind $1
dovatora35: posts big blind $3
*** HOLE CARDS ***
SLK500 joins the table at seat #6
Anchig: folds
Uncalled bet ($2) returned to dovatora35
dovatora35 collected $2 from pot
dovatora35: doesn't show hand
*** SUMMARY ***
Total pot $2 | Rake $0
Seat 3: dovatora35 (big blind) collected ($2)
Seat 4: Anchig (button) (small blind) folded before Flop


PokerStars Hand #172843754624:  Hold'em Limit ($3/$6 USD) - 2017/07/10 7:37:32 ET
Table 'Aribeda' 6-max Seat #3 is the button
Seat 3: dovatora35 ($37.37 in chips)
Seat 4: Anchig ($82.67 in chips)
dovatora35: posts small blind $1
Anchig: posts big blind $3
*** HOLE CARDS ***
dovatora35: folds
Uncalled bet ($2) returned to Anchig
Anchig collected $2 from pot
Anchig: doesn't show hand
*** SUMMARY ***
Total pot $2 | Rake $0
Seat 3: dovatora35 (button) (small blind) folded before Flop
Seat 4: Anchig (big blind) collected ($2)


PokerStars Hand #172843749483:  Hold'em Limit ($3/$6 USD) - 2017/07/10 7:37:19 ET
Table 'Aribeda' 6-max Seat #4 is the button
Seat 3: dovatora35 ($43.37 in chips)
Seat 4: Anchig ($76.91 in chips)
Anchig: posts small blind $1
dovatora35: posts big blind $3
*** HOLE CARDS ***
Anchig: raises $3 to $6
dovatora35: calls $3
*** FLOP *** [8c Qc 5d]
dovatora35: checks
Anchig: bets $3
dovatora35: folds
Uncalled bet ($3) returned to Anchig
Anchig collected $11.76 from pot
Anchig: doesn't show hand
*** SUMMARY ***
Total pot $12 | Rake $0.24
Board [8c Qc 5d]
Seat 3: dovatora35 (big blind) folded on the Flop
Seat 4: Anchig (button) (small blind) collected ($11.76)


PokerStars Hand #172843758677:  Hold'em Limit ($3/$6 USD) - 2017/07/10 7:37:41 ET
Table 'Aribeda' 6-max Seat #3 is the button
Seat 3: dovatora35 ($37.37 in chips)
Seat 4: Anchig ($82.67 in chips)
dovatora35: posts small blind $1
Anchig: posts big blind $3
*** HOLE CARDS ***
dovatora35: raises $3 to $6
Anchig: calls $3
*** FLOP *** [9d Qc 4s]
Anchig: bets $3
dovatora35: raises $3 to $6
Anchig: calls $3
*** TURN *** [9d Qc 4s] [2h]
Anchig: checks
dovatora35: bets $6
Anchig: calls $6
*** RIVER *** [9d Qc 4s 2h] [Kd]
Anchig: checks
dovatora35: bets $6
Anchig: raises $6 to $12
dovatora35: folds
Uncalled bet ($6) returned to Anchig
Anchig collected $47.50 from pot
Anchig: doesn't show hand
*** SUMMARY ***
Total pot $48 | Rake $0.50
Board [9d Qc 4s 2h Kd]
Seat 3: dovatora35 (button) (small blind) folded on the River
Seat 4: Anchig (big blind) collected ($47.50)


PokerStars Hand #172843782647:  Hold'em Limit ($3/$6 USD) - 2017/07/10 7:38:39 ET
Table 'Aribeda' 6-max Seat #3 is the button
Seat 3: dovatora35 ($14.37 in chips)
Seat 6: SLK500 ($113 in chips)
dovatora35: posts small blind $1
Anchig: is sitting out
SLK500: posts big blind $3
*** HOLE CARDS ***
dovatora35: folds
Uncalled bet ($2) returned to SLK500
SLK500 collected $2 from pot
SLK500: doesn't show hand
*** SUMMARY ***
Total pot $2 | Rake $0
Seat 3: dovatora35 (button) (small blind) folded before Flop
Seat 6: SLK500 (big blind) collected ($2)


PokerStars Hand #172843784947:  Hold'em Limit ($3/$6 USD) - 2017/07/10 7:38:45 ET
Table 'Aribeda' 6-max Seat #6 is the button
Seat 3: dovatora35 ($13.37 in chips)
Seat 6: SLK500 ($114 in chips)
SLK500: posts small blind $1
dovatora35: posts big blind $3
*** HOLE CARDS ***
SLK500: folds
Uncalled bet ($2) returned to dovatora35
dovatora35 collected $2 from pot
dovatora35: doesn't show hand
*** SUMMARY ***
Total pot $2 | Rake $0
Seat 3: dovatora35 (big blind) collected ($2)
Seat 6: SLK500 (button) (small blind) folded before Flop


