PokerStars Hand #150421050318:  Hold'em Limit ($3/$6 USD) - 2016/03/15 21:17:11 ET
Table 'Arich' 10-max Seat #8 is the button
Seat 4: Brama Br ($119 in chips)
Seat 8: Pandakey ($121 in chips)
Pandakey: posts small blind $1
Brama Br: posts big blind $3
*** HOLE CARDS ***
Pandakey: raises $3 to $6
Brama Br: folds
Uncalled bet ($3) returned to Pandakey
Pandakey collected $6 from pot
Pandakey: doesn't show hand
*** SUMMARY ***
Total pot $6 | Rake $0
Seat 4: Brama Br (big blind) folded before Flop
Seat 8: Pandakey (button) (small blind) collected ($6)


PokerStars Hand #150421068808:  Hold'em Limit ($3/$6 USD) - 2016/03/15 21:17:47 ET
Table 'Arich' 10-max Seat #8 is the button
Seat 4: Brama Br ($130.50 in chips)
Seat 8: Pandakey ($109 in chips)
Pandakey: posts small blind $1
Brama Br: posts big blind $3
*** HOLE CARDS ***
Pandakey: raises $3 to $6
Brama Br: folds
Uncalled bet ($3) returned to Pandakey
Pandakey collected $6 from pot
Pandakey: doesn't show hand
*** SUMMARY ***
Total pot $6 | Rake $0
Seat 4: Brama Br (big blind) folded before Flop
Seat 8: Pandakey (button) (small blind) collected ($6)


PokerStars Hand #150421054127:  Hold'em Limit ($3/$6 USD) - 2016/03/15 21:17:19 ET
Table 'Arich' 10-max Seat #4 is the button
Seat 4: Brama Br ($116 in chips)
Seat 8: Pandakey ($124 in chips)
Brama Br: posts small blind $1
Pandakey: posts big blind $3
*** HOLE CARDS ***
Brama Br: raises $3 to $6
Pandakey: calls $3
*** FLOP *** [Jh 6c 3d]
Pandakey: checks
Brama Br: bets $3
Pandakey: calls $3
*** TURN *** [Jh 6c 3d] [7c]
Pandakey: bets $6
Brama Br: calls $6
*** RIVER *** [Jh 6c 3d 7c] [Qs]
Pandakey: checks
Brama Br: bets $6
Pandakey: folds
Uncalled bet ($6) returned to Brama Br
Brama Br collected $29.50 from pot
Brama Br: doesn't show hand
*** SUMMARY ***
Total pot $30 | Rake $0.50
Board [Jh 6c 3d 7c Qs]
Seat 4: Brama Br (button) (small blind) collected ($29.50)
Seat 8: Pandakey (big blind) folded on the River


PokerStars Hand #150421088479:  Hold'em Limit ($3/$6 USD) - 2016/03/15 21:18:25 ET
Table 'Arich' 10-max Seat #8 is the button
Seat 4: Brama Br ($148 in chips)
Seat 8: Pandakey ($91 in chips)
Pandakey: posts small blind $1
Brama Br: posts big blind $3
*** HOLE CARDS ***
Pandakey: raises $3 to $6
Brama Br: calls $3
*** FLOP *** [2d Ah 5h]
Brama Br: checks
Pandakey: bets $3
Brama Br: folds
Uncalled bet ($3) returned to Pandakey
Pandakey collected $11.76 from pot
Pandakey: doesn't show hand
*** SUMMARY ***
Total pot $12 | Rake $0.24
Board [2d Ah 5h]
Seat 4: Brama Br (big blind) folded on the Flop
Seat 8: Pandakey (button) (small blind) collected ($11.76)


PokerStars Hand #150421072262:  Hold'em Limit ($3/$6 USD) - 2016/03/15 21:17:53 ET
Table 'Arich' 10-max Seat #4 is the button
Seat 4: Brama Br ($127.50 in chips)
Seat 8: Pandakey ($112 in chips)
Brama Br: posts small blind $1
Pandakey: posts big blind $3
*** HOLE CARDS ***
Brama Br: raises $3 to $6
Pandakey: calls $3
*** FLOP *** [9d 5d 8h]
Pandakey: checks
Brama Br: bets $3
Pandakey: calls $3
*** TURN *** [9d 5d 8h] [2c]
Pandakey: checks
Brama Br: bets $6
Pandakey: calls $6
*** RIVER *** [9d 5d 8h 2c] [Js]
Pandakey: checks
Brama Br: bets $6
Pandakey: calls $6
*** SHOW DOWN ***
Brama Br: shows [3d Jd] (a pair of Jacks)
Pandakey: mucks hand
Brama Br collected $41.50 from pot
*** SUMMARY ***
Total pot $42 | Rake $0.50
Board [9d 5d 8h 2c Js]
Seat 4: Brama Br (button) (small blind) showed [3d Jd] and won ($41.50) with a pair of Jacks
Seat 8: Pandakey (big blind) mucked


PokerStars Hand #150421095343:  Hold'em Limit ($3/$6 USD) - 2016/03/15 21:18:39 ET
Table 'Arich' 10-max Seat #4 is the button
Seat 4: Brama Br ($142 in chips)
Seat 8: Pandakey ($96.76 in chips)
Brama Br: posts small blind $1
Pandakey: posts big blind $3
*** HOLE CARDS ***
Brama Br: raises $3 to $6
Pandakey: raises $3 to $9
Brama Br: calls $3
*** FLOP *** [6h 7s 8c]
Pandakey: bets $3
Brama Br: raises $3 to $6
Pandakey: calls $3
*** TURN *** [6h 7s 8c] [9c]
Pandakey: bets $6
Brama Br: calls $6
*** RIVER *** [6h 7s 8c 9c] [8d]
Pandakey: checks
Brama Br: checks
*** SHOW DOWN ***
Pandakey: shows [Qd Jc] (a pair of Eights)
Brama Br: shows [7d As] (two pair, Eights and Sevens)
Brama Br collected $41.50 from pot
*** SUMMARY ***
Total pot $42 | Rake $0.50
Board [6h 7s 8c 9c 8d]
Seat 4: Brama Br (button) (small blind) showed [7d As] and won ($41.50) with two pair, Eights and Sevens
Seat 8: Pandakey (big blind) showed [Qd Jc] and lost with a pair of Eights


PokerStars Hand #150421110705:  Hold'em Limit ($3/$6 USD) - 2016/03/15 21:19:09 ET
Table 'Arich' 10-max Seat #4 is the button
Seat 4: Brama Br ($163.50 in chips)
Seat 8: Pandakey ($74.76 in chips)
Brama Br: posts small blind $1
Pandakey: posts big blind $3
*** HOLE CARDS ***
Brama Br: folds
Uncalled bet ($2) returned to Pandakey
Pandakey collected $2 from pot
Pandakey: doesn't show hand
*** SUMMARY ***
Total pot $2 | Rake $0
Seat 4: Brama Br (button) (small blind) folded before Flop
Seat 8: Pandakey (big blind) collected ($2)


PokerStars Hand #150421107381:  Hold'em Limit ($3/$6 USD) - 2016/03/15 21:19:02 ET
Table 'Arich' 10-max Seat #8 is the button
Seat 4: Brama Br ($162.50 in chips)
Seat 8: Pandakey ($75.76 in chips)
Pandakey: posts small blind $1
Brama Br: posts big blind $3
*** HOLE CARDS ***
Pandakey: folds
Uncalled bet ($2) returned to Brama Br
Brama Br collected $2 from pot
Brama Br: doesn't show hand
*** SUMMARY ***
Total pot $2 | Rake $0
Seat 4: Brama Br (big blind) collected ($2)
Seat 8: Pandakey (button) (small blind) folded before Flop


PokerStars Hand #150421125382:  Hold'em Limit ($3/$6 USD) - 2016/03/15 21:19:37 ET
Table 'Arich' 10-max Seat #4 is the button
Seat 4: Brama Br ($183 in chips)
Seat 8: Pandakey ($54.76 in chips)
Brama Br: posts small blind $1
Pandakey: posts big blind $3
*** HOLE CARDS ***
Brama Br: folds
Uncalled bet ($2) returned to Pandakey
Pandakey collected $2 from pot
Pandakey: doesn't show hand
*** SUMMARY ***
Total pot $2 | Rake $0
Seat 4: Brama Br (button) (small blind) folded before Flop
Seat 8: Pandakey (big blind) collected ($2)


PokerStars Hand #150421113358:  Hold'em Limit ($3/$6 USD) - 2016/03/15 21:19:14 ET
Table 'Arich' 10-max Seat #8 is the button
Seat 4: Brama Br ($162.50 in chips)
Seat 8: Pandakey ($75.76 in chips)
Pandakey: posts small blind $1
Brama Br: posts big blind $3
*** HOLE CARDS ***
Pandakey: raises $3 to $6
Brama Br: raises $3 to $9
Pandakey: calls $3
*** FLOP *** [3d 6s Qs]
Brama Br: bets $3
Pandakey: raises $3 to $6
Brama Br: calls $3
*** TURN *** [3d 6s Qs] [8d]
Brama Br: checks
Pandakey: checks
*** RIVER *** [3d 6s Qs 8d] [Jc]
Brama Br: bets $6
Pandakey: calls $6
*** SHOW DOWN ***
Brama Br: shows [8c 8h] (three of a kind, Eights)
Pandakey: mucks hand
Brama Br collected $41.50 from pot
*** SUMMARY ***
Total pot $42 | Rake $0.50
Board [3d 6s Qs 8d Jc]
Seat 4: Brama Br (big blind) showed [8c 8h] and won ($41.50) with three of a kind, Eights
Seat 8: Pandakey (button) (small blind) mucked


PokerStars Hand #150421127910:  Hold'em Limit ($3/$6 USD) - 2016/03/15 21:19:42 ET
Table 'Arich' 10-max Seat #8 is the button
Seat 4: Brama Br ($182 in chips)
Seat 8: Pandakey ($55.76 in chips)
Pandakey: posts small blind $1
Brama Br: posts big blind $3
*** HOLE CARDS ***
Pandakey: raises $3 to $6
Brama Br: calls $3
*** FLOP *** [6s 4d 7h]
TinaTurner72 joins the table at seat #5
Brama Br: checks
Pandakey: checks
*** TURN *** [6s 4d 7h] [2c]
Brama Br: checks
Pandakey: bets $6
Brama Br: calls $6
*** RIVER *** [6s 4d 7h 2c] [6d]
Brama Br: checks
Pandakey: bets $6
Brama Br: folds
Uncalled bet ($6) returned to Pandakey
Pandakey collected $23.52 from pot
Pandakey: doesn't show hand
*** SUMMARY ***
Total pot $24 | Rake $0.48
Board [6s 4d 7h 2c 6d]
Seat 4: Brama Br (big blind) folded on the River
Seat 8: Pandakey (button) (small blind) collected ($23.52)


PokerStars Hand #150421255574:  Hold'em Limit ($3/$6 USD) - 2016/03/15 21:23:55 ET
Table 'Arich' 10-max Seat #5 is the button
Seat 4: Brama Br ($73.64 in chips)
Seat 5: TinaTurner72 ($188.45 in chips)
TinaTurner72: posts small blind $1
Pandakey: is sitting out
Brama Br: posts big blind $3
*** HOLE CARDS ***
TinaTurner72: raises $3 to $6
Brama Br: calls $3
*** FLOP *** [9s 5c 2h]
Pandakey leaves the table
Brama Br: checks
TinaTurner72: bets $3
Brama Br: calls $3
*** TURN *** [9s 5c 2h] [Kd]
Brama Br: checks
TinaTurner72: bets $6
Brama Br: calls $6
*** RIVER *** [9s 5c 2h Kd] [Jc]
Brama Br: checks
TinaTurner72: checks
*** SHOW DOWN ***
Brama Br: shows [Jh Td] (a pair of Jacks)
TinaTurner72: mucks hand
Brama Br collected $29.50 from pot
*** SUMMARY ***
Total pot $30 | Rake $0.50
Board [9s 5c 2h Kd Jc]
Seat 4: Brama Br (big blind) showed [Jh Td] and won ($29.50) with a pair of Jacks
Seat 5: TinaTurner72 (button) (small blind) mucked


PokerStars Hand #150421283662:  Hold'em Limit ($3/$6 USD) - 2016/03/15 21:24:51 ET
Table 'Arich' 10-max Seat #4 is the button
Seat 4: Brama Br ($46.14 in chips)
Seat 5: TinaTurner72 ($214.47 in chips)
Brama Br: posts small blind $1
TinaTurner72: posts big blind $3
*** HOLE CARDS ***
Brama Br: folds
Uncalled bet ($2) returned to TinaTurner72
TinaTurner72 collected $2 from pot
TinaTurner72: doesn't show hand
*** SUMMARY ***
Total pot $2 | Rake $0
Seat 4: Brama Br (button) (small blind) folded before Flop
Seat 5: TinaTurner72 (big blind) collected ($2)


PokerStars Hand #150421271465:  Hold'em Limit ($3/$6 USD) - 2016/03/15 21:24:27 ET
Table 'Arich' 10-max Seat #5 is the button
Seat 4: Brama Br ($76.14 in chips)
Seat 5: TinaTurner72 ($184.97 in chips)
TinaTurner72: posts small blind $1
Brama Br: posts big blind $3
*** HOLE CARDS ***
TinaTurner72: raises $3 to $6
Brama Br: raises $3 to $9
TinaTurner72: calls $3
*** FLOP *** [3s 7s 8h]
Brama Br: bets $3
TinaTurner72: calls $3
*** TURN *** [3s 7s 8h] [7d]
Brama Br: bets $6
TinaTurner72: raises $6 to $12
Brama Br: calls $6
*** RIVER *** [3s 7s 8h 7d] [8s]
Brama Br: checks
TinaTurner72: bets $6
Brama Br: calls $6
*** SHOW DOWN ***
TinaTurner72: shows [9c 9h] (two pair, Nines and Eights)
Brama Br: mucks hand
TinaTurner72 collected $59.50 from pot
*** SUMMARY ***
Total pot $60 | Rake $0.50
Board [3s 7s 8h 7d 8s]
Seat 4: Brama Br (big blind) mucked
Seat 5: TinaTurner72 (button) (small blind) showed [9c 9h] and won ($59.50) with two pair, Nines and Eights


PokerStars Hand #150421300420:  Hold'em Limit ($3/$6 USD) - 2016/03/15 21:25:24 ET
Table 'Arich' 10-max Seat #5 is the button
Seat 4: Brama Br ($67.64 in chips)
Seat 5: TinaTurner72 ($192.47 in chips)
TinaTurner72: posts small blind $1
Brama Br: posts big blind $3
*** HOLE CARDS ***
TinaTurner72: raises $3 to $6
Brama Br: raises $3 to $9
TinaTurner72: calls $3
*** FLOP *** [3s Qd Jh]
Brama Br: bets $3
TinaTurner72: folds
Uncalled bet ($3) returned to Brama Br
Brama Br collected $17.64 from pot
Brama Br: doesn't show hand
*** SUMMARY ***
Total pot $18 | Rake $0.36
Board [3s Qd Jh]
Seat 4: Brama Br (big blind) collected ($17.64)
Seat 5: TinaTurner72 (button) (small blind) folded on the Flop


PokerStars Hand #150421305064:  Hold'em Limit ($3/$6 USD) - 2016/03/15 21:25:34 ET
Table 'Arich' 10-max Seat #4 is the button
Seat 4: Brama Br ($76.28 in chips)
Seat 5: TinaTurner72 ($183.47 in chips)
Brama Br: posts small blind $1
TinaTurner72: posts big blind $3
*** HOLE CARDS ***
Brama Br: folds
Uncalled bet ($2) returned to TinaTurner72
TinaTurner72 collected $2 from pot
TinaTurner72: doesn't show hand
*** SUMMARY ***
Total pot $2 | Rake $0
Seat 4: Brama Br (button) (small blind) folded before Flop
Seat 5: TinaTurner72 (big blind) collected ($2)


PokerStars Hand #150421312582:  Hold'em Limit ($3/$6 USD) - 2016/03/15 21:25:49 ET
Table 'Arich' 10-max Seat #4 is the button
Seat 4: Brama Br ($69.28 in chips)
Seat 5: TinaTurner72 ($190.23 in chips)
Brama Br: posts small blind $1
TinaTurner72: posts big blind $3
*** HOLE CARDS ***
Brama Br: raises $3 to $6
TinaTurner72: folds
Uncalled bet ($3) returned to Brama Br
Brama Br collected $6 from pot
Brama Br: doesn't show hand
*** SUMMARY ***
Total pot $6 | Rake $0
Seat 4: Brama Br (button) (small blind) collected ($6)
Seat 5: TinaTurner72 (big blind) folded before Flop


PokerStars Hand #150421307630:  Hold'em Limit ($3/$6 USD) - 2016/03/15 21:25:39 ET
Table 'Arich' 10-max Seat #5 is the button
Seat 4: Brama Br ($75.28 in chips)
Seat 5: TinaTurner72 ($184.47 in chips)
TinaTurner72: posts small blind $1
Brama Br: posts big blind $3
*** HOLE CARDS ***
TinaTurner72: raises $3 to $6
Brama Br: calls $3
*** FLOP *** [Ah 8s 2s]
Brama Br: checks
TinaTurner72: bets $3
Brama Br: folds
Uncalled bet ($3) returned to TinaTurner72
TinaTurner72 collected $11.76 from pot
TinaTurner72: doesn't show hand
*** SUMMARY ***
Total pot $12 | Rake $0.24
Board [Ah 8s 2s]
Seat 4: Brama Br (big blind) folded on the Flop
Seat 5: TinaTurner72 (button) (small blind) collected ($11.76)


PokerStars Hand #150421318306:  Hold'em Limit ($3/$6 USD) - 2016/03/15 21:26:00 ET
Table 'Arich' 10-max Seat #4 is the button
Seat 4: Brama Br ($69.28 in chips)
Seat 5: TinaTurner72 ($190.23 in chips)
Brama Br: posts small blind $1
TinaTurner72: posts big blind $3
*** HOLE CARDS ***
Brama Br: raises $3 to $6
TinaTurner72: folds
Uncalled bet ($3) returned to Brama Br
Brama Br collected $6 from pot
Brama Br: doesn't show hand
*** SUMMARY ***
Total pot $6 | Rake $0
Seat 4: Brama Br (button) (small blind) collected ($6)
Seat 5: TinaTurner72 (big blind) folded before Flop


PokerStars Hand #150421315704:  Hold'em Limit ($3/$6 USD) - 2016/03/15 21:25:55 ET
Table 'Arich' 10-max Seat #5 is the button
Seat 4: Brama Br ($72.28 in chips)
Seat 5: TinaTurner72 ($187.23 in chips)
TinaTurner72: posts small blind $1
Brama Br: posts big blind $3
*** HOLE CARDS ***
TinaTurner72: raises $3 to $6
Brama Br: folds
Uncalled bet ($3) returned to TinaTurner72
TinaTurner72 collected $6 from pot
TinaTurner72: doesn't show hand
*** SUMMARY ***
Total pot $6 | Rake $0
Seat 4: Brama Br (big blind) folded before Flop
Seat 5: TinaTurner72 (button) (small blind) collected ($6)


PokerStars Hand #150421297745:  Hold'em Limit ($3/$6 USD) - 2016/03/15 21:25:19 ET
Table 'Arich' 10-max Seat #4 is the button
Seat 4: Brama Br ($68.64 in chips)
Seat 5: TinaTurner72 ($191.47 in chips)
Brama Br: posts small blind $1
TinaTurner72: posts big blind $3
*** HOLE CARDS ***
Brama Br: folds
Uncalled bet ($2) returned to TinaTurner72
TinaTurner72 collected $2 from pot
TinaTurner72: doesn't show hand
*** SUMMARY ***
Total pot $2 | Rake $0
Seat 4: Brama Br (button) (small blind) folded before Flop
Seat 5: TinaTurner72 (big blind) collected ($2)


PokerStars Hand #150421286393:  Hold'em Limit ($3/$6 USD) - 2016/03/15 21:24:56 ET
Table 'Arich' 10-max Seat #5 is the button
Seat 4: Brama Br ($45.14 in chips)
Seat 5: TinaTurner72 ($215.47 in chips)
TinaTurner72: posts small blind $1
Brama Br: posts big blind $3
*** HOLE CARDS ***
TinaTurner72: raises $3 to $6
Brama Br: raises $3 to $9
TinaTurner72: calls $3
*** FLOP *** [9d Th Ac]
Brama Br: bets $3
TinaTurner72: calls $3
*** TURN *** [9d Th Ac] [Ts]
Brama Br: bets $6
TinaTurner72: calls $6
*** RIVER *** [9d Th Ac Ts] [Kh]
Brama Br: bets $6
TinaTurner72: calls $6
*** SHOW DOWN ***
Brama Br: shows [Qc As] (two pair, Aces and Tens)
TinaTurner72: mucks hand
Brama Br collected $47.50 from pot
*** SUMMARY ***
Total pot $48 | Rake $0.50
Board [9d Th Ac Ts Kh]
Seat 4: Brama Br (big blind) showed [Qc As] and won ($47.50) with two pair, Aces and Tens
Seat 5: TinaTurner72 (button) (small blind) mucked


PokerStars Hand #150421321794:  Hold'em Limit ($3/$6 USD) - 2016/03/15 21:26:08 ET
Table 'Arich' 10-max Seat #5 is the button
Seat 4: Brama Br ($72.28 in chips)
Seat 5: TinaTurner72 ($187.23 in chips)
TinaTurner72: posts small blind $1
Brama Br: posts big blind $3
*** HOLE CARDS ***
TinaTurner72: raises $3 to $6
Brama Br: raises $3 to $9
TinaTurner72: raises $3 to $12
Betting is capped
Brama Br: calls $3
*** FLOP *** [5h 9d 5d]
Brama Br: checks
TinaTurner72: bets $3
Brama Br: calls $3
*** TURN *** [5h 9d 5d] [6c]
Brama Br: checks
TinaTurner72: bets $6
Brama Br: calls $6
*** RIVER *** [5h 9d 5d 6c] [4c]
Brama Br: checks
TinaTurner72: bets $6
Brama Br: calls $6
*** SHOW DOWN ***
TinaTurner72: shows [7h 9c] (two pair, Nines and Fives)
Brama Br: mucks hand
TinaTurner72 collected $53.50 from pot
*** SUMMARY ***
Total pot $54 | Rake $0.50
Board [5h 9d 5d 6c 4c]
Seat 4: Brama Br (big blind) mucked
Seat 5: TinaTurner72 (button) (small blind) showed [7h 9c] and won ($53.50) with two pair, Nines and Fives


PokerStars Hand #150421332672:  Hold'em Limit ($3/$6 USD) - 2016/03/15 21:26:29 ET
Table 'Arich' 10-max Seat #4 is the button
Seat 4: Brama Br ($45.28 in chips)
Seat 5: TinaTurner72 ($213.73 in chips)
Brama Br: posts small blind $1
TinaTurner72: posts big blind $3
*** HOLE CARDS ***
Brama Br: raises $3 to $6
TinaTurner72: calls $3
*** FLOP *** [5c Qd Th]
TinaTurner72: checks
Brama Br: bets $3
TinaTurner72: folds
Uncalled bet ($3) returned to Brama Br
Brama Br collected $11.76 from pot
Brama Br: doesn't show hand
*** SUMMARY ***
Total pot $12 | Rake $0.24
Board [5c Qd Th]
Seat 4: Brama Br (button) (small blind) collected ($11.76)
Seat 5: TinaTurner72 (big blind) folded on the Flop


PokerStars Hand #150421339333:  Hold'em Limit ($3/$6 USD) - 2016/03/15 21:26:43 ET
Table 'Arich' 10-max Seat #5 is the button
Seat 4: Brama Br ($51.04 in chips)
Seat 5: TinaTurner72 ($207.73 in chips)
TinaTurner72: posts small blind $1
Brama Br: posts big blind $3
*** HOLE CARDS ***
TinaTurner72: folds
Uncalled bet ($2) returned to Brama Br
Brama Br collected $2 from pot
Brama Br: doesn't show hand
*** SUMMARY ***
Total pot $2 | Rake $0
Seat 4: Brama Br (big blind) collected ($2)
Seat 5: TinaTurner72 (button) (small blind) folded before Flop


PokerStars Hand #150421377299:  Hold'em Limit ($3/$6 USD) - 2016/03/15 21:28:00 ET
Table 'Arich' 10-max Seat #4 is the button
Seat 4: Brama Br ($306.50 in chips)
Seat 5: TinaTurner72 ($284.77 in chips)
Brama Br: posts small blind $1
TinaTurner72: posts big blind $3
*** HOLE CARDS ***
Brama Br: raises $3 to $6
TinaTurner72: calls $3
*** FLOP *** [Jc 9s 9d]
TinaTurner72: checks
Brama Br: bets $3
TinaTurner72: folds
Uncalled bet ($3) returned to Brama Br
Brama Br collected $11.76 from pot
Brama Br: doesn't show hand
*** SUMMARY ***
Total pot $12 | Rake $0.24
Board [Jc 9s 9d]
Seat 4: Brama Br (button) (small blind) collected ($11.76)
Seat 5: TinaTurner72 (big blind) folded on the Flop


PokerStars Hand #150421342402:  Hold'em Limit ($3/$6 USD) - 2016/03/15 21:26:49 ET
Table 'Arich' 10-max Seat #4 is the button
Seat 4: Brama Br ($52.04 in chips)
Seat 5: TinaTurner72 ($206.73 in chips)
Brama Br: posts small blind $1
TinaTurner72: posts big blind $3
*** HOLE CARDS ***
Brama Br: raises $3 to $6
TinaTurner72: raises $3 to $9
Brama Br: raises $3 to $12
Betting is capped
TinaTurner72: calls $3
*** FLOP *** [9h Qs 3c]
TinaTurner72: checks
Brama Br: bets $3
TinaTurner72: raises $3 to $6
Brama Br: raises $3 to $9
TinaTurner72: calls $3
*** TURN *** [9h Qs 3c] [4d]
TinaTurner72: bets $6
Brama Br: raises $6 to $12
TinaTurner72: raises $6 to $18
Brama Br: raises $6 to $24
Betting is capped
TinaTurner72: calls $6
*** RIVER *** [9h Qs 3c 4d] [6c]
TinaTurner72: bets $6
Brama Br: raises $1.04 to $7.04 and is all-in
TinaTurner72: calls $1.04
*** SHOW DOWN ***
Brama Br: shows [Qd Kh] (a pair of Queens)
TinaTurner72: shows [9c Qc] (two pair, Queens and Nines)
TinaTurner72 collected $103.58 from pot
*** SUMMARY ***
Total pot $104.08 | Rake $0.50
Board [9h Qs 3c 4d 6c]
Seat 4: Brama Br (button) (small blind) showed [Qd Kh] and lost with a pair of Queens
Seat 5: TinaTurner72 (big blind) showed [9c Qc] and won ($103.58) with two pair, Queens and Nines


PokerStars Hand #150421362725:  Hold'em Limit ($3/$6 USD) - 2016/03/15 21:27:30 ET
Table 'Arich' 10-max Seat #5 is the button
Seat 4: Brama Br ($33.50 in chips)
Seat 5: TinaTurner72 ($258.27 in chips)
TinaTurner72: posts small blind $1
Brama Br: posts big blind $3
*** HOLE CARDS ***
TinaTurner72: raises $3 to $6
Brama Br: calls $3
*** FLOP *** [2s 3d 9h]
Brama Br: checks
TinaTurner72: bets $3
Brama Br: raises $3 to $6
TinaTurner72: raises $3 to $9
Brama Br: calls $3
*** TURN *** [2s 3d 9h] [6h]
Brama Br: checks
TinaTurner72: bets $6
Brama Br: calls $6
*** RIVER *** [2s 3d 9h 6h] [5h]
Brama Br: checks
TinaTurner72: bets $6
Brama Br: calls $6
*** SHOW DOWN ***
TinaTurner72: shows [Qd Qs] (a pair of Queens)
Brama Br: mucks hand
TinaTurner72 collected $53.50 from pot
*** SUMMARY ***
Total pot $54 | Rake $0.50
Board [2s 3d 9h 6h 5h]
Seat 4: Brama Br (big blind) mucked
Seat 5: TinaTurner72 (button) (small blind) showed [Qd Qs] and won ($53.50) with a pair of Queens


PokerStars Hand #150421382505:  Hold'em Limit ($3/$6 USD) - 2016/03/15 21:28:11 ET
Table 'Arich' 10-max Seat #5 is the button
Seat 4: Brama Br ($312.26 in chips)
Seat 5: TinaTurner72 ($278.77 in chips)
TinaTurner72: posts small blind $1
Brama Br: posts big blind $3
*** HOLE CARDS ***
TinaTurner72: raises $3 to $6
Brama Br: calls $3
*** FLOP *** [5d Qh Ts]
Brama Br: checks
TinaTurner72: bets $3
Brama Br: calls $3
*** TURN *** [5d Qh Ts] [2h]
Brama Br: checks
TinaTurner72: checks
*** RIVER *** [5d Qh Ts 2h] [Qs]
Brama Br: bets $6
TinaTurner72: calls $6
*** SHOW DOWN ***
Brama Br: shows [Ah 2d] (two pair, Queens and Deuces)
TinaTurner72: mucks hand
Brama Br collected $29.50 from pot
*** SUMMARY ***
Total pot $30 | Rake $0.50
Board [5d Qh Ts 2h Qs]
Seat 4: Brama Br (big blind) showed [Ah 2d] and won ($29.50) with two pair, Queens and Deuces
Seat 5: TinaTurner72 (button) (small blind) mucked


PokerStars Hand #150421391088:  Hold'em Limit ($3/$6 USD) - 2016/03/15 21:28:28 ET
Table 'Arich' 10-max Seat #4 is the button
Seat 4: Brama Br ($326.76 in chips)
Seat 5: TinaTurner72 ($263.77 in chips)
Brama Br: posts small blind $1
TinaTurner72: posts big blind $3
*** HOLE CARDS ***
Brama Br: raises $3 to $6
TinaTurner72: calls $3
*** FLOP *** [5h Ac 2c]
TinaTurner72: checks
Brama Br: bets $3
TinaTurner72: raises $3 to $6
Brama Br: folds
Uncalled bet ($3) returned to TinaTurner72
TinaTurner72 collected $17.64 from pot
TinaTurner72: doesn't show hand
*** SUMMARY ***
Total pot $18 | Rake $0.36
Board [5h Ac 2c]
Seat 4: Brama Br (button) (small blind) folded on the Flop
Seat 5: TinaTurner72 (big blind) collected ($17.64)


PokerStars Hand #150421406784:  Hold'em Limit ($3/$6 USD) - 2016/03/15 21:29:00 ET
Table 'Arich' 10-max Seat #4 is the button
Seat 4: Brama Br ($344.26 in chips)
Seat 5: TinaTurner72 ($245.41 in chips)
Brama Br: posts small blind $1
TinaTurner72: posts big blind $3
*** HOLE CARDS ***
Brama Br: folds
Uncalled bet ($2) returned to TinaTurner72
TinaTurner72 collected $2 from pot
TinaTurner72: doesn't show hand
*** SUMMARY ***
Total pot $2 | Rake $0
Seat 4: Brama Br (button) (small blind) folded before Flop
Seat 5: TinaTurner72 (big blind) collected ($2)


PokerStars Hand #150421396734:  Hold'em Limit ($3/$6 USD) - 2016/03/15 21:28:40 ET
Table 'Arich' 10-max Seat #5 is the button
Seat 4: Brama Br ($317.76 in chips)
Seat 5: TinaTurner72 ($272.41 in chips)
TinaTurner72: posts small blind $1
Brama Br: posts big blind $3
*** HOLE CARDS ***
TinaTurner72: raises $3 to $6
Brama Br: calls $3
*** FLOP *** [4c 3d 9c]
Brama Br: checks
TinaTurner72: bets $3
Brama Br: calls $3
*** TURN *** [4c 3d 9c] [7h]
Brama Br: checks
TinaTurner72: bets $6
Brama Br: raises $6 to $12
TinaTurner72: calls $6
*** RIVER *** [4c 3d 9c 7h] [8h]
Brama Br: bets $6
TinaTurner72: calls $6
*** SHOW DOWN ***
Brama Br: shows [4d 4h] (three of a kind, Fours)
TinaTurner72: mucks hand
Brama Br collected $53.50 from pot
*** SUMMARY ***
Total pot $54 | Rake $0.50
Board [4c 3d 9c 7h 8h]
Seat 4: Brama Br (big blind) showed [4d 4h] and won ($53.50) with three of a kind, Fours
Seat 5: TinaTurner72 (button) (small blind) mucked


PokerStars Hand #150421409299:  Hold'em Limit ($3/$6 USD) - 2016/03/15 21:29:05 ET
Table 'Arich' 10-max Seat #5 is the button
Seat 4: Brama Br ($343.26 in chips)
Seat 5: TinaTurner72 ($246.41 in chips)
TinaTurner72: posts small blind $1
Brama Br: posts big blind $3
*** HOLE CARDS ***
TinaTurner72: raises $3 to $6
Brama Br: folds
Uncalled bet ($3) returned to TinaTurner72
TinaTurner72 collected $6 from pot
TinaTurner72: doesn't show hand
*** SUMMARY ***
Total pot $6 | Rake $0
Seat 4: Brama Br (big blind) folded before Flop
Seat 5: TinaTurner72 (button) (small blind) collected ($6)


PokerStars Hand #150421411838:  Hold'em Limit ($3/$6 USD) - 2016/03/15 21:29:11 ET
Table 'Arich' 10-max Seat #4 is the button
Seat 4: Brama Br ($340.26 in chips)
Seat 5: TinaTurner72 ($249.41 in chips)
Brama Br: posts small blind $1
TinaTurner72: posts big blind $3
*** HOLE CARDS ***
Brama Br: raises $3 to $6
TinaTurner72: raises $3 to $9
Brama Br: raises $3 to $12
Betting is capped
TinaTurner72: calls $3
*** FLOP *** [3s 2s Jh]
TinaTurner72: checks
Brama Br: bets $3
TinaTurner72: calls $3
*** TURN *** [3s 2s Jh] [Js]
TinaTurner72: checks
Brama Br: bets $6
TinaTurner72: calls $6
*** RIVER *** [3s 2s Jh Js] [Jd]
TinaTurner72: checks
Brama Br: bets $6
TinaTurner72: calls $6
*** SHOW DOWN ***
Brama Br: shows [Td Tc] (a full house, Jacks full of Tens)
TinaTurner72: mucks hand
Brama Br collected $53.50 from pot
*** SUMMARY ***
Total pot $54 | Rake $0.50
Board [3s 2s Jh Js Jd]
Seat 4: Brama Br (button) (small blind) showed [Td Tc] and won ($53.50) with a full house, Jacks full of Tens
Seat 5: TinaTurner72 (big blind) mucked


PokerStars Hand #150421423677:  Hold'em Limit ($3/$6 USD) - 2016/03/15 21:29:35 ET
Table 'Arich' 10-max Seat #5 is the button
Seat 4: Brama Br ($366.76 in chips)
Seat 5: TinaTurner72 ($222.41 in chips)
TinaTurner72: posts small blind $1
Brama Br: posts big blind $3
*** HOLE CARDS ***
TinaTurner72: raises $3 to $6
Brama Br: calls $3
*** FLOP *** [2s Th Jh]
Brama Br: checks
TinaTurner72: bets $3
Brama Br: calls $3
*** TURN *** [2s Th Jh] [3d]
Brama Br: checks
TinaTurner72: bets $6
Brama Br: folds
Uncalled bet ($6) returned to TinaTurner72
TinaTurner72 collected $17.64 from pot
TinaTurner72: doesn't show hand
*** SUMMARY ***
Total pot $18 | Rake $0.36
Board [2s Th Jh 3d]
Seat 4: Brama Br (big blind) folded on the Turn
Seat 5: TinaTurner72 (button) (small blind) collected ($17.64)


PokerStars Hand #150421430858:  Hold'em Limit ($3/$6 USD) - 2016/03/15 21:29:50 ET
Table 'Arich' 10-max Seat #4 is the button
Seat 4: Brama Br ($357.76 in chips)
Seat 5: TinaTurner72 ($231.05 in chips)
Brama Br: posts small blind $1
TinaTurner72: posts big blind $3
*** HOLE CARDS ***
Brama Br: raises $3 to $6
TinaTurner72: calls $3
*** FLOP *** [Kh 7h 3s]
TinaTurner72: checks
Brama Br: bets $3
TinaTurner72: raises $3 to $6
Brama Br: folds
Uncalled bet ($3) returned to TinaTurner72
TinaTurner72 collected $17.64 from pot
TinaTurner72: doesn't show hand
*** SUMMARY ***
Total pot $18 | Rake $0.36
Board [Kh 7h 3s]
Seat 4: Brama Br (button) (small blind) folded on the Flop
Seat 5: TinaTurner72 (big blind) collected ($17.64)


PokerStars Hand #150421436314:  Hold'em Limit ($3/$6 USD) - 2016/03/15 21:30:01 ET
Table 'Arich' 10-max Seat #5 is the button
Seat 4: Brama Br ($348.76 in chips)
Seat 5: TinaTurner72 ($239.69 in chips)
TinaTurner72: posts small blind $1
Brama Br: posts big blind $3
*** HOLE CARDS ***
TinaTurner72: raises $3 to $6
Brama Br: calls $3
*** FLOP *** [4c 4d Th]
Brama Br: checks
TinaTurner72: bets $3
Brama Br: calls $3
*** TURN *** [4c 4d Th] [Kd]
Brama Br: checks
TinaTurner72: bets $6
Brama Br: folds
Uncalled bet ($6) returned to TinaTurner72
TinaTurner72 collected $17.64 from pot
TinaTurner72: doesn't show hand
*** SUMMARY ***
Total pot $18 | Rake $0.36
Board [4c 4d Th Kd]
Seat 4: Brama Br (big blind) folded on the Turn
Seat 5: TinaTurner72 (button) (small blind) collected ($17.64)


PokerStars Hand #150421444666:  Hold'em Limit ($3/$6 USD) - 2016/03/15 21:30:18 ET
Table 'Arich' 10-max Seat #4 is the button
Seat 4: Brama Br ($339.76 in chips)
Seat 5: TinaTurner72 ($248.33 in chips)
Brama Br: posts small blind $1
TinaTurner72: posts big blind $3
*** HOLE CARDS ***
Brama Br: raises $3 to $6
TinaTurner72: calls $3
*** FLOP *** [Qs As 6h]
TinaTurner72: checks
Brama Br: bets $3
TinaTurner72: raises $3 to $6
Brama Br: calls $3
*** TURN *** [Qs As 6h] [4s]
TinaTurner72: bets $6
Brama Br: calls $6
*** RIVER *** [Qs As 6h 4s] [8s]
TinaTurner72: bets $6
Brama Br: raises $6 to $12
TinaTurner72: raises $6 to $18
Brama Br: calls $6
*** SHOW DOWN ***
TinaTurner72: shows [Js 3s] (a flush, Ace high)
Brama Br: mucks hand
TinaTurner72 collected $71.50 from pot
*** SUMMARY ***
Total pot $72 | Rake $0.50
Board [Qs As 6h 4s 8s]
Seat 4: Brama Br (button) (small blind) mucked
Seat 5: TinaTurner72 (big blind) showed [Js 3s] and won ($71.50) with a flush, Ace high


PokerStars Hand #150421456820:  Hold'em Limit ($3/$6 USD) - 2016/03/15 21:30:43 ET
Table 'Arich' 10-max Seat #5 is the button
Seat 4: Brama Br ($303.76 in chips)
Seat 5: TinaTurner72 ($283.83 in chips)
TinaTurner72: posts small blind $1
Brama Br: posts big blind $3
*** HOLE CARDS ***
TinaTurner72: raises $3 to $6
Brama Br: raises $3 to $9
TinaTurner72: calls $3
*** FLOP *** [Kd Th 5c]
Brama Br: bets $3
TinaTurner72: calls $3
*** TURN *** [Kd Th 5c] [3s]
Brama Br: bets $6
TinaTurner72: raises $6 to $12
Brama Br: calls $6
*** RIVER *** [Kd Th 5c 3s] [3d]
Brama Br: checks
TinaTurner72: bets $6
Brama Br: calls $6
*** SHOW DOWN ***
TinaTurner72: shows [Ks Qs] (two pair, Kings and Threes)
Brama Br: mucks hand
TinaTurner72 collected $59.50 from pot
*** SUMMARY ***
Total pot $60 | Rake $0.50
Board [Kd Th 5c 3s 3d]
Seat 4: Brama Br (big blind) mucked
Seat 5: TinaTurner72 (button) (small blind) showed [Ks Qs] and won ($59.50) with two pair, Kings and Threes


PokerStars Hand #150421466427:  Hold'em Limit ($3/$6 USD) - 2016/03/15 21:31:03 ET
Table 'Arich' 10-max Seat #4 is the button
Seat 4: Brama Br ($273.76 in chips)
Seat 5: TinaTurner72 ($313.33 in chips)
Brama Br: posts small blind $1
TinaTurner72: posts big blind $3
*** HOLE CARDS ***
Brama Br: raises $3 to $6
TinaTurner72: calls $3
*** FLOP *** [3d Qs Ks]
TinaTurner72: checks
Brama Br: checks
*** TURN *** [3d Qs Ks] [2c]
TinaTurner72: checks
Brama Br: checks
*** RIVER *** [3d Qs Ks 2c] [6h]
TinaTurner72: checks
Brama Br: bets $6
TinaTurner72: folds
Uncalled bet ($6) returned to Brama Br
Brama Br collected $11.76 from pot
Brama Br: doesn't show hand
*** SUMMARY ***
Total pot $12 | Rake $0.24
Board [3d Qs Ks 2c 6h]
Seat 4: Brama Br (button) (small blind) collected ($11.76)
Seat 5: TinaTurner72 (big blind) folded on the River


PokerStars Hand #150421475270:  Hold'em Limit ($3/$6 USD) - 2016/03/15 21:31:21 ET
Table 'Arich' 10-max Seat #5 is the button
Seat 4: Brama Br ($279.52 in chips)
Seat 5: TinaTurner72 ($307.33 in chips)
TinaTurner72: posts small blind $1
Brama Br: posts big blind $3
*** HOLE CARDS ***
TinaTurner72: raises $3 to $6
Brama Br: calls $3
*** FLOP *** [Qc 6d 7c]
Brama Br: checks
TinaTurner72: bets $3
Brama Br: calls $3
*** TURN *** [Qc 6d 7c] [As]
Brama Br: checks
TinaTurner72: bets $6
Brama Br: raises $6 to $12
TinaTurner72: calls $6
*** RIVER *** [Qc 6d 7c As] [9s]
Brama Br: bets $6
TinaTurner72: calls $6
*** SHOW DOWN ***
Brama Br: shows [3d Kd] (high card Ace)
TinaTurner72: shows [Ad 2h] (a pair of Aces)
TinaTurner72 collected $53.50 from pot
*** SUMMARY ***
Total pot $54 | Rake $0.50
Board [Qc 6d 7c As 9s]
Seat 4: Brama Br (big blind) showed [3d Kd] and lost with high card Ace
Seat 5: TinaTurner72 (button) (small blind) showed [Ad 2h] and won ($53.50) with a pair of Aces


PokerStars Hand #150421485133:  Hold'em Limit ($3/$6 USD) - 2016/03/15 21:31:42 ET
Table 'Arich' 10-max Seat #4 is the button
Seat 4: Brama Br ($252.52 in chips)
Seat 5: TinaTurner72 ($333.83 in chips)
Brama Br: posts small blind $1
TinaTurner72: posts big blind $3
*** HOLE CARDS ***
Brama Br: raises $3 to $6
TinaTurner72: raises $3 to $9
Brama Br: raises $3 to $12
Betting is capped
TinaTurner72: calls $3
*** FLOP *** [7d Td 2d]
TinaTurner72: checks
Brama Br: checks
*** TURN *** [7d Td 2d] [Ah]
TinaTurner72: bets $6
Brama Br: folds
Uncalled bet ($6) returned to TinaTurner72
TinaTurner72 collected $23.52 from pot
TinaTurner72: doesn't show hand
*** SUMMARY ***
Total pot $24 | Rake $0.48
Board [7d Td 2d Ah]
Seat 4: Brama Br (button) (small blind) folded on the Turn
Seat 5: TinaTurner72 (big blind) collected ($23.52)


PokerStars Hand #150421493537:  Hold'em Limit ($3/$6 USD) - 2016/03/15 21:31:59 ET
Table 'Arich' 10-max Seat #5 is the button
Seat 4: Brama Br ($240.52 in chips)
Seat 5: TinaTurner72 ($345.35 in chips)
TinaTurner72: posts small blind $1
Brama Br: posts big blind $3
*** HOLE CARDS ***
TinaTurner72: raises $3 to $6
Brama Br: calls $3
*** FLOP *** [2c Qs 6c]
Brama Br: checks
TinaTurner72: bets $3
Brama Br: folds
Uncalled bet ($3) returned to TinaTurner72
TinaTurner72 collected $11.76 from pot
TinaTurner72: doesn't show hand
*** SUMMARY ***
Total pot $12 | Rake $0.24
Board [2c Qs 6c]
Seat 4: Brama Br (big blind) folded on the Flop
Seat 5: TinaTurner72 (button) (small blind) collected ($11.76)


PokerStars Hand #150421499220:  Hold'em Limit ($3/$6 USD) - 2016/03/15 21:32:11 ET
Table 'Arich' 10-max Seat #4 is the button
Seat 4: Brama Br ($234.52 in chips)
Seat 5: TinaTurner72 ($351.11 in chips)
Brama Br: posts small blind $1
TinaTurner72: posts big blind $3
*** HOLE CARDS ***
Brama Br: raises $3 to $6
TinaTurner72: raises $3 to $9
Brama Br: calls $3
*** FLOP *** [6h 3c 8h]
TinaTurner72: bets $3
Brama Br: raises $3 to $6
TinaTurner72: calls $3
*** TURN *** [6h 3c 8h] [Kh]
TinaTurner72: checks
Brama Br: checks
*** RIVER *** [6h 3c 8h Kh] [8s]
TinaTurner72: checks
Brama Br: bets $6
TinaTurner72: calls $6
*** SHOW DOWN ***
Brama Br: shows [9d 9c] (two pair, Nines and Eights)
TinaTurner72: shows [Ks Qc] (two pair, Kings and Eights)
TinaTurner72 collected $41.50 from pot
*** SUMMARY ***
Total pot $42 | Rake $0.50
Board [6h 3c 8h Kh 8s]
Seat 4: Brama Br (button) (small blind) showed [9d 9c] and lost with two pair, Nines and Eights
Seat 5: TinaTurner72 (big blind) showed [Ks Qc] and won ($41.50) with two pair, Kings and Eights


PokerStars Hand #150421508701:  Hold'em Limit ($3/$6 USD) - 2016/03/15 21:32:31 ET
Table 'Arich' 10-max Seat #5 is the button
Seat 4: Brama Br ($213.52 in chips)
Seat 5: TinaTurner72 ($371.61 in chips)
TinaTurner72: posts small blind $1
Brama Br: posts big blind $3
*** HOLE CARDS ***
TinaTurner72: raises $3 to $6
Brama Br: calls $3
*** FLOP *** [Qc 2c 7d]
Brama Br: checks
TinaTurner72: bets $3
Brama Br: raises $3 to $6
TinaTurner72: calls $3
*** TURN *** [Qc 2c 7d] [Jd]
Brama Br: bets $6
TinaTurner72: raises $6 to $12
Brama Br: raises $6 to $18
TinaTurner72: calls $6
*** RIVER *** [Qc 2c 7d Jd] [4c]
Brama Br: bets $6
TinaTurner72: calls $6
*** SHOW DOWN ***
Brama Br: shows [2s Qs] (two pair, Queens and Deuces)
TinaTurner72: mucks hand
Brama Br collected $71.50 from pot
*** SUMMARY ***
Total pot $72 | Rake $0.50
Board [Qc 2c 7d Jd 4c]
Seat 4: Brama Br (big blind) showed [2s Qs] and won ($71.50) with two pair, Queens and Deuces
Seat 5: TinaTurner72 (button) (small blind) mucked


PokerStars Hand #150421543403:  Hold'em Limit ($3/$6 USD) - 2016/03/15 21:33:43 ET
Table 'Arich' 10-max Seat #4 is the button
Seat 4: Brama Br ($225.02 in chips)
Seat 5: TinaTurner72 ($358.75 in chips)
Brama Br: posts small blind $1
TinaTurner72: posts big blind $3
*** HOLE CARDS ***
Brama Br: raises $3 to $6
TinaTurner72: calls $3
*** FLOP *** [3d Jd Qh]
TinaTurner72: checks
Brama Br: bets $3
TinaTurner72: raises $3 to $6
Brama Br: folds
Uncalled bet ($3) returned to TinaTurner72
TinaTurner72 collected $17.64 from pot
TinaTurner72: doesn't show hand
*** SUMMARY ***
Total pot $18 | Rake $0.36
Board [3d Jd Qh]
Seat 4: Brama Br (button) (small blind) folded on the Flop
Seat 5: TinaTurner72 (big blind) collected ($17.64)


PokerStars Hand #150421530497:  Hold'em Limit ($3/$6 USD) - 2016/03/15 21:33:16 ET
Table 'Arich' 10-max Seat #4 is the button
Seat 4: Brama Br ($249.02 in chips)
Seat 5: TinaTurner72 ($335.61 in chips)
Brama Br: posts small blind $1
TinaTurner72: posts big blind $3
*** HOLE CARDS ***
Brama Br: raises $3 to $6
TinaTurner72: raises $3 to $9
Brama Br: calls $3
*** FLOP *** [9d 2h Td]
TinaTurner72: bets $3
Brama Br: folds
Uncalled bet ($3) returned to TinaTurner72
TinaTurner72 collected $17.64 from pot
TinaTurner72: doesn't show hand
*** SUMMARY ***
Total pot $18 | Rake $0.36
Board [9d 2h Td]
Seat 4: Brama Br (button) (small blind) folded on the Flop
Seat 5: TinaTurner72 (big blind) collected ($17.64)


PokerStars Hand #150421535756:  Hold'em Limit ($3/$6 USD) - 2016/03/15 21:33:27 ET
Table 'Arich' 10-max Seat #5 is the button
Seat 4: Brama Br ($240.02 in chips)
Seat 5: TinaTurner72 ($344.25 in chips)
TinaTurner72: posts small blind $1
Brama Br: posts big blind $3
*** HOLE CARDS ***
TinaTurner72: raises $3 to $6
Brama Br: calls $3
*** FLOP *** [3c 5c 4c]
Brama Br: checks
TinaTurner72: bets $3
Brama Br: calls $3
*** TURN *** [3c 5c 4c] [Js]
Brama Br: checks
TinaTurner72: bets $6
Brama Br: calls $6
*** RIVER *** [3c 5c 4c Js] [As]
Brama Br: checks
TinaTurner72: checks
*** SHOW DOWN ***
Brama Br: shows [8d Qc] (high card Ace)
TinaTurner72: shows [7h 3s] (a pair of Threes)
TinaTurner72 collected $29.50 from pot
*** SUMMARY ***
Total pot $30 | Rake $0.50
Board [3c 5c 4c Js As]
Seat 4: Brama Br (big blind) showed [8d Qc] and lost with high card Ace
Seat 5: TinaTurner72 (button) (small blind) showed [7h 3s] and won ($29.50) with a pair of Threes


