PokerStars Hand #144472780760:  Hold'em Limit ($3/$6 USD) - 2015/11/27 15:22:36 ET
Table 'Arided II' 2-max Seat #1 is the button
Seat 1: ciutkonr ($65.73 in chips)
Seat 2: birtmaz ($37 in chips)
ciutkonr: posts small blind $1
birtmaz: posts big blind $3
*** HOLE CARDS ***
ciutkonr: raises $3 to $6
birtmaz: raises $3 to $9
ciutkonr: raises $3 to $12
Betting is capped
birtmaz: calls $3
*** FLOP *** [8d Qh 7s]
birtmaz: bets $3
ciutkonr: raises $3 to $6
birtmaz: raises $3 to $9
ciutkonr: raises $3 to $12
Betting is capped
birtmaz: calls $3
*** TURN *** [8d Qh 7s] [6s]
birtmaz: bets $6
ciutkonr: raises $6 to $12
birtmaz: folds
Uncalled bet ($6) returned to ciutkonr
ciutkonr collected $59.50 from pot
*** SUMMARY ***
Total pot $60 | Rake $0.50
Board [8d Qh 7s 6s]
Seat 1: ciutkonr (button) (small blind) collected ($59.50)
Seat 2: birtmaz (big blind) folded on the Turn


PokerStars Hand #144472808738:  Hold'em Limit ($3/$6 USD) - 2015/11/27 15:23:05 ET
Table 'Arided II' 2-max Seat #1 is the button
Seat 1: ciutkonr ($89.23 in chips)
Seat 2: birtmaz ($12.76 in chips)
ciutkonr: posts small blind $1
birtmaz: posts big blind $3
*** HOLE CARDS ***
ciutkonr: calls $2
birtmaz: checks
*** FLOP *** [2s 6c Ks]
birtmaz: folds
ciutkonr collected $5.88 from pot
ciutkonr: doesn't show hand
*** SUMMARY ***
Total pot $6 | Rake $0.12
Board [2s 6c Ks]
Seat 1: ciutkonr (button) (small blind) collected ($5.88)
Seat 2: birtmaz (big blind) folded on the Flop


PokerStars Hand #144472791542:  Hold'em Limit ($3/$6 USD) - 2015/11/27 15:22:47 ET
Table 'Arided II' 2-max Seat #2 is the button
Seat 1: ciutkonr ($95.23 in chips)
Seat 2: birtmaz ($7 in chips)
birtmaz: posts small blind $1
ciutkonr: posts big blind $3
*** HOLE CARDS ***
birtmaz: calls $2
ciutkonr: checks
*** FLOP *** [2c Ah 7h]
ciutkonr: bets $3
birtmaz: raises $1 to $4 and is all-in
ciutkonr: folds
Uncalled bet ($1) returned to birtmaz
birtmaz collected $11.76 from pot
birtmaz: doesn't show hand
*** SUMMARY ***
Total pot $12 | Rake $0.24
Board [2c Ah 7h]
Seat 1: ciutkonr (big blind) folded on the Flop
Seat 2: birtmaz (button) (small blind) collected ($11.76)


