PokerStars Hand #167438431409:  Hold'em Limit ($3/$6 USD) - 2017/03/11 12:45:15 ET
Table 'Arided II' 6-max Seat #5 is the button
Seat 4: MTails ($169.16 in chips)
Seat 5: dragon1893 ($150 in chips)
dragon1893: posts small blind $1
MTails: posts big blind $3
*** HOLE CARDS ***
dragon1893: raises $3 to $6
MTails: calls $3
*** FLOP *** [2d As 9h]
MTails: checks
dragon1893: bets $3
MTails: raises $3 to $6
dragon1893: calls $3
*** TURN *** [2d As 9h] [Ac]
MTails: bets $6
dragon1893: calls $6
*** RIVER *** [2d As 9h Ac] [5d]
MTails: bets $6
dragon1893: calls $6
*** SHOW DOWN ***
MTails: shows [8h 9c] (two pair, Aces and Nines)
dragon1893: mucks hand
MTails collected $47.50 from pot
*** SUMMARY ***
Total pot $48 | Rake $0.50
Board [2d As 9h Ac 5d]
Seat 4: MTails (big blind) showed [8h 9c] and won ($47.50) with two pair, Aces and Nines
Seat 5: dragon1893 (button) (small blind) mucked


PokerStars Hand #167438442684:  Hold'em Limit ($3/$6 USD) - 2017/03/11 12:45:28 ET
Table 'Arided II' 6-max Seat #4 is the button
Seat 4: MTails ($192.66 in chips)
Seat 5: dragon1893 ($150 in chips)
MTails: posts small blind $1
dragon1893: posts big blind $3
*** HOLE CARDS ***
MTails: raises $3 to $6
dragon1893: calls $3
*** FLOP *** [Ks Qc 8c]
dragon1893: checks
MTails: bets $3
dragon1893: raises $3 to $6
MTails: calls $3
*** TURN *** [Ks Qc 8c] [8s]
dragon1893: bets $6
MTails: raises $6 to $12
dragon1893: raises $6 to $18
MTails: folds
Uncalled bet ($6) returned to dragon1893
dragon1893 collected $47.50 from pot
dragon1893: doesn't show hand
*** SUMMARY ***
Total pot $48 | Rake $0.50
Board [Ks Qc 8c 8s]
Seat 4: MTails (button) (small blind) folded on the Turn
Seat 5: dragon1893 (big blind) collected ($47.50)


PokerStars Hand #167438456473:  Hold'em Limit ($3/$6 USD) - 2017/03/11 12:45:44 ET
Table 'Arided II' 6-max Seat #5 is the button
Seat 4: MTails ($168.66 in chips)
Seat 5: dragon1893 ($173.50 in chips)
dragon1893: posts small blind $1
MTails: posts big blind $3
*** HOLE CARDS ***
dragon1893: raises $3 to $6
MTails: calls $3
*** FLOP *** [Qc 4s Js]
MTails: checks
dragon1893: bets $3
MTails: calls $3
*** TURN *** [Qc 4s Js] [2c]
MTails: checks
dragon1893: bets $6
MTails: folds
Uncalled bet ($6) returned to dragon1893
dragon1893 collected $17.64 from pot
dragon1893: doesn't show hand
*** SUMMARY ***
Total pot $18 | Rake $0.36
Board [Qc 4s Js 2c]
Seat 4: MTails (big blind) folded on the Turn
Seat 5: dragon1893 (button) (small blind) collected ($17.64)


PokerStars Hand #167438478376:  Hold'em Limit ($3/$6 USD) - 2017/03/11 12:46:10 ET
Table 'Arided II' 6-max Seat #5 is the button
Seat 4: MTails ($192.16 in chips)
Seat 5: dragon1893 ($150 in chips)
dragon1893: posts small blind $1
MTails: posts big blind $3
*** HOLE CARDS ***
dragon1893: raises $3 to $6
MTails: folds
Uncalled bet ($3) returned to dragon1893
dragon1893 collected $6 from pot
dragon1893: doesn't show hand
*** SUMMARY ***
Total pot $6 | Rake $0
Seat 4: MTails (big blind) folded before Flop
Seat 5: dragon1893 (button) (small blind) collected ($6)


PokerStars Hand #167438466361:  Hold'em Limit ($3/$6 USD) - 2017/03/11 12:45:56 ET
Table 'Arided II' 6-max Seat #4 is the button
Seat 4: MTails ($159.66 in chips)
Seat 5: dragon1893 ($182.14 in chips)
MTails: posts small blind $1
dragon1893: posts big blind $3
*** HOLE CARDS ***
MTails: raises $3 to $6
dragon1893: calls $3
*** FLOP *** [3d As Ah]
dragon1893: checks
MTails: bets $3
dragon1893: calls $3
*** TURN *** [3d As Ah] [6h]
dragon1893: checks
MTails: bets $6
dragon1893: raises $6 to $12
MTails: raises $6 to $18
dragon1893: calls $6
*** RIVER *** [3d As Ah 6h] [7d]
dragon1893: checks
MTails: bets $6
dragon1893: calls $6
*** SHOW DOWN ***
MTails: shows [5s 7s] (two pair, Aces and Sevens)
dragon1893: mucks hand
MTails collected $65.50 from pot
*** SUMMARY ***
Total pot $66 | Rake $0.50
Board [3d As Ah 6h 7d]
Seat 4: MTails (button) (small blind) showed [5s 7s] and won ($65.50) with two pair, Aces and Sevens
Seat 5: dragon1893 (big blind) mucked


PokerStars Hand #167438482684:  Hold'em Limit ($3/$6 USD) - 2017/03/11 12:46:15 ET
Table 'Arided II' 6-max Seat #4 is the button
Seat 4: MTails ($189.16 in chips)
Seat 5: dragon1893 ($153 in chips)
MTails: posts small blind $1
dragon1893: posts big blind $3
*** HOLE CARDS ***
MTails: raises $3 to $6
dragon1893: calls $3
*** FLOP *** [Ks Jc 9s]
dragon1893: checks
MTails: bets $3
dragon1893: calls $3
*** TURN *** [Ks Jc 9s] [8d]
dragon1893: checks
MTails: bets $6
dragon1893: folds
Uncalled bet ($6) returned to MTails
MTails collected $17.64 from pot
*** SUMMARY ***
Total pot $18 | Rake $0.36
Board [Ks Jc 9s 8d]
Seat 4: MTails (button) (small blind) collected ($17.64)
Seat 5: dragon1893 (big blind) folded on the Turn


PokerStars Hand #167438491734:  Hold'em Limit ($3/$6 USD) - 2017/03/11 12:46:26 ET
Table 'Arided II' 6-max Seat #5 is the button
Seat 4: MTails ($197.80 in chips)
Seat 5: dragon1893 ($150 in chips)
dragon1893: posts small blind $1
MTails: posts big blind $3
*** HOLE CARDS ***
dragon1893: raises $3 to $6
MTails: calls $3
*** FLOP *** [5c 4d Qh]
MTails: checks
dragon1893: bets $3
MTails: calls $3
*** TURN *** [5c 4d Qh] [Kd]
MTails: checks
dragon1893: bets $6
MTails: raises $6 to $12
dragon1893: raises $6 to $18
MTails: calls $6
*** RIVER *** [5c 4d Qh Kd] [5h]
MTails: checks
dragon1893: bets $6
MTails: calls $6
*** SHOW DOWN ***
dragon1893: shows [4c Kh] (two pair, Kings and Fives)
MTails: shows [8d Ks] (two pair, Kings and Fives)
MTails collected $32.75 from pot
dragon1893 collected $32.75 from pot
*** SUMMARY ***
Total pot $66 | Rake $0.50
Board [5c 4d Qh Kd 5h]
Seat 4: MTails (big blind) showed [8d Ks] and won ($32.75) with two pair, Kings and Fives
Seat 5: dragon1893 (button) (small blind) showed [4c Kh] and won ($32.75) with two pair, Kings and Fives


PokerStars Hand #167438518387:  Hold'em Limit ($3/$6 USD) - 2017/03/11 12:46:58 ET
Table 'Arided II' 6-max Seat #5 is the button
Seat 4: MTails ($167.55 in chips)
Seat 5: dragon1893 ($179.50 in chips)
dragon1893: posts small blind $1
MTails: posts big blind $3
*** HOLE CARDS ***
dragon1893: raises $3 to $6
MTails: calls $3
*** FLOP *** [2c 6d 4s]
MTails: checks
dragon1893: bets $3
MTails: raises $3 to $6
dragon1893: calls $3
*** TURN *** [2c 6d 4s] [4c]
MTails: bets $6
dragon1893: calls $6
*** RIVER *** [2c 6d 4s 4c] [Td]
MTails: bets $6
dragon1893: calls $6
*** SHOW DOWN ***
MTails: shows [3s 5s] (a straight, Deuce to Six)
dragon1893: mucks hand
MTails collected $47.50 from pot
*** SUMMARY ***
Total pot $48 | Rake $0.50
Board [2c 6d 4s 4c Td]
Seat 4: MTails (big blind) showed [3s 5s] and won ($47.50) with a straight, Deuce to Six
Seat 5: dragon1893 (button) (small blind) mucked


PokerStars Hand #167438528989:  Hold'em Limit ($3/$6 USD) - 2017/03/11 12:47:10 ET
Table 'Arided II' 6-max Seat #4 is the button
Seat 4: MTails ($191.05 in chips)
Seat 5: dragon1893 ($155.50 in chips)
MTails: posts small blind $1
dragon1893: posts big blind $3
*** HOLE CARDS ***
MTails: raises $3 to $6
dragon1893: calls $3
*** FLOP *** [9h Jh 5s]
dragon1893: checks
MTails: bets $3
dragon1893: calls $3
*** TURN *** [9h Jh 5s] [2h]
dragon1893: checks
MTails: bets $6
dragon1893: calls $6
*** RIVER *** [9h Jh 5s 2h] [5c]
dragon1893: checks
MTails: checks
*** SHOW DOWN ***
dragon1893: shows [4d 9d] (two pair, Nines and Fives)
MTails: mucks hand
dragon1893 collected $29.50 from pot
*** SUMMARY ***
Total pot $30 | Rake $0.50
Board [9h Jh 5s 2h 5c]
Seat 4: MTails (button) (small blind) mucked
Seat 5: dragon1893 (big blind) showed [4d 9d] and won ($29.50) with two pair, Nines and Fives


PokerStars Hand #167438540681:  Hold'em Limit ($3/$6 USD) - 2017/03/11 12:47:24 ET
Table 'Arided II' 6-max Seat #5 is the button
Seat 4: MTails ($176.05 in chips)
Seat 5: dragon1893 ($170 in chips)
dragon1893: posts small blind $1
MTails: posts big blind $3
*** HOLE CARDS ***
dragon1893: raises $3 to $6
MTails: raises $3 to $9
dragon1893: calls $3
*** FLOP *** [Qh As 2s]
MTails: bets $3
dragon1893: folds
Uncalled bet ($3) returned to MTails
MTails collected $17.64 from pot
*** SUMMARY ***
Total pot $18 | Rake $0.36
Board [Qh As 2s]
Seat 4: MTails (big blind) collected ($17.64)
Seat 5: dragon1893 (button) (small blind) folded on the Flop


PokerStars Hand #167438547507:  Hold'em Limit ($3/$6 USD) - 2017/03/11 12:47:32 ET
Table 'Arided II' 6-max Seat #4 is the button
Seat 4: MTails ($184.69 in chips)
Seat 5: dragon1893 ($161 in chips)
MTails: posts small blind $1
dragon1893: posts big blind $3
*** HOLE CARDS ***
MTails: folds
Uncalled bet ($2) returned to dragon1893
dragon1893 collected $2 from pot
dragon1893: doesn't show hand
*** SUMMARY ***
Total pot $2 | Rake $0
Seat 4: MTails (button) (small blind) folded before Flop
Seat 5: dragon1893 (big blind) collected ($2)


PokerStars Hand #167438505643:  Hold'em Limit ($3/$6 USD) - 2017/03/11 12:46:43 ET
Table 'Arided II' 6-max Seat #4 is the button
Seat 4: MTails ($197.55 in chips)
Seat 5: dragon1893 ($150 in chips)
MTails: posts small blind $1
dragon1893: posts big blind $3
*** HOLE CARDS ***
MTails: raises $3 to $6
dragon1893: calls $3
*** FLOP *** [4d Ts 9c]
dragon1893: checks
MTails: checks
*** TURN *** [4d Ts 9c] [8d]
dragon1893: bets $6
MTails: raises $6 to $12
dragon1893: raises $6 to $18
MTails: calls $6
*** RIVER *** [4d Ts 9c 8d] [4h]
dragon1893: bets $6
MTails: calls $6
*** SHOW DOWN ***
dragon1893: shows [Th 9d] (two pair, Tens and Nines)
MTails: mucks hand
dragon1893 collected $59.50 from pot
*** SUMMARY ***
Total pot $60 | Rake $0.50
Board [4d Ts 9c 8d 4h]
Seat 4: MTails (button) (small blind) mucked
Seat 5: dragon1893 (big blind) showed [Th 9d] and won ($59.50) with two pair, Tens and Nines


PokerStars Hand #167438573162:  Hold'em Limit ($3/$6 USD) - 2017/03/11 12:48:03 ET
Table 'Arided II' 6-max Seat #5 is the button
Seat 4: MTails ($200.94 in chips)
Seat 5: dragon1893 ($150 in chips)
dragon1893: posts small blind $1
MTails: posts big blind $3
*** HOLE CARDS ***
dragon1893: raises $3 to $6
MTails: calls $3
*** FLOP *** [9c Qd 5c]
MTails: checks
dragon1893: bets $3
MTails: calls $3
*** TURN *** [9c Qd 5c] [3h]
MTails: checks
dragon1893: bets $6
MTails: raises $6 to $12
vitamin168 joins the table at seat #3
dragon1893: raises $6 to $18
MTails: calls $6
*** RIVER *** [9c Qd 5c 3h] [6s]
MTails said, "hu pls"
MTails: checks
dragon1893: checks
*** SHOW DOWN ***
MTails: shows [Qc 2s] (a pair of Queens)
dragon1893: mucks hand
MTails collected $53.50 from pot
*** SUMMARY ***
Total pot $54 | Rake $0.50
Board [9c Qd 5c 3h 6s]
Seat 4: MTails (big blind) showed [Qc 2s] and won ($53.50) with a pair of Queens
Seat 5: dragon1893 (button) (small blind) mucked


PokerStars Hand #167438587199:  Hold'em Limit ($3/$6 USD) - 2017/03/11 12:48:19 ET
Table 'Arided II' 6-max Seat #4 is the button
Seat 4: MTails ($227.44 in chips)
Seat 5: dragon1893 ($150 in chips)
MTails: posts small blind $1
dragon1893: posts big blind $3
*** HOLE CARDS ***
MTails: folds
Uncalled bet ($2) returned to dragon1893
dragon1893 collected $2 from pot
dragon1893: doesn't show hand
*** SUMMARY ***
Total pot $2 | Rake $0
Seat 4: MTails (button) (small blind) folded before Flop
Seat 5: dragon1893 (big blind) collected ($2)


PokerStars Hand #167438551555:  Hold'em Limit ($3/$6 USD) - 2017/03/11 12:47:37 ET
Table 'Arided II' 6-max Seat #5 is the button
Seat 4: MTails ($183.69 in chips)
Seat 5: dragon1893 ($162 in chips)
dragon1893: posts small blind $1
MTails: posts big blind $3
*** HOLE CARDS ***
dragon1893: raises $3 to $6
MTails: raises $3 to $9
dragon1893: calls $3
*** FLOP *** [4h 4s 4d]
MTails: bets $3
dragon1893: calls $3
*** TURN *** [4h 4s 4d] [2s]
MTails: bets $6
dragon1893: calls $6
*** RIVER *** [4h 4s 4d 2s] [8c]
MTails: bets $6
dragon1893: folds
Uncalled bet ($6) returned to MTails
MTails collected $35.50 from pot
*** SUMMARY ***
Total pot $36 | Rake $0.50
Board [4h 4s 4d 2s 8c]
Seat 4: MTails (big blind) collected ($35.50)
Seat 5: dragon1893 (button) (small blind) folded on the River


PokerStars Hand #167438562704:  Hold'em Limit ($3/$6 USD) - 2017/03/11 12:47:50 ET
Table 'Arided II' 6-max Seat #4 is the button
Seat 4: MTails ($201.19 in chips)
Seat 5: dragon1893 ($150 in chips)
MTails: posts small blind $1
dragon1893: posts big blind $3
*** HOLE CARDS ***
MTails: raises $3 to $6
dragon1893: calls $3
*** FLOP *** [Qd 2c Qh]
dragon1893: checks
MTails: bets $3
dragon1893: calls $3
*** TURN *** [Qd 2c Qh] [2s]
dragon1893: checks
MTails: bets $6
dragon1893: calls $6
*** RIVER *** [Qd 2c Qh 2s] [Qs]
dragon1893: checks
MTails: bets $6
dragon1893: calls $6
*** SHOW DOWN ***
MTails: shows [As 8h] (a full house, Queens full of Deuces)
dragon1893: shows [Jh 8s] (a full house, Queens full of Deuces)
dragon1893 collected $20.75 from pot
MTails collected $20.75 from pot
*** SUMMARY ***
Total pot $42 | Rake $0.50
Board [Qd 2c Qh 2s Qs]
Seat 4: MTails (button) (small blind) showed [As 8h] and won ($20.75) with a full house, Queens full of Deuces
Seat 5: dragon1893 (big blind) showed [Jh 8s] and won ($20.75) with a full house, Queens full of Deuces


PokerStars Hand #167440144231:  Hold'em Limit ($3/$6 USD) - 2017/03/11 13:19:44 ET
Table 'Arided II' 6-max Seat #4 is the button
Seat 3: RowntreWilly ($36.74 in chips)
Seat 4: xxPSRxx ($201.27 in chips)
xxPSRxx: posts small blind $1
vestimokrec was removed from the table for failing to post
Ale4o: is sitting out
RowntreWilly: posts big blind $3
*** HOLE CARDS ***
xxPSRxx: raises $3 to $6
RowntreWilly: folds
Uncalled bet ($3) returned to xxPSRxx
xxPSRxx collected $6 from pot
xxPSRxx: doesn't show hand
*** SUMMARY ***
Total pot $6 | Rake $0
Seat 3: RowntreWilly (big blind) folded before Flop
Seat 4: xxPSRxx (button) (small blind) collected ($6)


PokerStars Hand #167440161172:  Hold'em Limit ($3/$6 USD) - 2017/03/11 13:20:03 ET
Table 'Arided II' 6-max Seat #3 is the button
Seat 3: RowntreWilly ($29.74 in chips)
Seat 4: xxPSRxx ($208.27 in chips)
RowntreWilly: posts small blind $1
xxPSRxx: posts big blind $3
*** HOLE CARDS ***
RowntreWilly: calls $2
xxPSRxx: checks
*** FLOP *** [4s 9s 7h]
xxPSRxx: checks
RowntreWilly: checks
*** TURN *** [4s 9s 7h] [Js]
vestimokrec joins the table at seat #5
xxPSRxx: checks
RowntreWilly: checks
*** RIVER *** [4s 9s 7h Js] [Qs]
xxPSRxx: checks
RowntreWilly: bets $6
xxPSRxx: folds
Uncalled bet ($6) returned to RowntreWilly
RowntreWilly collected $5.88 from pot
RowntreWilly: doesn't show hand
*** SUMMARY ***
Total pot $6 | Rake $0.12
Board [4s 9s 7h Js Qs]
Seat 3: RowntreWilly (button) (small blind) collected ($5.88)
Seat 4: xxPSRxx (big blind) folded on the River


PokerStars Hand #167440155921:  Hold'em Limit ($3/$6 USD) - 2017/03/11 13:19:57 ET
Table 'Arided II' 6-max Seat #4 is the button
Seat 3: RowntreWilly ($32.74 in chips)
Seat 4: xxPSRxx ($205.27 in chips)
xxPSRxx: posts small blind $1
RowntreWilly: posts big blind $3
*** HOLE CARDS ***
xxPSRxx: raises $3 to $6
RowntreWilly: folds
Uncalled bet ($3) returned to xxPSRxx
xxPSRxx collected $6 from pot
xxPSRxx: doesn't show hand
*** SUMMARY ***
Total pot $6 | Rake $0
Seat 3: RowntreWilly (big blind) folded before Flop
Seat 4: xxPSRxx (button) (small blind) collected ($6)


PokerStars Hand #167440151621:  Hold'em Limit ($3/$6 USD) - 2017/03/11 13:19:52 ET
Table 'Arided II' 6-max Seat #3 is the button
Seat 3: RowntreWilly ($33.74 in chips)
Seat 4: xxPSRxx ($204.27 in chips)
RowntreWilly: posts small blind $1
xxPSRxx: posts big blind $3
*** HOLE CARDS ***
RowntreWilly: folds
Uncalled bet ($2) returned to xxPSRxx
xxPSRxx collected $2 from pot
xxPSRxx: doesn't show hand
Ale4o leaves the table
*** SUMMARY ***
Total pot $2 | Rake $0
Seat 3: RowntreWilly (button) (small blind) folded before Flop
Seat 4: xxPSRxx (big blind) collected ($2)


PokerStars Hand #167440350662:  Hold'em Limit ($3/$6 USD) - 2017/03/11 13:23:38 ET
Table 'Arided II' 6-max Seat #4 is the button
Seat 3: RowntreWilly ($8.72 in chips)
Seat 4: xxPSRxx ($206.95 in chips)
xxPSRxx: posts small blind $1
vestimokrec: is sitting out
RowntreWilly: posts big blind $3
*** HOLE CARDS ***
xxPSRxx: raises $3 to $6
RowntreWilly: raises $2.72 to $8.72 and is all-in
xxPSRxx: calls $2.72
*** FLOP *** [2c 2d Qc]
*** TURN *** [2c 2d Qc] [Td]
*** RIVER *** [2c 2d Qc Td] [8h]
*** SHOW DOWN ***
RowntreWilly: shows [4h Ad] (a pair of Deuces)
xxPSRxx: shows [7s 5h] (a pair of Deuces - lower kicker)
RowntreWilly collected $17.09 from pot
*** SUMMARY ***
Total pot $17.44 | Rake $0.35
Board [2c 2d Qc Td 8h]
Seat 3: RowntreWilly (big blind) showed [4h Ad] and won ($17.09) with a pair of Deuces
Seat 4: xxPSRxx (button) (small blind) showed [7s 5h] and lost with a pair of Deuces


PokerStars Hand #167440383335:  Hold'em Limit ($3/$6 USD) - 2017/03/11 13:24:15 ET
Table 'Arided II' 6-max Seat #4 is the button
Seat 3: RowntreWilly ($31.59 in chips)
Seat 4: xxPSRxx ($183.23 in chips)
xxPSRxx: posts small blind $1
RowntreWilly: posts big blind $3
*** HOLE CARDS ***
xxPSRxx: raises $3 to $6
RowntreWilly: folds
Uncalled bet ($3) returned to xxPSRxx
xxPSRxx collected $6 from pot
xxPSRxx: doesn't show hand
*** SUMMARY ***
Total pot $6 | Rake $0
Seat 3: RowntreWilly (big blind) folded before Flop
Seat 4: xxPSRxx (button) (small blind) collected ($6)


PokerStars Hand #167440388412:  Hold'em Limit ($3/$6 USD) - 2017/03/11 13:24:20 ET
Table 'Arided II' 6-max Seat #3 is the button
Seat 3: RowntreWilly ($28.59 in chips)
Seat 4: xxPSRxx ($186.23 in chips)
RowntreWilly: posts small blind $1
xxPSRxx: posts big blind $3
*** HOLE CARDS ***
RowntreWilly: calls $2
xxPSRxx: raises $3 to $6
RowntreWilly: calls $3
*** FLOP *** [4d Td 7c]
xxPSRxx: checks
RowntreWilly: checks
*** TURN *** [4d Td 7c] [Jd]
xxPSRxx: checks
RowntreWilly: checks
*** RIVER *** [4d Td 7c Jd] [Ts]
xxPSRxx: checks
RowntreWilly: checks
*** SHOW DOWN ***
xxPSRxx: shows [Ah 8h] (a pair of Tens)
RowntreWilly: mucks hand
xxPSRxx collected $11.76 from pot
*** SUMMARY ***
Total pot $12 | Rake $0.24
Board [4d Td 7c Jd Ts]
Seat 3: RowntreWilly (button) (small blind) mucked
Seat 4: xxPSRxx (big blind) showed [Ah 8h] and won ($11.76) with a pair of Tens


PokerStars Hand #167440404727:  Hold'em Limit ($3/$6 USD) - 2017/03/11 13:24:39 ET
Table 'Arided II' 6-max Seat #4 is the button
Seat 3: RowntreWilly ($22.59 in chips)
Seat 4: xxPSRxx ($191.99 in chips)
xxPSRxx: posts small blind $1
RowntreWilly: posts big blind $3
*** HOLE CARDS ***
xxPSRxx: raises $3 to $6
RowntreWilly: calls $3
*** FLOP *** [9d 8s Ad]
RowntreWilly: checks
xxPSRxx: bets $3
RowntreWilly: folds
Uncalled bet ($3) returned to xxPSRxx
xxPSRxx collected $11.76 from pot
xxPSRxx: doesn't show hand
*** SUMMARY ***
Total pot $12 | Rake $0.24
Board [9d 8s Ad]
Seat 3: RowntreWilly (big blind) folded on the Flop
Seat 4: xxPSRxx (button) (small blind) collected ($11.76)


PokerStars Hand #167440364224:  Hold'em Limit ($3/$6 USD) - 2017/03/11 13:23:53 ET
Table 'Arided II' 6-max Seat #3 is the button
Seat 3: RowntreWilly ($17.09 in chips)
Seat 4: xxPSRxx ($198.23 in chips)
RowntreWilly: posts small blind $1
xxPSRxx: posts big blind $3
*** HOLE CARDS ***
RowntreWilly: calls $2
xxPSRxx: raises $3 to $6
RowntreWilly: calls $3
*** FLOP *** [Qh 2d 2h]
xxPSRxx: bets $3
RowntreWilly: calls $3
*** TURN *** [Qh 2d 2h] [Ks]
xxPSRxx: bets $6
RowntreWilly: calls $6
*** RIVER *** [Qh 2d 2h Ks] [Qc]
xxPSRxx: checks
RowntreWilly: checks
*** SHOW DOWN ***
xxPSRxx: shows [Ac Th] (two pair, Queens and Deuces)
RowntreWilly: shows [8d 8s] (two pair, Queens and Eights)
RowntreWilly collected $29.50 from pot
*** SUMMARY ***
Total pot $30 | Rake $0.50
Board [Qh 2d 2h Ks Qc]
Seat 3: RowntreWilly (button) (small blind) showed [8d 8s] and won ($29.50) with two pair, Queens and Eights
Seat 4: xxPSRxx (big blind) showed [Ac Th] and lost with two pair, Queens and Deuces


PokerStars Hand #167440414016:  Hold'em Limit ($3/$6 USD) - 2017/03/11 13:24:50 ET
Table 'Arided II' 6-max Seat #3 is the button
Seat 3: RowntreWilly ($16.59 in chips)
Seat 4: xxPSRxx ($197.75 in chips)
RowntreWilly: posts small blind $1
xxPSRxx: posts big blind $3
*** HOLE CARDS ***
RowntreWilly: calls $2
xxPSRxx: raises $3 to $6
RowntreWilly: calls $3
*** FLOP *** [Td 5c 4s]
xxPSRxx: bets $3
RowntreWilly: calls $3
*** TURN *** [Td 5c 4s] [6h]
xxPSRxx: bets $6
RowntreWilly: calls $6
*** RIVER *** [Td 5c 4s 6h] [7d]
xxPSRxx: bets $6
RowntreWilly: calls $1.59 and is all-in
Uncalled bet ($4.41) returned to xxPSRxx
*** SHOW DOWN ***
xxPSRxx: shows [Tc 8s] (a straight, Four to Eight)
RowntreWilly: shows [7h Kd] (a pair of Sevens)
xxPSRxx collected $32.68 from pot
*** SUMMARY ***
Total pot $33.18 | Rake $0.50
Board [Td 5c 4s 6h 7d]
Seat 3: RowntreWilly (button) (small blind) showed [7h Kd] and lost with a pair of Sevens
Seat 4: xxPSRxx (big blind) showed [Tc 8s] and won ($32.68) with a straight, Four to Eight


