PokerStars Hand #166338363598:  Hold'em Limit ($3/$6 USD) - 2017/02/17 7:15:53 ET
Table 'Arided' 10-max Seat #10 is the button
Seat 6: nordschrott ($17.04 in chips)
Seat 10: MTails ($137.28 in chips)
MTails: posts small blind $1
nordschrott: posts big blind $3
*** HOLE CARDS ***
MTails: raises $3 to $6
nordschrott: calls $3
*** FLOP *** [7s 7c 7h]
nordschrott: checks
MTails: bets $3
nordschrott: calls $3
*** TURN *** [7s 7c 7h] [3h]
nordschrott: checks
MTails: bets $6
nordschrott: raises $2.04 to $8.04 and is all-in
MTails: calls $2.04
*** RIVER *** [7s 7c 7h 3h] [Td]
*** SHOW DOWN ***
nordschrott: shows [4s 7d] (four of a kind, Sevens)
MTails: shows [9c 9h] (a full house, Sevens full of Nines)
nordschrott collected $33.58 from pot
*** SUMMARY ***
Total pot $34.08 | Rake $0.50
Board [7s 7c 7h 3h Td]
Seat 6: nordschrott (big blind) showed [4s 7d] and won ($33.58) with four of a kind, Sevens
Seat 10: MTails (button) (small blind) showed [9c 9h] and lost with a full house, Sevens full of Nines


PokerStars Hand #166338351975:  Hold'em Limit ($3/$6 USD) - 2017/02/17 7:15:31 ET
Table 'Arided' 10-max Seat #6 is the button
Seat 6: nordschrott ($26.04 in chips)
Seat 10: MTails ($128.64 in chips)
nordschrott: posts small blind $1
MTails: posts big blind $3
*** HOLE CARDS ***
nordschrott: calls $2
MTails: raises $3 to $6
nordschrott: calls $3
*** FLOP *** [4d 2d Jd]
MTails: bets $3
nordschrott: calls $3
*** TURN *** [4d 2d Jd] [Ad]
MTails: bets $6
nordschrott: folds
Uncalled bet ($6) returned to MTails
MTails collected $17.64 from pot
*** SUMMARY ***
Total pot $18 | Rake $0.36
Board [4d 2d Jd Ad]
Seat 6: nordschrott (button) (small blind) folded on the Turn
Seat 10: MTails (big blind) collected ($17.64)


PokerStars Hand #166338339292:  Hold'em Limit ($3/$6 USD) - 2017/02/17 7:15:07 ET
Table 'Arided' 10-max Seat #10 is the button
Seat 6: nordschrott ($35.04 in chips)
Seat 10: MTails ($120 in chips)
MTails: posts small blind $1
nordschrott: posts big blind $3
*** HOLE CARDS ***
MTails: raises $3 to $6
nordschrott: calls $3
*** FLOP *** [9d Tc Qc]
nordschrott: checks
MTails: bets $3
nordschrott: calls $3
*** TURN *** [9d Tc Qc] [Qd]
nordschrott: checks
MTails: bets $6
nordschrott: folds
Uncalled bet ($6) returned to MTails
MTails collected $17.64 from pot
*** SUMMARY ***
Total pot $18 | Rake $0.36
Board [9d Tc Qc Qd]
Seat 6: nordschrott (big blind) folded on the Turn
Seat 10: MTails (button) (small blind) collected ($17.64)


PokerStars Hand #166338376679:  Hold'em Limit ($3/$6 USD) - 2017/02/17 7:16:18 ET
Table 'Arided' 10-max Seat #6 is the button
Seat 6: nordschrott ($33.58 in chips)
Seat 10: MTails ($120.24 in chips)
nordschrott: posts small blind $1
MTails: posts big blind $3
*** HOLE CARDS ***
nordschrott: calls $2
MTails: raises $3 to $6
nordschrott: raises $3 to $9
MTails: calls $3
*** FLOP *** [7s 3s 7h]
MTails: checks
nordschrott: bets $3
MTails: calls $3
*** TURN *** [7s 3s 7h] [6c]
MTails: checks
nordschrott: bets $6
MTails: calls $6
*** RIVER *** [7s 3s 7h 6c] [9d]
MTails: checks
nordschrott: bets $6
MTails: calls $6
*** SHOW DOWN ***
nordschrott: shows [Qs Qc] (two pair, Queens and Sevens)
MTails: mucks hand
nordschrott collected $47.50 from pot
*** SUMMARY ***
Total pot $48 | Rake $0.50
Board [7s 3s 7h 6c 9d]
Seat 6: nordschrott (button) (small blind) showed [Qs Qc] and won ($47.50) with two pair, Queens and Sevens
Seat 10: MTails (big blind) mucked


PokerStars Hand #166338390703:  Hold'em Limit ($3/$6 USD) - 2017/02/17 7:16:44 ET
Table 'Arided' 10-max Seat #10 is the button
Seat 6: nordschrott ($57.08 in chips)
Seat 10: MTails ($96.24 in chips)
MTails: posts small blind $1
nordschrott: posts big blind $3
*** HOLE CARDS ***
MTails: raises $3 to $6
nordschrott: calls $3
*** FLOP *** [Qc 4d As]
nordschrott: checks
MTails: bets $3
nordschrott: calls $3
*** TURN *** [Qc 4d As] [3d]
nordschrott: checks
MTails: checks
*** RIVER *** [Qc 4d As 3d] [Qh]
nordschrott: bets $6
MTails: folds
Uncalled bet ($6) returned to nordschrott
nordschrott collected $17.64 from pot
*** SUMMARY ***
Total pot $18 | Rake $0.36
Board [Qc 4d As 3d Qh]
Seat 6: nordschrott (big blind) collected ($17.64)
Seat 10: MTails (button) (small blind) folded on the River


PokerStars Hand #166338405400:  Hold'em Limit ($3/$6 USD) - 2017/02/17 7:17:12 ET
Table 'Arided' 10-max Seat #10 is the button
Seat 6: nordschrott ($64.72 in chips)
Seat 10: MTails ($148.24 in chips)
MTails: posts small blind $1
nordschrott: posts big blind $3
*** HOLE CARDS ***
MTails: folds
Uncalled bet ($2) returned to nordschrott
nordschrott collected $2 from pot
*** SUMMARY ***
Total pot $2 | Rake $0
Seat 6: nordschrott (big blind) collected ($2)
Seat 10: MTails (button) (small blind) folded before Flop


PokerStars Hand #166338402296:  Hold'em Limit ($3/$6 USD) - 2017/02/17 7:17:06 ET
Table 'Arided' 10-max Seat #6 is the button
Seat 6: nordschrott ($65.72 in chips)
Seat 10: MTails ($147.24 in chips)
nordschrott: posts small blind $1
MTails: posts big blind $3
*** HOLE CARDS ***
nordschrott: folds
Uncalled bet ($2) returned to MTails
MTails collected $2 from pot
MTails: doesn't show hand
*** SUMMARY ***
Total pot $2 | Rake $0
Seat 6: nordschrott (button) (small blind) folded before Flop
Seat 10: MTails (big blind) collected ($2)


PokerStars Hand #166338422273:  Hold'em Limit ($3/$6 USD) - 2017/02/17 7:17:44 ET
Table 'Arided' 10-max Seat #6 is the button
Seat 6: nordschrott ($58.72 in chips)
Seat 10: MTails ($154 in chips)
nordschrott: posts small blind $1
MTails: posts big blind $3
*** HOLE CARDS ***
nordschrott: folds
Uncalled bet ($2) returned to MTails
MTails collected $2 from pot
*** SUMMARY ***
Total pot $2 | Rake $0
Seat 6: nordschrott (button) (small blind) folded before Flop
Seat 10: MTails (big blind) collected ($2)


PokerStars Hand #166338410850:  Hold'em Limit ($3/$6 USD) - 2017/02/17 7:17:22 ET
Table 'Arided' 10-max Seat #10 is the button
Seat 6: nordschrott ($64.72 in chips)
Seat 10: MTails ($148.24 in chips)
MTails: posts small blind $1
nordschrott: posts big blind $3
*** HOLE CARDS ***
MTails: raises $3 to $6
nordschrott: calls $3
*** FLOP *** [Kd 8d 5s]
nordschrott: checks
MTails: bets $3
nordschrott: folds
Uncalled bet ($3) returned to MTails
MTails collected $11.76 from pot
*** SUMMARY ***
Total pot $12 | Rake $0.24
Board [Kd 8d 5s]
Seat 6: nordschrott (big blind) folded on the Flop
Seat 10: MTails (button) (small blind) collected ($11.76)


PokerStars Hand #166338425177:  Hold'em Limit ($3/$6 USD) - 2017/02/17 7:17:49 ET
Table 'Arided' 10-max Seat #10 is the button
Seat 6: nordschrott ($57.72 in chips)
Seat 10: MTails ($155 in chips)
MTails: posts small blind $1
nordschrott: posts big blind $3
*** HOLE CARDS ***
MTails: raises $3 to $6
nordschrott: calls $3
*** FLOP *** [2h Ac 2c]
nordschrott: checks
MTails: bets $3
nordschrott: calls $3
*** TURN *** [2h Ac 2c] [As]
nordschrott: checks
MTails: bets $6
nordschrott: calls $6
*** RIVER *** [2h Ac 2c As] [4d]
nordschrott: checks
MTails: checks
*** SHOW DOWN ***
nordschrott: shows [8c 8h] (two pair, Aces and Eights)
MTails: mucks hand
nordschrott collected $29.50 from pot
*** SUMMARY ***
Total pot $30 | Rake $0.50
Board [2h Ac 2c As 4d]
Seat 6: nordschrott (big blind) showed [8c 8h] and won ($29.50) with two pair, Aces and Eights
Seat 10: MTails (button) (small blind) mucked


PokerStars Hand #166338407746:  Hold'em Limit ($3/$6 USD) - 2017/02/17 7:17:17 ET
Table 'Arided' 10-max Seat #6 is the button
Seat 6: nordschrott ($65.72 in chips)
Seat 10: MTails ($147.24 in chips)
nordschrott: posts small blind $1
MTails: posts big blind $3
*** HOLE CARDS ***
nordschrott: folds
Uncalled bet ($2) returned to MTails
MTails collected $2 from pot
MTails: doesn't show hand
*** SUMMARY ***
Total pot $2 | Rake $0
Seat 6: nordschrott (button) (small blind) folded before Flop
Seat 10: MTails (big blind) collected ($2)


PokerStars Hand #166338462387:  Hold'em Limit ($3/$6 USD) - 2017/02/17 7:18:59 ET
Table 'Arided' 10-max Seat #10 is the button
Seat 6: nordschrott ($100.22 in chips)
Seat 10: MTails ($171 in chips)
MTails: posts small blind $1
nordschrott: posts big blind $3
*** HOLE CARDS ***
MTails: raises $3 to $6
nordschrott: calls $3
*** FLOP *** [Ts 6c Ac]
nordschrott: checks
MTails: bets $3
nordschrott: calls $3
*** TURN *** [Ts 6c Ac] [2d]
nordschrott: checks
MTails: bets $6
nordschrott: raises $6 to $12
MTails: folds
Uncalled bet ($6) returned to nordschrott
millchar joins the table at seat #9
nordschrott collected $29.50 from pot
*** SUMMARY ***
Total pot $30 | Rake $0.50
Board [Ts 6c Ac 2d]
Seat 6: nordschrott (big blind) collected ($29.50)
Seat 10: MTails (button) (small blind) folded on the Turn


PokerStars Hand #166338459741:  Hold'em Limit ($3/$6 USD) - 2017/02/17 7:18:54 ET
Table 'Arided' 10-max Seat #6 is the button
Seat 6: nordschrott ($101.22 in chips)
Seat 10: MTails ($110 in chips)
nordschrott: posts small blind $1
MTails: posts big blind $3
*** HOLE CARDS ***
RockKillerTY joins the table at seat #7
nordschrott: folds
Uncalled bet ($2) returned to MTails
MTails collected $2 from pot
*** SUMMARY ***
Total pot $2 | Rake $0
Seat 6: nordschrott (button) (small blind) folded before Flop
Seat 10: MTails (big blind) collected ($2)


PokerStars Hand #166338449026:  Hold'em Limit ($3/$6 USD) - 2017/02/17 7:18:34 ET
Table 'Arided' 10-max Seat #10 is the button
Seat 6: nordschrott ($86.72 in chips)
Seat 10: MTails ($125 in chips)
MTails: posts small blind $1
nordschrott: posts big blind $3
*** HOLE CARDS ***
MTails: raises $3 to $6
nordschrott: calls $3
*** FLOP *** [Qd 4h 3s]
nordschrott: checks
MTails: bets $3
nordschrott: calls $3
*** TURN *** [Qd 4h 3s] [7s]
nordschrott: checks
MTails: checks
*** RIVER *** [Qd 4h 3s 7s] [7d]
nordschrott: bets $6
MTails: calls $6
*** SHOW DOWN ***
nordschrott: shows [7c 6h] (three of a kind, Sevens)
MTails: mucks hand
nordschrott collected $29.50 from pot
*** SUMMARY ***
Total pot $30 | Rake $0.50
Board [Qd 4h 3s 7s 7d]
Seat 6: nordschrott (big blind) showed [7c 6h] and won ($29.50) with three of a kind, Sevens
Seat 10: MTails (button) (small blind) mucked


PokerStars Hand #166338436773:  Hold'em Limit ($3/$6 USD) - 2017/02/17 7:18:11 ET
Table 'Arided' 10-max Seat #6 is the button
Seat 6: nordschrott ($72.22 in chips)
Seat 10: MTails ($140 in chips)
nordschrott: posts small blind $1
MTails: posts big blind $3
*** HOLE CARDS ***
nordschrott: calls $2
MTails: raises $3 to $6
nordschrott: calls $3
*** FLOP *** [7d 6s Ts]
MTails: bets $3
nordschrott: calls $3
*** TURN *** [7d 6s Ts] [Ks]
MTails: checks
nordschrott: checks
*** RIVER *** [7d 6s Ts Ks] [Kh]
MTails: checks
nordschrott: bets $6
MTails: calls $6
*** SHOW DOWN ***
nordschrott: shows [Ad 7c] (two pair, Kings and Sevens)
MTails: mucks hand
nordschrott collected $29.50 from pot
*** SUMMARY ***
Total pot $30 | Rake $0.50
Board [7d 6s Ts Ks Kh]
Seat 6: nordschrott (button) (small blind) showed [Ad 7c] and won ($29.50) with two pair, Kings and Sevens
Seat 10: MTails (big blind) mucked


PokerStars Hand #166338928663:  Hold'em Limit ($3/$6 USD) - 2017/02/17 7:33:35 ET
Table 'Arided' 10-max Seat #7 is the button
Seat 1: nicmct ($115.47 in chips)
Seat 7: RockKillerTY ($103.61 in chips)
RockKillerTY: posts small blind $1
ABATAPP: is sitting out
nicmct: posts big blind $3
*** HOLE CARDS ***
RockKillerTY: raises $3 to $6
nicmct: calls $3
*** FLOP *** [9d 8d Ts]
nicmct: checks
RockKillerTY: bets $3
nicmct: calls $3
*** TURN *** [9d 8d Ts] [3d]
nicmct: checks
RockKillerTY: bets $6
nicmct: raises $6 to $12
RockKillerTY: calls $6
*** RIVER *** [9d 8d Ts 3d] [Td]
nicmct: bets $6
RockKillerTY: folds
Uncalled bet ($6) returned to nicmct
nicmct collected $41.50 from pot
*** SUMMARY ***
Total pot $42 | Rake $0.50
Board [9d 8d Ts 3d Td]
Seat 1: nicmct (big blind) collected ($41.50)
Seat 7: RockKillerTY (button) (small blind) folded on the River


PokerStars Hand #166338958079:  Hold'em Limit ($3/$6 USD) - 2017/02/17 7:34:22 ET
Table 'Arided' 10-max Seat #1 is the button
Seat 1: nicmct ($135.97 in chips)
Seat 7: RockKillerTY ($82.61 in chips)
nicmct: posts small blind $1
RockKillerTY: posts big blind $3
*** HOLE CARDS ***
nicmct: raises $3 to $6
RockKillerTY: folds
Uncalled bet ($3) returned to nicmct
nicmct collected $6 from pot
*** SUMMARY ***
Total pot $6 | Rake $0
Seat 1: nicmct (button) (small blind) collected ($6)
Seat 7: RockKillerTY (big blind) folded before Flop


PokerStars Hand #166338975578:  Hold'em Limit ($3/$6 USD) - 2017/02/17 7:34:54 ET
Table 'Arided' 10-max Seat #7 is the button
Seat 1: nicmct ($141.73 in chips)
Seat 7: RockKillerTY ($76.61 in chips)
RockKillerTY: posts small blind $1
nicmct: posts big blind $3
*** HOLE CARDS ***
RockKillerTY: raises $3 to $6
nicmct: calls $3
*** FLOP *** [Td 2c Kh]
vestimokrec joins the table at seat #2
nicmct: checks
RockKillerTY: bets $3
nicmct: folds
Uncalled bet ($3) returned to RockKillerTY
RockKillerTY collected $11.76 from pot
RockKillerTY: doesn't show hand
*** SUMMARY ***
Total pot $12 | Rake $0.24
Board [Td 2c Kh]
Seat 1: nicmct (big blind) folded on the Flop
Seat 7: RockKillerTY (button) (small blind) collected ($11.76)


PokerStars Hand #166338966320:  Hold'em Limit ($3/$6 USD) - 2017/02/17 7:34:37 ET
Table 'Arided' 10-max Seat #1 is the button
Seat 1: nicmct ($135.97 in chips)
Seat 7: RockKillerTY ($82.61 in chips)
nicmct: posts small blind $1
RockKillerTY: posts big blind $3
*** HOLE CARDS ***
nicmct: raises $3 to $6
RockKillerTY: calls $3
*** FLOP *** [8d 2c 9h]
RockKillerTY: checks
nicmct: bets $3
RockKillerTY: folds
Uncalled bet ($3) returned to nicmct
nicmct collected $11.76 from pot
*** SUMMARY ***
Total pot $12 | Rake $0.24
Board [8d 2c 9h]
Seat 1: nicmct (button) (small blind) collected ($11.76)
Seat 7: RockKillerTY (big blind) folded on the Flop


PokerStars Hand #166338962949:  Hold'em Limit ($3/$6 USD) - 2017/02/17 7:34:31 ET
Table 'Arided' 10-max Seat #7 is the button
Seat 1: nicmct ($138.97 in chips)
Seat 7: RockKillerTY ($79.61 in chips)
RockKillerTY: posts small blind $1
nicmct: posts big blind $3
*** HOLE CARDS ***
RockKillerTY: raises $3 to $6
nicmct: folds
Uncalled bet ($3) returned to RockKillerTY
RockKillerTY collected $6 from pot
RockKillerTY: doesn't show hand
*** SUMMARY ***
Total pot $6 | Rake $0
Seat 1: nicmct (big blind) folded before Flop
Seat 7: RockKillerTY (button) (small blind) collected ($6)


