PokerStars Hand #144556663974:  Hold'em Limit ($3/$6 USD) - 2015/11/29 9:33:29 ET
Table 'Aries II' 6-max Seat #2 is the button
Seat 2: Bonkman05 ($166.97 in chips)
Seat 5: Poo Chana ($67.18 in chips)
Bonkman05: posts small blind $1
Poo Chana: posts big blind $3
*** HOLE CARDS ***
Bonkman05: raises $3 to $6
Poo Chana: folds
Uncalled bet ($3) returned to Bonkman05
Bonkman05 collected $6 from pot
Bonkman05: doesn't show hand
*** SUMMARY ***
Total pot $6 | Rake $0
Seat 2: Bonkman05 (button) (small blind) collected ($6)
Seat 5: Poo Chana (big blind) folded before Flop


PokerStars Hand #144556675437:  Hold'em Limit ($3/$6 USD) - 2015/11/29 9:33:45 ET
Table 'Aries II' 6-max Seat #5 is the button
Seat 2: Bonkman05 ($169.97 in chips)
Seat 5: Poo Chana ($64.18 in chips)
Poo Chana: posts small blind $1
Bonkman05: posts big blind $3
*** HOLE CARDS ***
Poo Chana: raises $3 to $6
Bonkman05: raises $3 to $9
Poo Chana: calls $3
*** FLOP *** [Kd Ac 4s]
Bonkman05: checks
Poo Chana: checks
*** TURN *** [Kd Ac 4s] [Th]
Bonkman05: checks
Poo Chana: bets $6
Bonkman05: folds
Uncalled bet ($6) returned to Poo Chana
Poo Chana collected $17.64 from pot
Poo Chana: doesn't show hand
*** SUMMARY ***
Total pot $18 | Rake $0.36
Board [Kd Ac 4s Th]
Seat 2: Bonkman05 (big blind) folded on the Turn
Seat 5: Poo Chana (button) (small blind) collected ($17.64)


PokerStars Hand #144556700511:  Hold'em Limit ($3/$6 USD) - 2015/11/29 9:34:20 ET
Table 'Aries II' 6-max Seat #2 is the button
Seat 2: Bonkman05 ($160.97 in chips)
Seat 5: Poo Chana ($72.82 in chips)
Bonkman05: posts small blind $1
Poo Chana: posts big blind $3
*** HOLE CARDS ***
Bonkman05: raises $3 to $6
Poo Chana: folds
Uncalled bet ($3) returned to Bonkman05
Bonkman05 collected $6 from pot
Bonkman05: doesn't show hand
*** SUMMARY ***
Total pot $6 | Rake $0
Seat 2: Bonkman05 (button) (small blind) collected ($6)
Seat 5: Poo Chana (big blind) folded before Flop


PokerStars Hand #144556707080:  Hold'em Limit ($3/$6 USD) - 2015/11/29 9:34:29 ET
Table 'Aries II' 6-max Seat #5 is the button
Seat 2: Bonkman05 ($163.97 in chips)
Seat 5: Poo Chana ($69.82 in chips)
poker_blef84 joins the table at seat #3
Poo Chana: posts small blind $1
Bonkman05: posts big blind $3
*** HOLE CARDS ***
Poo Chana: folds
Uncalled bet ($2) returned to Bonkman05
Bonkman05 collected $2 from pot
Bonkman05: doesn't show hand
*** SUMMARY ***
Total pot $2 | Rake $0
Seat 2: Bonkman05 (big blind) collected ($2)
Seat 5: Poo Chana (button) (small blind) folded before Flop


PokerStars Hand #144558733574:  Hold'em Limit ($3/$6 USD) - 2015/11/29 10:21:10 ET
Table 'Aries II' 6-max Seat #1 is the button
Seat 1: scorpio04 ($96.27 in chips)
Seat 6: mapletrees22 ($167.46 in chips)
scorpio04: posts small blind $1
assitoni: is sitting out
Karpik09: is sitting out
mapletrees22: posts big blind $3
*** HOLE CARDS ***
korrnel joins the table at seat #3
scorpio04: raises $3 to $6
Karpik09 leaves the table
assitoni leaves the table
mapletrees22: calls $3
*** FLOP *** [4c Qh 7h]
SashaYuvelir joins the table at seat #4
mapletrees22: checks
SashaYuvelir leaves the table
scorpio04: bets $3
mapletrees22: folds
Uncalled bet ($3) returned to scorpio04
scorpio04 collected $11.76 from pot
scorpio04: doesn't show hand
*** SUMMARY ***
Total pot $12 | Rake $0.24
Board [4c Qh 7h]
Seat 1: scorpio04 (button) (small blind) collected ($11.76)
Seat 6: mapletrees22 (big blind) folded on the Flop


PokerStars Hand #144558749771:  Hold'em Limit ($3/$6 USD) - 2015/11/29 10:21:30 ET
Table 'Aries II' 6-max Seat #6 is the button
Seat 1: scorpio04 ($102.03 in chips)
Seat 6: mapletrees22 ($161.46 in chips)
mapletrees22: posts small blind $1
scorpio04: posts big blind $3
*** HOLE CARDS ***
mapletrees22: calls $2
scorpio04: checks
*** FLOP *** [Kd Td 9c]
scorpio04: checks
mapletrees22: bets $3
scorpio04: folds
Uncalled bet ($3) returned to mapletrees22
mapletrees22 collected $5.88 from pot
mapletrees22: doesn't show hand
*** SUMMARY ***
Total pot $6 | Rake $0.12
Board [Kd Td 9c]
Seat 1: scorpio04 (big blind) folded on the Flop
Seat 6: mapletrees22 (button) (small blind) collected ($5.88)


