PokerStars Hand #176103811995:  Hold'em Limit ($3/$6 USD) - 2017/09/25 10:52:25 ET
Table 'Aries' 6-max Seat #6 is the button
Seat 4: Agrotait ($66 in chips)
Seat 6: HAOYUN88888 ($50 in chips)
HAOYUN88888: posts small blind $1
Agrotait: posts big blind $3
*** HOLE CARDS ***
HAOYUN88888: raises $3 to $6
Agrotait: raises $3 to $9
HAOYUN88888: calls $3
*** FLOP *** [4h 4d 7s]
Ag3r0n joins the table at seat #1
Agrotait: bets $3
HAOYUN88888: raises $3 to $6
Agrotait: calls $3
*** TURN *** [4h 4d 7s] [9h]
Agrotait: checks
HAOYUN88888: bets $6
Agrotait: calls $6
*** RIVER *** [4h 4d 7s 9h] [3d]
Agrotait: checks
HAOYUN88888: bets $6
Agrotait: folds
Uncalled bet ($6) returned to HAOYUN88888
HAOYUN88888 collected $41.50 from pot
HAOYUN88888: doesn't show hand
*** SUMMARY ***
Total pot $42 | Rake $0.50
Board [4h 4d 7s 9h 3d]
Seat 4: Agrotait (big blind) folded on the River
Seat 6: HAOYUN88888 (button) (small blind) collected ($41.50)


PokerStars Hand #176103871292:  Hold'em Limit ($3/$6 USD) - 2017/09/25 10:54:11 ET
Table 'Aries' 6-max Seat #4 is the button
Seat 4: Agrotait ($45 in chips)
Seat 6: HAOYUN88888 ($70.50 in chips)
Agrotait: posts small blind $1
HAOYUN88888: posts big blind $3
*** HOLE CARDS ***
Agrotait: raises $3 to $6
HAOYUN88888: folds
Uncalled bet ($3) returned to Agrotait
Agrotait collected $6 from pot
Agrotait: doesn't show hand
*** SUMMARY ***
Total pot $6 | Rake $0
Seat 4: Agrotait (button) (small blind) collected ($6)
Seat 6: HAOYUN88888 (big blind) folded before Flop


PokerStars Hand #176104029128:  Hold'em Limit ($3/$6 USD) - 2017/09/25 10:59:30 ET
Table 'Aries' 6-max Seat #2 is the button
Seat 1: Ag3r0n ($72 in chips)
Seat 2: Whatze Phuck ($77 in chips)
Whatze Phuck: posts small blind $1
Agrotait: is sitting out
HAOYUN88888: is sitting out
Ag3r0n: posts big blind $3
*** HOLE CARDS ***
Agrotait leaves the table
Whatze Phuck: raises $3 to $6
Ag3r0n: calls $3
*** FLOP *** [Ks 7c 3c]
Ag3r0n: checks
Whatze Phuck: bets $3
HAOYUN88888 leaves the table
Ag3r0n: raises $3 to $6
Whatze Phuck: folds
Uncalled bet ($3) returned to Ag3r0n
Ag3r0n collected $17.64 from pot
Ag3r0n: doesn't show hand
*** SUMMARY ***
Total pot $18 | Rake $0.36
Board [Ks 7c 3c]
Seat 1: Ag3r0n (big blind) collected ($17.64)
Seat 2: Whatze Phuck (button) (small blind) folded on the Flop


