PokerStars Hand #147788612394:  Hold'em Limit ($3/$6 USD) - 2016/01/27 17:07:18 ET
Table 'Aries' 6-max Seat #2 is the button
Seat 1: abs2001 ($123 in chips)
Seat 2: Krazy90 ($120 in chips)
Krazy90: posts small blind $1
abs2001: posts big blind $3
*** HOLE CARDS ***
Krazy90: raises $3 to $6
abs2001: raises $3 to $9
Krazy90: calls $3
*** FLOP *** [Ac 4h 8d]
abs2001: bets $3
Krazy90: calls $3
*** TURN *** [Ac 4h 8d] [4c]
abs2001: bets $6
belik555 joins the table at seat #3
Krazy90: calls $6
*** RIVER *** [Ac 4h 8d 4c] [Ks]
abs2001: bets $6
Krazy90: calls $6
*** SHOW DOWN ***
abs2001: shows [5h Ad] (two pair, Aces and Fours)
Krazy90: mucks hand
abs2001 collected $47.50 from pot
*** SUMMARY ***
Total pot $48 | Rake $0.50
Board [Ac 4h 8d 4c Ks]
Seat 1: abs2001 (big blind) showed [5h Ad] and won ($47.50) with two pair, Aces and Fours
Seat 2: Krazy90 (button) (small blind) mucked


PokerStars Hand #147788633840:  Hold'em Limit ($3/$6 USD) - 2016/01/27 17:07:39 ET
Table 'Aries' 6-max Seat #1 is the button
Seat 1: abs2001 ($146.50 in chips)
Seat 2: Krazy90 ($120 in chips)
abs2001: posts small blind $1
Krazy90: posts big blind $3
*** HOLE CARDS ***
abs2001: folds
Uncalled bet ($2) returned to Krazy90
Krazy90 collected $2 from pot
Krazy90: doesn't show hand
MikieOboats joins the table at seat #6
*** SUMMARY ***
Total pot $2 | Rake $0
Seat 1: abs2001 (button) (small blind) folded before Flop
Seat 2: Krazy90 (big blind) collected ($2)


