PokerStars Hand #145017847947:  Hold'em Limit ($3/$6 USD) - 2015/12/08 8:48:45 ET
Table 'Aries' 6-max Seat #3 is the button
Seat 3: 40 ft cliff ($56.96 in chips)
Seat 4: Agrotait ($72 in chips)
40 ft cliff: posts small blind $1
Agrotait: posts big blind $3
*** HOLE CARDS ***
40 ft cliff: raises $3 to $6
Agrotait: raises $3 to $9
40 ft cliff: calls $3
*** FLOP *** [4d 9d Ah]
Agrotait: bets $3
40 ft cliff: calls $3
*** TURN *** [4d 9d Ah] [7d]
Agrotait: checks
40 ft cliff: checks
*** RIVER *** [4d 9d Ah 7d] [2c]
Agrotait: bets $6
40 ft cliff: calls $6
*** SHOW DOWN ***
Agrotait: shows [5d 5c] (a pair of Fives)
40 ft cliff: shows [8d 7s] (a pair of Sevens)
40 ft cliff collected $35.50 from pot
*** SUMMARY ***
Total pot $36 | Rake $0.50
Board [4d 9d Ah 7d 2c]
Seat 3: 40 ft cliff (button) (small blind) showed [8d 7s] and won ($35.50) with a pair of Sevens
Seat 4: Agrotait (big blind) showed [5d 5c] and lost with a pair of Fives


PokerStars Hand #145017876099:  Hold'em Limit ($3/$6 USD) - 2015/12/08 8:49:28 ET
Table 'Aries' 6-max Seat #4 is the button
Seat 3: 40 ft cliff ($74.46 in chips)
Seat 4: Agrotait ($72 in chips)
Agrotait: posts small blind $1
40 ft cliff: posts big blind $3
*** HOLE CARDS ***
Agrotait: raises $3 to $6
40 ft cliff: calls $3
*** FLOP *** [Td 7c 5s]
40 ft cliff: bets $3
Agrotait: calls $3
*** TURN *** [Td 7c 5s] [4h]
40 ft cliff: bets $6
Agrotait: calls $6
*** RIVER *** [Td 7c 5s 4h] [Jd]
40 ft cliff: checks
Agrotait: checks
*** SHOW DOWN ***
40 ft cliff: shows [8h Th] (a pair of Tens)
Agrotait: mucks hand
40 ft cliff collected $29.50 from pot
*** SUMMARY ***
Total pot $30 | Rake $0.50
Board [Td 7c 5s 4h Jd]
Seat 3: 40 ft cliff (big blind) showed [8h Th] and won ($29.50) with a pair of Tens
Seat 4: Agrotait (button) (small blind) mucked


PokerStars Hand #145017911105:  Hold'em Limit ($3/$6 USD) - 2015/12/08 8:50:22 ET
Table 'Aries' 6-max Seat #3 is the button
Seat 3: 40 ft cliff ($88.96 in chips)
Seat 4: Agrotait ($72 in chips)
40 ft cliff: posts small blind $1
Agrotait: posts big blind $3
*** HOLE CARDS ***
40 ft cliff: raises $3 to $6
Agrotait: folds
Uncalled bet ($3) returned to 40 ft cliff
40 ft cliff collected $6 from pot
40 ft cliff: doesn't show hand
*** SUMMARY ***
Total pot $6 | Rake $0
Seat 3: 40 ft cliff (button) (small blind) collected ($6)
Seat 4: Agrotait (big blind) folded before Flop


