PokerStars Hand #152962278709:  Hold'em Limit ($3/$6 USD) - 2016/05/07 1:38:34 ET
Table 'Aries II' 6-max Seat #1 is the button
Seat 1: LifeisagameX ($60 in chips)
Seat 3: agentbond007 ($120 in chips)
LifeisagameX: posts small blind $1
agentbond007: posts big blind $3
*** HOLE CARDS ***
LifeisagameX: raises $3 to $6
agentbond007: raises $3 to $9
LifeisagameX: calls $3
*** FLOP *** [5s Kh 9s]
agentbond007: bets $3
LifeisagameX: calls $3
*** TURN *** [5s Kh 9s] [2s]
agentbond007: bets $6
LifeisagameX: raises $6 to $12
agentbond007: folds
Uncalled bet ($6) returned to LifeisagameX
LifeisagameX collected $35.50 from pot
LifeisagameX: doesn't show hand
*** SUMMARY ***
Total pot $36 | Rake $0.50
Board [5s Kh 9s 2s]
Seat 1: LifeisagameX (button) (small blind) collected ($35.50)
Seat 3: agentbond007 (big blind) folded on the Turn


PokerStars Hand #152962294169:  Hold'em Limit ($3/$6 USD) - 2016/05/07 1:39:32 ET
Table 'Aries II' 6-max Seat #3 is the button
Seat 1: LifeisagameX ($77.50 in chips)
Seat 3: agentbond007 ($102 in chips)
agentbond007: posts small blind $1
LifeisagameX: posts big blind $3
*** HOLE CARDS ***
agentbond007: raises $3 to $6
LifeisagameX: calls $3
*** FLOP *** [5d Qs Tc]
LifeisagameX: checks
agentbond007: bets $3
LifeisagameX: calls $3
*** TURN *** [5d Qs Tc] [Ac]
LifeisagameX: checks
agentbond007: bets $6
LifeisagameX: folds
Uncalled bet ($6) returned to agentbond007
agentbond007 collected $17.64 from pot
agentbond007: doesn't show hand
*** SUMMARY ***
Total pot $18 | Rake $0.36
Board [5d Qs Tc Ac]
Seat 1: LifeisagameX (big blind) folded on the Turn
Seat 3: agentbond007 (button) (small blind) collected ($17.64)


PokerStars Hand #152962311935:  Hold'em Limit ($3/$6 USD) - 2016/05/07 1:40:40 ET
Table 'Aries II' 6-max Seat #3 is the button
Seat 1: LifeisagameX ($83 in chips)
Seat 3: agentbond007 ($95.64 in chips)
agentbond007: posts small blind $1
LifeisagameX: posts big blind $3
*** HOLE CARDS ***
agentbond007: raises $3 to $6
JoeBlack1982 joins the table at seat #5
LifeisagameX: calls $3
*** FLOP *** [Qh Kc 3h]
LifeisagameX: checks
agentbond007: bets $3
LifeisagameX: folds
Uncalled bet ($3) returned to agentbond007
agentbond007 collected $11.76 from pot
agentbond007: doesn't show hand
*** SUMMARY ***
Total pot $12 | Rake $0.24
Board [Qh Kc 3h]
Seat 1: LifeisagameX (big blind) folded on the Flop
Seat 3: agentbond007 (button) (small blind) collected ($11.76)


PokerStars Hand #152962301361:  Hold'em Limit ($3/$6 USD) - 2016/05/07 1:40:00 ET
Table 'Aries II' 6-max Seat #1 is the button
Seat 1: LifeisagameX ($68.50 in chips)
Seat 3: agentbond007 ($110.64 in chips)
LifeisagameX: posts small blind $1
agentbond007: posts big blind $3
*** HOLE CARDS ***
LifeisagameX: raises $3 to $6
agentbond007: raises $3 to $9
LifeisagameX: calls $3
*** FLOP *** [3s 9c 9s]
agentbond007: checks
LifeisagameX: checks
*** TURN *** [3s 9c 9s] [Qd]
agentbond007: checks
LifeisagameX: checks
*** RIVER *** [3s 9c 9s Qd] [6d]
agentbond007: checks
LifeisagameX: bets $6
agentbond007: calls $6
*** SHOW DOWN ***
LifeisagameX: shows [6s 8h] (two pair, Nines and Sixes)
agentbond007: mucks hand
LifeisagameX collected $29.50 from pot
*** SUMMARY ***
Total pot $30 | Rake $0.50
Board [3s 9c 9s Qd 6d]
Seat 1: LifeisagameX (button) (small blind) showed [6s 8h] and won ($29.50) with two pair, Nines and Sixes
Seat 3: agentbond007 (big blind) mucked


PokerStars Hand #152962318154:  Hold'em Limit ($3/$6 USD) - 2016/05/07 1:41:03 ET
Table 'Aries II' 6-max Seat #1 is the button
Seat 1: LifeisagameX ($77 in chips)
Seat 3: agentbond007 ($101.40 in chips)
LifeisagameX: posts small blind $1
agentbond007: posts big blind $3
*** HOLE CARDS ***
LifeisagameX: raises $3 to $6
agentbond007: folds
Uncalled bet ($3) returned to LifeisagameX
LifeisagameX collected $6 from pot
LifeisagameX: doesn't show hand
*** SUMMARY ***
Total pot $6 | Rake $0
Seat 1: LifeisagameX (button) (small blind) collected ($6)
Seat 3: agentbond007 (big blind) folded before Flop


PokerStars Hand #152962449512:  Hold'em Limit ($3/$6 USD) - 2016/05/07 1:49:24 ET
Table 'Aries II' 6-max Seat #4 is the button
Seat 3: JayEm82 ($214.63 in chips)
Seat 4: ChawkDee ($353.46 in chips)
ChawkDee: posts small blind $1
JayEm82: posts big blind $3
*** HOLE CARDS ***
VolkovDmitri leaves the table
ChawkDee: raises $3 to $6
JayEm82: calls $3
*** FLOP *** [5s 5d 6c]
Kenjataimu leaves the table
JayEm82: checks
ChawkDee: bets $3
JayEm82: calls $3
*** TURN *** [5s 5d 6c] [Ad]
JayEm82: checks
ChawkDee: checks
*** RIVER *** [5s 5d 6c Ad] [Kh]
JayEm82: bets $6
ChawkDee: raises $6 to $12
JayEm82: calls $6
*** SHOW DOWN ***
ChawkDee: shows [Ah 9c] (two pair, Aces and Fives)
JayEm82: mucks hand
ChawkDee collected $41.50 from pot
*** SUMMARY ***
Total pot $42 | Rake $0.50
Board [5s 5d 6c Ad Kh]
Seat 3: JayEm82 (big blind) mucked
Seat 4: ChawkDee (button) (small blind) showed [Ah 9c] and won ($41.50) with two pair, Aces and Fives


PokerStars Hand #152962456123:  Hold'em Limit ($3/$6 USD) - 2016/05/07 1:49:50 ET
Table 'Aries II' 6-max Seat #3 is the button
Seat 3: JayEm82 ($193.63 in chips)
Seat 4: ChawkDee ($373.96 in chips)
JayEm82: posts small blind $1
ChawkDee: posts big blind $3
*** HOLE CARDS ***
JayEm82: raises $3 to $6
ChawkDee: calls $3
*** FLOP *** [3c 9h 5h]
ChawkDee: checks
JayEm82: bets $3
ChawkDee: calls $3
*** TURN *** [3c 9h 5h] [4s]
ChawkDee: checks
JayEm82: bets $6
ChawkDee: raises $6 to $12
JayEm82: calls $6
*** RIVER *** [3c 9h 5h 4s] [As]
ChawkDee: bets $6
JayEm82: calls $6
*** SHOW DOWN ***
ChawkDee: shows [2s Ah] (a straight, Ace to Five)
JayEm82: mucks hand
ChawkDee collected $53.50 from pot
*** SUMMARY ***
Total pot $54 | Rake $0.50
Board [3c 9h 5h 4s As]
Seat 3: JayEm82 (button) (small blind) mucked
Seat 4: ChawkDee (big blind) showed [2s Ah] and won ($53.50) with a straight, Ace to Five


PokerStars Hand #152962463022:  Hold'em Limit ($3/$6 USD) - 2016/05/07 1:50:16 ET
Table 'Aries II' 6-max Seat #4 is the button
Seat 3: JayEm82 ($166.63 in chips)
Seat 4: ChawkDee ($400.46 in chips)
ChawkDee: posts small blind $1
JayEm82: posts big blind $3
*** HOLE CARDS ***
ChawkDee: folds
Uncalled bet ($2) returned to JayEm82
JayEm82 collected $2 from pot
JayEm82: doesn't show hand
*** SUMMARY ***
Total pot $2 | Rake $0
Seat 3: JayEm82 (big blind) collected ($2)
Seat 4: ChawkDee (button) (small blind) folded before Flop


