PokerStars Hand #158764635504:  Hold'em Limit ($3/$6 USD) - 2016/09/18 10:13:37 ET
Table 'Aristaeus' 6-max Seat #2 is the button
Seat 1: LifeisagameX ($98.50 in chips)
Seat 2: megabaitt ($76.69 in chips)
megabaitt: posts small blind $1
LifeisagameX: posts big blind $3
*** HOLE CARDS ***
megabaitt: folds
Uncalled bet ($2) returned to LifeisagameX
LifeisagameX collected $2 from pot
LifeisagameX: doesn't show hand
*** SUMMARY ***
Total pot $2 | Rake $0
Seat 1: LifeisagameX (big blind) collected ($2)
Seat 2: megabaitt (button) (small blind) folded before Flop


PokerStars Hand #158764601088:  Hold'em Limit ($3/$6 USD) - 2016/09/18 10:12:46 ET
Table 'Aristaeus' 6-max Seat #1 is the button
Seat 1: LifeisagameX ($84 in chips)
Seat 2: megabaitt ($91.69 in chips)
LifeisagameX: posts small blind $1
megabaitt: posts big blind $3
*** HOLE CARDS ***
LifeisagameX: raises $3 to $6
megabaitt: calls $3
*** FLOP *** [Ks Qh 3d]
megabaitt: bets $3
LifeisagameX: calls $3
*** TURN *** [Ks Qh 3d] [5c]
megabaitt: bets $6
LifeisagameX: raises $6 to $12
megabaitt: folds
Uncalled bet ($6) returned to LifeisagameX
LifeisagameX collected $29.50 from pot
*** SUMMARY ***
Total pot $30 | Rake $0.50
Board [Ks Qh 3d 5c]
Seat 1: LifeisagameX (button) (small blind) collected ($29.50)
Seat 2: megabaitt (big blind) folded on the Turn


PokerStars Hand #158764653285:  Hold'em Limit ($3/$6 USD) - 2016/09/18 10:14:04 ET
Table 'Aristaeus' 6-max Seat #2 is the button
Seat 1: LifeisagameX ($105.26 in chips)
Seat 2: megabaitt ($69.69 in chips)
megabaitt: posts small blind $1
LifeisagameX: posts big blind $3
*** HOLE CARDS ***
megabaitt: raises $3 to $6
LifeisagameX: calls $3
*** FLOP *** [Qc Js 6h]
LifeisagameX: checks
megabaitt: bets $3
LifeisagameX: raises $3 to $6
megabaitt: calls $3
*** TURN *** [Qc Js 6h] [5s]
LifeisagameX: checks
megabaitt: bets $6
LifeisagameX: calls $6
*** RIVER *** [Qc Js 6h 5s] [5c]
LifeisagameX: checks
megabaitt: bets $6
LifeisagameX: folds
Uncalled bet ($6) returned to megabaitt
megabaitt collected $35.50 from pot
megabaitt: doesn't show hand
*** SUMMARY ***
Total pot $36 | Rake $0.50
Board [Qc Js 6h 5s 5c]
Seat 1: LifeisagameX (big blind) folded on the River
Seat 2: megabaitt (button) (small blind) collected ($35.50)


PokerStars Hand #158764639670:  Hold'em Limit ($3/$6 USD) - 2016/09/18 10:13:43 ET
Table 'Aristaeus' 6-max Seat #1 is the button
Seat 1: LifeisagameX ($99.50 in chips)
Seat 2: megabaitt ($75.69 in chips)
LifeisagameX: posts small blind $1
megabaitt: posts big blind $3
*** HOLE CARDS ***
LifeisagameX: raises $3 to $6
megabaitt: calls $3
*** FLOP *** [8s Ac 2h]
megabaitt: checks
LifeisagameX: bets $3
megabaitt: folds
Uncalled bet ($3) returned to LifeisagameX
LifeisagameX collected $11.76 from pot
LifeisagameX: doesn't show hand
*** SUMMARY ***
Total pot $12 | Rake $0.24
Board [8s Ac 2h]
Seat 1: LifeisagameX (button) (small blind) collected ($11.76)
Seat 2: megabaitt (big blind) folded on the Flop


PokerStars Hand #158764723699:  Hold'em Limit ($3/$6 USD) - 2016/09/18 10:15:47 ET
Table 'Aristaeus' 6-max Seat #2 is the button
Seat 1: LifeisagameX ($97.02 in chips)
Seat 2: megabaitt ($77.19 in chips)
megabaitt: posts small blind $1
LifeisagameX: posts big blind $3
*** HOLE CARDS ***
megabaitt: folds
Uncalled bet ($2) returned to LifeisagameX
LifeisagameX collected $2 from pot
*** SUMMARY ***
Total pot $2 | Rake $0
Seat 1: LifeisagameX (big blind) collected ($2)
Seat 2: megabaitt (button) (small blind) folded before Flop


PokerStars Hand #158764701273:  Hold'em Limit ($3/$6 USD) - 2016/09/18 10:15:14 ET
Table 'Aristaeus' 6-max Seat #1 is the button
Seat 1: LifeisagameX ($91.26 in chips)
Seat 2: megabaitt ($83.19 in chips)
LifeisagameX: posts small blind $1
megabaitt: posts big blind $3
*** HOLE CARDS ***
LifeisagameX: raises $3 to $6
megabaitt: calls $3
*** FLOP *** [Qh 7c 9d]
megabaitt: checks
LifeisagameX: checks
*** TURN *** [Qh 7c 9d] [Td]
megabaitt: checks
LifeisagameX: bets $6
megabaitt: folds
Uncalled bet ($6) returned to LifeisagameX
LifeisagameX collected $11.76 from pot
LifeisagameX: doesn't show hand
*** SUMMARY ***
Total pot $12 | Rake $0.24
Board [Qh 7c 9d Td]
Seat 1: LifeisagameX (button) (small blind) collected ($11.76)
Seat 2: megabaitt (big blind) folded on the Turn


PokerStars Hand #158764696494:  Hold'em Limit ($3/$6 USD) - 2016/09/18 10:15:07 ET
Table 'Aristaeus' 6-max Seat #2 is the button
Seat 1: LifeisagameX ($90.26 in chips)
Seat 2: megabaitt ($84.19 in chips)
megabaitt: posts small blind $1
LifeisagameX: posts big blind $3
*** HOLE CARDS ***
AllinRamstad joins the table at seat #6
megabaitt: folds
Uncalled bet ($2) returned to LifeisagameX
LifeisagameX collected $2 from pot
LifeisagameX: doesn't show hand
*** SUMMARY ***
Total pot $2 | Rake $0
Seat 1: LifeisagameX (big blind) collected ($2)
Seat 2: megabaitt (button) (small blind) folded before Flop


PokerStars Hand #158764686445:  Hold'em Limit ($3/$6 USD) - 2016/09/18 10:14:53 ET
Table 'Aristaeus' 6-max Seat #1 is the button
Seat 1: LifeisagameX ($87.26 in chips)
Seat 2: megabaitt ($87.19 in chips)
LifeisagameX: posts small blind $1
megabaitt: posts big blind $3
*** HOLE CARDS ***
LifeisagameX: raises $3 to $6
megabaitt: folds
Uncalled bet ($3) returned to LifeisagameX
LifeisagameX collected $6 from pot
LifeisagameX: doesn't show hand
*** SUMMARY ***
Total pot $6 | Rake $0
Seat 1: LifeisagameX (button) (small blind) collected ($6)
Seat 2: megabaitt (big blind) folded before Flop


PokerStars Hand #158764727965:  Hold'em Limit ($3/$6 USD) - 2016/09/18 10:15:53 ET
Table 'Aristaeus' 6-max Seat #1 is the button
Seat 1: LifeisagameX ($98.02 in chips)
Seat 2: megabaitt ($76.19 in chips)
LifeisagameX: posts small blind $1
megabaitt: posts big blind $3
*** HOLE CARDS ***
LifeisagameX: raises $3 to $6
megabaitt: calls $3
*** FLOP *** [Jh 6c 7h]
megabaitt: bets $3
LifeisagameX: calls $3
*** TURN *** [Jh 6c 7h] [Kc]
megabaitt: bets $6
LifeisagameX: raises $6 to $12
megabaitt: calls $6
*** RIVER *** [Jh 6c 7h Kc] [5h]
megabaitt: checks
LifeisagameX: bets $6
megabaitt: calls $6
*** SHOW DOWN ***
LifeisagameX: shows [7d Kh] (two pair, Kings and Sevens)
megabaitt: mucks hand
LifeisagameX collected $53.50 from pot
*** SUMMARY ***
Total pot $54 | Rake $0.50
Board [Jh 6c 7h Kc 5h]
Seat 1: LifeisagameX (button) (small blind) showed [7d Kh] and won ($53.50) with two pair, Kings and Sevens
Seat 2: megabaitt (big blind) mucked


PokerStars Hand #158764757285:  Hold'em Limit ($3/$6 USD) - 2016/09/18 10:16:36 ET
Table 'Aristaeus' 6-max Seat #2 is the button
Seat 1: LifeisagameX ($124.52 in chips)
Seat 2: megabaitt ($49.19 in chips)
megabaitt: posts small blind $1
LifeisagameX: posts big blind $3
*** HOLE CARDS ***
megabaitt: raises $3 to $6
LifeisagameX: calls $3
*** FLOP *** [8d Th Ad]
LifeisagameX: checks
megabaitt: bets $3
LifeisagameX: calls $3
*** TURN *** [8d Th Ad] [3d]
LifeisagameX: checks
megabaitt: bets $6
LifeisagameX: calls $6
*** RIVER *** [8d Th Ad 3d] [Ac]
LifeisagameX: checks
megabaitt: checks
*** SHOW DOWN ***
LifeisagameX: shows [5c Ts] (two pair, Aces and Tens)
megabaitt: mucks hand
LifeisagameX collected $29.50 from pot
*** SUMMARY ***
Total pot $30 | Rake $0.50
Board [8d Th Ad 3d Ac]
Seat 1: LifeisagameX (big blind) showed [5c Ts] and won ($29.50) with two pair, Aces and Tens
Seat 2: megabaitt (button) (small blind) mucked


PokerStars Hand #158764802085:  Hold'em Limit ($3/$6 USD) - 2016/09/18 10:17:41 ET
Table 'Aristaeus' 6-max Seat #1 is the button
Seat 1: LifeisagameX ($139.02 in chips)
Seat 2: megabaitt ($34.19 in chips)
LifeisagameX: posts small blind $1
megabaitt: posts big blind $3
*** HOLE CARDS ***
LifeisagameX: raises $3 to $6
megabaitt: calls $3
*** FLOP *** [5c Qs Kc]
megabaitt: checks
LifeisagameX: bets $3
megabaitt: folds
Uncalled bet ($3) returned to LifeisagameX
LifeisagameX collected $11.76 from pot
LifeisagameX: doesn't show hand
*** SUMMARY ***
Total pot $12 | Rake $0.24
Board [5c Qs Kc]
Seat 1: LifeisagameX (button) (small blind) collected ($11.76)
Seat 2: megabaitt (big blind) folded on the Flop


PokerStars Hand #158764838707:  Hold'em Limit ($3/$6 USD) - 2016/09/18 10:18:34 ET
Table 'Aristaeus' 6-max Seat #6 is the button
Seat 2: megabaitt ($28.19 in chips)
Seat 6: AllinRamstad ($176 in chips)
LordBorzi II will be allowed to play after the button
AllinRamstad: posts small blind $1
megabaitt: posts big blind $3
*** HOLE CARDS ***
AllinRamstad: raises $3 to $6
megabaitt: calls $3
*** FLOP *** [8c 7h Td]
megabaitt: checks
AllinRamstad: bets $3
megabaitt: folds
Uncalled bet ($3) returned to AllinRamstad
AllinRamstad collected $11.76 from pot
AllinRamstad: doesn't show hand
*** SUMMARY ***
Total pot $12 | Rake $0.24
Board [8c 7h Td]
Seat 2: megabaitt (big blind) folded on the Flop
Seat 6: AllinRamstad (button) (small blind) collected ($11.76)


PokerStars Hand #158764854179:  Hold'em Limit ($3/$6 USD) - 2016/09/18 10:18:56 ET
Table 'Aristaeus' 6-max Seat #5 is the button
Seat 2: megabaitt ($21.19 in chips)
Seat 5: LordBorzi II ($121 in chips)
LordBorzi II: posts small blind $1
AllinRamstad: is sitting out
megabaitt: posts big blind $3
*** HOLE CARDS ***
LordBorzi II: raises $3 to $6
megabaitt: calls $3
*** FLOP *** [4d Js 3s]
megabaitt: checks
LordBorzi II: checks
*** TURN *** [4d Js 3s] [7h]
megabaitt: bets $6
LordBorzi II: calls $6
*** RIVER *** [4d Js 3s 7h] [Qd]
megabaitt: bets $6
LordBorzi II: raises $6 to $12
megabaitt: calls $3.19 and is all-in
Uncalled bet ($2.81) returned to LordBorzi II
*** SHOW DOWN ***
LordBorzi II: shows [7c Qh] (two pair, Queens and Sevens)
megabaitt: shows [Jd 6c] (a pair of Jacks)
LordBorzi II collected $41.88 from pot
*** SUMMARY ***
Total pot $42.38 | Rake $0.50
Board [4d Js 3s 7h Qd]
Seat 2: megabaitt (big blind) showed [Jd 6c] and lost with a pair of Jacks
Seat 5: LordBorzi II (button) (small blind) showed [7c Qh] and won ($41.88) with two pair, Queens and Sevens


PokerStars Hand #158766273968:  Hold'em Limit ($3/$6 USD) - 2016/09/18 10:52:24 ET
Table 'Aristaeus' 6-max Seat #6 is the button
Seat 3: Tsoy777 ($105.28 in chips)
Seat 6: LifeisagameX ($85 in chips)
LifeisagameX: posts small blind $1
Tsoy777: posts big blind $3
*** HOLE CARDS ***
LifeisagameX: raises $3 to $6
Tsoy777: calls $3
*** FLOP *** [5h 5d Jd]
Tsoy777: checks
LifeisagameX: bets $3
Tsoy777: folds
Uncalled bet ($3) returned to LifeisagameX
LifeisagameX collected $11.76 from pot
LifeisagameX: doesn't show hand
*** SUMMARY ***
Total pot $12 | Rake $0.24
Board [5h 5d Jd]
Seat 3: Tsoy777 (big blind) folded on the Flop
Seat 6: LifeisagameX (button) (small blind) collected ($11.76)


PokerStars Hand #158766269465:  Hold'em Limit ($3/$6 USD) - 2016/09/18 10:52:18 ET
Table 'Aristaeus' 6-max Seat #3 is the button
Seat 3: Tsoy777 ($106.28 in chips)
Seat 6: LifeisagameX ($84 in chips)
Tsoy777: posts small blind $1
LifeisagameX: posts big blind $3
*** HOLE CARDS ***
Tsoy777: folds
Uncalled bet ($2) returned to LifeisagameX
LifeisagameX collected $2 from pot
LifeisagameX: doesn't show hand
*** SUMMARY ***
Total pot $2 | Rake $0
Seat 3: Tsoy777 (button) (small blind) folded before Flop
Seat 6: LifeisagameX (big blind) collected ($2)


PokerStars Hand #158766239922:  Hold'em Limit ($3/$6 USD) - 2016/09/18 10:51:36 ET
Table 'Aristaeus' 6-max Seat #6 is the button
Seat 3: Tsoy777 ($91.78 in chips)
Seat 6: LifeisagameX ($84 in chips)
LifeisagameX: posts small blind $1
Tsoy777: posts big blind $3
*** HOLE CARDS ***
LifeisagameX: raises $3 to $6
Tsoy777: calls $3
*** FLOP *** [4s Ac 9d]
Tsoy777: checks
LifeisagameX: bets $3
Tsoy777: calls $3
*** TURN *** [4s Ac 9d] [6c]
Tsoy777: checks
LifeisagameX: bets $6
Tsoy777: calls $6
*** RIVER *** [4s Ac 9d 6c] [4h]
Tsoy777: checks
LifeisagameX: checks
*** SHOW DOWN ***
Tsoy777: shows [4c 5h] (three of a kind, Fours)
LifeisagameX: mucks hand
Tsoy777 collected $29.50 from pot
*** SUMMARY ***
Total pot $30 | Rake $0.50
Board [4s Ac 9d 6c 4h]
Seat 3: Tsoy777 (big blind) showed [4c 5h] and won ($29.50) with three of a kind, Fours
Seat 6: LifeisagameX (button) (small blind) mucked


PokerStars Hand #158766335584:  Hold'em Limit ($3/$6 USD) - 2016/09/18 10:53:50 ET
Table 'Aristaeus' 6-max Seat #3 is the button
Seat 3: Tsoy777 ($128.30 in chips)
Seat 6: LifeisagameX ($84 in chips)
Tsoy777: posts small blind $1
LifeisagameX: posts big blind $3
*** HOLE CARDS ***
Tsoy777: folds
Uncalled bet ($2) returned to LifeisagameX
Tsoy777 leaves the table
LifeisagameX collected $2 from pot
LifeisagameX: doesn't show hand
*** SUMMARY ***
Total pot $2 | Rake $0
Seat 3: Tsoy777 (button) (small blind) folded before Flop
Seat 6: LifeisagameX (big blind) collected ($2)


PokerStars Hand #158766316577:  Hold'em Limit ($3/$6 USD) - 2016/09/18 10:53:24 ET
Table 'Aristaeus' 6-max Seat #6 is the button
Seat 3: Tsoy777 ($116.78 in chips)
Seat 6: LifeisagameX ($84 in chips)
LifeisagameX: posts small blind $1
Tsoy777: posts big blind $3
*** HOLE CARDS ***
LifeisagameX: raises $3 to $6
Tsoy777: calls $3
*** FLOP *** [Js 8s 7d]
Tsoy777: checks
LifeisagameX: checks
*** TURN *** [Js 8s 7d] [3s]
Tsoy777: checks
LifeisagameX: checks
*** RIVER *** [Js 8s 7d 3s] [4d]
Tsoy777: bets $6
LifeisagameX: calls $6
*** SHOW DOWN ***
Tsoy777: shows [5s Ks] (a flush, King high)
LifeisagameX: mucks hand
Tsoy777 collected $23.52 from pot
*** SUMMARY ***
Total pot $24 | Rake $0.48
Board [Js 8s 7d 3s 4d]
Seat 3: Tsoy777 (big blind) showed [5s Ks] and won ($23.52) with a flush, King high
Seat 6: LifeisagameX (button) (small blind) mucked


PokerStars Hand #158766285086:  Hold'em Limit ($3/$6 USD) - 2016/09/18 10:52:40 ET
Table 'Aristaeus' 6-max Seat #3 is the button
Seat 3: Tsoy777 ($99.28 in chips)
Seat 6: LifeisagameX ($90.76 in chips)
Tsoy777: posts small blind $1
LifeisagameX: posts big blind $3
*** HOLE CARDS ***
Tsoy777: raises $3 to $6
LifeisagameX: calls $3
*** FLOP *** [2h 7c 6h]
LifeisagameX: checks
Tsoy777: bets $3
LifeisagameX: raises $3 to $6
Tsoy777: calls $3
*** TURN *** [2h 7c 6h] [Tc]
LifeisagameX: checks
Tsoy777: checks
*** RIVER *** [2h 7c 6h Tc] [As]
LifeisagameX: checks
Tsoy777: bets $6
LifeisagameX: calls $6
*** SHOW DOWN ***
Tsoy777: shows [Jh Ad] (a pair of Aces)
LifeisagameX: mucks hand
Tsoy777 collected $35.50 from pot
*** SUMMARY ***
Total pot $36 | Rake $0.50
Board [2h 7c 6h Tc As]
Seat 3: Tsoy777 (button) (small blind) showed [Jh Ad] and won ($35.50) with a pair of Aces
Seat 6: LifeisagameX (big blind) mucked


