PokerStars Hand #159232789761:  Hold'em Limit ($3/$6 USD) - 2016/09/29 0:17:04 ET
Table 'Aristaeus' 10-max Seat #7 is the button
Seat 7: BuzovaPro ($72 in chips)
Seat 10: michehh5 ($69.75 in chips)
BuzovaPro: posts small blind $1
michehh5: posts big blind $3
*** HOLE CARDS ***
BuzovaPro: folds
Uncalled bet ($2) returned to michehh5
michehh5 collected $2 from pot
michehh5: doesn't show hand
*** SUMMARY ***
Total pot $2 | Rake $0
Seat 7: BuzovaPro (button) (small blind) folded before Flop
Seat 10: michehh5 (big blind) collected ($2)


PokerStars Hand #159232782397:  Hold'em Limit ($3/$6 USD) - 2016/09/29 0:16:35 ET
Table 'Aristaeus' 10-max Seat #10 is the button
Seat 7: BuzovaPro ($72 in chips)
Seat 10: michehh5 ($52.25 in chips)
michehh5: posts small blind $1
BuzovaPro: posts big blind $3
*** HOLE CARDS ***
michehh5: raises $3 to $6
BuzovaPro: calls $3
*** FLOP *** [5h Qc 7d]
BuzovaPro: checks
michehh5: bets $3
BuzovaPro: raises $3 to $6
michehh5: calls $3
*** TURN *** [5h Qc 7d] [Jh]
BuzovaPro: bets $6
michehh5: calls $6
*** RIVER *** [5h Qc 7d Jh] [8s]
BuzovaPro: checks
michehh5: checks
*** SHOW DOWN ***
BuzovaPro: shows [7c 9d] (a pair of Sevens)
michehh5: shows [Qd 4d] (a pair of Queens)
michehh5 collected $35.50 from pot
*** SUMMARY ***
Total pot $36 | Rake $0.50
Board [5h Qc 7d Jh 8s]
Seat 7: BuzovaPro (big blind) showed [7c 9d] and lost with a pair of Sevens
Seat 10: michehh5 (button) (small blind) showed [Qd 4d] and won ($35.50) with a pair of Queens


PokerStars Hand #159232806175:  Hold'em Limit ($3/$6 USD) - 2016/09/29 0:18:08 ET
Table 'Aristaeus' 10-max Seat #10 is the button
Seat 7: BuzovaPro ($77.76 in chips)
Seat 10: michehh5 ($79.25 in chips)
michehh5: posts small blind $1
BuzovaPro: posts big blind $3
*** HOLE CARDS ***
michehh5: folds
Uncalled bet ($2) returned to BuzovaPro
BuzovaPro collected $2 from pot
BuzovaPro: doesn't show hand
*** SUMMARY ***
Total pot $2 | Rake $0
Seat 7: BuzovaPro (big blind) collected ($2)
Seat 10: michehh5 (button) (small blind) folded before Flop


PokerStars Hand #159232801434:  Hold'em Limit ($3/$6 USD) - 2016/09/29 0:17:50 ET
Table 'Aristaeus' 10-max Seat #7 is the button
Seat 7: BuzovaPro ($72 in chips)
Seat 10: michehh5 ($85.25 in chips)
BuzovaPro: posts small blind $1
michehh5: posts big blind $3
*** HOLE CARDS ***
BuzovaPro: raises $3 to $6
michehh5: calls $3
*** FLOP *** [9d Ad 5s]
michehh5: checks
BuzovaPro: bets $3
michehh5: folds
Uncalled bet ($3) returned to BuzovaPro
BuzovaPro collected $11.76 from pot
BuzovaPro: doesn't show hand
*** SUMMARY ***
Total pot $12 | Rake $0.24
Board [9d Ad 5s]
Seat 7: BuzovaPro (button) (small blind) collected ($11.76)
Seat 10: michehh5 (big blind) folded on the Flop


PokerStars Hand #159232792179:  Hold'em Limit ($3/$6 USD) - 2016/09/29 0:17:13 ET
Table 'Aristaeus' 10-max Seat #10 is the button
Seat 7: BuzovaPro ($72 in chips)
Seat 10: michehh5 ($70.75 in chips)
michehh5: posts small blind $1
BuzovaPro: posts big blind $3
*** HOLE CARDS ***
michehh5: raises $3 to $6
BuzovaPro: calls $3
*** FLOP *** [2c Kd 2s]
BuzovaPro: checks
michehh5: bets $3
BuzovaPro: calls $3
*** TURN *** [2c Kd 2s] [Qc]
BuzovaPro: checks
michehh5: bets $6
BuzovaPro: calls $6
*** RIVER *** [2c Kd 2s Qc] [7s]
BuzovaPro: checks
michehh5: bets $6
BuzovaPro: folds
Uncalled bet ($6) returned to michehh5
michehh5 collected $29.50 from pot
michehh5: doesn't show hand
*** SUMMARY ***
Total pot $30 | Rake $0.50
Board [2c Kd 2s Qc 7s]
Seat 7: BuzovaPro (big blind) folded on the River
Seat 10: michehh5 (button) (small blind) collected ($29.50)


PokerStars Hand #159232807584:  Hold'em Limit ($3/$6 USD) - 2016/09/29 0:18:14 ET
Table 'Aristaeus' 10-max Seat #7 is the button
Seat 7: BuzovaPro ($78.76 in chips)
Seat 10: michehh5 ($78.25 in chips)
BuzovaPro: posts small blind $1
michehh5: posts big blind $3
*** HOLE CARDS ***
BuzovaPro: raises $3 to $6
michehh5: folds
Uncalled bet ($3) returned to BuzovaPro
BuzovaPro collected $6 from pot
BuzovaPro: doesn't show hand
*** SUMMARY ***
Total pot $6 | Rake $0
Seat 7: BuzovaPro (button) (small blind) collected ($6)
Seat 10: michehh5 (big blind) folded before Flop


PokerStars Hand #159232809240:  Hold'em Limit ($3/$6 USD) - 2016/09/29 0:18:20 ET
Table 'Aristaeus' 10-max Seat #10 is the button
Seat 7: BuzovaPro ($81.76 in chips)
Seat 10: michehh5 ($75.25 in chips)
michehh5: posts small blind $1
BuzovaPro: posts big blind $3
*** HOLE CARDS ***
michehh5: calls $2
BuzovaPro: raises $3 to $6
michehh5: raises $3 to $9
BuzovaPro: calls $3
*** FLOP *** [Td Ts Kc]
BuzovaPro: checks
michehh5: bets $3
BuzovaPro: calls $3
*** TURN *** [Td Ts Kc] [3c]
BuzovaPro: checks
michehh5: bets $6
BuzovaPro: calls $6
*** RIVER *** [Td Ts Kc 3c] [Ac]
BuzovaPro: checks
michehh5: bets $6
BuzovaPro: calls $6
*** SHOW DOWN ***
michehh5: shows [8h As] (two pair, Aces and Tens)
BuzovaPro: mucks hand
michehh5 collected $47.50 from pot
*** SUMMARY ***
Total pot $48 | Rake $0.50
Board [Td Ts Kc 3c Ac]
Seat 7: BuzovaPro (big blind) mucked
Seat 10: michehh5 (button) (small blind) showed [8h As] and won ($47.50) with two pair, Aces and Tens


PokerStars Hand #159232816305:  Hold'em Limit ($3/$6 USD) - 2016/09/29 0:18:48 ET
Table 'Aristaeus' 10-max Seat #7 is the button
Seat 7: BuzovaPro ($72 in chips)
Seat 10: michehh5 ($98.75 in chips)
BuzovaPro: posts small blind $1
michehh5: posts big blind $3
*** HOLE CARDS ***
BuzovaPro: raises $3 to $6
michehh5: calls $3
*** FLOP *** [8s Tc Ah]
michehh5: checks
BuzovaPro: bets $3
michehh5: folds
Uncalled bet ($3) returned to BuzovaPro
BuzovaPro collected $11.76 from pot
BuzovaPro: doesn't show hand
*** SUMMARY ***
Total pot $12 | Rake $0.24
Board [8s Tc Ah]
Seat 7: BuzovaPro (button) (small blind) collected ($11.76)
Seat 10: michehh5 (big blind) folded on the Flop


PokerStars Hand #159232831016:  Hold'em Limit ($3/$6 USD) - 2016/09/29 0:19:46 ET
Table 'Aristaeus' 10-max Seat #10 is the button
Seat 7: BuzovaPro ($80.28 in chips)
Seat 10: michehh5 ($89.39 in chips)
michehh5: posts small blind $1
BuzovaPro: posts big blind $3
*** HOLE CARDS ***
michehh5: calls $2
BuzovaPro: checks
*** FLOP *** [3s 8h 9s]
BuzovaPro: bets $3
michehh5: calls $3
*** TURN *** [3s 8h 9s] [Ah]
BuzovaPro: checks
michehh5: checks
*** RIVER *** [3s 8h 9s Ah] [7c]
BuzovaPro: checks
michehh5: checks
*** SHOW DOWN ***
BuzovaPro: shows [4s Ks] (high card Ace)
michehh5: mucks hand
BuzovaPro collected $11.76 from pot
*** SUMMARY ***
Total pot $12 | Rake $0.24
Board [3s 8h 9s Ah 7c]
Seat 7: BuzovaPro (big blind) showed [4s Ks] and won ($11.76) with high card Ace
Seat 10: michehh5 (button) (small blind) mucked


PokerStars Hand #159232827523:  Hold'em Limit ($3/$6 USD) - 2016/09/29 0:19:32 ET
Table 'Aristaeus' 10-max Seat #7 is the button
Seat 7: BuzovaPro ($89.28 in chips)
Seat 10: michehh5 ($80.75 in chips)
BuzovaPro: posts small blind $1
michehh5: posts big blind $3
*** HOLE CARDS ***
BuzovaPro: raises $3 to $6
michehh5: raises $3 to $9
BuzovaPro: calls $3
*** FLOP *** [6s Jc Ac]
michehh5: bets $3
BuzovaPro: folds
Uncalled bet ($3) returned to michehh5
michehh5 collected $17.64 from pot
michehh5: doesn't show hand
*** SUMMARY ***
Total pot $18 | Rake $0.36
Board [6s Jc Ac]
Seat 7: BuzovaPro (button) (small blind) folded on the Flop
Seat 10: michehh5 (big blind) collected ($17.64)


PokerStars Hand #159232835967:  Hold'em Limit ($3/$6 USD) - 2016/09/29 0:20:06 ET
Table 'Aristaeus' 10-max Seat #7 is the button
Seat 7: BuzovaPro ($86.04 in chips)
Seat 10: michehh5 ($83.39 in chips)
BuzovaPro: posts small blind $1
michehh5: posts big blind $3
*** HOLE CARDS ***
BuzovaPro: raises $3 to $6
michehh5: raises $3 to $9
BuzovaPro: calls $3
*** FLOP *** [4h 5d 8s]
michehh5: bets $3
BuzovaPro: calls $3
*** TURN *** [4h 5d 8s] [5h]
michehh5: bets $6
BuzovaPro: calls $6
*** RIVER *** [4h 5d 8s 5h] [7c]
michehh5: bets $6
BuzovaPro: calls $6
*** SHOW DOWN ***
michehh5: shows [As Jd] (a pair of Fives)
BuzovaPro: mucks hand
michehh5 collected $47.50 from pot
*** SUMMARY ***
Total pot $48 | Rake $0.50
Board [4h 5d 8s 5h 7c]
Seat 7: BuzovaPro (button) (small blind) mucked
Seat 10: michehh5 (big blind) showed [As Jd] and won ($47.50) with a pair of Fives


PokerStars Hand #159232820829:  Hold'em Limit ($3/$6 USD) - 2016/09/29 0:19:06 ET
Table 'Aristaeus' 10-max Seat #10 is the button
Seat 7: BuzovaPro ($77.76 in chips)
Seat 10: michehh5 ($92.75 in chips)
michehh5: posts small blind $1
BuzovaPro: posts big blind $3
*** HOLE CARDS ***
michehh5: calls $2
BuzovaPro: checks
*** FLOP *** [3h Ad 8d]
BuzovaPro: bets $3
michehh5: calls $3
*** TURN *** [3h Ad 8d] [Qh]
BuzovaPro: bets $6
michehh5: calls $6
*** RIVER *** [3h Ad 8d Qh] [Qd]
BuzovaPro: checks
michehh5: checks
*** SHOW DOWN ***
BuzovaPro: shows [As 3d] (two pair, Aces and Queens)
michehh5: mucks hand
BuzovaPro collected $23.52 from pot
*** SUMMARY ***
Total pot $24 | Rake $0.48
Board [3h Ad 8d Qh Qd]
Seat 7: BuzovaPro (big blind) showed [As 3d] and won ($23.52) with two pair, Aces and Queens
Seat 10: michehh5 (button) (small blind) mucked


PokerStars Hand #159232842101:  Hold'em Limit ($3/$6 USD) - 2016/09/29 0:20:30 ET
Table 'Aristaeus' 10-max Seat #7 is the button
Seat 7: BuzovaPro ($73 in chips)
Seat 10: michehh5 ($105.89 in chips)
BuzovaPro: posts small blind $1
michehh5: posts big blind $3
*** HOLE CARDS ***
BuzovaPro: folds
Uncalled bet ($2) returned to michehh5
michehh5 collected $2 from pot
michehh5: doesn't show hand
*** SUMMARY ***
Total pot $2 | Rake $0
Seat 7: BuzovaPro (button) (small blind) folded before Flop
Seat 10: michehh5 (big blind) collected ($2)


PokerStars Hand #159232840841:  Hold'em Limit ($3/$6 USD) - 2016/09/29 0:20:25 ET
Table 'Aristaeus' 10-max Seat #10 is the button
Seat 7: BuzovaPro ($72 in chips)
Seat 10: michehh5 ($106.89 in chips)
michehh5: posts small blind $1
BuzovaPro: posts big blind $3
*** HOLE CARDS ***
michehh5: folds
Uncalled bet ($2) returned to BuzovaPro
BuzovaPro collected $2 from pot
BuzovaPro: doesn't show hand
*** SUMMARY ***
Total pot $2 | Rake $0
Seat 7: BuzovaPro (big blind) collected ($2)
Seat 10: michehh5 (button) (small blind) folded before Flop


PokerStars Hand #159232852061:  Hold'em Limit ($3/$6 USD) - 2016/09/29 0:21:09 ET
Table 'Aristaeus' 10-max Seat #10 is the button
Seat 7: BuzovaPro ($72 in chips)
Seat 10: michehh5 ($127.15 in chips)
michehh5: posts small blind $1
BuzovaPro: posts big blind $3
*** HOLE CARDS ***
michehh5: folds
Uncalled bet ($2) returned to BuzovaPro
BuzovaPro collected $2 from pot
BuzovaPro: doesn't show hand
*** SUMMARY ***
Total pot $2 | Rake $0
Seat 7: BuzovaPro (big blind) collected ($2)
Seat 10: michehh5 (button) (small blind) folded before Flop


PokerStars Hand #159232846460:  Hold'em Limit ($3/$6 USD) - 2016/09/29 0:20:47 ET
Table 'Aristaeus' 10-max Seat #7 is the button
Seat 7: BuzovaPro ($72 in chips)
Seat 10: michehh5 ($112.65 in chips)
BuzovaPro: posts small blind $1
michehh5: posts big blind $3
*** HOLE CARDS ***
BuzovaPro: raises $3 to $6
michehh5: calls $3
*** FLOP *** [Jc 2h Ks]
michehh5: checks
BuzovaPro: bets $3
michehh5: calls $3
*** TURN *** [Jc 2h Ks] [3c]
michehh5: checks
BuzovaPro: checks
*** RIVER *** [Jc 2h Ks 3c] [7d]
michehh5: bets $6
BuzovaPro: calls $6
*** SHOW DOWN ***
michehh5: shows [Jh 6s] (a pair of Jacks)
BuzovaPro: mucks hand
michehh5 collected $29.50 from pot
*** SUMMARY ***
Total pot $30 | Rake $0.50
Board [Jc 2h Ks 3c 7d]
Seat 7: BuzovaPro (button) (small blind) mucked
Seat 10: michehh5 (big blind) showed [Jh 6s] and won ($29.50) with a pair of Jacks


PokerStars Hand #159232843296:  Hold'em Limit ($3/$6 USD) - 2016/09/29 0:20:35 ET
Table 'Aristaeus' 10-max Seat #10 is the button
Seat 7: BuzovaPro ($72 in chips)
Seat 10: michehh5 ($106.89 in chips)
michehh5: posts small blind $1
BuzovaPro: posts big blind $3
*** HOLE CARDS ***
michehh5: raises $3 to $6
BuzovaPro: calls $3
*** FLOP *** [Jh As 2h]
BuzovaPro: checks
michehh5: bets $3
BuzovaPro: folds
Uncalled bet ($3) returned to michehh5
michehh5 collected $11.76 from pot
michehh5: doesn't show hand
*** SUMMARY ***
Total pot $12 | Rake $0.24
Board [Jh As 2h]
Seat 7: BuzovaPro (big blind) folded on the Flop
Seat 10: michehh5 (button) (small blind) collected ($11.76)


PokerStars Hand #159232861855:  Hold'em Limit ($3/$6 USD) - 2016/09/29 0:21:49 ET
Table 'Aristaeus' 10-max Seat #7 is the button
Seat 7: BuzovaPro ($88.50 in chips)
Seat 10: michehh5 ($110.15 in chips)
BuzovaPro: posts small blind $1
michehh5: posts big blind $3
*** HOLE CARDS ***
BuzovaPro: folds
Uncalled bet ($2) returned to michehh5
michehh5 collected $2 from pot
michehh5: doesn't show hand
*** SUMMARY ***
Total pot $2 | Rake $0
Seat 7: BuzovaPro (button) (small blind) folded before Flop
Seat 10: michehh5 (big blind) collected ($2)


PokerStars Hand #159232869442:  Hold'em Limit ($3/$6 USD) - 2016/09/29 0:22:19 ET
Table 'Aristaeus' 10-max Seat #7 is the button
Seat 7: BuzovaPro ($72 in chips)
Seat 10: michehh5 ($128.65 in chips)
BuzovaPro: posts small blind $1
michehh5: posts big blind $3
*** HOLE CARDS ***
BuzovaPro: folds
Uncalled bet ($2) returned to michehh5
michehh5 collected $2 from pot
michehh5: doesn't show hand
*** SUMMARY ***
Total pot $2 | Rake $0
Seat 7: BuzovaPro (button) (small blind) folded before Flop
Seat 10: michehh5 (big blind) collected ($2)


PokerStars Hand #159232860325:  Hold'em Limit ($3/$6 USD) - 2016/09/29 0:21:43 ET
Table 'Aristaeus' 10-max Seat #10 is the button
Seat 7: BuzovaPro ($87.50 in chips)
Seat 10: michehh5 ($111.15 in chips)
michehh5: posts small blind $1
BuzovaPro: posts big blind $3
*** HOLE CARDS ***
michehh5: folds
Uncalled bet ($2) returned to BuzovaPro
BuzovaPro collected $2 from pot
BuzovaPro: doesn't show hand
*** SUMMARY ***
Total pot $2 | Rake $0
Seat 7: BuzovaPro (big blind) collected ($2)
Seat 10: michehh5 (button) (small blind) folded before Flop


PokerStars Hand #159232853711:  Hold'em Limit ($3/$6 USD) - 2016/09/29 0:21:16 ET
Table 'Aristaeus' 10-max Seat #7 is the button
Seat 7: BuzovaPro ($73 in chips)
Seat 10: michehh5 ($126.15 in chips)
BuzovaPro: posts small blind $1
michehh5: posts big blind $3
*** HOLE CARDS ***
BuzovaPro: raises $3 to $6
michehh5: calls $3
*** FLOP *** [5s 6s Kc]
michehh5: bets $3
BuzovaPro: calls $3
*** TURN *** [5s 6s Kc] [4s]
michehh5: checks
BuzovaPro: checks
*** RIVER *** [5s 6s Kc 4s] [Js]
michehh5: bets $6
BuzovaPro: calls $6
*** SHOW DOWN ***
michehh5: shows [4c 6h] (two pair, Sixes and Fours)
BuzovaPro: shows [6c 8s] (a flush, Jack high)
BuzovaPro collected $29.50 from pot
*** SUMMARY ***
Total pot $30 | Rake $0.50
Board [5s 6s Kc 4s Js]
Seat 7: BuzovaPro (button) (small blind) showed [6c 8s] and won ($29.50) with a flush, Jack high
Seat 10: michehh5 (big blind) showed [4c 6h] and lost with two pair, Sixes and Fours


PokerStars Hand #159232870848:  Hold'em Limit ($3/$6 USD) - 2016/09/29 0:22:25 ET
Table 'Aristaeus' 10-max Seat #10 is the button
Seat 7: BuzovaPro ($72 in chips)
Seat 10: michehh5 ($129.65 in chips)
michehh5: posts small blind $1
BuzovaPro: posts big blind $3
*** HOLE CARDS ***
michehh5: folds
Uncalled bet ($2) returned to BuzovaPro
BuzovaPro collected $2 from pot
BuzovaPro: doesn't show hand
*** SUMMARY ***
Total pot $2 | Rake $0
Seat 7: BuzovaPro (big blind) collected ($2)
Seat 10: michehh5 (button) (small blind) folded before Flop


PokerStars Hand #159232878719:  Hold'em Limit ($3/$6 USD) - 2016/09/29 0:22:56 ET
Table 'Aristaeus' 10-max Seat #10 is the button
Seat 7: BuzovaPro ($111.50 in chips)
Seat 10: michehh5 ($89.65 in chips)
michehh5: posts small blind $1
BuzovaPro: posts big blind $3
*** HOLE CARDS ***
michehh5: calls $2
BuzovaPro: checks
*** FLOP *** [9h Qd 5s]
BuzovaPro: checks
michehh5: bets $3
BuzovaPro: folds
Uncalled bet ($3) returned to michehh5
michehh5 collected $5.88 from pot
michehh5: doesn't show hand
*** SUMMARY ***
Total pot $6 | Rake $0.12
Board [9h Qd 5s]
Seat 7: BuzovaPro (big blind) folded on the Flop
Seat 10: michehh5 (button) (small blind) collected ($5.88)


PokerStars Hand #159232872009:  Hold'em Limit ($3/$6 USD) - 2016/09/29 0:22:29 ET
Table 'Aristaeus' 10-max Seat #7 is the button
Seat 7: BuzovaPro ($73 in chips)
Seat 10: michehh5 ($128.65 in chips)
BuzovaPro: posts small blind $1
michehh5: posts big blind $3
*** HOLE CARDS ***
BuzovaPro: raises $3 to $6
michehh5: calls $3
*** FLOP *** [4d 8d 4s]
michehh5: checks
BuzovaPro: bets $3
michehh5: calls $3
*** TURN *** [4d 8d 4s] [5c]
michehh5: checks
BuzovaPro: bets $6
michehh5: raises $6 to $12
BuzovaPro: calls $6
*** RIVER *** [4d 8d 4s 5c] [4h]
michehh5: bets $6
BuzovaPro: raises $6 to $12
michehh5: raises $6 to $18
BuzovaPro: calls $6
*** SHOW DOWN ***
michehh5: shows [3h 6h] (three of a kind, Fours)
BuzovaPro: shows [As Ad] (a full house, Fours full of Aces)
BuzovaPro collected $77.50 from pot
*** SUMMARY ***
Total pot $78 | Rake $0.50
Board [4d 8d 4s 5c 4h]
Seat 7: BuzovaPro (button) (small blind) showed [As Ad] and won ($77.50) with a full house, Fours full of Aces
Seat 10: michehh5 (big blind) showed [3h 6h] and lost with three of a kind, Fours


PokerStars Hand #159232887124:  Hold'em Limit ($3/$6 USD) - 2016/09/29 0:23:30 ET
Table 'Aristaeus' 10-max Seat #10 is the button
Seat 7: BuzovaPro ($107.50 in chips)
Seat 10: michehh5 ($93.53 in chips)
michehh5: posts small blind $1
BuzovaPro: posts big blind $3
*** HOLE CARDS ***
michehh5: folds
Uncalled bet ($2) returned to BuzovaPro
BuzovaPro collected $2 from pot
BuzovaPro: doesn't show hand
*** SUMMARY ***
Total pot $2 | Rake $0
Seat 7: BuzovaPro (big blind) collected ($2)
Seat 10: michehh5 (button) (small blind) folded before Flop


PokerStars Hand #159232885758:  Hold'em Limit ($3/$6 USD) - 2016/09/29 0:23:24 ET
Table 'Aristaeus' 10-max Seat #7 is the button
Seat 7: BuzovaPro ($108.50 in chips)
Seat 10: michehh5 ($92.53 in chips)
BuzovaPro: posts small blind $1
michehh5: posts big blind $3
*** HOLE CARDS ***
BuzovaPro: folds
Uncalled bet ($2) returned to michehh5
michehh5 collected $2 from pot
michehh5: doesn't show hand
*** SUMMARY ***
Total pot $2 | Rake $0
Seat 7: BuzovaPro (button) (small blind) folded before Flop
Seat 10: michehh5 (big blind) collected ($2)


PokerStars Hand #159232893333:  Hold'em Limit ($3/$6 USD) - 2016/09/29 0:23:54 ET
Table 'Aristaeus' 10-max Seat #10 is the button
Seat 7: BuzovaPro ($117.14 in chips)
Seat 10: michehh5 ($83.53 in chips)
michehh5: posts small blind $1
BuzovaPro: posts big blind $3
*** HOLE CARDS ***
michehh5: raises $3 to $6
BuzovaPro: calls $3
*** FLOP *** [As Jh 4s]
BuzovaPro: checks
michehh5: bets $3
BuzovaPro: folds
Uncalled bet ($3) returned to michehh5
michehh5 collected $11.76 from pot
michehh5: doesn't show hand
*** SUMMARY ***
Total pot $12 | Rake $0.24
Board [As Jh 4s]
Seat 7: BuzovaPro (big blind) folded on the Flop
Seat 10: michehh5 (button) (small blind) collected ($11.76)


PokerStars Hand #159232888289:  Hold'em Limit ($3/$6 USD) - 2016/09/29 0:23:34 ET
Table 'Aristaeus' 10-max Seat #7 is the button
Seat 7: BuzovaPro ($108.50 in chips)
Seat 10: michehh5 ($92.53 in chips)
BuzovaPro: posts small blind $1
michehh5: posts big blind $3
*** HOLE CARDS ***
BuzovaPro: raises $3 to $6
michehh5: calls $3
*** FLOP *** [8d 5c Td]
michehh5: checks
BuzovaPro: bets $3
michehh5: calls $3
*** TURN *** [8d 5c Td] [Ac]
michehh5: checks
BuzovaPro: bets $6
michehh5: folds
Uncalled bet ($6) returned to BuzovaPro
BuzovaPro collected $17.64 from pot
BuzovaPro: doesn't show hand
*** SUMMARY ***
Total pot $18 | Rake $0.36
Board [8d 5c Td Ac]
Seat 7: BuzovaPro (button) (small blind) collected ($17.64)
Seat 10: michehh5 (big blind) folded on the Turn


PokerStars Hand #159232903336:  Hold'em Limit ($3/$6 USD) - 2016/09/29 0:24:34 ET
Table 'Aristaeus' 10-max Seat #10 is the button
Seat 7: BuzovaPro ($93.14 in chips)
Seat 10: michehh5 ($106.79 in chips)
michehh5: posts small blind $1
BuzovaPro: posts big blind $3
*** HOLE CARDS ***
michehh5: folds
Uncalled bet ($2) returned to BuzovaPro
BuzovaPro collected $2 from pot
BuzovaPro: doesn't show hand
*** SUMMARY ***
Total pot $2 | Rake $0
Seat 7: BuzovaPro (big blind) collected ($2)
Seat 10: michehh5 (button) (small blind) folded before Flop


PokerStars Hand #159232896485:  Hold'em Limit ($3/$6 USD) - 2016/09/29 0:24:07 ET
Table 'Aristaeus' 10-max Seat #7 is the button
Seat 7: BuzovaPro ($111.14 in chips)
Seat 10: michehh5 ($89.29 in chips)
BuzovaPro: posts small blind $1
michehh5: posts big blind $3
*** HOLE CARDS ***
BuzovaPro: raises $3 to $6
michehh5: raises $3 to $9
BuzovaPro: calls $3
*** FLOP *** [4c 9c 3h]
michehh5: bets $3
BuzovaPro: calls $3
*** TURN *** [4c 9c 3h] [8h]
michehh5: bets $6
BuzovaPro: calls $6
*** RIVER *** [4c 9c 3h 8h] [8c]
michehh5: bets $6
BuzovaPro: folds
Uncalled bet ($6) returned to michehh5
michehh5 collected $35.50 from pot
michehh5: doesn't show hand
*** SUMMARY ***
Total pot $36 | Rake $0.50
Board [4c 9c 3h 8h 8c]
Seat 7: BuzovaPro (button) (small blind) folded on the River
Seat 10: michehh5 (big blind) collected ($35.50)


PokerStars Hand #159232904715:  Hold'em Limit ($3/$6 USD) - 2016/09/29 0:24:39 ET
Table 'Aristaeus' 10-max Seat #7 is the button
Seat 7: BuzovaPro ($94.14 in chips)
Seat 10: michehh5 ($105.79 in chips)
BuzovaPro: posts small blind $1
michehh5: posts big blind $3
*** HOLE CARDS ***
BuzovaPro: raises $3 to $6
michehh5: calls $3
*** FLOP *** [5h 3d Ts]
michehh5: checks
BuzovaPro: bets $3
michehh5: calls $3
*** TURN *** [5h 3d Ts] [5c]
michehh5: checks
BuzovaPro: bets $6
michehh5: folds
Uncalled bet ($6) returned to BuzovaPro
BuzovaPro collected $17.64 from pot
BuzovaPro: doesn't show hand
*** SUMMARY ***
Total pot $18 | Rake $0.36
Board [5h 3d Ts 5c]
Seat 7: BuzovaPro (button) (small blind) collected ($17.64)
Seat 10: michehh5 (big blind) folded on the Turn


PokerStars Hand #159232909260:  Hold'em Limit ($3/$6 USD) - 2016/09/29 0:24:58 ET
Table 'Aristaeus' 10-max Seat #10 is the button
Seat 7: BuzovaPro ($102.78 in chips)
Seat 10: michehh5 ($96.79 in chips)
michehh5: posts small blind $1
BuzovaPro: posts big blind $3
*** HOLE CARDS ***
michehh5: calls $2
BuzovaPro: checks
*** FLOP *** [2s Kd Qh]
BuzovaPro: checks
michehh5: checks
*** TURN *** [2s Kd Qh] [Jh]
BuzovaPro: checks
michehh5: checks
*** RIVER *** [2s Kd Qh Jh] [7h]
BuzovaPro: checks
michehh5: checks
*** SHOW DOWN ***
BuzovaPro: shows [Jd 3s] (a pair of Jacks)
michehh5: mucks hand
BuzovaPro collected $5.88 from pot
*** SUMMARY ***
Total pot $6 | Rake $0.12
Board [2s Kd Qh Jh 7h]
Seat 7: BuzovaPro (big blind) showed [Jd 3s] and won ($5.88) with a pair of Jacks
Seat 10: michehh5 (button) (small blind) mucked


PokerStars Hand #159232929516:  Hold'em Limit ($3/$6 USD) - 2016/09/29 0:26:19 ET
Table 'Aristaeus' 10-max Seat #7 is the button
Seat 7: BuzovaPro ($114.92 in chips)
Seat 10: michehh5 ($83.29 in chips)
BuzovaPro: posts small blind $1
michehh5: posts big blind $3
*** HOLE CARDS ***
BuzovaPro: folds
Uncalled bet ($2) returned to michehh5
michehh5 collected $2 from pot
michehh5: doesn't show hand
*** SUMMARY ***
Total pot $2 | Rake $0
Seat 7: BuzovaPro (button) (small blind) folded before Flop
Seat 10: michehh5 (big blind) collected ($2)


PokerStars Hand #159232913486:  Hold'em Limit ($3/$6 USD) - 2016/09/29 0:25:14 ET
Table 'Aristaeus' 10-max Seat #7 is the button
Seat 7: BuzovaPro ($105.66 in chips)
Seat 10: michehh5 ($93.79 in chips)
BuzovaPro: posts small blind $1
michehh5: posts big blind $3
*** HOLE CARDS ***
BuzovaPro: raises $3 to $6
michehh5: raises $3 to $9
BuzovaPro: calls $3
*** FLOP *** [Qh 7c Ad]
michehh5: bets $3
BuzovaPro: calls $3
*** TURN *** [Qh 7c Ad] [5d]
michehh5: bets $6
BuzovaPro: calls $6
*** RIVER *** [Qh 7c Ad 5d] [3c]
michehh5: checks
BuzovaPro: checks
*** SHOW DOWN ***
michehh5: shows [Td 9c] (high card Ace)
BuzovaPro: shows [Qd 8d] (a pair of Queens)
BuzovaPro collected $35.50 from pot
*** SUMMARY ***
Total pot $36 | Rake $0.50
Board [Qh 7c Ad 5d 3c]
Seat 7: BuzovaPro (button) (small blind) showed [Qd 8d] and won ($35.50) with a pair of Queens
Seat 10: michehh5 (big blind) showed [Td 9c] and lost with high card Ace


PokerStars Hand #159232919480:  Hold'em Limit ($3/$6 USD) - 2016/09/29 0:25:38 ET
Table 'Aristaeus' 10-max Seat #10 is the button
Seat 7: BuzovaPro ($123.16 in chips)
Seat 10: michehh5 ($75.79 in chips)
michehh5: posts small blind $1
BuzovaPro: posts big blind $3
*** HOLE CARDS ***
michehh5: folds
Uncalled bet ($2) returned to BuzovaPro
BuzovaPro collected $2 from pot
BuzovaPro: doesn't show hand
*** SUMMARY ***
Total pot $2 | Rake $0
Seat 7: BuzovaPro (big blind) collected ($2)
Seat 10: michehh5 (button) (small blind) folded before Flop


PokerStars Hand #159232920740:  Hold'em Limit ($3/$6 USD) - 2016/09/29 0:25:43 ET
Table 'Aristaeus' 10-max Seat #7 is the button
Seat 7: BuzovaPro ($124.16 in chips)
Seat 10: michehh5 ($74.79 in chips)
BuzovaPro: posts small blind $1
michehh5: posts big blind $3
*** HOLE CARDS ***
BuzovaPro: raises $3 to $6
michehh5: calls $3
*** FLOP *** [3c 8h 7h]
michehh5: checks
BuzovaPro: bets $3
michehh5: calls $3
*** TURN *** [3c 8h 7h] [5s]
michehh5: checks
BuzovaPro: checks
*** RIVER *** [3c 8h 7h 5s] [5d]
michehh5: bets $6
BuzovaPro: calls $6
*** SHOW DOWN ***
michehh5: shows [3d 8d] (two pair, Eights and Fives)
BuzovaPro: mucks hand
michehh5 collected $29.50 from pot
*** SUMMARY ***
Total pot $30 | Rake $0.50
Board [3c 8h 7h 5s 5d]
Seat 7: BuzovaPro (button) (small blind) mucked
Seat 10: michehh5 (big blind) showed [3d 8d] and won ($29.50) with two pair, Eights and Fives


PokerStars Hand #159232926286:  Hold'em Limit ($3/$6 USD) - 2016/09/29 0:26:05 ET
Table 'Aristaeus' 10-max Seat #10 is the button
Seat 7: BuzovaPro ($109.16 in chips)
Seat 10: michehh5 ($89.29 in chips)
michehh5: posts small blind $1
BuzovaPro: posts big blind $3
*** HOLE CARDS ***
michehh5: calls $2
BuzovaPro: raises $3 to $6
michehh5: calls $3
*** FLOP *** [Qh 9h 8c]
BuzovaPro: bets $3
michehh5: folds
Uncalled bet ($3) returned to BuzovaPro
BuzovaPro collected $11.76 from pot
BuzovaPro: doesn't show hand
*** SUMMARY ***
Total pot $12 | Rake $0.24
Board [Qh 9h 8c]
Seat 7: BuzovaPro (big blind) collected ($11.76)
Seat 10: michehh5 (button) (small blind) folded on the Flop


PokerStars Hand #159232930861:  Hold'em Limit ($3/$6 USD) - 2016/09/29 0:26:24 ET
Table 'Aristaeus' 10-max Seat #10 is the button
Seat 7: BuzovaPro ($113.92 in chips)
Seat 10: michehh5 ($84.29 in chips)
michehh5: posts small blind $1
BuzovaPro: posts big blind $3
*** HOLE CARDS ***
michehh5: calls $2
BuzovaPro: checks
*** FLOP *** [Kc 8s Ad]
BuzovaPro: bets $3
michehh5: calls $3
*** TURN *** [Kc 8s Ad] [2d]
BuzovaPro: checks
michehh5: bets $6
BuzovaPro: calls $6
*** RIVER *** [Kc 8s Ad 2d] [5h]
BuzovaPro: checks
michehh5: bets $6
BuzovaPro: calls $6
*** SHOW DOWN ***
michehh5: shows [Td Qd] (high card Ace)
BuzovaPro: shows [9c 8h] (a pair of Eights)
BuzovaPro collected $35.50 from pot
*** SUMMARY ***
Total pot $36 | Rake $0.50
Board [Kc 8s Ad 2d 5h]
Seat 7: BuzovaPro (big blind) showed [9c 8h] and won ($35.50) with a pair of Eights
Seat 10: michehh5 (button) (small blind) showed [Td Qd] and lost with high card Ace


PokerStars Hand #159232940919:  Hold'em Limit ($3/$6 USD) - 2016/09/29 0:27:05 ET
Table 'Aristaeus' 10-max Seat #7 is the button
Seat 7: BuzovaPro ($129.42 in chips)
Seat 10: michehh5 ($68.17 in chips)
BuzovaPro: posts small blind $1
michehh5: posts big blind $3
*** HOLE CARDS ***
BuzovaPro: raises $3 to $6
michehh5: raises $3 to $9
BuzovaPro: calls $3
*** FLOP *** [9h Ks 2h]
michehh5: checks
BuzovaPro: bets $3
michehh5: calls $3
*** TURN *** [9h Ks 2h] [2s]
michehh5: checks
BuzovaPro: bets $6
michehh5: calls $6
*** RIVER *** [9h Ks 2h 2s] [3c]
michehh5: checks
BuzovaPro: bets $6
michehh5: calls $6
*** SHOW DOWN ***
BuzovaPro: shows [Kc Qd] (two pair, Kings and Deuces)
michehh5: mucks hand
BuzovaPro collected $47.50 from pot
*** SUMMARY ***
Total pot $48 | Rake $0.50
Board [9h Ks 2h 2s 3c]
Seat 7: BuzovaPro (button) (small blind) showed [Kc Qd] and won ($47.50) with two pair, Kings and Deuces
Seat 10: michehh5 (big blind) mucked


PokerStars Hand #159232939756:  Hold'em Limit ($3/$6 USD) - 2016/09/29 0:27:00 ET
Table 'Aristaeus' 10-max Seat #10 is the button
Seat 7: BuzovaPro ($128.42 in chips)
Seat 10: michehh5 ($69.17 in chips)
michehh5: posts small blind $1
BuzovaPro: posts big blind $3
*** HOLE CARDS ***
michehh5: folds
Uncalled bet ($2) returned to BuzovaPro
BuzovaPro collected $2 from pot
BuzovaPro: doesn't show hand
*** SUMMARY ***
Total pot $2 | Rake $0
Seat 7: BuzovaPro (big blind) collected ($2)
Seat 10: michehh5 (button) (small blind) folded before Flop


PokerStars Hand #159232935981:  Hold'em Limit ($3/$6 USD) - 2016/09/29 0:26:44 ET
Table 'Aristaeus' 10-max Seat #7 is the button
Seat 7: BuzovaPro ($131.42 in chips)
Seat 10: michehh5 ($66.29 in chips)
BuzovaPro: posts small blind $1
michehh5: posts big blind $3
*** HOLE CARDS ***
BuzovaPro: calls $2
michehh5: checks
*** FLOP *** [9s Th 3d]
michehh5: checks
BuzovaPro: checks
*** TURN *** [9s Th 3d] [3c]
michehh5: bets $6
BuzovaPro: folds
Uncalled bet ($6) returned to michehh5
michehh5 collected $5.88 from pot
michehh5: doesn't show hand
*** SUMMARY ***
Total pot $6 | Rake $0.12
Board [9s Th 3d 3c]
Seat 7: BuzovaPro (button) (small blind) folded on the Turn
Seat 10: michehh5 (big blind) collected ($5.88)


PokerStars Hand #159232948833:  Hold'em Limit ($3/$6 USD) - 2016/09/29 0:27:36 ET
Table 'Aristaeus' 10-max Seat #7 is the button
Seat 7: BuzovaPro ($149.92 in chips)
Seat 10: michehh5 ($47.17 in chips)
BuzovaPro: posts small blind $1
michehh5: posts big blind $3
*** HOLE CARDS ***
BuzovaPro: calls $2
michehh5: checks
*** FLOP *** [Kc 2d 8d]
michehh5: checks
BuzovaPro: bets $3
michehh5: folds
Uncalled bet ($3) returned to BuzovaPro
BuzovaPro collected $5.88 from pot
BuzovaPro: doesn't show hand
*** SUMMARY ***
Total pot $6 | Rake $0.12
Board [Kc 2d 8d]
Seat 7: BuzovaPro (button) (small blind) collected ($5.88)
Seat 10: michehh5 (big blind) folded on the Flop


PokerStars Hand #159232947094:  Hold'em Limit ($3/$6 USD) - 2016/09/29 0:27:29 ET
Table 'Aristaeus' 10-max Seat #10 is the button
Seat 7: BuzovaPro ($152.92 in chips)
Seat 10: michehh5 ($44.17 in chips)
michehh5: posts small blind $1
BuzovaPro: posts big blind $3
*** HOLE CARDS ***
michehh5: raises $3 to $6
BuzovaPro: folds
Uncalled bet ($3) returned to michehh5
michehh5 collected $6 from pot
michehh5: doesn't show hand
*** SUMMARY ***
Total pot $6 | Rake $0
Seat 7: BuzovaPro (big blind) folded before Flop
Seat 10: michehh5 (button) (small blind) collected ($6)


PokerStars Hand #159232952846:  Hold'em Limit ($3/$6 USD) - 2016/09/29 0:27:53 ET
Table 'Aristaeus' 10-max Seat #7 is the button
Seat 7: BuzovaPro ($153.80 in chips)
Seat 10: michehh5 ($43.17 in chips)
BuzovaPro: posts small blind $1
michehh5: posts big blind $3
*** HOLE CARDS ***
BuzovaPro: folds
Uncalled bet ($2) returned to michehh5
michehh5 collected $2 from pot
michehh5: doesn't show hand
*** SUMMARY ***
Total pot $2 | Rake $0
Seat 7: BuzovaPro (button) (small blind) folded before Flop
Seat 10: michehh5 (big blind) collected ($2)


PokerStars Hand #159232951634:  Hold'em Limit ($3/$6 USD) - 2016/09/29 0:27:48 ET
Table 'Aristaeus' 10-max Seat #10 is the button
Seat 7: BuzovaPro ($152.80 in chips)
Seat 10: michehh5 ($44.17 in chips)
michehh5: posts small blind $1
BuzovaPro: posts big blind $3
*** HOLE CARDS ***
michehh5: folds
Uncalled bet ($2) returned to BuzovaPro
BuzovaPro collected $2 from pot
BuzovaPro: doesn't show hand
*** SUMMARY ***
Total pot $2 | Rake $0
Seat 7: BuzovaPro (big blind) collected ($2)
Seat 10: michehh5 (button) (small blind) folded before Flop


PokerStars Hand #159232954014:  Hold'em Limit ($3/$6 USD) - 2016/09/29 0:27:57 ET
Table 'Aristaeus' 10-max Seat #10 is the button
Seat 7: BuzovaPro ($152.80 in chips)
Seat 10: michehh5 ($44.17 in chips)
michehh5: posts small blind $1
BuzovaPro: posts big blind $3
*** HOLE CARDS ***
michehh5: folds
Uncalled bet ($2) returned to BuzovaPro
BuzovaPro collected $2 from pot
BuzovaPro: doesn't show hand
*** SUMMARY ***
Total pot $2 | Rake $0
Seat 7: BuzovaPro (big blind) collected ($2)
Seat 10: michehh5 (button) (small blind) folded before Flop


PokerStars Hand #159232955219:  Hold'em Limit ($3/$6 USD) - 2016/09/29 0:28:02 ET
Table 'Aristaeus' 10-max Seat #7 is the button
Seat 7: BuzovaPro ($153.80 in chips)
Seat 10: michehh5 ($43.17 in chips)
BuzovaPro: posts small blind $1
michehh5: posts big blind $3
*** HOLE CARDS ***
BuzovaPro: calls $2
michehh5: raises $3 to $6
BuzovaPro: calls $3
*** FLOP *** [5h 8d 2c]
michehh5: bets $3
BuzovaPro: folds
Uncalled bet ($3) returned to michehh5
michehh5 collected $11.76 from pot
michehh5: doesn't show hand
*** SUMMARY ***
Total pot $12 | Rake $0.24
Board [5h 8d 2c]
Seat 7: BuzovaPro (button) (small blind) folded on the Flop
Seat 10: michehh5 (big blind) collected ($11.76)


PokerStars Hand #159232959600:  Hold'em Limit ($3/$6 USD) - 2016/09/29 0:28:20 ET
Table 'Aristaeus' 10-max Seat #10 is the button
Seat 7: BuzovaPro ($147.80 in chips)
Seat 10: michehh5 ($48.93 in chips)
michehh5: posts small blind $1
BuzovaPro: posts big blind $3
*** HOLE CARDS ***
michehh5: raises $3 to $6
BuzovaPro: calls $3
*** FLOP *** [5h 9c 2c]
BuzovaPro: checks
michehh5: bets $3
BuzovaPro: folds
Uncalled bet ($3) returned to michehh5
michehh5 collected $11.76 from pot
michehh5: doesn't show hand
*** SUMMARY ***
Total pot $12 | Rake $0.24
Board [5h 9c 2c]
Seat 7: BuzovaPro (big blind) folded on the Flop
Seat 10: michehh5 (button) (small blind) collected ($11.76)


PokerStars Hand #159232963379:  Hold'em Limit ($3/$6 USD) - 2016/09/29 0:28:35 ET
Table 'Aristaeus' 10-max Seat #7 is the button
Seat 7: BuzovaPro ($141.80 in chips)
Seat 10: michehh5 ($54.69 in chips)
BuzovaPro: posts small blind $1
michehh5: posts big blind $3
*** HOLE CARDS ***
BuzovaPro: raises $3 to $6
michehh5: calls $3
*** FLOP *** [Tc 9c Qd]
michehh5: checks
BuzovaPro: checks
*** TURN *** [Tc 9c Qd] [Kd]
michehh5: checks
BuzovaPro: bets $6
michehh5: calls $6
*** RIVER *** [Tc 9c Qd Kd] [3h]
michehh5: checks
BuzovaPro: checks
*** SHOW DOWN ***
michehh5: shows [6c Qc] (a pair of Queens)
BuzovaPro: mucks hand
michehh5 collected $23.52 from pot
*** SUMMARY ***
Total pot $24 | Rake $0.48
Board [Tc 9c Qd Kd 3h]
Seat 7: BuzovaPro (button) (small blind) mucked
Seat 10: michehh5 (big blind) showed [6c Qc] and won ($23.52) with a pair of Queens


PokerStars Hand #159232967942:  Hold'em Limit ($3/$6 USD) - 2016/09/29 0:28:54 ET
Table 'Aristaeus' 10-max Seat #10 is the button
Seat 7: BuzovaPro ($129.80 in chips)
Seat 10: michehh5 ($66.21 in chips)
michehh5: posts small blind $1
BuzovaPro: posts big blind $3
*** HOLE CARDS ***
michehh5: calls $2
BuzovaPro: checks
*** FLOP *** [8c 6h Th]
BuzovaPro: checks
michehh5: checks
*** TURN *** [8c 6h Th] [8d]
BuzovaPro: checks
michehh5: bets $6
BuzovaPro: folds
Uncalled bet ($6) returned to michehh5
michehh5 collected $5.88 from pot
michehh5: doesn't show hand
*** SUMMARY ***
Total pot $6 | Rake $0.12
Board [8c 6h Th 8d]
Seat 7: BuzovaPro (big blind) folded on the Turn
Seat 10: michehh5 (button) (small blind) collected ($5.88)


PokerStars Hand #159232989660:  Hold'em Limit ($3/$6 USD) - 2016/09/29 0:30:22 ET
Table 'Aristaeus' 10-max Seat #7 is the button
Seat 7: BuzovaPro ($162.58 in chips)
Seat 10: michehh5 ($32.09 in chips)
BuzovaPro: posts small blind $1
michehh5: posts big blind $3
*** HOLE CARDS ***
BuzovaPro: raises $3 to $6
michehh5: folds
Uncalled bet ($3) returned to BuzovaPro
BuzovaPro collected $6 from pot
BuzovaPro: doesn't show hand
*** SUMMARY ***
Total pot $6 | Rake $0
Seat 7: BuzovaPro (button) (small blind) collected ($6)
Seat 10: michehh5 (big blind) folded before Flop


PokerStars Hand #159232985541:  Hold'em Limit ($3/$6 USD) - 2016/09/29 0:30:05 ET
Table 'Aristaeus' 10-max Seat #10 is the button
Seat 7: BuzovaPro ($145.08 in chips)
Seat 10: michehh5 ($50.09 in chips)
michehh5: posts small blind $1
BuzovaPro: posts big blind $3
*** HOLE CARDS ***
michehh5: calls $2
BuzovaPro: checks
*** FLOP *** [2s 2c 3c]
BuzovaPro: bets $3
michehh5: calls $3
*** TURN *** [2s 2c 3c] [5h]
BuzovaPro: bets $6
michehh5: calls $6
*** RIVER *** [2s 2c 3c 5h] [3s]
BuzovaPro: bets $6
michehh5: calls $6
*** SHOW DOWN ***
BuzovaPro: shows [4c 3d] (a full house, Threes full of Deuces)
michehh5: mucks hand
BuzovaPro collected $35.50 from pot
*** SUMMARY ***
Total pot $36 | Rake $0.50
Board [2s 2c 3c 5h 3s]
Seat 7: BuzovaPro (big blind) showed [4c 3d] and won ($35.50) with a full house, Threes full of Deuces
Seat 10: michehh5 (button) (small blind) mucked


PokerStars Hand #159232979952:  Hold'em Limit ($3/$6 USD) - 2016/09/29 0:29:43 ET
Table 'Aristaeus' 10-max Seat #10 is the button
Seat 7: BuzovaPro ($135.44 in chips)
Seat 10: michehh5 ($60.09 in chips)
michehh5: posts small blind $1
BuzovaPro: posts big blind $3
*** HOLE CARDS ***
michehh5: folds
Uncalled bet ($2) returned to BuzovaPro
BuzovaPro collected $2 from pot
BuzovaPro: doesn't show hand
*** SUMMARY ***
Total pot $2 | Rake $0
Seat 7: BuzovaPro (big blind) collected ($2)
Seat 10: michehh5 (button) (small blind) folded before Flop


PokerStars Hand #159232974176:  Hold'em Limit ($3/$6 USD) - 2016/09/29 0:29:20 ET
Table 'Aristaeus' 10-max Seat #7 is the button
Seat 7: BuzovaPro ($126.80 in chips)
Seat 10: michehh5 ($69.09 in chips)
BuzovaPro: posts small blind $1
michehh5: posts big blind $3
*** HOLE CARDS ***
BuzovaPro: raises $3 to $6
michehh5: calls $3
*** FLOP *** [3s 6s 7h]
michehh5: checks
BuzovaPro: bets $3
michehh5: calls $3
*** TURN *** [3s 6s 7h] [Jc]
michehh5: checks
BuzovaPro: checks
*** RIVER *** [3s 6s 7h Jc] [4h]
michehh5: checks
BuzovaPro: bets $6
michehh5: folds
Uncalled bet ($6) returned to BuzovaPro
BuzovaPro collected $17.64 from pot
BuzovaPro: doesn't show hand
*** SUMMARY ***
Total pot $18 | Rake $0.36
Board [3s 6s 7h Jc 4h]
Seat 7: BuzovaPro (button) (small blind) collected ($17.64)
Seat 10: michehh5 (big blind) folded on the River


PokerStars Hand #159232981209:  Hold'em Limit ($3/$6 USD) - 2016/09/29 0:29:48 ET
Table 'Aristaeus' 10-max Seat #7 is the button
Seat 7: BuzovaPro ($136.44 in chips)
Seat 10: michehh5 ($59.09 in chips)
BuzovaPro: posts small blind $1
michehh5: posts big blind $3
*** HOLE CARDS ***
BuzovaPro: raises $3 to $6
michehh5: calls $3
*** FLOP *** [9h Qc 7c]
michehh5: checks
BuzovaPro: bets $3
michehh5: calls $3
*** TURN *** [9h Qc 7c] [9d]
michehh5: checks
BuzovaPro: bets $6
michehh5: folds
Uncalled bet ($6) returned to BuzovaPro
BuzovaPro collected $17.64 from pot
BuzovaPro: doesn't show hand
*** SUMMARY ***
Total pot $18 | Rake $0.36
Board [9h Qc 7c 9d]
Seat 7: BuzovaPro (button) (small blind) collected ($17.64)
Seat 10: michehh5 (big blind) folded on the Turn


PokerStars Hand #159233004265:  Hold'em Limit ($3/$6 USD) - 2016/09/29 0:31:22 ET
Table 'Aristaeus' 10-max Seat #7 is the button
Seat 7: BuzovaPro ($123.58 in chips)
Seat 10: michehh5 ($70.09 in chips)
BuzovaPro: posts small blind $1
michehh5: posts big blind $3
*** HOLE CARDS ***
BuzovaPro: folds
Uncalled bet ($2) returned to michehh5
michehh5 collected $2 from pot
michehh5: doesn't show hand
*** SUMMARY ***
Total pot $2 | Rake $0
Seat 7: BuzovaPro (button) (small blind) folded before Flop
Seat 10: michehh5 (big blind) collected ($2)


PokerStars Hand #159232998292:  Hold'em Limit ($3/$6 USD) - 2016/09/29 0:30:57 ET
Table 'Aristaeus' 10-max Seat #10 is the button
Seat 7: BuzovaPro ($138.58 in chips)
Seat 10: michehh5 ($55.59 in chips)
michehh5: posts small blind $1
BuzovaPro: posts big blind $3
*** HOLE CARDS ***
michehh5: calls $2
BuzovaPro: raises $3 to $6
michehh5: calls $3
*** FLOP *** [Qh 3s Ad]
BuzovaPro: bets $3
michehh5: calls $3
*** TURN *** [Qh 3s Ad] [9s]
BuzovaPro: bets $6
michehh5: calls $6
*** RIVER *** [Qh 3s Ad 9s] [5s]
BuzovaPro: checks
michehh5: checks
*** SHOW DOWN ***
BuzovaPro: shows [Th Js] (high card Ace)
michehh5: shows [9h 8h] (a pair of Nines)
michehh5 collected $29.50 from pot
*** SUMMARY ***
Total pot $30 | Rake $0.50
Board [Qh 3s Ad 9s 5s]
Seat 7: BuzovaPro (big blind) showed [Th Js] and lost with high card Ace
Seat 10: michehh5 (button) (small blind) showed [9h 8h] and won ($29.50) with a pair of Nines


PokerStars Hand #159232991283:  Hold'em Limit ($3/$6 USD) - 2016/09/29 0:30:29 ET
Table 'Aristaeus' 10-max Seat #10 is the button
Seat 7: BuzovaPro ($165.58 in chips)
Seat 10: michehh5 ($29.09 in chips)
michehh5: posts small blind $1
BuzovaPro: posts big blind $3
*** HOLE CARDS ***
michehh5: raises $3 to $6
BuzovaPro: folds
Uncalled bet ($3) returned to michehh5
michehh5 collected $6 from pot
michehh5: doesn't show hand
*** SUMMARY ***
Total pot $6 | Rake $0
Seat 7: BuzovaPro (big blind) folded before Flop
Seat 10: michehh5 (button) (small blind) collected ($6)


PokerStars Hand #159232993201:  Hold'em Limit ($3/$6 USD) - 2016/09/29 0:30:37 ET
Table 'Aristaeus' 10-max Seat #7 is the button
Seat 7: BuzovaPro ($162.58 in chips)
Seat 10: michehh5 ($32.09 in chips)
BuzovaPro: posts small blind $1
michehh5: posts big blind $3
*** HOLE CARDS ***
BuzovaPro: raises $3 to $6
michehh5: raises $3 to $9
BuzovaPro: calls $3
*** FLOP *** [4h 9h 3h]
michehh5: bets $3
BuzovaPro: calls $3
*** TURN *** [4h 9h 3h] [2s]
michehh5: bets $6
BuzovaPro: calls $6
*** RIVER *** [4h 9h 3h 2s] [4d]
michehh5: bets $6
BuzovaPro: calls $6
*** SHOW DOWN ***
michehh5: shows [2h Ad] (two pair, Fours and Deuces)
BuzovaPro: mucks hand
michehh5 collected $47.50 from pot
*** SUMMARY ***
Total pot $48 | Rake $0.50
Board [4h 9h 3h 2s 4d]
Seat 7: BuzovaPro (button) (small blind) mucked
Seat 10: michehh5 (big blind) showed [2h Ad] and won ($47.50) with two pair, Fours and Deuces


PokerStars Hand #159233007095:  Hold'em Limit ($3/$6 USD) - 2016/09/29 0:31:33 ET
Table 'Aristaeus' 10-max Seat #7 is the button
Seat 7: BuzovaPro ($123.58 in chips)
Seat 10: michehh5 ($70.09 in chips)
BuzovaPro: posts small blind $1
michehh5: posts big blind $3
*** HOLE CARDS ***
BuzovaPro: folds
Uncalled bet ($2) returned to michehh5
michehh5 collected $2 from pot
michehh5: doesn't show hand
*** SUMMARY ***
Total pot $2 | Rake $0
Seat 7: BuzovaPro (button) (small blind) folded before Flop
Seat 10: michehh5 (big blind) collected ($2)


PokerStars Hand #159233005391:  Hold'em Limit ($3/$6 USD) - 2016/09/29 0:31:26 ET
Table 'Aristaeus' 10-max Seat #10 is the button
Seat 7: BuzovaPro ($122.58 in chips)
Seat 10: michehh5 ($71.09 in chips)
michehh5: posts small blind $1
BuzovaPro: posts big blind $3
*** HOLE CARDS ***
michehh5: folds
Uncalled bet ($2) returned to BuzovaPro
BuzovaPro collected $2 from pot
BuzovaPro: doesn't show hand
*** SUMMARY ***
Total pot $2 | Rake $0
Seat 7: BuzovaPro (big blind) collected ($2)
Seat 10: michehh5 (button) (small blind) folded before Flop


PokerStars Hand #159233008406:  Hold'em Limit ($3/$6 USD) - 2016/09/29 0:31:38 ET
Table 'Aristaeus' 10-max Seat #10 is the button
Seat 7: BuzovaPro ($122.58 in chips)
Seat 10: michehh5 ($71.09 in chips)
michehh5: posts small blind $1
BuzovaPro: posts big blind $3
*** HOLE CARDS ***
michehh5: folds
Uncalled bet ($2) returned to BuzovaPro
BuzovaPro collected $2 from pot
BuzovaPro: doesn't show hand
*** SUMMARY ***
Total pot $2 | Rake $0
Seat 7: BuzovaPro (big blind) collected ($2)
Seat 10: michehh5 (button) (small blind) folded before Flop


PokerStars Hand #159233016413:  Hold'em Limit ($3/$6 USD) - 2016/09/29 0:32:11 ET
Table 'Aristaeus' 10-max Seat #10 is the button
Seat 7: BuzovaPro ($111.58 in chips)
Seat 10: michehh5 ($81.61 in chips)
michehh5: posts small blind $1
BuzovaPro: posts big blind $3
*** HOLE CARDS ***
michehh5: calls $2
BuzovaPro: raises $3 to $6
michehh5: calls $3
*** FLOP *** [3s 3h Qs]
BuzovaPro: bets $3
michehh5: calls $3
*** TURN *** [3s 3h Qs] [Js]
BuzovaPro: bets $6
michehh5: calls $6
*** RIVER *** [3s 3h Qs Js] [Kc]
BuzovaPro: checks
michehh5: bets $6
BuzovaPro: calls $6
*** SHOW DOWN ***
michehh5: shows [2c Ks] (two pair, Kings and Threes)
BuzovaPro: mucks hand
michehh5 collected $41.50 from pot
*** SUMMARY ***
Total pot $42 | Rake $0.50
Board [3s 3h Qs Js Kc]
Seat 7: BuzovaPro (big blind) mucked
Seat 10: michehh5 (button) (small blind) showed [2c Ks] and won ($41.50) with two pair, Kings and Threes


PokerStars Hand #159233009647:  Hold'em Limit ($3/$6 USD) - 2016/09/29 0:31:43 ET
Table 'Aristaeus' 10-max Seat #7 is the button
Seat 7: BuzovaPro ($123.58 in chips)
Seat 10: michehh5 ($70.09 in chips)
BuzovaPro: posts small blind $1
michehh5: posts big blind $3
*** HOLE CARDS ***
BuzovaPro: raises $3 to $6
michehh5: raises $3 to $9
BuzovaPro: calls $3
*** FLOP *** [Kh Ah Qd]
michehh5: bets $3
BuzovaPro: calls $3
*** TURN *** [Kh Ah Qd] [2d]
michehh5: bets $6
BuzovaPro: folds
Uncalled bet ($6) returned to michehh5
michehh5 collected $23.52 from pot
michehh5: doesn't show hand
*** SUMMARY ***
Total pot $24 | Rake $0.48
Board [Kh Ah Qd 2d]
Seat 7: BuzovaPro (button) (small blind) folded on the Turn
Seat 10: michehh5 (big blind) collected ($23.52)


PokerStars Hand #159233020961:  Hold'em Limit ($3/$6 USD) - 2016/09/29 0:32:30 ET
Table 'Aristaeus' 10-max Seat #7 is the button
Seat 7: BuzovaPro ($90.58 in chips)
Seat 10: michehh5 ($102.11 in chips)
BuzovaPro: posts small blind $1
michehh5: posts big blind $3
*** HOLE CARDS ***
BuzovaPro: raises $3 to $6
michehh5: calls $3
*** FLOP *** [Ad 6h 5d]
michehh5: checks
BuzovaPro: bets $3
michehh5: folds
Uncalled bet ($3) returned to BuzovaPro
BuzovaPro collected $11.76 from pot
BuzovaPro: doesn't show hand
*** SUMMARY ***
Total pot $12 | Rake $0.24
Board [Ad 6h 5d]
Seat 7: BuzovaPro (button) (small blind) collected ($11.76)
Seat 10: michehh5 (big blind) folded on the Flop


PokerStars Hand #159233024100:  Hold'em Limit ($3/$6 USD) - 2016/09/29 0:32:43 ET
Table 'Aristaeus' 10-max Seat #10 is the button
Seat 7: BuzovaPro ($96.34 in chips)
Seat 10: michehh5 ($96.11 in chips)
michehh5: posts small blind $1
BuzovaPro: posts big blind $3
*** HOLE CARDS ***
michehh5: calls $2
BuzovaPro: raises $3 to $6
michehh5: calls $3
*** FLOP *** [9d Td 7h]
BuzovaPro: bets $3
michehh5: calls $3
*** TURN *** [9d Td 7h] [7c]
BuzovaPro: bets $6
michehh5: calls $6
*** RIVER *** [9d Td 7h 7c] [3h]
BuzovaPro: bets $6
michehh5: folds
Uncalled bet ($6) returned to BuzovaPro
BuzovaPro collected $29.50 from pot
BuzovaPro: doesn't show hand
*** SUMMARY ***
Total pot $30 | Rake $0.50
Board [9d Td 7h 7c 3h]
Seat 7: BuzovaPro (big blind) collected ($29.50)
Seat 10: michehh5 (button) (small blind) folded on the River


PokerStars Hand #159233036480:  Hold'em Limit ($3/$6 USD) - 2016/09/29 0:33:34 ET
Table 'Aristaeus' 10-max Seat #10 is the button
Seat 7: BuzovaPro ($122.36 in chips)
Seat 10: michehh5 ($69.11 in chips)
michehh5: posts small blind $1
BuzovaPro: posts big blind $3
*** HOLE CARDS ***
michehh5: raises $3 to $6
BuzovaPro: calls $3
*** FLOP *** [Qc 7h 6h]
BuzovaPro: checks
michehh5: bets $3
BuzovaPro: calls $3
*** TURN *** [Qc 7h 6h] [6d]
BuzovaPro: checks
michehh5: bets $6
BuzovaPro: raises $6 to $12
michehh5: raises $6 to $18
BuzovaPro: calls $6
*** RIVER *** [Qc 7h 6h 6d] [As]
BuzovaPro: checks
michehh5: bets $6
BuzovaPro: folds
Uncalled bet ($6) returned to michehh5
michehh5 collected $53.50 from pot
michehh5: doesn't show hand
*** SUMMARY ***
Total pot $54 | Rake $0.50
Board [Qc 7h 6h 6d As]
Seat 7: BuzovaPro (big blind) folded on the River
Seat 10: michehh5 (button) (small blind) collected ($53.50)


PokerStars Hand #159233029859:  Hold'em Limit ($3/$6 USD) - 2016/09/29 0:33:06 ET
Table 'Aristaeus' 10-max Seat #7 is the button
Seat 7: BuzovaPro ($110.84 in chips)
Seat 10: michehh5 ($81.11 in chips)
BuzovaPro: posts small blind $1
michehh5: posts big blind $3
*** HOLE CARDS ***
BuzovaPro: raises $3 to $6
michehh5: raises $3 to $9
BuzovaPro: calls $3
*** FLOP *** [As 5s Td]
michehh5: bets $3
BuzovaPro: calls $3
*** TURN *** [As 5s Td] [7s]
michehh5: checks
BuzovaPro: bets $6
michehh5: folds
Uncalled bet ($6) returned to BuzovaPro
BuzovaPro collected $23.52 from pot
BuzovaPro: doesn't show hand
*** SUMMARY ***
Total pot $24 | Rake $0.48
Board [As 5s Td 7s]
Seat 7: BuzovaPro (button) (small blind) collected ($23.52)
Seat 10: michehh5 (big blind) folded on the Turn


PokerStars Hand #159233048461:  Hold'em Limit ($3/$6 USD) - 2016/09/29 0:34:23 ET
Table 'Aristaeus' 10-max Seat #10 is the button
Seat 7: BuzovaPro ($118.86 in chips)
Seat 10: michehh5 ($71.61 in chips)
michehh5: posts small blind $1
BuzovaPro: posts big blind $3
*** HOLE CARDS ***
michehh5: folds
Uncalled bet ($2) returned to BuzovaPro
BuzovaPro collected $2 from pot
BuzovaPro: doesn't show hand
*** SUMMARY ***
Total pot $2 | Rake $0
Seat 7: BuzovaPro (big blind) collected ($2)
Seat 10: michehh5 (button) (small blind) folded before Flop


PokerStars Hand #159233043726:  Hold'em Limit ($3/$6 USD) - 2016/09/29 0:34:04 ET
Table 'Aristaeus' 10-max Seat #7 is the button
Seat 7: BuzovaPro ($95.36 in chips)
Seat 10: michehh5 ($95.61 in chips)
BuzovaPro: posts small blind $1
michehh5: posts big blind $3
*** HOLE CARDS ***
BuzovaPro: raises $3 to $6
michehh5: calls $3
*** FLOP *** [3s Jc 5c]
michehh5: checks
BuzovaPro: bets $3
michehh5: raises $3 to $6
BuzovaPro: calls $3
*** TURN *** [3s Jc 5c] [Js]
michehh5: bets $6
BuzovaPro: calls $6
*** RIVER *** [3s Jc 5c Js] [3d]
michehh5: bets $6
BuzovaPro: calls $6
*** SHOW DOWN ***
michehh5: shows [4s 6c] (two pair, Jacks and Threes)
BuzovaPro: shows [Ah 8c] (two pair, Jacks and Threes - Ace kicker)
BuzovaPro collected $47.50 from pot
*** SUMMARY ***
Total pot $48 | Rake $0.50
Board [3s Jc 5c Js 3d]
Seat 7: BuzovaPro (button) (small blind) showed [Ah 8c] and won ($47.50) with two pair, Jacks and Threes
Seat 10: michehh5 (big blind) showed [4s 6c] and lost with two pair, Jacks and Threes


PokerStars Hand #159233053752:  Hold'em Limit ($3/$6 USD) - 2016/09/29 0:34:45 ET
Table 'Aristaeus' 10-max Seat #10 is the button
Seat 7: BuzovaPro ($128.50 in chips)
Seat 10: michehh5 ($61.61 in chips)
michehh5: posts small blind $1
BuzovaPro: posts big blind $3
*** HOLE CARDS ***
michehh5: folds
Uncalled bet ($2) returned to BuzovaPro
BuzovaPro collected $2 from pot
BuzovaPro: doesn't show hand
*** SUMMARY ***
Total pot $2 | Rake $0
Seat 7: BuzovaPro (big blind) collected ($2)
Seat 10: michehh5 (button) (small blind) folded before Flop


PokerStars Hand #159233049653:  Hold'em Limit ($3/$6 USD) - 2016/09/29 0:34:28 ET
Table 'Aristaeus' 10-max Seat #7 is the button
Seat 7: BuzovaPro ($119.86 in chips)
Seat 10: michehh5 ($70.61 in chips)
BuzovaPro: posts small blind $1
michehh5: posts big blind $3
*** HOLE CARDS ***
BuzovaPro: raises $3 to $6
michehh5: calls $3
*** FLOP *** [8h 2s 6d]
michehh5: checks
BuzovaPro: bets $3
michehh5: calls $3
*** TURN *** [8h 2s 6d] [Th]
michehh5: checks
BuzovaPro: bets $6
michehh5: folds
Uncalled bet ($6) returned to BuzovaPro
BuzovaPro collected $17.64 from pot
BuzovaPro: doesn't show hand
*** SUMMARY ***
Total pot $18 | Rake $0.36
Board [8h 2s 6d Th]
Seat 7: BuzovaPro (button) (small blind) collected ($17.64)
Seat 10: michehh5 (big blind) folded on the Turn


PokerStars Hand #159233054990:  Hold'em Limit ($3/$6 USD) - 2016/09/29 0:34:50 ET
Table 'Aristaeus' 10-max Seat #7 is the button
Seat 7: BuzovaPro ($129.50 in chips)
Seat 10: michehh5 ($60.61 in chips)
BuzovaPro: posts small blind $1
michehh5: posts big blind $3
*** HOLE CARDS ***
BuzovaPro: raises $3 to $6
michehh5: raises $3 to $9
BuzovaPro: calls $3
*** FLOP *** [4d 3h Kd]
michehh5: bets $3
BuzovaPro: calls $3
*** TURN *** [4d 3h Kd] [5d]
michehh5: bets $6
BuzovaPro: calls $6
*** RIVER *** [4d 3h Kd 5d] [Kc]
michehh5: bets $6
BuzovaPro: folds
Uncalled bet ($6) returned to michehh5
michehh5 collected $35.50 from pot
michehh5: doesn't show hand
*** SUMMARY ***
Total pot $36 | Rake $0.50
Board [4d 3h Kd 5d Kc]
Seat 7: BuzovaPro (button) (small blind) folded on the River
Seat 10: michehh5 (big blind) collected ($35.50)


PokerStars Hand #159233067592:  Hold'em Limit ($3/$6 USD) - 2016/09/29 0:35:41 ET
Table 'Aristaeus' 10-max Seat #10 is the button
Seat 7: BuzovaPro ($95.50 in chips)
Seat 10: michehh5 ($93.61 in chips)
michehh5: posts small blind $1
BuzovaPro: posts big blind $3
*** HOLE CARDS ***
michehh5: raises $3 to $6
BuzovaPro: calls $3
*** FLOP *** [6s 7h 5s]
BuzovaPro: checks
michehh5: bets $3
BuzovaPro: calls $3
*** TURN *** [6s 7h 5s] [4h]
BuzovaPro: checks
michehh5: bets $6
BuzovaPro: raises $6 to $12
michehh5: raises $6 to $18
BuzovaPro: raises $6 to $24
Betting is capped
michehh5: calls $6
*** RIVER *** [6s 7h 5s 4h] [4d]
BuzovaPro: bets $6
michehh5: calls $6
*** SHOW DOWN ***
BuzovaPro: shows [Kc 8s] (a straight, Four to Eight)
michehh5: shows [8c Qc] (a straight, Four to Eight)
BuzovaPro collected $38.75 from pot
michehh5 collected $38.75 from pot
*** SUMMARY ***
Total pot $78 | Rake $0.50
Board [6s 7h 5s 4h 4d]
Seat 7: BuzovaPro (big blind) showed [Kc 8s] and won ($38.75) with a straight, Four to Eight
Seat 10: michehh5 (button) (small blind) showed [8c Qc] and won ($38.75) with a straight, Four to Eight


PokerStars Hand #159233074028:  Hold'em Limit ($3/$6 USD) - 2016/09/29 0:36:07 ET
Table 'Aristaeus' 10-max Seat #7 is the button
Seat 7: BuzovaPro ($95.25 in chips)
Seat 10: michehh5 ($93.36 in chips)
BuzovaPro: posts small blind $1
michehh5: posts big blind $3
*** HOLE CARDS ***
BuzovaPro: folds
Uncalled bet ($2) returned to michehh5
michehh5 collected $2 from pot
michehh5: doesn't show hand
*** SUMMARY ***
Total pot $2 | Rake $0
Seat 7: BuzovaPro (button) (small blind) folded before Flop
Seat 10: michehh5 (big blind) collected ($2)


PokerStars Hand #159233066413:  Hold'em Limit ($3/$6 USD) - 2016/09/29 0:35:36 ET
Table 'Aristaeus' 10-max Seat #7 is the button
Seat 7: BuzovaPro ($96.50 in chips)
Seat 10: michehh5 ($92.61 in chips)
BuzovaPro: posts small blind $1
michehh5: posts big blind $3
*** HOLE CARDS ***
BuzovaPro: folds
Uncalled bet ($2) returned to michehh5
michehh5 collected $2 from pot
michehh5: doesn't show hand
*** SUMMARY ***
Total pot $2 | Rake $0
Seat 7: BuzovaPro (button) (small blind) folded before Flop
Seat 10: michehh5 (big blind) collected ($2)


PokerStars Hand #159233061514:  Hold'em Limit ($3/$6 USD) - 2016/09/29 0:35:16 ET
Table 'Aristaeus' 10-max Seat #10 is the button
Seat 7: BuzovaPro ($111.50 in chips)
Seat 10: michehh5 ($78.11 in chips)
michehh5: posts small blind $1
BuzovaPro: posts big blind $3
*** HOLE CARDS ***
michehh5: calls $2
BuzovaPro: raises $3 to $6
michehh5: raises $3 to $9
BuzovaPro: calls $3
*** FLOP *** [Kc Jd Ac]
BuzovaPro: checks
michehh5: checks
*** TURN *** [Kc Jd Ac] [2h]
BuzovaPro: bets $6
michehh5: calls $6
*** RIVER *** [Kc Jd Ac 2h] [3h]
BuzovaPro: checks
michehh5: checks
*** SHOW DOWN ***
BuzovaPro: shows [5c 3c] (a pair of Threes)
michehh5: shows [Ts Tc] (a pair of Tens)
michehh5 collected $29.50 from pot
*** SUMMARY ***
Total pot $30 | Rake $0.50
Board [Kc Jd Ac 2h 3h]
Seat 7: BuzovaPro (big blind) showed [5c 3c] and lost with a pair of Threes
Seat 10: michehh5 (button) (small blind) showed [Ts Tc] and won ($29.50) with a pair of Tens


PokerStars Hand #159233088235:  Hold'em Limit ($3/$6 USD) - 2016/09/29 0:37:06 ET
Table 'Aristaeus' 10-max Seat #7 is the button
Seat 7: BuzovaPro ($103.89 in chips)
Seat 10: michehh5 ($84.36 in chips)
BuzovaPro: posts small blind $1
michehh5: posts big blind $3
*** HOLE CARDS ***
BuzovaPro: folds
Uncalled bet ($2) returned to michehh5
michehh5 collected $2 from pot
michehh5: doesn't show hand
*** SUMMARY ***
Total pot $2 | Rake $0
Seat 7: BuzovaPro (button) (small blind) folded before Flop
Seat 10: michehh5 (big blind) collected ($2)


PokerStars Hand #159233087071:  Hold'em Limit ($3/$6 USD) - 2016/09/29 0:37:02 ET
Table 'Aristaeus' 10-max Seat #10 is the button
Seat 7: BuzovaPro ($102.89 in chips)
Seat 10: michehh5 ($85.36 in chips)
michehh5: posts small blind $1
BuzovaPro: posts big blind $3
*** HOLE CARDS ***
michehh5: folds
Uncalled bet ($2) returned to BuzovaPro
BuzovaPro collected $2 from pot
BuzovaPro: doesn't show hand
*** SUMMARY ***
Total pot $2 | Rake $0
Seat 7: BuzovaPro (big blind) collected ($2)
Seat 10: michehh5 (button) (small blind) folded before Flop


PokerStars Hand #159233076115:  Hold'em Limit ($3/$6 USD) - 2016/09/29 0:36:16 ET
Table 'Aristaeus' 10-max Seat #10 is the button
Seat 7: BuzovaPro ($94.25 in chips)
Seat 10: michehh5 ($94.36 in chips)
michehh5: posts small blind $1
BuzovaPro: posts big blind $3
*** HOLE CARDS ***
michehh5: calls $2
BuzovaPro: checks
*** FLOP *** [3h Kd 5d]
BuzovaPro: checks
michehh5: checks
*** TURN *** [3h Kd 5d] [Ts]
BuzovaPro: checks
michehh5: checks
*** RIVER *** [3h Kd 5d Ts] [9h]
BuzovaPro: checks
michehh5: checks
*** SHOW DOWN ***
BuzovaPro: shows [Qc 7s] (high card King)
michehh5: mucks hand
BuzovaPro collected $5.88 from pot
*** SUMMARY ***
Total pot $6 | Rake $0.12
Board [3h Kd 5d Ts 9h]
Seat 7: BuzovaPro (big blind) showed [Qc 7s] and won ($5.88) with high card King
Seat 10: michehh5 (button) (small blind) mucked


PokerStars Hand #159233084183:  Hold'em Limit ($3/$6 USD) - 2016/09/29 0:36:50 ET
Table 'Aristaeus' 10-max Seat #7 is the button
Seat 7: BuzovaPro ($97.13 in chips)
Seat 10: michehh5 ($91.36 in chips)
BuzovaPro: posts small blind $1
michehh5: posts big blind $3
*** HOLE CARDS ***
BuzovaPro: raises $3 to $6
michehh5: calls $3
*** FLOP *** [4c 6c Kc]
michehh5: checks
BuzovaPro: bets $3
michehh5: folds
Uncalled bet ($3) returned to BuzovaPro
BuzovaPro collected $11.76 from pot
BuzovaPro: doesn't show hand
*** SUMMARY ***
Total pot $12 | Rake $0.24
Board [4c 6c Kc]
Seat 7: BuzovaPro (button) (small blind) collected ($11.76)
Seat 10: michehh5 (big blind) folded on the Flop


PokerStars Hand #159233089527:  Hold'em Limit ($3/$6 USD) - 2016/09/29 0:37:12 ET
Table 'Aristaeus' 10-max Seat #10 is the button
Seat 7: BuzovaPro ($102.89 in chips)
Seat 10: michehh5 ($85.36 in chips)
michehh5: posts small blind $1
BuzovaPro: posts big blind $3
*** HOLE CARDS ***
michehh5: raises $3 to $6
BuzovaPro: calls $3
*** FLOP *** [8h 6s Ts]
BuzovaPro: checks
michehh5: bets $3
BuzovaPro: calls $3
*** TURN *** [8h 6s Ts] [3h]
BuzovaPro: checks
michehh5: checks
*** RIVER *** [8h 6s Ts 3h] [Js]
BuzovaPro: bets $6
michehh5: raises $6 to $12
BuzovaPro: folds
Uncalled bet ($6) returned to michehh5
michehh5 collected $29.50 from pot
michehh5: doesn't show hand
*** SUMMARY ***
Total pot $30 | Rake $0.50
Board [8h 6s Ts 3h Js]
Seat 7: BuzovaPro (big blind) folded on the River
Seat 10: michehh5 (button) (small blind) collected ($29.50)


PokerStars Hand #159233101989:  Hold'em Limit ($3/$6 USD) - 2016/09/29 0:38:03 ET
Table 'Aristaeus' 10-max Seat #7 is the button
Seat 7: BuzovaPro ($72 in chips)
Seat 10: michehh5 ($127.36 in chips)
BuzovaPro: posts small blind $1
michehh5: posts big blind $3
*** HOLE CARDS ***
BuzovaPro: raises $3 to $6
michehh5: calls $3
*** FLOP *** [Kh Td Ac]
michehh5: checks
BuzovaPro: bets $3
michehh5: folds
Uncalled bet ($3) returned to BuzovaPro
BuzovaPro collected $11.76 from pot
BuzovaPro: doesn't show hand
*** SUMMARY ***
Total pot $12 | Rake $0.24
Board [Kh Td Ac]
Seat 7: BuzovaPro (button) (small blind) collected ($11.76)
Seat 10: michehh5 (big blind) folded on the Flop


PokerStars Hand #159233120868:  Hold'em Limit ($3/$6 USD) - 2016/09/29 0:39:22 ET
Table 'Aristaeus' 10-max Seat #7 is the button
Seat 7: BuzovaPro ($82.90 in chips)
Seat 10: michehh5 ($114.86 in chips)
BuzovaPro: posts small blind $1
michehh5: posts big blind $3
*** HOLE CARDS ***
BuzovaPro: folds
Uncalled bet ($2) returned to michehh5
michehh5 collected $2 from pot
michehh5: doesn't show hand
*** SUMMARY ***
Total pot $2 | Rake $0
Seat 7: BuzovaPro (button) (small blind) folded before Flop
Seat 10: michehh5 (big blind) collected ($2)


PokerStars Hand #159233109252:  Hold'em Limit ($3/$6 USD) - 2016/09/29 0:38:33 ET
Table 'Aristaeus' 10-max Seat #7 is the button
Seat 7: BuzovaPro ($98.26 in chips)
Seat 10: michehh5 ($100.36 in chips)
BuzovaPro: posts small blind $1
michehh5: posts big blind $3
*** HOLE CARDS ***
BuzovaPro: raises $3 to $6
michehh5: calls $3
*** FLOP *** [3d Qc 3h]
michehh5: checks
BuzovaPro: bets $3
michehh5: calls $3
*** TURN *** [3d Qc 3h] [2h]
michehh5: checks
BuzovaPro: bets $6
michehh5: folds
Uncalled bet ($6) returned to BuzovaPro
BuzovaPro collected $17.64 from pot
BuzovaPro: doesn't show hand
*** SUMMARY ***
Total pot $18 | Rake $0.36
Board [3d Qc 3h 2h]
Seat 7: BuzovaPro (button) (small blind) collected ($17.64)
Seat 10: michehh5 (big blind) folded on the Turn


PokerStars Hand #159233114509:  Hold'em Limit ($3/$6 USD) - 2016/09/29 0:38:55 ET
Table 'Aristaeus' 10-max Seat #10 is the button
Seat 7: BuzovaPro ($106.90 in chips)
Seat 10: michehh5 ($91.36 in chips)
michehh5: posts small blind $1
BuzovaPro: posts big blind $3
*** HOLE CARDS ***
michehh5: calls $2
BuzovaPro: checks
*** FLOP *** [Ad Js 2c]
BuzovaPro: bets $3
michehh5: calls $3
*** TURN *** [Ad Js 2c] [Qd]
BuzovaPro: bets $6
michehh5: calls $6
*** RIVER *** [Ad Js 2c Qd] [Ac]
BuzovaPro: bets $6
michehh5: raises $6 to $12
BuzovaPro: calls $6
*** SHOW DOWN ***
michehh5: shows [Ah 7h] (three of a kind, Aces)
BuzovaPro: mucks hand
michehh5 collected $47.50 from pot
*** SUMMARY ***
Total pot $48 | Rake $0.50
Board [Ad Js 2c Qd Ac]
Seat 7: BuzovaPro (big blind) mucked
Seat 10: michehh5 (button) (small blind) showed [Ah 7h] and won ($47.50) with three of a kind, Aces


PokerStars Hand #159233130514:  Hold'em Limit ($3/$6 USD) - 2016/09/29 0:40:01 ET
Table 'Aristaeus' 10-max Seat #10 is the button
Seat 7: BuzovaPro ($93.42 in chips)
Seat 10: michehh5 ($103.86 in chips)
michehh5: posts small blind $1
BuzovaPro: posts big blind $3
*** HOLE CARDS ***
michehh5: raises $3 to $6
BuzovaPro: calls $3
*** FLOP *** [5d 5s Qh]
BuzovaPro: checks
michehh5: bets $3
BuzovaPro: folds
Uncalled bet ($3) returned to michehh5
michehh5 collected $11.76 from pot
michehh5: doesn't show hand
*** SUMMARY ***
Total pot $12 | Rake $0.24
Board [5d 5s Qh]
Seat 7: BuzovaPro (big blind) folded on the Flop
Seat 10: michehh5 (button) (small blind) collected ($11.76)


PokerStars Hand #159233129325:  Hold'em Limit ($3/$6 USD) - 2016/09/29 0:39:57 ET
Table 'Aristaeus' 10-max Seat #7 is the button
Seat 7: BuzovaPro ($94.42 in chips)
Seat 10: michehh5 ($102.86 in chips)
BuzovaPro: posts small blind $1
michehh5: posts big blind $3
*** HOLE CARDS ***
BuzovaPro: folds
Uncalled bet ($2) returned to michehh5
michehh5 collected $2 from pot
michehh5: doesn't show hand
*** SUMMARY ***
Total pot $2 | Rake $0
Seat 7: BuzovaPro (button) (small blind) folded before Flop
Seat 10: michehh5 (big blind) collected ($2)


PokerStars Hand #159233125128:  Hold'em Limit ($3/$6 USD) - 2016/09/29 0:39:39 ET
Table 'Aristaeus' 10-max Seat #7 is the button
Seat 7: BuzovaPro ($87.66 in chips)
Seat 10: michehh5 ($109.86 in chips)
BuzovaPro: posts small blind $1
michehh5: posts big blind $3
*** HOLE CARDS ***
BuzovaPro: raises $3 to $6
michehh5: calls $3
*** FLOP *** [Kh 3h Js]
michehh5: checks
BuzovaPro: bets $3
michehh5: folds
Uncalled bet ($3) returned to BuzovaPro
BuzovaPro collected $11.76 from pot
BuzovaPro: doesn't show hand
*** SUMMARY ***
Total pot $12 | Rake $0.24
Board [Kh 3h Js]
Seat 7: BuzovaPro (button) (small blind) collected ($11.76)
Seat 10: michehh5 (big blind) folded on the Flop


PokerStars Hand #159233122007:  Hold'em Limit ($3/$6 USD) - 2016/09/29 0:39:27 ET
Table 'Aristaeus' 10-max Seat #10 is the button
Seat 7: BuzovaPro ($81.90 in chips)
Seat 10: michehh5 ($115.86 in chips)
michehh5: posts small blind $1
BuzovaPro: posts big blind $3
*** HOLE CARDS ***
michehh5: calls $2
BuzovaPro: checks
*** FLOP *** [3c 4d 4h]
BuzovaPro: bets $3
michehh5: calls $3
*** TURN *** [3c 4d 4h] [Qc]
BuzovaPro: bets $6
michehh5: folds
Uncalled bet ($6) returned to BuzovaPro
BuzovaPro collected $11.76 from pot
BuzovaPro: doesn't show hand
*** SUMMARY ***
Total pot $12 | Rake $0.24
Board [3c 4d 4h Qc]
Seat 7: BuzovaPro (big blind) collected ($11.76)
Seat 10: michehh5 (button) (small blind) folded on the Turn


PokerStars Hand #159233139046:  Hold'em Limit ($3/$6 USD) - 2016/09/29 0:40:37 ET
Table 'Aristaeus' 10-max Seat #10 is the button
Seat 7: BuzovaPro ($107.92 in chips)
Seat 10: michehh5 ($88.62 in chips)
michehh5: posts small blind $1
BuzovaPro: posts big blind $3
*** HOLE CARDS ***
michehh5: folds
Uncalled bet ($2) returned to BuzovaPro
BuzovaPro collected $2 from pot
BuzovaPro: doesn't show hand
*** SUMMARY ***
Total pot $2 | Rake $0
Seat 7: BuzovaPro (big blind) collected ($2)
Seat 10: michehh5 (button) (small blind) folded before Flop


PokerStars Hand #159233133663:  Hold'em Limit ($3/$6 USD) - 2016/09/29 0:40:15 ET
Table 'Aristaeus' 10-max Seat #7 is the button
Seat 7: BuzovaPro ($87.42 in chips)
Seat 10: michehh5 ($109.62 in chips)
BuzovaPro: posts small blind $1
michehh5: posts big blind $3
*** HOLE CARDS ***
BuzovaPro: raises $3 to $6
michehh5: raises $3 to $9
BuzovaPro: calls $3
*** FLOP *** [2d Ac Tc]
michehh5: checks
BuzovaPro: checks
*** TURN *** [2d Ac Tc] [3h]
michehh5: bets $6
BuzovaPro: calls $6
*** RIVER *** [2d Ac Tc 3h] [4c]
michehh5: bets $6
BuzovaPro: calls $6
*** SHOW DOWN ***
michehh5: shows [Qd Kh] (high card Ace)
BuzovaPro: shows [Kd 3d] (a pair of Threes)
BuzovaPro collected $41.50 from pot
*** SUMMARY ***
Total pot $42 | Rake $0.50
Board [2d Ac Tc 3h 4c]
Seat 7: BuzovaPro (button) (small blind) showed [Kd 3d] and won ($41.50) with a pair of Threes
Seat 10: michehh5 (big blind) showed [Qd Kh] and lost with high card Ace


PokerStars Hand #159233144075:  Hold'em Limit ($3/$6 USD) - 2016/09/29 0:40:58 ET
Table 'Aristaeus' 10-max Seat #10 is the button
Seat 7: BuzovaPro ($99.92 in chips)
Seat 10: michehh5 ($96.26 in chips)
michehh5: posts small blind $1
BuzovaPro: posts big blind $3
*** HOLE CARDS ***
michehh5: calls $2
BuzovaPro: checks
*** FLOP *** [Jh 5c Jd]
BuzovaPro: checks
balrog25 joins the table at seat #1
michehh5: checks
*** TURN *** [Jh 5c Jd] [Qd]
BuzovaPro: checks
michehh5: checks
*** RIVER *** [Jh 5c Jd Qd] [7s]
BuzovaPro: bets $6
michehh5: folds
Uncalled bet ($6) returned to BuzovaPro
BuzovaPro collected $5.88 from pot
BuzovaPro: doesn't show hand
*** SUMMARY ***
Total pot $6 | Rake $0.12
Board [Jh 5c Jd Qd 7s]
Seat 7: BuzovaPro (big blind) collected ($5.88)
Seat 10: michehh5 (button) (small blind) folded on the River


PokerStars Hand #159233140250:  Hold'em Limit ($3/$6 USD) - 2016/09/29 0:40:42 ET
Table 'Aristaeus' 10-max Seat #7 is the button
Seat 7: BuzovaPro ($108.92 in chips)
Seat 10: michehh5 ($87.62 in chips)
BuzovaPro: posts small blind $1
michehh5: posts big blind $3
*** HOLE CARDS ***
BuzovaPro: raises $3 to $6
michehh5: raises $3 to $9
BuzovaPro: calls $3
*** FLOP *** [Ac 6c Ah]
michehh5: checks
BuzovaPro: checks
*** TURN *** [Ac 6c Ah] [2s]
michehh5: bets $6
BuzovaPro: folds
Uncalled bet ($6) returned to michehh5
michehh5 collected $17.64 from pot
michehh5: doesn't show hand
*** SUMMARY ***
Total pot $18 | Rake $0.36
Board [Ac 6c Ah 2s]
Seat 7: BuzovaPro (button) (small blind) folded on the Turn
Seat 10: michehh5 (big blind) collected ($17.64)


PokerStars Hand #159233148628:  Hold'em Limit ($3/$6 USD) - 2016/09/29 0:41:17 ET
Table 'Aristaeus' 10-max Seat #7 is the button
Seat 7: BuzovaPro ($102.80 in chips)
Seat 10: michehh5 ($93.26 in chips)
BuzovaPro: posts small blind $1
michehh5: posts big blind $3
*** HOLE CARDS ***
BuzovaPro: raises $3 to $6
michehh5: raises $3 to $9
BuzovaPro: calls $3
*** FLOP *** [Qs 6s 8d]
michehh5: bets $3
BuzovaPro: raises $3 to $6
michehh5: calls $3
*** TURN *** [Qs 6s 8d] [5s]
michehh5: checks
BuzovaPro: bets $6
michehh5: calls $6
*** RIVER *** [Qs 6s 8d 5s] [7d]
michehh5: checks
BuzovaPro: bets $6
michehh5: calls $6
*** SHOW DOWN ***
BuzovaPro: shows [7h 9d] (a straight, Five to Nine)
michehh5: mucks hand
BuzovaPro collected $53.50 from pot
*** SUMMARY ***
Total pot $54 | Rake $0.50
Board [Qs 6s 8d 5s 7d]
Seat 7: BuzovaPro (button) (small blind) showed [7h 9d] and won ($53.50) with a straight, Five to Nine
Seat 10: michehh5 (big blind) mucked


PokerStars Hand #159233279975:  Hold'em Limit ($3/$6 USD) - 2016/09/29 0:50:04 ET
Table 'Aristaeus' 10-max Seat #1 is the button
Seat 1: balrog25 ($124.19 in chips)
Seat 10: michehh5 ($47.22 in chips)
balrog25: posts small blind $1
BuzovaPro: is sitting out
michehh5: posts big blind $3
*** HOLE CARDS ***
balrog25: folds
Uncalled bet ($2) returned to michehh5
michehh5 collected $2 from pot
michehh5: doesn't show hand
*** SUMMARY ***
Total pot $2 | Rake $0
Seat 1: balrog25 (button) (small blind) folded before Flop
Seat 10: michehh5 (big blind) collected ($2)


PokerStars Hand #159233281211:  Hold'em Limit ($3/$6 USD) - 2016/09/29 0:50:09 ET
Table 'Aristaeus' 10-max Seat #10 is the button
Seat 1: balrog25 ($123.19 in chips)
Seat 10: michehh5 ($48.22 in chips)
michehh5: posts small blind $1
balrog25: posts big blind $3
*** HOLE CARDS ***
BuzovaPro leaves the table
michehh5: calls $2
balrog25: checks
*** FLOP *** [9d Ah Tc]
balrog25: bets $3
michehh5: calls $3
*** TURN *** [9d Ah Tc] [Th]
balrog25: checks
michehh5: bets $6
balrog25: raises $6 to $12
michehh5: calls $6
*** RIVER *** [9d Ah Tc Th] [Qh]
balrog25: bets $6
michehh5: calls $6
*** SHOW DOWN ***
balrog25: shows [Ts 7c] (three of a kind, Tens)
michehh5: shows [8s Td] (three of a kind, Tens)
balrog25 collected $23.75 from pot
michehh5 collected $23.75 from pot
*** SUMMARY ***
Total pot $48 | Rake $0.50
Board [9d Ah Tc Th Qh]
Seat 1: balrog25 (big blind) showed [Ts 7c] and won ($23.75) with three of a kind, Tens
Seat 10: michehh5 (button) (small blind) showed [8s Td] and won ($23.75) with three of a kind, Tens


PokerStars Hand #159233294480:  Hold'em Limit ($3/$6 USD) - 2016/09/29 0:51:06 ET
Table 'Aristaeus' 10-max Seat #1 is the button
Seat 1: balrog25 ($104.94 in chips)
Seat 10: michehh5 ($65.25 in chips)
balrog25: posts small blind $1
michehh5: posts big blind $3
*** HOLE CARDS ***
balrog25: folds
Uncalled bet ($2) returned to michehh5
michehh5 collected $2 from pot
michehh5: doesn't show hand
*** SUMMARY ***
Total pot $2 | Rake $0
Seat 1: balrog25 (button) (small blind) folded before Flop
Seat 10: michehh5 (big blind) collected ($2)


PokerStars Hand #159233289851:  Hold'em Limit ($3/$6 USD) - 2016/09/29 0:50:46 ET
Table 'Aristaeus' 10-max Seat #10 is the button
Seat 1: balrog25 ($113.94 in chips)
Seat 10: michehh5 ($56.61 in chips)
michehh5: posts small blind $1
balrog25: posts big blind $3
*** HOLE CARDS ***
michehh5: raises $3 to $6
balrog25: calls $3
*** FLOP *** [As Ks Qd]
balrog25: checks
michehh5: bets $3
balrog25: calls $3
*** TURN *** [As Ks Qd] [8d]
balrog25: checks
michehh5: bets $6
balrog25: folds
Uncalled bet ($6) returned to michehh5
michehh5 collected $17.64 from pot
michehh5: doesn't show hand
*** SUMMARY ***
Total pot $18 | Rake $0.36
Board [As Ks Qd 8d]
Seat 1: balrog25 (big blind) folded on the Turn
Seat 10: michehh5 (button) (small blind) collected ($17.64)


PokerStars Hand #159233296028:  Hold'em Limit ($3/$6 USD) - 2016/09/29 0:51:12 ET
Table 'Aristaeus' 10-max Seat #10 is the button
Seat 1: balrog25 ($103.94 in chips)
Seat 10: michehh5 ($66.25 in chips)
michehh5: posts small blind $1
balrog25: posts big blind $3
*** HOLE CARDS ***
michehh5: folds
Uncalled bet ($2) returned to balrog25
balrog25 collected $2 from pot
balrog25: doesn't show hand
*** SUMMARY ***
Total pot $2 | Rake $0
Seat 1: balrog25 (big blind) collected ($2)
Seat 10: michehh5 (button) (small blind) folded before Flop


PokerStars Hand #159233285717:  Hold'em Limit ($3/$6 USD) - 2016/09/29 0:50:28 ET
Table 'Aristaeus' 10-max Seat #1 is the button
Seat 1: balrog25 ($122.94 in chips)
Seat 10: michehh5 ($47.97 in chips)
balrog25: posts small blind $1
michehh5: posts big blind $3
*** HOLE CARDS ***
balrog25: raises $3 to $6
michehh5: calls $3
*** FLOP *** [6h Ac 4s]
michehh5: checks
balrog25: bets $3
michehh5: calls $3
*** TURN *** [6h Ac 4s] [4d]
michehh5: bets $6
balrog25: folds
Uncalled bet ($6) returned to michehh5
michehh5 collected $17.64 from pot
michehh5: doesn't show hand
*** SUMMARY ***
Total pot $18 | Rake $0.36
Board [6h Ac 4s 4d]
Seat 1: balrog25 (button) (small blind) folded on the Turn
Seat 10: michehh5 (big blind) collected ($17.64)


PokerStars Hand #159233297457:  Hold'em Limit ($3/$6 USD) - 2016/09/29 0:51:18 ET
Table 'Aristaeus' 10-max Seat #1 is the button
Seat 1: balrog25 ($104.94 in chips)
Seat 10: michehh5 ($65.25 in chips)
balrog25: posts small blind $1
michehh5: posts big blind $3
*** HOLE CARDS ***
balrog25: raises $3 to $6
michehh5: calls $3
*** FLOP *** [Th 3s 8d]
michehh5: checks
balrog25: bets $3
michehh5: calls $3
*** TURN *** [Th 3s 8d] [Js]
michehh5: checks
balrog25: bets $6
michehh5: calls $6
*** RIVER *** [Th 3s 8d Js] [6s]
michehh5: checks
balrog25: bets $6
michehh5: folds
Uncalled bet ($6) returned to balrog25
balrog25 collected $29.50 from pot
balrog25: doesn't show hand
*** SUMMARY ***
Total pot $30 | Rake $0.50
Board [Th 3s 8d Js 6s]
Seat 1: balrog25 (button) (small blind) collected ($29.50)
Seat 10: michehh5 (big blind) folded on the River


PokerStars Hand #159233303924:  Hold'em Limit ($3/$6 USD) - 2016/09/29 0:51:46 ET
Table 'Aristaeus' 10-max Seat #1 is the button
Seat 1: balrog25 ($120.44 in chips)
Seat 10: michehh5 ($49.25 in chips)
balrog25: posts small blind $1
michehh5: posts big blind $3
*** HOLE CARDS ***
balrog25: raises $3 to $6
michehh5: raises $3 to $9
balrog25: calls $3
*** FLOP *** [6h 6d 5d]
michehh5: bets $3
balrog25: calls $3
*** TURN *** [6h 6d 5d] [Kd]
michehh5: bets $6
balrog25: calls $6
*** RIVER *** [6h 6d 5d Kd] [6c]
michehh5: bets $6
balrog25: calls $6
*** SHOW DOWN ***
michehh5: shows [8d 8h] (a full house, Sixes full of Eights)
balrog25: mucks hand
michehh5 collected $47.50 from pot
*** SUMMARY ***
Total pot $48 | Rake $0.50
Board [6h 6d 5d Kd 6c]
Seat 1: balrog25 (button) (small blind) mucked
Seat 10: michehh5 (big blind) showed [8d 8h] and won ($47.50) with a full house, Sixes full of Eights


PokerStars Hand #159233309343:  Hold'em Limit ($3/$6 USD) - 2016/09/29 0:52:09 ET
Table 'Aristaeus' 10-max Seat #1 is the button
Seat 1: balrog25 ($97.44 in chips)
Seat 10: michehh5 ($71.75 in chips)
balrog25: posts small blind $1
michehh5: posts big blind $3
*** HOLE CARDS ***
balrog25: raises $3 to $6
michehh5: calls $3
*** FLOP *** [7d 6h 5c]
michehh5: checks
balrog25: bets $3
michehh5: raises $3 to $6
balrog25: calls $3
*** TURN *** [7d 6h 5c] [3c]
michehh5: bets $6
balrog25: raises $6 to $12
michehh5: calls $6
*** RIVER *** [7d 6h 5c 3c] [Qc]
michehh5: checks
balrog25: bets $6
michehh5: calls $6
*** SHOW DOWN ***
balrog25: shows [4d 2h] (a straight, Three to Seven)
michehh5: mucks hand
balrog25 collected $59.50 from pot
*** SUMMARY ***
Total pot $60 | Rake $0.50
Board [7d 6h 5c 3c Qc]
Seat 1: balrog25 (button) (small blind) showed [4d 2h] and won ($59.50) with a straight, Three to Seven
Seat 10: michehh5 (big blind) mucked


PokerStars Hand #159233308205:  Hold'em Limit ($3/$6 USD) - 2016/09/29 0:52:04 ET
Table 'Aristaeus' 10-max Seat #10 is the button
Seat 1: balrog25 ($96.44 in chips)
Seat 10: michehh5 ($72.75 in chips)
michehh5: posts small blind $1
balrog25: posts big blind $3
*** HOLE CARDS ***
michehh5: folds
Uncalled bet ($2) returned to balrog25
balrog25 collected $2 from pot
balrog25: doesn't show hand
*** SUMMARY ***
Total pot $2 | Rake $0
Seat 1: balrog25 (big blind) collected ($2)
Seat 10: michehh5 (button) (small blind) folded before Flop


PokerStars Hand #159233302753:  Hold'em Limit ($3/$6 USD) - 2016/09/29 0:51:41 ET
Table 'Aristaeus' 10-max Seat #10 is the button
Seat 1: balrog25 ($119.44 in chips)
Seat 10: michehh5 ($50.25 in chips)
michehh5: posts small blind $1
balrog25: posts big blind $3
*** HOLE CARDS ***
michehh5: folds
Uncalled bet ($2) returned to balrog25
balrog25 collected $2 from pot
balrog25: doesn't show hand
*** SUMMARY ***
Total pot $2 | Rake $0
Seat 1: balrog25 (big blind) collected ($2)
Seat 10: michehh5 (button) (small blind) folded before Flop


PokerStars Hand #159233313853:  Hold'em Limit ($3/$6 USD) - 2016/09/29 0:52:28 ET
Table 'Aristaeus' 10-max Seat #10 is the button
Seat 1: balrog25 ($126.94 in chips)
Seat 10: michehh5 ($41.75 in chips)
michehh5: posts small blind $1
balrog25: posts big blind $3
*** HOLE CARDS ***
michehh5: calls $2
balrog25: checks
*** FLOP *** [Ts 4h Ah]
balrog25: bets $3
michehh5: calls $3
*** TURN *** [Ts 4h Ah] [3d]
balrog25: checks
michehh5: bets $6
balrog25: calls $6
*** RIVER *** [Ts 4h Ah 3d] [5h]
balrog25: checks
michehh5: bets $6
balrog25: calls $6
*** SHOW DOWN ***
michehh5: shows [4s 5d] (two pair, Fives and Fours)
balrog25: mucks hand
michehh5 collected $35.50 from pot
*** SUMMARY ***
Total pot $36 | Rake $0.50
Board [Ts 4h Ah 3d 5h]
Seat 1: balrog25 (big blind) mucked
Seat 10: michehh5 (button) (small blind) showed [4s 5d] and won ($35.50) with two pair, Fives and Fours


PokerStars Hand #159233322068:  Hold'em Limit ($3/$6 USD) - 2016/09/29 0:53:02 ET
Table 'Aristaeus' 10-max Seat #10 is the button
Seat 1: balrog25 ($93.94 in chips)
Seat 10: michehh5 ($73.75 in chips)
michehh5: posts small blind $1
balrog25: posts big blind $3
*** HOLE CARDS ***
michehh5: calls $2
balrog25: checks
*** FLOP *** [6d 2s 3h]
balrog25: bets $3
michehh5: calls $3
*** TURN *** [6d 2s 3h] [Jh]
balrog25: bets $6
michehh5: raises $6 to $12
balrog25: calls $6
*** RIVER *** [6d 2s 3h Jh] [3d]
balrog25: checks
michehh5: bets $6
balrog25: calls $6
*** SHOW DOWN ***
michehh5: shows [8h 8c] (two pair, Eights and Threes)
balrog25: mucks hand
michehh5 collected $47.50 from pot
*** SUMMARY ***
Total pot $48 | Rake $0.50
Board [6d 2s 3h Jh 3d]
Seat 1: balrog25 (big blind) mucked
Seat 10: michehh5 (button) (small blind) showed [8h 8c] and won ($47.50) with two pair, Eights and Threes


PokerStars Hand #159233326154:  Hold'em Limit ($3/$6 USD) - 2016/09/29 0:53:20 ET
Table 'Aristaeus' 10-max Seat #1 is the button
Seat 1: balrog25 ($120 in chips)
Seat 10: michehh5 ($97.25 in chips)
balrog25: posts small blind $1
michehh5: posts big blind $3
*** HOLE CARDS ***
balrog25: raises $3 to $6
michehh5: raises $3 to $9
balrog25: raises $3 to $12
Betting is capped
michehh5: calls $3
*** FLOP *** [2c 9c Tc]
michehh5: bets $3
balrog25: calls $3
*** TURN *** [2c 9c Tc] [6d]
michehh5: bets $6
balrog25: raises $6 to $12
michehh5: calls $6
*** RIVER *** [2c 9c Tc 6d] [9s]
michehh5: bets $6
balrog25: raises $6 to $12
michehh5: calls $6
*** SHOW DOWN ***
balrog25: shows [6c 6h] (a full house, Sixes full of Nines)
michehh5: mucks hand
balrog25 collected $77.50 from pot
*** SUMMARY ***
Total pot $78 | Rake $0.50
Board [2c 9c Tc 6d 9s]
Seat 1: balrog25 (button) (small blind) showed [6c 6h] and won ($77.50) with a full house, Sixes full of Nines
Seat 10: michehh5 (big blind) mucked


PokerStars Hand #159233340977:  Hold'em Limit ($3/$6 USD) - 2016/09/29 0:54:24 ET
Table 'Aristaeus' 10-max Seat #1 is the button
Seat 1: balrog25 ($161.38 in chips)
Seat 10: michehh5 ($55.25 in chips)
balrog25: posts small blind $1
michehh5: posts big blind $3
*** HOLE CARDS ***
balrog25: raises $3 to $6
michehh5: calls $3
*** FLOP *** [Qc Td 3d]
michehh5: checks
balrog25: bets $3
michehh5: calls $3
*** TURN *** [Qc Td 3d] [8h]
michehh5: checks
balrog25: checks
*** RIVER *** [Qc Td 3d 8h] [5s]
michehh5: bets $6
balrog25: folds
Uncalled bet ($6) returned to michehh5
michehh5 collected $17.64 from pot
michehh5: doesn't show hand
*** SUMMARY ***
Total pot $18 | Rake $0.36
Board [Qc Td 3d 8h 5s]
Seat 1: balrog25 (button) (small blind) folded on the River
Seat 10: michehh5 (big blind) collected ($17.64)


PokerStars Hand #159233345105:  Hold'em Limit ($3/$6 USD) - 2016/09/29 0:54:41 ET
Table 'Aristaeus' 10-max Seat #10 is the button
Seat 1: balrog25 ($152.38 in chips)
Seat 10: michehh5 ($63.89 in chips)
michehh5: posts small blind $1
balrog25: posts big blind $3
*** HOLE CARDS ***
michehh5: folds
Uncalled bet ($2) returned to balrog25
balrog25 collected $2 from pot
balrog25: doesn't show hand
*** SUMMARY ***
Total pot $2 | Rake $0
Seat 1: balrog25 (big blind) collected ($2)
Seat 10: michehh5 (button) (small blind) folded before Flop


PokerStars Hand #159233346394:  Hold'em Limit ($3/$6 USD) - 2016/09/29 0:54:47 ET
Table 'Aristaeus' 10-max Seat #1 is the button
Seat 1: balrog25 ($153.38 in chips)
Seat 10: michehh5 ($62.89 in chips)
balrog25: posts small blind $1
michehh5: posts big blind $3
*** HOLE CARDS ***
balrog25: raises $3 to $6
michehh5: calls $3
*** FLOP *** [Tc Td 2c]
michehh5: checks
balrog25: bets $3
michehh5: calls $3
*** TURN *** [Tc Td 2c] [3d]
michehh5: checks
balrog25: checks
*** RIVER *** [Tc Td 2c 3d] [Js]
michehh5: bets $6
balrog25: calls $6
*** SHOW DOWN ***
michehh5: shows [8c Qs] (a pair of Tens)
balrog25: shows [Ac 5d] (a pair of Tens - Ace kicker)
balrog25 collected $29.50 from pot
*** SUMMARY ***
Total pot $30 | Rake $0.50
Board [Tc Td 2c 3d Js]
Seat 1: balrog25 (button) (small blind) showed [Ac 5d] and won ($29.50) with a pair of Tens
Seat 10: michehh5 (big blind) showed [8c Qs] and lost with a pair of Tens


PokerStars Hand #159233352285:  Hold'em Limit ($3/$6 USD) - 2016/09/29 0:55:12 ET
Table 'Aristaeus' 10-max Seat #10 is the button
Seat 1: balrog25 ($167.88 in chips)
Seat 10: michehh5 ($47.89 in chips)
michehh5: posts small blind $1
balrog25: posts big blind $3
*** HOLE CARDS ***
michehh5: calls $2
balrog25: checks
*** FLOP *** [7h 9d Ts]
balrog25: checks
michehh5: checks
*** TURN *** [7h 9d Ts] [Qs]
balrog25: checks
michehh5: checks
*** RIVER *** [7h 9d Ts Qs] [Qc]
balrog25: checks
michehh5: checks
*** SHOW DOWN ***
balrog25: shows [Ah 6c] (a pair of Queens)
michehh5: mucks hand
balrog25 collected $5.88 from pot
*** SUMMARY ***
Total pot $6 | Rake $0.12
Board [7h 9d Ts Qs Qc]
Seat 1: balrog25 (big blind) showed [Ah 6c] and won ($5.88) with a pair of Queens
Seat 10: michehh5 (button) (small blind) mucked


PokerStars Hand #159233356470:  Hold'em Limit ($3/$6 USD) - 2016/09/29 0:55:32 ET
Table 'Aristaeus' 10-max Seat #1 is the button
Seat 1: balrog25 ($170.76 in chips)
Seat 10: michehh5 ($44.89 in chips)
balrog25: posts small blind $1
michehh5: posts big blind $3
*** HOLE CARDS ***
balrog25: raises $3 to $6
michehh5: raises $3 to $9
balrog25: calls $3
*** FLOP *** [2d Qh 3h]
michehh5: bets $3
balrog25: calls $3
*** TURN *** [2d Qh 3h] [8h]
michehh5: bets $6
balrog25: calls $6
*** RIVER *** [2d Qh 3h 8h] [6d]
michehh5: bets $6
balrog25: folds
Uncalled bet ($6) returned to michehh5
michehh5 collected $35.50 from pot
*** SUMMARY ***
Total pot $36 | Rake $0.50
Board [2d Qh 3h 8h 6d]
Seat 1: balrog25 (button) (small blind) folded on the River
Seat 10: michehh5 (big blind) collected ($35.50)


PokerStars Hand #159233367220:  Hold'em Limit ($3/$6 USD) - 2016/09/29 0:56:22 ET
Table 'Aristaeus' 10-max Seat #10 is the button
Seat 1: balrog25 ($152.76 in chips)
Seat 10: michehh5 ($62.39 in chips)
michehh5: posts small blind $1
balrog25: posts big blind $3
*** HOLE CARDS ***
michehh5: calls $2
balrog25: raises $3 to $6
michehh5: calls $3
*** FLOP *** [8s Kd 9s]
balrog25: bets $3
michehh5: calls $3
*** TURN *** [8s Kd 9s] [6c]
balrog25: checks
michehh5: bets $6
balrog25: calls $6
*** RIVER *** [8s Kd 9s 6c] [3s]
balrog25: checks
michehh5: bets $6
balrog25: calls $6
*** SHOW DOWN ***
michehh5: shows [2h Kc] (a pair of Kings)
balrog25: mucks hand
michehh5 collected $41.50 from pot
*** SUMMARY ***
Total pot $42 | Rake $0.50
Board [8s Kd 9s 6c 3s]
Seat 1: balrog25 (big blind) mucked
Seat 10: michehh5 (button) (small blind) showed [2h Kc] and won ($41.50) with a pair of Kings


PokerStars Hand #159233385347:  Hold'em Limit ($3/$6 USD) - 2016/09/29 0:57:48 ET
Table 'Aristaeus' 10-max Seat #10 is the button
Seat 1: balrog25 ($96.76 in chips)
Seat 10: michehh5 ($117.39 in chips)
michehh5: posts small blind $1
balrog25: posts big blind $3
*** HOLE CARDS ***
michehh5: raises $3 to $6
balrog25: folds
Uncalled bet ($3) returned to michehh5
michehh5 collected $6 from pot
michehh5: doesn't show hand
*** SUMMARY ***
Total pot $6 | Rake $0
Seat 1: balrog25 (big blind) folded before Flop
Seat 10: michehh5 (button) (small blind) collected ($6)


PokerStars Hand #159233384257:  Hold'em Limit ($3/$6 USD) - 2016/09/29 0:57:43 ET
Table 'Aristaeus' 10-max Seat #1 is the button
Seat 1: balrog25 ($93.76 in chips)
Seat 10: michehh5 ($120.39 in chips)
balrog25: posts small blind $1
michehh5: posts big blind $3
*** HOLE CARDS ***
balrog25: raises $3 to $6
michehh5: folds
Uncalled bet ($3) returned to balrog25
balrog25 collected $6 from pot
balrog25: doesn't show hand
*** SUMMARY ***
Total pot $6 | Rake $0
Seat 1: balrog25 (button) (small blind) collected ($6)
Seat 10: michehh5 (big blind) folded before Flop


PokerStars Hand #159233383276:  Hold'em Limit ($3/$6 USD) - 2016/09/29 0:57:38 ET
Table 'Aristaeus' 10-max Seat #10 is the button
Seat 1: balrog25 ($92.76 in chips)
Seat 10: michehh5 ($121.39 in chips)
michehh5: posts small blind $1
balrog25: posts big blind $3
*** HOLE CARDS ***
michehh5: folds
Uncalled bet ($2) returned to balrog25
balrog25 collected $2 from pot
balrog25: doesn't show hand
*** SUMMARY ***
Total pot $2 | Rake $0
Seat 1: balrog25 (big blind) collected ($2)
Seat 10: michehh5 (button) (small blind) folded before Flop


PokerStars Hand #159233386926:  Hold'em Limit ($3/$6 USD) - 2016/09/29 0:57:55 ET
Table 'Aristaeus' 10-max Seat #1 is the button
Seat 1: balrog25 ($93.76 in chips)
Seat 10: michehh5 ($120.39 in chips)
balrog25: posts small blind $1
michehh5: posts big blind $3
*** HOLE CARDS ***
balrog25: raises $3 to $6
michehh5: folds
Uncalled bet ($3) returned to balrog25
balrog25 collected $6 from pot
balrog25: doesn't show hand
*** SUMMARY ***
Total pot $6 | Rake $0
Seat 1: balrog25 (button) (small blind) collected ($6)
Seat 10: michehh5 (big blind) folded before Flop


PokerStars Hand #159233389301:  Hold'em Limit ($3/$6 USD) - 2016/09/29 0:58:07 ET
Table 'Aristaeus' 10-max Seat #10 is the button
Seat 1: balrog25 ($96.76 in chips)
Seat 10: michehh5 ($117.39 in chips)
michehh5: posts small blind $1
balrog25: posts big blind $3
*** HOLE CARDS ***
michehh5: raises $3 to $6
balrog25: calls $3
*** FLOP *** [6c Td Jc]
balrog25: checks
michehh5: bets $3
balrog25: calls $3
*** TURN *** [6c Td Jc] [8s]
balrog25: checks
michehh5: bets $6
balrog25: calls $6
*** RIVER *** [6c Td Jc 8s] [3s]
balrog25: checks
michehh5: bets $6
balrog25: calls $6
*** SHOW DOWN ***
michehh5: shows [Qd Ac] (high card Ace)
balrog25: shows [7c 6d] (a pair of Sixes)
balrog25 collected $41.50 from pot
*** SUMMARY ***
Total pot $42 | Rake $0.50
Board [6c Td Jc 8s 3s]
Seat 1: balrog25 (big blind) showed [7c 6d] and won ($41.50) with a pair of Sixes
Seat 10: michehh5 (button) (small blind) showed [Qd Ac] and lost with high card Ace


PokerStars Hand #159233395774:  Hold'em Limit ($3/$6 USD) - 2016/09/29 0:58:37 ET
Table 'Aristaeus' 10-max Seat #1 is the button
Seat 1: balrog25 ($117.26 in chips)
Seat 10: michehh5 ($96.39 in chips)
balrog25: posts small blind $1
michehh5: posts big blind $3
*** HOLE CARDS ***
balrog25: raises $3 to $6
michehh5: calls $3
*** FLOP *** [3s Th 7h]
michehh5: bets $3
balrog25: calls $3
*** TURN *** [3s Th 7h] [6h]
michehh5: bets $6
balrog25: calls $6
*** RIVER *** [3s Th 7h 6h] [Kc]
michehh5: bets $6
balrog25: calls $6
*** SHOW DOWN ***
michehh5: shows [Ac 5h] (high card Ace)
balrog25: shows [Td 8s] (a pair of Tens)
balrog25 collected $41.50 from pot
*** SUMMARY ***
Total pot $42 | Rake $0.50
Board [3s Th 7h 6h Kc]
Seat 1: balrog25 (button) (small blind) showed [Td 8s] and won ($41.50) with a pair of Tens
Seat 10: michehh5 (big blind) showed [Ac 5h] and lost with high card Ace


PokerStars Hand #159233406216:  Hold'em Limit ($3/$6 USD) - 2016/09/29 0:59:26 ET
Table 'Aristaeus' 10-max Seat #1 is the button
Seat 1: balrog25 ($138.76 in chips)
Seat 10: michehh5 ($74.39 in chips)
balrog25: posts small blind $1
michehh5: posts big blind $3
*** HOLE CARDS ***
balrog25: folds
Uncalled bet ($2) returned to michehh5
michehh5 collected $2 from pot
michehh5: doesn't show hand
*** SUMMARY ***
Total pot $2 | Rake $0
Seat 1: balrog25 (button) (small blind) folded before Flop
Seat 10: michehh5 (big blind) collected ($2)


PokerStars Hand #159233405119:  Hold'em Limit ($3/$6 USD) - 2016/09/29 0:59:21 ET
Table 'Aristaeus' 10-max Seat #10 is the button
Seat 1: balrog25 ($137.76 in chips)
Seat 10: michehh5 ($75.39 in chips)
michehh5: posts small blind $1
balrog25: posts big blind $3
*** HOLE CARDS ***
michehh5: folds
Uncalled bet ($2) returned to balrog25
balrog25 collected $2 from pot
balrog25: doesn't show hand
*** SUMMARY ***
Total pot $2 | Rake $0
Seat 1: balrog25 (big blind) collected ($2)
Seat 10: michehh5 (button) (small blind) folded before Flop


PokerStars Hand #159233419543:  Hold'em Limit ($3/$6 USD) - 2016/09/29 1:00:29 ET
Table 'Aristaeus' 10-max Seat #10 is the button
Seat 1: balrog25 ($128.40 in chips)
Seat 10: michehh5 ($83.89 in chips)
michehh5: posts small blind $1
balrog25: posts big blind $3
*** HOLE CARDS ***
michehh5: folds
Uncalled bet ($2) returned to balrog25
balrog25 collected $2 from pot
balrog25: doesn't show hand
*** SUMMARY ***
Total pot $2 | Rake $0
Seat 1: balrog25 (big blind) collected ($2)
Seat 10: michehh5 (button) (small blind) folded before Flop


PokerStars Hand #159233414627:  Hold'em Limit ($3/$6 USD) - 2016/09/29 1:00:06 ET
Table 'Aristaeus' 10-max Seat #1 is the button
Seat 1: balrog25 ($119.76 in chips)
Seat 10: michehh5 ($92.89 in chips)
balrog25: posts small blind $1
michehh5: posts big blind $3
*** HOLE CARDS ***
balrog25: raises $3 to $6
michehh5: calls $3
*** FLOP *** [7s 4h Jd]
michehh5: checks
balrog25: bets $3
michehh5: calls $3
*** TURN *** [7s 4h Jd] [3c]
michehh5: checks
balrog25: bets $6
michehh5: folds
Uncalled bet ($6) returned to balrog25
balrog25 collected $17.64 from pot
balrog25: doesn't show hand
*** SUMMARY ***
Total pot $18 | Rake $0.36
Board [7s 4h Jd 3c]
Seat 1: balrog25 (button) (small blind) collected ($17.64)
Seat 10: michehh5 (big blind) folded on the Turn


PokerStars Hand #159233407667:  Hold'em Limit ($3/$6 USD) - 2016/09/29 0:59:33 ET
Table 'Aristaeus' 10-max Seat #10 is the button
Seat 1: balrog25 ($137.76 in chips)
Seat 10: michehh5 ($75.39 in chips)
michehh5: posts small blind $1
balrog25: posts big blind $3
*** HOLE CARDS ***
michehh5: calls $2
balrog25: checks
*** FLOP *** [4s 9s Qd]
balrog25: bets $3
michehh5: calls $3
*** TURN *** [4s 9s Qd] [2c]
balrog25: checks
michehh5: bets $6
balrog25: calls $6
*** RIVER *** [4s 9s Qd 2c] [Td]
balrog25: checks
michehh5: bets $6
balrog25: calls $6
*** SHOW DOWN ***
michehh5: shows [Qs 9c] (two pair, Queens and Nines)
balrog25: mucks hand
michehh5 collected $35.50 from pot
*** SUMMARY ***
Total pot $36 | Rake $0.50
Board [4s 9s Qd 2c Td]
Seat 1: balrog25 (big blind) mucked
Seat 10: michehh5 (button) (small blind) showed [Qs 9c] and won ($35.50) with two pair, Queens and Nines


PokerStars Hand #159233427502:  Hold'em Limit ($3/$6 USD) - 2016/09/29 1:01:05 ET
Table 'Aristaeus' 10-max Seat #1 is the button
Seat 1: balrog25 ($115.40 in chips)
Seat 10: michehh5 ($96.39 in chips)
balrog25: posts small blind $1
michehh5: posts big blind $3
*** HOLE CARDS ***
balrog25: raises $3 to $6
snatchey88 joins the table at seat #5
michehh5: calls $3
*** FLOP *** [6d 5d 3s]
michehh5: checks
balrog25: bets $3
michehh5: calls $3
*** TURN *** [6d 5d 3s] [Ah]
michehh5: checks
balrog25: bets $6
michehh5: calls $6
*** RIVER *** [6d 5d 3s Ah] [5s]
michehh5: bets $6
balrog25: raises $6 to $12
michehh5: calls $6
*** SHOW DOWN ***
balrog25: shows [2d 4d] (a straight, Deuce to Six)
michehh5: mucks hand
balrog25 collected $53.50 from pot
*** SUMMARY ***
Total pot $54 | Rake $0.50
Board [6d 5d 3s Ah 5s]
Seat 1: balrog25 (button) (small blind) showed [2d 4d] and won ($53.50) with a straight, Deuce to Six
Seat 10: michehh5 (big blind) mucked


PokerStars Hand #159233426330:  Hold'em Limit ($3/$6 USD) - 2016/09/29 1:01:00 ET
Table 'Aristaeus' 10-max Seat #10 is the button
Seat 1: balrog25 ($114.40 in chips)
Seat 10: michehh5 ($97.39 in chips)
michehh5: posts small blind $1
balrog25: posts big blind $3
*** HOLE CARDS ***
michehh5: folds
Uncalled bet ($2) returned to balrog25
balrog25 collected $2 from pot
balrog25: doesn't show hand
*** SUMMARY ***
Total pot $2 | Rake $0
Seat 1: balrog25 (big blind) collected ($2)
Seat 10: michehh5 (button) (small blind) folded before Flop


PokerStars Hand #159233420718:  Hold'em Limit ($3/$6 USD) - 2016/09/29 1:00:34 ET
Table 'Aristaeus' 10-max Seat #1 is the button
Seat 1: balrog25 ($129.40 in chips)
Seat 10: michehh5 ($82.89 in chips)
balrog25: posts small blind $1
michehh5: posts big blind $3
*** HOLE CARDS ***
balrog25: raises $3 to $6
michehh5: calls $3
*** FLOP *** [5h Jd 3h]
michehh5: checks
balrog25: bets $3
michehh5: calls $3
*** TURN *** [5h Jd 3h] [Qs]
michehh5: checks
balrog25: checks
*** RIVER *** [5h Jd 3h Qs] [8s]
michehh5: bets $6
balrog25: calls $6
*** SHOW DOWN ***
michehh5: shows [3c Td] (a pair of Threes)
balrog25: mucks hand
michehh5 collected $29.50 from pot
*** SUMMARY ***
Total pot $30 | Rake $0.50
Board [5h Jd 3h Qs 8s]
Seat 1: balrog25 (button) (small blind) mucked
Seat 10: michehh5 (big blind) showed [3c Td] and won ($29.50) with a pair of Threes


PokerStars Hand #159233434447:  Hold'em Limit ($3/$6 USD) - 2016/09/29 1:01:35 ET
Table 'Aristaeus' 10-max Seat #10 is the button
Seat 1: balrog25 ($141.90 in chips)
Seat 10: michehh5 ($69.39 in chips)
michehh5: posts small blind $1
balrog25: posts big blind $3
*** HOLE CARDS ***
michehh5: raises $3 to $6
balrog25: calls $3
*** FLOP *** [5s 9d 2c]
balrog25: checks
michehh5: bets $3
balrog25: calls $3
*** TURN *** [5s 9d 2c] [3h]
balrog25: checks
michehh5: checks
*** RIVER *** [5s 9d 2c 3h] [4d]
balrog25: checks
michehh5: bets $6
balrog25: calls $6
*** SHOW DOWN ***
michehh5: shows [Jd Td] (high card Jack)
balrog25: shows [Ks 5d] (a pair of Fives)
balrog25 collected $29.50 from pot
*** SUMMARY ***
Total pot $30 | Rake $0.50
Board [5s 9d 2c 3h 4d]
Seat 1: balrog25 (big blind) showed [Ks 5d] and won ($29.50) with a pair of Fives
Seat 10: michehh5 (button) (small blind) showed [Jd Td] and lost with high card Jack


PokerStars Hand #159233498692:  Hold'em Limit ($3/$6 USD) - 2016/09/29 1:06:11 ET
Table 'Aristaeus' 10-max Seat #10 is the button
Seat 5: snatchey88 ($360.13 in chips)
Seat 10: michehh5 ($28.50 in chips)
michehh5: posts small blind $1
snatchey88: posts big blind $3
*** HOLE CARDS ***
michehh5: folds
Uncalled bet ($2) returned to snatchey88
snatchey88 collected $2 from pot
snatchey88: doesn't show hand
*** SUMMARY ***
Total pot $2 | Rake $0
Seat 5: snatchey88 (big blind) collected ($2)
Seat 10: michehh5 (button) (small blind) folded before Flop


PokerStars Hand #159233497505:  Hold'em Limit ($3/$6 USD) - 2016/09/29 1:06:06 ET
Table 'Aristaeus' 10-max Seat #5 is the button
Seat 5: snatchey88 ($361.13 in chips)
Seat 10: michehh5 ($27.50 in chips)
snatchey88: posts small blind $1
michehh5: posts big blind $3
*** HOLE CARDS ***
snatchey88: folds
Uncalled bet ($2) returned to michehh5
michehh5 collected $2 from pot
michehh5: doesn't show hand
*** SUMMARY ***
Total pot $2 | Rake $0
Seat 5: snatchey88 (button) (small blind) folded before Flop
Seat 10: michehh5 (big blind) collected ($2)


PokerStars Hand #159233495624:  Hold'em Limit ($3/$6 USD) - 2016/09/29 1:05:58 ET
Table 'Aristaeus' 10-max Seat #10 is the button
Seat 5: snatchey88 ($360.13 in chips)
Seat 10: michehh5 ($28.50 in chips)
michehh5: posts small blind $1
balrog25: is sitting out
balrog25 leaves the table
snatchey88: posts big blind $3
*** HOLE CARDS ***
michehh5: folds
Uncalled bet ($2) returned to snatchey88
snatchey88 collected $2 from pot
snatchey88: doesn't show hand
*** SUMMARY ***
Total pot $2 | Rake $0
Seat 5: snatchey88 (big blind) collected ($2)
Seat 10: michehh5 (button) (small blind) folded before Flop


PokerStars Hand #159233512596:  Hold'em Limit ($3/$6 USD) - 2016/09/29 1:07:10 ET
Table 'Aristaeus' 10-max Seat #10 is the button
Seat 5: snatchey88 ($324.13 in chips)
Seat 10: michehh5 ($63.50 in chips)
michehh5: posts small blind $1
snatchey88: posts big blind $3
*** HOLE CARDS ***
michehh5: calls $2
snatchey88: checks
*** FLOP *** [5h 8c Qs]
snatchey88: checks
michehh5: checks
*** TURN *** [5h 8c Qs] [6c]
snatchey88: checks
michehh5: bets $6
snatchey88: calls $6
*** RIVER *** [5h 8c Qs 6c] [Ks]
snatchey88: checks
michehh5: bets $6
snatchey88: folds
Uncalled bet ($6) returned to michehh5
michehh5 collected $17.64 from pot
michehh5: doesn't show hand
*** SUMMARY ***
Total pot $18 | Rake $0.36
Board [5h 8c Qs 6c Ks]
Seat 5: snatchey88 (big blind) folded on the River
Seat 10: michehh5 (button) (small blind) collected ($17.64)


PokerStars Hand #159233511475:  Hold'em Limit ($3/$6 USD) - 2016/09/29 1:07:05 ET
Table 'Aristaeus' 10-max Seat #5 is the button
Seat 5: snatchey88 ($325.13 in chips)
Seat 10: michehh5 ($62.50 in chips)
snatchey88: posts small blind $1
michehh5: posts big blind $3
*** HOLE CARDS ***
snatchey88: folds
Uncalled bet ($2) returned to michehh5
michehh5 collected $2 from pot
michehh5: doesn't show hand
*** SUMMARY ***
Total pot $2 | Rake $0
Seat 5: snatchey88 (button) (small blind) folded before Flop
Seat 10: michehh5 (big blind) collected ($2)


PokerStars Hand #159233500946:  Hold'em Limit ($3/$6 USD) - 2016/09/29 1:06:21 ET
Table 'Aristaeus' 10-max Seat #5 is the button
Seat 5: snatchey88 ($361.13 in chips)
Seat 10: michehh5 ($27.50 in chips)
snatchey88: posts small blind $1
michehh5: posts big blind $3
*** HOLE CARDS ***
snatchey88: calls $2
michehh5: checks
*** FLOP *** [Tc Ad Ac]
michehh5: checks
snatchey88: checks
*** TURN *** [Tc Ad Ac] [Th]
michehh5: bets $6
snatchey88: calls $6
*** RIVER *** [Tc Ad Ac Th] [Jd]
michehh5: bets $6
snatchey88: calls $6
*** SHOW DOWN ***
michehh5: shows [6c Td] (a full house, Tens full of Aces)
snatchey88: mucks hand
michehh5 collected $29.50 from pot
*** SUMMARY ***
Total pot $30 | Rake $0.50
Board [Tc Ad Ac Th Jd]
Seat 5: snatchey88 (button) (small blind) mucked
Seat 10: michehh5 (big blind) showed [6c Td] and won ($29.50) with a full house, Tens full of Aces


PokerStars Hand #159233505978:  Hold'em Limit ($3/$6 USD) - 2016/09/29 1:06:42 ET
Table 'Aristaeus' 10-max Seat #10 is the button
Seat 5: snatchey88 ($346.13 in chips)
Seat 10: michehh5 ($42 in chips)
michehh5: posts small blind $1
snatchey88: posts big blind $3
*** HOLE CARDS ***
michehh5: raises $3 to $6
snatchey88: calls $3
*** FLOP *** [Js 7s 8h]
snatchey88: checks
michehh5: bets $3
snatchey88: calls $3
*** TURN *** [Js 7s 8h] [Ts]
snatchey88: checks
michehh5: bets $6
snatchey88: calls $6
*** RIVER *** [Js 7s 8h Ts] [8s]
snatchey88: checks
michehh5: bets $6
snatchey88: calls $6
*** SHOW DOWN ***
michehh5: shows [9c 9s] (a straight flush, Seven to Jack)
snatchey88: mucks hand
michehh5 collected $41.50 from pot
*** SUMMARY ***
Total pot $42 | Rake $0.50
Board [Js 7s 8h Ts 8s]
Seat 5: snatchey88 (big blind) mucked
Seat 10: michehh5 (button) (small blind) showed [9c 9s] and won ($41.50) with a straight flush, Seven to Jack


PokerStars Hand #159233517356:  Hold'em Limit ($3/$6 USD) - 2016/09/29 1:07:29 ET
Table 'Aristaeus' 10-max Seat #5 is the button
Seat 5: snatchey88 ($315.13 in chips)
Seat 10: michehh5 ($72.14 in chips)
snatchey88: posts small blind $1
michehh5: posts big blind $3
*** HOLE CARDS ***
snatchey88: raises $3 to $6
michehh5: calls $3
*** FLOP *** [7s Kc 8s]
michehh5: checks
snatchey88: checks
*** TURN *** [7s Kc 8s] [5c]
michehh5: checks
snatchey88: checks
*** RIVER *** [7s Kc 8s 5c] [Tc]
michehh5: bets $6
snatchey88: calls $6
*** SHOW DOWN ***
michehh5: shows [2h As] (high card Ace)
snatchey88: shows [Ad Ts] (a pair of Tens)
snatchey88 collected $23.52 from pot
*** SUMMARY ***
Total pot $24 | Rake $0.48
Board [7s Kc 8s 5c Tc]
Seat 5: snatchey88 (button) (small blind) showed [Ad Ts] and won ($23.52) with a pair of Tens
Seat 10: michehh5 (big blind) showed [2h As] and lost with high card Ace


PokerStars Hand #159233524307:  Hold'em Limit ($3/$6 USD) - 2016/09/29 1:07:59 ET
Table 'Aristaeus' 10-max Seat #5 is the button
Seat 5: snatchey88 ($327.65 in chips)
Seat 10: michehh5 ($59.14 in chips)
snatchey88: posts small blind $1
michehh5: posts big blind $3
*** HOLE CARDS ***
snatchey88: folds
Uncalled bet ($2) returned to michehh5
michehh5 collected $2 from pot
michehh5: doesn't show hand
*** SUMMARY ***
Total pot $2 | Rake $0
Seat 5: snatchey88 (button) (small blind) folded before Flop
Seat 10: michehh5 (big blind) collected ($2)


PokerStars Hand #159233522976:  Hold'em Limit ($3/$6 USD) - 2016/09/29 1:07:53 ET
Table 'Aristaeus' 10-max Seat #10 is the button
Seat 5: snatchey88 ($326.65 in chips)
Seat 10: michehh5 ($60.14 in chips)
michehh5: posts small blind $1
snatchey88: posts big blind $3
*** HOLE CARDS ***
Agrotait joins the table at seat #1
michehh5: folds
Uncalled bet ($2) returned to snatchey88
snatchey88 collected $2 from pot
snatchey88: doesn't show hand
*** SUMMARY ***
Total pot $2 | Rake $0
Seat 5: snatchey88 (big blind) collected ($2)
Seat 10: michehh5 (button) (small blind) folded before Flop


