PokerStars Hand #176171754043:  Hold'em Limit ($3/$6 USD) - 2017/09/26 22:09:19 ET
Table 'Aristaeus' 6-max Seat #5 is the button
Seat 3: maksikavs ($229.76 in chips)
Seat 5: F1l1p3 ($397.46 in chips)
F1l1p3: posts small blind $1
maksikavs: posts big blind $3
*** HOLE CARDS ***
F1l1p3: raises $3 to $6
maksikavs: calls $3
*** FLOP *** [8h 3h 6d]
maksikavs: checks
F1l1p3: bets $3
maksikavs: calls $3
*** TURN *** [8h 3h 6d] [7c]
maksikavs: checks
F1l1p3: bets $6
maksikavs: raises $6 to $12
F1l1p3: calls $6
*** RIVER *** [8h 3h 6d 7c] [3c]
maksikavs: bets $6
F1l1p3: folds
Uncalled bet ($6) returned to maksikavs
maksikavs collected $41.50 from pot
*** SUMMARY ***
Total pot $42 | Rake $0.50
Board [8h 3h 6d 7c 3c]
Seat 3: maksikavs (big blind) collected ($41.50)
Seat 5: F1l1p3 (button) (small blind) folded on the River


PokerStars Hand #176171750144:  Hold'em Limit ($3/$6 USD) - 2017/09/26 22:09:08 ET
Table 'Aristaeus' 6-max Seat #3 is the button
Seat 3: maksikavs ($226.76 in chips)
Seat 5: F1l1p3 ($400.46 in chips)
mistere3 will be allowed to play after the button
maksikavs: posts small blind $1
F1l1p3: posts big blind $3
*** HOLE CARDS ***
maksikavs: raises $3 to $6
mistere3 leaves the table
SonneUndMond leaves the table
F1l1p3: folds
Uncalled bet ($3) returned to maksikavs
maksikavs collected $6 from pot
*** SUMMARY ***
Total pot $6 | Rake $0
Seat 3: maksikavs (button) (small blind) collected ($6)
Seat 5: F1l1p3 (big blind) folded before Flop


PokerStars Hand #176171766044:  Hold'em Limit ($3/$6 USD) - 2017/09/26 22:09:54 ET
Table 'Aristaeus' 6-max Seat #3 is the button
Seat 3: maksikavs ($250.26 in chips)
Seat 5: F1l1p3 ($376.46 in chips)
maksikavs: posts small blind $1
F1l1p3: posts big blind $3
*** HOLE CARDS ***
maksikavs: raises $3 to $6
F1l1p3: folds
Uncalled bet ($3) returned to maksikavs
maksikavs collected $6 from pot
*** SUMMARY ***
Total pot $6 | Rake $0
Seat 3: maksikavs (button) (small blind) collected ($6)
Seat 5: F1l1p3 (big blind) folded before Flop


PokerStars Hand #176171769145:  Hold'em Limit ($3/$6 USD) - 2017/09/26 22:10:03 ET
Table 'Aristaeus' 6-max Seat #5 is the button
Seat 3: maksikavs ($253.26 in chips)
Seat 5: F1l1p3 ($373.46 in chips)
F1l1p3: posts small blind $1
maksikavs: posts big blind $3
*** HOLE CARDS ***
LouisB joins the table at seat #4
F1l1p3: calls $2
maksikavs: checks
*** FLOP *** [Qh 6h 5s]
maksikavs: bets $3
F1l1p3: calls $3
*** TURN *** [Qh 6h 5s] [Ad]
maksikavs: bets $6
F1l1p3: folds
Uncalled bet ($6) returned to maksikavs
maksikavs collected $11.76 from pot
*** SUMMARY ***
Total pot $12 | Rake $0.24
Board [Qh 6h 5s Ad]
Seat 3: maksikavs (big blind) collected ($11.76)
Seat 5: F1l1p3 (button) (small blind) folded on the Turn


PokerStars Hand #176171785650:  Hold'em Limit ($3/$6 USD) - 2017/09/26 22:10:34 ET
Table 'Aristaeus' 6-max Seat #3 is the button
Seat 3: maksikavs ($259.02 in chips)
Seat 4: LouisB ($120 in chips)
maksikavs: posts small blind $1
LouisB: posts big blind $3
*** HOLE CARDS ***
maksikavs: raises $3 to $6
LouisB: calls $3
*** FLOP *** [9d Js 5c]
F1l1p3 leaves the table
LouisB: checks
maksikavs: bets $3
LouisB: folds
Uncalled bet ($3) returned to maksikavs
maksikavs collected $11.76 from pot
*** SUMMARY ***
Total pot $12 | Rake $0.24
Board [9d Js 5c]
Seat 3: maksikavs (button) (small blind) collected ($11.76)
Seat 4: LouisB (big blind) folded on the Flop


PokerStars Hand #176171788536:  Hold'em Limit ($3/$6 USD) - 2017/09/26 22:10:42 ET
Table 'Aristaeus' 6-max Seat #4 is the button
Seat 3: maksikavs ($264.78 in chips)
Seat 4: LouisB ($114 in chips)
LouisB: posts small blind $1
maksikavs: posts big blind $3
*** HOLE CARDS ***
LouisB: raises $3 to $6
maksikavs: calls $3
*** FLOP *** [9d Kc 4h]
maksikavs: checks
LouisB: bets $3
maksikavs: folds
Uncalled bet ($3) returned to LouisB
LouisB collected $11.76 from pot
LouisB: doesn't show hand
*** SUMMARY ***
Total pot $12 | Rake $0.24
Board [9d Kc 4h]
Seat 3: maksikavs (big blind) folded on the Flop
Seat 4: LouisB (button) (small blind) collected ($11.76)


PokerStars Hand #176171792061:  Hold'em Limit ($3/$6 USD) - 2017/09/26 22:10:53 ET
Table 'Aristaeus' 6-max Seat #3 is the button
Seat 3: maksikavs ($258.78 in chips)
Seat 4: LouisB ($119.76 in chips)
maksikavs: posts small blind $1
LouisB: posts big blind $3
*** HOLE CARDS ***
maksikavs: raises $3 to $6
LouisB: calls $3
*** FLOP *** [8d 6d Qh]
LouisB: checks
maksikavs: bets $3
LouisB: calls $3
*** TURN *** [8d 6d Qh] [3h]
LouisB: checks
maksikavs: bets $6
LouisB: calls $6
*** RIVER *** [8d 6d Qh 3h] [3d]
LouisB: checks
maksikavs: checks
*** SHOW DOWN ***
LouisB: shows [Jc 6s] (two pair, Sixes and Threes)
maksikavs: mucks hand
LouisB collected $29.50 from pot
*** SUMMARY ***
Total pot $30 | Rake $0.50
Board [8d 6d Qh 3h 3d]
Seat 3: maksikavs (button) (small blind) mucked
Seat 4: LouisB (big blind) showed [Jc 6s] and won ($29.50) with two pair, Sixes and Threes


PokerStars Hand #176171808369:  Hold'em Limit ($3/$6 USD) - 2017/09/26 22:11:41 ET
Table 'Aristaeus' 6-max Seat #3 is the button
Seat 3: maksikavs ($244.78 in chips)
Seat 4: LouisB ($133.26 in chips)
maksikavs: posts small blind $1
LouisB: posts big blind $3
*** HOLE CARDS ***
maksikavs: raises $3 to $6
LouisB: calls $3
*** FLOP *** [9s 6c Td]
LouisB: checks
maksikavs: checks
*** TURN *** [9s 6c Td] [Qc]
LouisB: bets $6
maksikavs: raises $6 to $12
LouisB: calls $6
*** RIVER *** [9s 6c Td Qc] [5c]
LouisB: checks
maksikavs: bets $6
LouisB: calls $6
*** SHOW DOWN ***
maksikavs: shows [Ks 7d] (high card King)
LouisB: shows [4h Qs] (a pair of Queens)
LouisB collected $47.50 from pot
*** SUMMARY ***
Total pot $48 | Rake $0.50
Board [9s 6c Td Qc 5c]
Seat 3: maksikavs (button) (small blind) showed [Ks 7d] and lost with high card King
Seat 4: LouisB (big blind) showed [4h Qs] and won ($47.50) with a pair of Queens


PokerStars Hand #176171806822:  Hold'em Limit ($3/$6 USD) - 2017/09/26 22:11:36 ET
Table 'Aristaeus' 6-max Seat #4 is the button
Seat 3: maksikavs ($243.78 in chips)
Seat 4: LouisB ($134.26 in chips)
LouisB: posts small blind $1
maksikavs: posts big blind $3
*** HOLE CARDS ***
Scheubi88 joins the table at seat #5
LouisB: folds
Uncalled bet ($2) returned to maksikavs
maksikavs collected $2 from pot
*** SUMMARY ***
Total pot $2 | Rake $0
Seat 3: maksikavs (big blind) collected ($2)
Seat 4: LouisB (button) (small blind) folded before Flop


PokerStars Hand #176171863850:  Hold'em Limit ($3/$6 USD) - 2017/09/26 22:14:25 ET
Table 'Aristaeus' 6-max Seat #5 is the button
Seat 3: maksikavs ($201.85 in chips)
Seat 5: Scheubi88 ($82.43 in chips)
Scheubi88: posts small blind $1
maksikavs: posts big blind $3
*** HOLE CARDS ***
Scheubi88: raises $3 to $6
maksikavs: raises $3 to $9
Scheubi88: calls $3
*** FLOP *** [Kh Kd 9s]
maksikavs: bets $3
Scheubi88: calls $3
*** TURN *** [Kh Kd 9s] [5s]
maksikavs: bets $6
Scheubi88: folds
Uncalled bet ($6) returned to maksikavs
maksikavs collected $23.52 from pot
*** SUMMARY ***
Total pot $24 | Rake $0.48
Board [Kh Kd 9s 5s]
Seat 3: maksikavs (big blind) collected ($23.52)
Seat 5: Scheubi88 (button) (small blind) folded on the Turn


PokerStars Hand #176171858052:  Hold'em Limit ($3/$6 USD) - 2017/09/26 22:14:08 ET
Table 'Aristaeus' 6-max Seat #3 is the button
Seat 3: maksikavs ($184.35 in chips)
Seat 5: Scheubi88 ($100.43 in chips)
maksikavs: posts small blind $1
LouisB: is sitting out
Scheubi88: posts big blind $3
*** HOLE CARDS ***
maksikavs: raises $3 to $6
Scheubi88: calls $3
*** FLOP *** [Kc Ah 3s]
Scheubi88: checks
maksikavs: bets $3
Scheubi88: raises $3 to $6
maksikavs: calls $3
*** TURN *** [Kc Ah 3s] [6d]
Scheubi88: bets $6
maksikavs: calls $6
*** RIVER *** [Kc Ah 3s 6d] [4c]
Scheubi88: checks
maksikavs: bets $6
Scheubi88: folds
Uncalled bet ($6) returned to maksikavs
maksikavs collected $35.50 from pot
*** SUMMARY ***
Total pot $36 | Rake $0.50
Board [Kc Ah 3s 6d 4c]
Seat 3: maksikavs (button) (small blind) collected ($35.50)
Seat 5: Scheubi88 (big blind) folded on the River


PokerStars Hand #176171867281:  Hold'em Limit ($3/$6 USD) - 2017/09/26 22:14:35 ET
Table 'Aristaeus' 6-max Seat #3 is the button
Seat 3: maksikavs ($213.37 in chips)
Seat 5: Scheubi88 ($70.43 in chips)
maksikavs: posts small blind $1
Scheubi88: posts big blind $3
*** HOLE CARDS ***
maksikavs: raises $3 to $6
Scheubi88: raises $3 to $9
maksikavs: raises $3 to $12
Betting is capped
Scheubi88: calls $3
*** FLOP *** [6s Kh Qh]
Scheubi88: checks
maksikavs: bets $3
Scheubi88: calls $3
*** TURN *** [6s Kh Qh] [3s]
Scheubi88: checks
maksikavs: bets $6
Scheubi88: calls $6
*** RIVER *** [6s Kh Qh 3s] [Jc]
Scheubi88: checks
maksikavs: bets $6
Scheubi88: raises $6 to $12
maksikavs: raises $6 to $18
Scheubi88: raises $6 to $24
Betting is capped
maksikavs: calls $6
*** SHOW DOWN ***
Scheubi88: shows [Ad Tc] (a straight, Ten to Ace)
maksikavs: mucks hand
Scheubi88 collected $89.50 from pot
*** SUMMARY ***
Total pot $90 | Rake $0.50
Board [6s Kh Qh 3s Jc]
Seat 3: maksikavs (button) (small blind) mucked
Seat 5: Scheubi88 (big blind) showed [Ad Tc] and won ($89.50) with a straight, Ten to Ace


PokerStars Hand #176171888563:  Hold'em Limit ($3/$6 USD) - 2017/09/26 22:15:38 ET
Table 'Aristaeus' 6-max Seat #5 is the button
Seat 3: maksikavs ($191.27 in chips)
Seat 5: Scheubi88 ($90.57 in chips)
Scheubi88: posts small blind $1
maksikavs: posts big blind $3
*** HOLE CARDS ***
Scheubi88: folds
Uncalled bet ($2) returned to maksikavs
maksikavs collected $2 from pot
*** SUMMARY ***
Total pot $2 | Rake $0
Seat 3: maksikavs (big blind) collected ($2)
Seat 5: Scheubi88 (button) (small blind) folded before Flop


PokerStars Hand #176171879421:  Hold'em Limit ($3/$6 USD) - 2017/09/26 22:15:11 ET
Table 'Aristaeus' 6-max Seat #5 is the button
Seat 3: maksikavs ($182.77 in chips)
Seat 5: Scheubi88 ($99.93 in chips)
Scheubi88: posts small blind $1
maksikavs: posts big blind $3
*** HOLE CARDS ***
Scheubi88: raises $3 to $6
maksikavs: raises $3 to $9
Scheubi88: calls $3
*** FLOP *** [5h 4h 6d]
maksikavs: bets $3
Scheubi88: calls $3
*** TURN *** [5h 4h 6d] [2c]
maksikavs: bets $6
Scheubi88: calls $6
*** RIVER *** [5h 4h 6d 2c] [Qd]
maksikavs: bets $6
Scheubi88: folds
Uncalled bet ($6) returned to maksikavs
maksikavs collected $35.50 from pot
*** SUMMARY ***
Total pot $36 | Rake $0.50
Board [5h 4h 6d 2c Qd]
Seat 3: maksikavs (big blind) collected ($35.50)
Seat 5: Scheubi88 (button) (small blind) folded on the River


PokerStars Hand #176171873633:  Hold'em Limit ($3/$6 USD) - 2017/09/26 22:14:54 ET
Table 'Aristaeus' 6-max Seat #5 is the button
Seat 3: maksikavs ($168.37 in chips)
Seat 5: Scheubi88 ($114.93 in chips)
Scheubi88: posts small blind $1
maksikavs: posts big blind $3
*** HOLE CARDS ***
Scheubi88: raises $3 to $6
maksikavs: raises $3 to $9
Scheubi88: calls $3
*** FLOP *** [8h 6s Ks]
maksikavs: bets $3
Scheubi88: folds
Uncalled bet ($3) returned to maksikavs
maksikavs collected $17.64 from pot
*** SUMMARY ***
Total pot $18 | Rake $0.36
Board [8h 6s Ks]
Seat 3: maksikavs (big blind) collected ($17.64)
Seat 5: Scheubi88 (button) (small blind) folded on the Flop


PokerStars Hand #176171876566:  Hold'em Limit ($3/$6 USD) - 2017/09/26 22:15:03 ET
Table 'Aristaeus' 6-max Seat #3 is the button
Seat 3: maksikavs ($177.01 in chips)
Seat 5: Scheubi88 ($105.93 in chips)
maksikavs: posts small blind $1
Scheubi88: posts big blind $3
*** HOLE CARDS ***
maksikavs: raises $3 to $6
Scheubi88: calls $3
*** FLOP *** [Tc Th Jc]
Scheubi88: checks
maksikavs: bets $3
Scheubi88: folds
Uncalled bet ($3) returned to maksikavs
maksikavs collected $11.76 from pot
*** SUMMARY ***
Total pot $12 | Rake $0.24
Board [Tc Th Jc]
Seat 3: maksikavs (button) (small blind) collected ($11.76)
Seat 5: Scheubi88 (big blind) folded on the Flop


PokerStars Hand #176171912099:  Hold'em Limit ($3/$6 USD) - 2017/09/26 22:16:48 ET
Table 'Aristaeus' 6-max Seat #5 is the button
Seat 3: maksikavs ($277.53 in chips)
Seat 5: Scheubi88 ($62.07 in chips)
Scheubi88: posts small blind $1
maksikavs: posts big blind $3
*** HOLE CARDS ***
Scheubi88: raises $3 to $6
maksikavs: calls $3
*** FLOP *** [9d Ks 9c]
maksikavs: checks
Scheubi88: bets $3
maksikavs: folds
Uncalled bet ($3) returned to Scheubi88
Scheubi88 collected $11.76 from pot
Scheubi88: doesn't show hand
*** SUMMARY ***
Total pot $12 | Rake $0.24
Board [9d Ks 9c]
Seat 3: maksikavs (big blind) folded on the Flop
Seat 5: Scheubi88 (button) (small blind) collected ($11.76)


PokerStars Hand #176171909311:  Hold'em Limit ($3/$6 USD) - 2017/09/26 22:16:40 ET
Table 'Aristaeus' 6-max Seat #3 is the button
Seat 3: maksikavs ($271.77 in chips)
Seat 5: Scheubi88 ($68.07 in chips)
maksikavs: posts small blind $1
Scheubi88: posts big blind $3
*** HOLE CARDS ***
maksikavs: raises $3 to $6
Scheubi88: calls $3
*** FLOP *** [Tc 5d 2d]
Scheubi88: checks
maksikavs: bets $3
Scheubi88: folds
Uncalled bet ($3) returned to maksikavs
maksikavs collected $11.76 from pot
*** SUMMARY ***
Total pot $12 | Rake $0.24
Board [Tc 5d 2d]
Seat 3: maksikavs (button) (small blind) collected ($11.76)
Seat 5: Scheubi88 (big blind) folded on the Flop


PokerStars Hand #176171904165:  Hold'em Limit ($3/$6 USD) - 2017/09/26 22:16:25 ET
Table 'Aristaeus' 6-max Seat #5 is the button
Seat 3: maksikavs ($239.27 in chips)
Seat 5: Scheubi88 ($101.07 in chips)
Scheubi88: posts small blind $1
maksikavs: posts big blind $3
*** HOLE CARDS ***
Scheubi88: raises $3 to $6
maksikavs: raises $3 to $9
Scheubi88: calls $3
*** FLOP *** [3h 2h 8c]
maksikavs: bets $3
Scheubi88: raises $3 to $6
maksikavs: calls $3
*** TURN *** [3h 2h 8c] [9s]
maksikavs: checks
Scheubi88: bets $6
maksikavs: raises $6 to $12
Scheubi88: calls $6
*** RIVER *** [3h 2h 8c 9s] [Tc]
maksikavs: bets $6
Scheubi88: calls $6
*** SHOW DOWN ***
maksikavs: shows [9c 7c] (a pair of Nines)
Scheubi88: mucks hand
maksikavs collected $65.50 from pot
*** SUMMARY ***
Total pot $66 | Rake $0.50
Board [3h 2h 8c 9s Tc]
Seat 3: maksikavs (big blind) showed [9c 7c] and won ($65.50) with a pair of Nines
Seat 5: Scheubi88 (button) (small blind) mucked


PokerStars Hand #176171895924:  Hold'em Limit ($3/$6 USD) - 2017/09/26 22:16:00 ET
Table 'Aristaeus' 6-max Seat #5 is the button
Seat 3: maksikavs ($230.77 in chips)
Seat 5: Scheubi88 ($50.57 in chips)
Scheubi88: posts small blind $1
maksikavs: posts big blind $3
*** HOLE CARDS ***
Scheubi88: raises $3 to $6
maksikavs: raises $3 to $9
Scheubi88: calls $3
*** FLOP *** [Jc 3h 3s]
maksikavs: bets $3
Scheubi88: calls $3
*** TURN *** [Jc 3h 3s] [2c]
maksikavs: bets $6
Scheubi88: calls $6
*** RIVER *** [Jc 3h 3s 2c] [6h]
maksikavs: bets $6
Scheubi88: calls $6
*** SHOW DOWN ***
maksikavs: shows [8d Jd] (two pair, Jacks and Threes)
Scheubi88: mucks hand
maksikavs collected $47.50 from pot
*** SUMMARY ***
Total pot $48 | Rake $0.50
Board [Jc 3h 3s 2c 6h]
Seat 3: maksikavs (big blind) showed [8d Jd] and won ($47.50) with two pair, Jacks and Threes
Seat 5: Scheubi88 (button) (small blind) mucked


PokerStars Hand #176171900497:  Hold'em Limit ($3/$6 USD) - 2017/09/26 22:16:14 ET
Table 'Aristaeus' 6-max Seat #3 is the button
Seat 3: maksikavs ($254.27 in chips)
Seat 5: Scheubi88 ($86.57 in chips)
maksikavs: posts small blind $1
Scheubi88: posts big blind $3
*** HOLE CARDS ***
maksikavs: raises $3 to $6
Scheubi88: calls $3
*** FLOP *** [As 6s 8d]
Scheubi88: checks
maksikavs: bets $3
Scheubi88: calls $3
*** TURN *** [As 6s 8d] [Kh]
Scheubi88: checks
maksikavs: bets $6
Scheubi88: raises $6 to $12
maksikavs: folds
Uncalled bet ($6) returned to Scheubi88
Scheubi88 collected $29.50 from pot
Scheubi88: doesn't show hand
*** SUMMARY ***
Total pot $30 | Rake $0.50
Board [As 6s 8d Kh]
Seat 3: maksikavs (button) (small blind) folded on the Turn
Seat 5: Scheubi88 (big blind) collected ($29.50)


PokerStars Hand #176171890368:  Hold'em Limit ($3/$6 USD) - 2017/09/26 22:15:43 ET
Table 'Aristaeus' 6-max Seat #3 is the button
Seat 3: maksikavs ($192.27 in chips)
Seat 5: Scheubi88 ($89.57 in chips)
maksikavs: posts small blind $1
Scheubi88: posts big blind $3
*** HOLE CARDS ***
maksikavs: raises $3 to $6
Scheubi88: raises $3 to $9
maksikavs: raises $3 to $12
Betting is capped
Scheubi88: calls $3
*** FLOP *** [5h 8c 8s]
Scheubi88: checks
maksikavs: bets $3
Scheubi88: calls $3
*** TURN *** [5h 8c 8s] [3d]
Scheubi88: checks
maksikavs: bets $6
Scheubi88: calls $6
*** RIVER *** [5h 8c 8s 3d] [Qc]
Scheubi88: checks
maksikavs: bets $6
Scheubi88: raises $6 to $12
maksikavs: raises $6 to $18
Scheubi88: calls $6
*** SHOW DOWN ***
maksikavs: shows [Ks Kc] (two pair, Kings and Eights)
Scheubi88: mucks hand
maksikavs collected $77.50 from pot
*** SUMMARY ***
Total pot $78 | Rake $0.50
Board [5h 8c 8s 3d Qc]
Seat 3: maksikavs (button) (small blind) showed [Ks Kc] and won ($77.50) with two pair, Kings and Eights
Seat 5: Scheubi88 (big blind) mucked


PokerStars Hand #176171924376:  Hold'em Limit ($3/$6 USD) - 2017/09/26 22:17:25 ET
Table 'Aristaeus' 6-max Seat #3 is the button
Seat 3: maksikavs ($268.05 in chips)
Seat 5: Scheubi88 ($70.33 in chips)
maksikavs: posts small blind $1
Scheubi88: posts big blind $3
*** HOLE CARDS ***
maksikavs: raises $3 to $6
Scheubi88: calls $3
*** FLOP *** [Ts 7s Ac]
Scheubi88: checks
maksikavs: bets $3
Scheubi88: raises $3 to $6
maksikavs: calls $3
*** TURN *** [Ts 7s Ac] [9d]
Scheubi88: bets $6
maksikavs: calls $6
*** RIVER *** [Ts 7s Ac 9d] [8h]
Scheubi88: checks
maksikavs: bets $6
Scheubi88: calls $6
*** SHOW DOWN ***
maksikavs: shows [7c 6d] (a straight, Six to Ten)
Scheubi88: mucks hand
maksikavs collected $47.50 from pot
*** SUMMARY ***
Total pot $48 | Rake $0.50
Board [Ts 7s Ac 9d 8h]
Seat 3: maksikavs (button) (small blind) showed [7c 6d] and won ($47.50) with a straight, Six to Ten
Seat 5: Scheubi88 (big blind) mucked


PokerStars Hand #176171919449:  Hold'em Limit ($3/$6 USD) - 2017/09/26 22:17:10 ET
Table 'Aristaeus' 6-max Seat #5 is the button
Seat 3: maksikavs ($256.53 in chips)
Seat 5: Scheubi88 ($82.33 in chips)
Scheubi88: posts small blind $1
maksikavs: posts big blind $3
*** HOLE CARDS ***
Scheubi88: raises $3 to $6
maksikavs: calls $3
*** FLOP *** [Qs 5d 8h]
maksikavs: checks
Scheubi88: checks
*** TURN *** [Qs 5d 8h] [Ad]
maksikavs: bets $6
Scheubi88: calls $6
*** RIVER *** [Qs 5d 8h Ad] [7s]
maksikavs: bets $6
Scheubi88: folds
Uncalled bet ($6) returned to maksikavs
maksikavs collected $23.52 from pot
*** SUMMARY ***
Total pot $24 | Rake $0.48
Board [Qs 5d 8h Ad 7s]
Seat 3: maksikavs (big blind) collected ($23.52)
Seat 5: Scheubi88 (button) (small blind) folded on the River


PokerStars Hand #176171914810:  Hold'em Limit ($3/$6 USD) - 2017/09/26 22:16:56 ET
Table 'Aristaeus' 6-max Seat #3 is the button
Seat 3: maksikavs ($271.53 in chips)
Seat 5: Scheubi88 ($67.83 in chips)
maksikavs: posts small blind $1
Scheubi88: posts big blind $3
*** HOLE CARDS ***
maksikavs: raises $3 to $6
Scheubi88: calls $3
*** FLOP *** [4c 4h 7d]
Scheubi88: checks
maksikavs: bets $3
Scheubi88: calls $3
*** TURN *** [4c 4h 7d] [Tc]
Scheubi88: checks
maksikavs: bets $6
Scheubi88: calls $6
*** RIVER *** [4c 4h 7d Tc] [9d]
Scheubi88: checks
maksikavs: checks
*** SHOW DOWN ***
Scheubi88: shows [8c Kh] (a pair of Fours)
maksikavs: mucks hand
Scheubi88 collected $29.50 from pot
*** SUMMARY ***
Total pot $30 | Rake $0.50
Board [4c 4h 7d Tc 9d]
Seat 3: maksikavs (button) (small blind) mucked
Seat 5: Scheubi88 (big blind) showed [8c Kh] and won ($29.50) with a pair of Fours


PokerStars Hand #176171929924:  Hold'em Limit ($3/$6 USD) - 2017/09/26 22:17:41 ET
Table 'Aristaeus' 6-max Seat #5 is the button
Seat 3: maksikavs ($291.55 in chips)
Seat 5: Scheubi88 ($46.33 in chips)
Scheubi88: posts small blind $1
maksikavs: posts big blind $3
*** HOLE CARDS ***
Scheubi88: raises $3 to $6
maksikavs: raises $3 to $9
Scheubi88: calls $3
*** FLOP *** [Td 7c 2s]
maksikavs: bets $3
Scheubi88: calls $3
*** TURN *** [Td 7c 2s] [Jh]
maksikavs: bets $6
Scheubi88: folds
Uncalled bet ($6) returned to maksikavs
maksikavs collected $23.52 from pot
*** SUMMARY ***
Total pot $24 | Rake $0.48
Board [Td 7c 2s Jh]
Seat 3: maksikavs (big blind) collected ($23.52)
Seat 5: Scheubi88 (button) (small blind) folded on the Turn


PokerStars Hand #176171934591:  Hold'em Limit ($3/$6 USD) - 2017/09/26 22:17:55 ET
Table 'Aristaeus' 6-max Seat #3 is the button
Seat 3: maksikavs ($303.07 in chips)
Seat 5: Scheubi88 ($34.33 in chips)
maksikavs: posts small blind $1
Scheubi88: posts big blind $3
*** HOLE CARDS ***
maksikavs: raises $3 to $6
Scheubi88: raises $3 to $9
maksikavs: calls $3
*** FLOP *** [7d Ks 4d]
Scheubi88: bets $3
maksikavs: calls $3
*** TURN *** [7d Ks 4d] [8d]
Scheubi88: bets $6
maksikavs: calls $6
*** RIVER *** [7d Ks 4d 8d] [4h]
Scheubi88: bets $6
maksikavs: calls $6
*** SHOW DOWN ***
Scheubi88: shows [9d Kd] (a flush, King high)
maksikavs: mucks hand
Scheubi88 collected $47.50 from pot
*** SUMMARY ***
Total pot $48 | Rake $0.50
Board [7d Ks 4d 8d 4h]
Seat 3: maksikavs (button) (small blind) mucked
Seat 5: Scheubi88 (big blind) showed [9d Kd] and won ($47.50) with a flush, King high


PokerStars Hand #176171948821:  Hold'em Limit ($3/$6 USD) - 2017/09/26 22:18:37 ET
Table 'Aristaeus' 6-max Seat #5 is the button
Seat 3: maksikavs ($284.57 in chips)
Seat 5: Scheubi88 ($111.47 in chips)
Scheubi88: posts small blind $1
maksikavs: posts big blind $3
*** HOLE CARDS ***
Scheubi88: raises $3 to $6
maksikavs: calls $3
*** FLOP *** [5c Jh 7d]
maksikavs: checks
Scheubi88: bets $3
maksikavs: calls $3
*** TURN *** [5c Jh 7d] [4s]
maksikavs: checks
Scheubi88: bets $6
maksikavs: folds
Uncalled bet ($6) returned to Scheubi88
Scheubi88 collected $17.64 from pot
Scheubi88: doesn't show hand
*** SUMMARY ***
Total pot $18 | Rake $0.36
Board [5c Jh 7d 4s]
Seat 3: maksikavs (big blind) folded on the Turn
Seat 5: Scheubi88 (button) (small blind) collected ($17.64)


PokerStars Hand #176171942467:  Hold'em Limit ($3/$6 USD) - 2017/09/26 22:18:18 ET
Table 'Aristaeus' 6-max Seat #3 is the button
Seat 3: maksikavs ($270.07 in chips)
Seat 5: Scheubi88 ($126.47 in chips)
maksikavs: posts small blind $1
Scheubi88: posts big blind $3
*** HOLE CARDS ***
maksikavs: raises $3 to $6
Scheubi88: calls $3
*** FLOP *** [2s 4h Ks]
Scheubi88: checks
maksikavs: bets $3
Scheubi88: calls $3
*** TURN *** [2s 4h Ks] [Th]
Scheubi88: checks
maksikavs: bets $6
Scheubi88: calls $6
*** RIVER *** [2s 4h Ks Th] [8d]
Scheubi88: checks
maksikavs: checks
*** SHOW DOWN ***
Scheubi88: shows [Ad 5h] (high card Ace)
maksikavs: shows [Jd As] (high card Ace - King+Jack kicker)
maksikavs collected $29.50 from pot
*** SUMMARY ***
Total pot $30 | Rake $0.50
Board [2s 4h Ks Th 8d]
Seat 3: maksikavs (button) (small blind) showed [Jd As] and won ($29.50) with high card Ace
Seat 5: Scheubi88 (big blind) showed [Ad 5h] and lost with high card Ace


PokerStars Hand #176171939567:  Hold'em Limit ($3/$6 USD) - 2017/09/26 22:18:10 ET
Table 'Aristaeus' 6-max Seat #5 is the button
Seat 3: maksikavs ($279.07 in chips)
Seat 5: Scheubi88 ($117.83 in chips)
Scheubi88: posts small blind $1
maksikavs: posts big blind $3
*** HOLE CARDS ***
Scheubi88: raises $3 to $6
maksikavs: calls $3
*** FLOP *** [Td Kh 3c]
maksikavs: bets $3
Scheubi88: raises $3 to $6
maksikavs: folds
Uncalled bet ($3) returned to Scheubi88
Scheubi88 collected $17.64 from pot
Scheubi88: doesn't show hand
*** SUMMARY ***
Total pot $18 | Rake $0.36
Board [Td Kh 3c]
Seat 3: maksikavs (big blind) folded on the Flop
Seat 5: Scheubi88 (button) (small blind) collected ($17.64)


PokerStars Hand #176171967347:  Hold'em Limit ($3/$6 USD) - 2017/09/26 22:19:33 ET
Table 'Aristaeus' 6-max Seat #5 is the button
Seat 3: maksikavs ($289.83 in chips)
Seat 5: Scheubi88 ($104.87 in chips)
Scheubi88: posts small blind $1
maksikavs: posts big blind $3
*** HOLE CARDS ***
Scheubi88: raises $3 to $6
maksikavs: calls $3
*** FLOP *** [3d Kh 9d]
maksikavs: checks
Scheubi88: bets $3
maksikavs: calls $3
*** TURN *** [3d Kh 9d] [Td]
maksikavs: checks
Scheubi88: bets $6
maksikavs: raises $6 to $12
Scheubi88: raises $6 to $18
maksikavs: calls $6
*** RIVER *** [3d Kh 9d Td] [8c]
maksikavs: bets $6
Scheubi88: raises $6 to $12
maksikavs: calls $6
*** SHOW DOWN ***
Scheubi88: shows [4d 2d] (a flush, Ten high)
maksikavs: mucks hand
Scheubi88 collected $77.50 from pot
*** SUMMARY ***
Total pot $78 | Rake $0.50
Board [3d Kh 9d Td 8c]
Seat 3: maksikavs (big blind) mucked
Seat 5: Scheubi88 (button) (small blind) showed [4d 2d] and won ($77.50) with a flush, Ten high


PokerStars Hand #176171963047:  Hold'em Limit ($3/$6 USD) - 2017/09/26 22:19:20 ET
Table 'Aristaeus' 6-max Seat #3 is the button
Seat 3: maksikavs ($295.83 in chips)
Seat 5: Scheubi88 ($99.11 in chips)
maksikavs: posts small blind $1
Scheubi88: posts big blind $3
*** HOLE CARDS ***
maksikavs: raises $3 to $6
Scheubi88: calls $3
*** FLOP *** [6c Jd 7s]
Scheubi88: checks
maksikavs: checks
*** TURN *** [6c Jd 7s] [Ts]
Scheubi88: bets $6
maksikavs: folds
Uncalled bet ($6) returned to Scheubi88
Scheubi88 collected $11.76 from pot
Scheubi88: doesn't show hand
*** SUMMARY ***
Total pot $12 | Rake $0.24
Board [6c Jd 7s Ts]
Seat 3: maksikavs (button) (small blind) folded on the Turn
Seat 5: Scheubi88 (big blind) collected ($11.76)


PokerStars Hand #176171958253:  Hold'em Limit ($3/$6 USD) - 2017/09/26 22:19:05 ET
Table 'Aristaeus' 6-max Seat #5 is the button
Seat 3: maksikavs ($281.33 in chips)
Seat 5: Scheubi88 ($114.11 in chips)
Scheubi88: posts small blind $1
maksikavs: posts big blind $3
*** HOLE CARDS ***
Scheubi88: raises $3 to $6
maksikavs: calls $3
*** FLOP *** [6c 6d Jd]
maksikavs: checks
Scheubi88: bets $3
maksikavs: calls $3
*** TURN *** [6c 6d Jd] [7s]
maksikavs: checks
Scheubi88: bets $6
maksikavs: calls $6
*** RIVER *** [6c 6d Jd 7s] [9d]
maksikavs: bets $6
Scheubi88: folds
Uncalled bet ($6) returned to maksikavs
maksikavs collected $29.50 from pot
*** SUMMARY ***
Total pot $30 | Rake $0.50
Board [6c 6d Jd 7s 9d]
Seat 3: maksikavs (big blind) collected ($29.50)
Seat 5: Scheubi88 (button) (small blind) folded on the River


PokerStars Hand #176171954652:  Hold'em Limit ($3/$6 USD) - 2017/09/26 22:18:55 ET
Table 'Aristaeus' 6-max Seat #3 is the button
Seat 3: maksikavs ($275.57 in chips)
Seat 5: Scheubi88 ($120.11 in chips)
maksikavs: posts small blind $1
Scheubi88: posts big blind $3
*** HOLE CARDS ***
maksikavs: raises $3 to $6
Scheubi88: calls $3
*** FLOP *** [9c Ac 6d]
Scheubi88: checks
maksikavs: bets $3
Scheubi88: folds
Uncalled bet ($3) returned to maksikavs
maksikavs collected $11.76 from pot
*** SUMMARY ***
Total pot $12 | Rake $0.24
Board [9c Ac 6d]
Seat 3: maksikavs (button) (small blind) collected ($11.76)
Seat 5: Scheubi88 (big blind) folded on the Flop


PokerStars Hand #176171981594:  Hold'em Limit ($3/$6 USD) - 2017/09/26 22:20:16 ET
Table 'Aristaeus' 6-max Seat #3 is the button
Seat 3: maksikavs ($239.83 in chips)
Seat 5: Scheubi88 ($153.89 in chips)
maksikavs: posts small blind $1
Scheubi88: posts big blind $3
*** HOLE CARDS ***
maksikavs: raises $3 to $6
Scheubi88: calls $3
*** FLOP *** [8h 7s Qs]
Scheubi88: checks
maksikavs: bets $3
Scheubi88: calls $3
*** TURN *** [8h 7s Qs] [Js]
Scheubi88: checks
maksikavs: bets $6
Scheubi88: calls $6
*** RIVER *** [8h 7s Qs Js] [9h]
Scheubi88: checks
maksikavs: checks
*** SHOW DOWN ***
Scheubi88: shows [9s Jh] (two pair, Jacks and Nines)
maksikavs: mucks hand
Scheubi88 collected $29.50 from pot
*** SUMMARY ***
Total pot $30 | Rake $0.50
Board [8h 7s Qs Js 9h]
Seat 3: maksikavs (button) (small blind) mucked
Seat 5: Scheubi88 (big blind) showed [9s Jh] and won ($29.50) with two pair, Jacks and Nines


PokerStars Hand #176171979800:  Hold'em Limit ($3/$6 USD) - 2017/09/26 22:20:10 ET
Table 'Aristaeus' 6-max Seat #5 is the button
Seat 3: maksikavs ($238.83 in chips)
Seat 5: Scheubi88 ($154.89 in chips)
Scheubi88: posts small blind $1
maksikavs: posts big blind $3
*** HOLE CARDS ***
Scheubi88: folds
Uncalled bet ($2) returned to maksikavs
maksikavs collected $2 from pot
*** SUMMARY ***
Total pot $2 | Rake $0
Seat 3: maksikavs (big blind) collected ($2)
Seat 5: Scheubi88 (button) (small blind) folded before Flop


PokerStars Hand #176171988212:  Hold'em Limit ($3/$6 USD) - 2017/09/26 22:20:35 ET
Table 'Aristaeus' 6-max Seat #5 is the button
Seat 3: maksikavs ($224.83 in chips)
Seat 5: Scheubi88 ($168.39 in chips)
Scheubi88: posts small blind $1
maksikavs: posts big blind $3
*** HOLE CARDS ***
Scheubi88: raises $3 to $6
maksikavs: calls $3
*** FLOP *** [7s Ah 3c]
maksikavs: checks
Scheubi88: bets $3
maksikavs: calls $3
*** TURN *** [7s Ah 3c] [Qh]
maksikavs: checks
Scheubi88: checks
*** RIVER *** [7s Ah 3c Qh] [Js]
maksikavs: checks
Scheubi88: checks
*** SHOW DOWN ***
maksikavs: shows [4d 6s] (high card Ace)
Scheubi88: shows [8s 8c] (a pair of Eights)
Scheubi88 collected $17.64 from pot
*** SUMMARY ***
Total pot $18 | Rake $0.36
Board [7s Ah 3c Qh Js]
Seat 3: maksikavs (big blind) showed [4d 6s] and lost with high card Ace
Seat 5: Scheubi88 (button) (small blind) showed [8s 8c] and won ($17.64) with a pair of Eights


PokerStars Hand #176171973629:  Hold'em Limit ($3/$6 USD) - 2017/09/26 22:19:52 ET
Table 'Aristaeus' 6-max Seat #3 is the button
Seat 3: maksikavs ($250.83 in chips)
Seat 5: Scheubi88 ($143.37 in chips)
maksikavs: posts small blind $1
Scheubi88: posts big blind $3
*** HOLE CARDS ***
maksikavs: raises $3 to $6
Scheubi88: calls $3
*** FLOP *** [Jh 9h 8s]
Scheubi88: checks
maksikavs: checks
*** TURN *** [Jh 9h 8s] [Ad]
Scheubi88: checks
maksikavs: bets $6
Scheubi88: calls $6
*** RIVER *** [Jh 9h 8s Ad] [Ts]
Scheubi88: checks
maksikavs: checks
*** SHOW DOWN ***
Scheubi88: shows [8d 4d] (a pair of Eights)
maksikavs: mucks hand
Scheubi88 collected $23.52 from pot
*** SUMMARY ***
Total pot $24 | Rake $0.48
Board [Jh 9h 8s Ad Ts]
Seat 3: maksikavs (button) (small blind) mucked
Seat 5: Scheubi88 (big blind) showed [8d 4d] and won ($23.52) with a pair of Eights


PokerStars Hand #176174439058:  Hold'em Limit ($3/$6 USD) - 2017/09/27 0:49:16 ET
Table 'Aristaeus' 6-max Seat #5 is the button
Seat 1: CharginWapos ($213.87 in chips)
Seat 5: zimin10 ($73 in chips)
zimin10: posts small blind $1
CharginWapos: posts big blind $3
*** HOLE CARDS ***
zimin10: raises $3 to $6
CharginWapos: raises $3 to $9
zimin10: calls $3
*** FLOP *** [6d 6s Kh]
CharginWapos: bets $3
zimin10: calls $3
*** TURN *** [6d 6s Kh] [Js]
CharginWapos: checks
belik555 joins the table at seat #2
zimin10: checks
*** RIVER *** [6d 6s Kh Js] [9c]
CharginWapos: checks
belik555 leaves the table
zimin10: checks
*** SHOW DOWN ***
CharginWapos: shows [2s 2h] (two pair, Sixes and Deuces)
zimin10: mucks hand
CharginWapos collected $23.52 from pot
*** SUMMARY ***
Total pot $24 | Rake $0.48
Board [6d 6s Kh Js 9c]
Seat 1: CharginWapos (big blind) showed [2s 2h] and won ($23.52) with two pair, Sixes and Deuces
Seat 5: zimin10 (button) (small blind) mucked


PokerStars Hand #176174454346:  Hold'em Limit ($3/$6 USD) - 2017/09/27 0:50:22 ET
Table 'Aristaeus' 6-max Seat #1 is the button
Seat 1: CharginWapos ($225.39 in chips)
Seat 5: zimin10 ($72 in chips)
CharginWapos: posts small blind $1
zimin10: posts big blind $3
*** HOLE CARDS ***
CharginWapos: raises $3 to $6
zimin10: calls $3
*** FLOP *** [2c 6c 6d]
zimin10: checks
CharginWapos: checks
*** TURN *** [2c 6c 6d] [8c]
zimin10: checks
CharginWapos: checks
*** RIVER *** [2c 6c 6d 8c] [Td]
zimin10: checks
CharginWapos: checks
*** SHOW DOWN ***
zimin10: shows [Qs 3s] (a pair of Sixes)
CharginWapos: shows [Kh Qd] (a pair of Sixes - King kicker)
CharginWapos collected $11.76 from pot
*** SUMMARY ***
Total pot $12 | Rake $0.24
Board [2c 6c 6d 8c Td]
Seat 1: CharginWapos (button) (small blind) showed [Kh Qd] and won ($11.76) with a pair of Sixes
Seat 5: zimin10 (big blind) showed [Qs 3s] and lost with a pair of Sixes


PokerStars Hand #176174461949:  Hold'em Limit ($3/$6 USD) - 2017/09/27 0:50:56 ET
Table 'Aristaeus' 6-max Seat #5 is the button
Seat 1: CharginWapos ($231.15 in chips)
Seat 5: zimin10 ($72 in chips)
zimin10: posts small blind $1
CharginWapos: posts big blind $3
*** HOLE CARDS ***
zimin10: raises $3 to $6
CharginWapos: calls $3
*** FLOP *** [5s Th 8h]
CharginWapos: checks
zimin10: bets $3
CharginWapos: folds
Uncalled bet ($3) returned to zimin10
zimin10 collected $11.76 from pot
*** SUMMARY ***
Total pot $12 | Rake $0.24
Board [5s Th 8h]
Seat 1: CharginWapos (big blind) folded on the Flop
Seat 5: zimin10 (button) (small blind) collected ($11.76)


PokerStars Hand #176174465901:  Hold'em Limit ($3/$6 USD) - 2017/09/27 0:51:13 ET
Table 'Aristaeus' 6-max Seat #1 is the button
Seat 1: CharginWapos ($225.15 in chips)
Seat 5: zimin10 ($77.76 in chips)
CharginWapos: posts small blind $1
zimin10: posts big blind $3
*** HOLE CARDS ***
CharginWapos: calls $2
zimin10: raises $3 to $6
CharginWapos: calls $3
*** FLOP *** [Td 7d 9h]
zimin10: bets $3
CharginWapos: calls $3
*** TURN *** [Td 7d 9h] [9d]
zimin10: checks
CharginWapos: bets $6
zimin10: folds
Uncalled bet ($6) returned to CharginWapos
CharginWapos collected $17.64 from pot
CharginWapos: doesn't show hand
*** SUMMARY ***
Total pot $18 | Rake $0.36
Board [Td 7d 9h 9d]
Seat 1: CharginWapos (button) (small blind) collected ($17.64)
Seat 5: zimin10 (big blind) folded on the Turn


PokerStars Hand #176174475060:  Hold'em Limit ($3/$6 USD) - 2017/09/27 0:51:52 ET
Table 'Aristaeus' 6-max Seat #5 is the button
Seat 1: CharginWapos ($233.79 in chips)
Seat 5: zimin10 ($72 in chips)
zimin10: posts small blind $1
CharginWapos: posts big blind $3
*** HOLE CARDS ***
zimin10: raises $3 to $6
Pepperlina joins the table at seat #2
CharginWapos: folds
Uncalled bet ($3) returned to zimin10
zimin10 collected $6 from pot
*** SUMMARY ***
Total pot $6 | Rake $0
Seat 1: CharginWapos (big blind) folded before Flop
Seat 5: zimin10 (button) (small blind) collected ($6)


PokerStars Hand #176174982051:  Hold'em Limit ($3/$6 USD) - 2017/09/27 1:29:12 ET
Table 'Aristaeus' 6-max Seat #5 is the button
Seat 4: picsel37 ($88.60 in chips)
Seat 5: zimin10 ($80.46 in chips)
zimin10: posts small blind $1
picsel37: posts big blind $3
*** HOLE CARDS ***
zimin10: raises $3 to $6
picsel37: calls $3
*** FLOP *** [7h Th 2s]
picsel37: checks
zimin10: bets $3
picsel37: calls $3
*** TURN *** [7h Th 2s] [Qs]
picsel37: checks
zimin10: bets $6
picsel37: folds
Uncalled bet ($6) returned to zimin10
zimin10 collected $17.64 from pot
*** SUMMARY ***
Total pot $18 | Rake $0.36
Board [7h Th 2s Qs]
Seat 4: picsel37 (big blind) folded on the Turn
Seat 5: zimin10 (button) (small blind) collected ($17.64)


PokerStars Hand #176174985339:  Hold'em Limit ($3/$6 USD) - 2017/09/27 1:29:26 ET
Table 'Aristaeus' 6-max Seat #4 is the button
Seat 4: picsel37 ($79.60 in chips)
Seat 5: zimin10 ($89.10 in chips)
picsel37: posts small blind $1
zimin10: posts big blind $3
*** HOLE CARDS ***
picsel37: raises $3 to $6
zimin10: raises $3 to $9
picsel37: calls $3
*** FLOP *** [4c Td Jc]
zimin10: bets $3
picsel37: calls $3
*** TURN *** [4c Td Jc] [3s]
zimin10: bets $6
picsel37: calls $6
*** RIVER *** [4c Td Jc 3s] [Qc]
zimin10: checks
picsel37: checks
*** SHOW DOWN ***
zimin10: shows [8s 8h] (a pair of Eights)
picsel37: mucks hand
zimin10 collected $35.50 from pot
*** SUMMARY ***
Total pot $36 | Rake $0.50
Board [4c Td Jc 3s Qc]
Seat 4: picsel37 (button) (small blind) mucked
Seat 5: zimin10 (big blind) showed [8s 8h] and won ($35.50) with a pair of Eights


PokerStars Hand #176175044624:  Hold'em Limit ($3/$6 USD) - 2017/09/27 1:33:48 ET
Table 'Aristaeus' 6-max Seat #3 is the button
Seat 3: kaypoker619 ($69.43 in chips)
Seat 5: zimin10 ($72 in chips)
kaypoker619: posts small blind $1
zimin10: posts big blind $3
*** HOLE CARDS ***
kaypoker619: calls $2
zimin10: checks
*** FLOP *** [2c Jh Qd]
zimin10: bets $3
kaypoker619: folds
Uncalled bet ($3) returned to zimin10
zimin10 collected $5.88 from pot
*** SUMMARY ***
Total pot $6 | Rake $0.12
Board [2c Jh Qd]
Seat 3: kaypoker619 (button) (small blind) folded on the Flop
Seat 5: zimin10 (big blind) collected ($5.88)


PokerStars Hand #176175047452:  Hold'em Limit ($3/$6 USD) - 2017/09/27 1:34:01 ET
Table 'Aristaeus' 6-max Seat #5 is the button
Seat 3: kaypoker619 ($66.43 in chips)
Seat 5: zimin10 ($74.88 in chips)
zimin10: posts small blind $1
kaypoker619: posts big blind $3
*** HOLE CARDS ***
zimin10: raises $3 to $6
kaypoker619: calls $3
*** FLOP *** [5s 6c Qh]
kaypoker619: checks
zimin10: bets $3
kaypoker619: calls $3
*** TURN *** [5s 6c Qh] [Th]
kaypoker619: checks
zimin10: bets $6
kaypoker619: raises $6 to $12
zimin10: folds
Uncalled bet ($6) returned to kaypoker619
kaypoker619 collected $29.50 from pot
kaypoker619: doesn't show hand
*** SUMMARY ***
Total pot $30 | Rake $0.50
Board [5s 6c Qh Th]
Seat 3: kaypoker619 (big blind) collected ($29.50)
Seat 5: zimin10 (button) (small blind) folded on the Turn


PokerStars Hand #176175056844:  Hold'em Limit ($3/$6 USD) - 2017/09/27 1:34:42 ET
Table 'Aristaeus' 6-max Seat #3 is the button
Seat 3: kaypoker619 ($80.93 in chips)
Seat 5: zimin10 ($72 in chips)
kaypoker619: posts small blind $1
zimin10: posts big blind $3
*** HOLE CARDS ***
kaypoker619: calls $2
zimin10: checks
*** FLOP *** [4s 4d 7c]
zimin10: bets $3
kaypoker619: calls $3
*** TURN *** [4s 4d 7c] [3h]
zimin10: bets $6
kaypoker619: calls $6
*** RIVER *** [4s 4d 7c 3h] [Qh]
zimin10: checks
kaypoker619: checks
*** SHOW DOWN ***
zimin10: shows [6s 3d] (two pair, Fours and Threes)
kaypoker619: mucks hand
zimin10 collected $23.52 from pot
*** SUMMARY ***
Total pot $24 | Rake $0.48
Board [4s 4d 7c 3h Qh]
Seat 3: kaypoker619 (button) (small blind) mucked
Seat 5: zimin10 (big blind) showed [6s 3d] and won ($23.52) with two pair, Fours and Threes


PokerStars Hand #176175080094:  Hold'em Limit ($3/$6 USD) - 2017/09/27 1:36:25 ET
Table 'Aristaeus' 6-max Seat #3 is the button
Seat 3: kaypoker619 ($89.21 in chips)
Seat 5: zimin10 ($72 in chips)
kaypoker619: posts small blind $1
zimin10: posts big blind $3
*** HOLE CARDS ***
kaypoker619: folds
Uncalled bet ($2) returned to zimin10
zimin10 collected $2 from pot
*** SUMMARY ***
Total pot $2 | Rake $0
Seat 3: kaypoker619 (button) (small blind) folded before Flop
Seat 5: zimin10 (big blind) collected ($2)


PokerStars Hand #176175076143:  Hold'em Limit ($3/$6 USD) - 2017/09/27 1:36:07 ET
Table 'Aristaeus' 6-max Seat #5 is the button
Seat 3: kaypoker619 ($80.57 in chips)
Seat 5: zimin10 ($72 in chips)
zimin10: posts small blind $1
kaypoker619: posts big blind $3
*** HOLE CARDS ***
zimin10: raises $3 to $6
kaypoker619: calls $3
*** FLOP *** [Kh 5d 5c]
kaypoker619: checks
zimin10: bets $3
kaypoker619: raises $3 to $6
zimin10: folds
Uncalled bet ($3) returned to kaypoker619
kaypoker619 collected $17.64 from pot
kaypoker619: doesn't show hand
*** SUMMARY ***
Total pot $18 | Rake $0.36
Board [Kh 5d 5c]
Seat 3: kaypoker619 (big blind) collected ($17.64)
Seat 5: zimin10 (button) (small blind) folded on the Flop


PokerStars Hand #176175073352:  Hold'em Limit ($3/$6 USD) - 2017/09/27 1:35:55 ET
Table 'Aristaeus' 6-max Seat #3 is the button
Seat 3: kaypoker619 ($77.57 in chips)
Seat 5: zimin10 ($74.52 in chips)
kaypoker619: posts small blind $1
zimin10: posts big blind $3
*** HOLE CARDS ***
kaypoker619: raises $3 to $6
zimin10: folds
Uncalled bet ($3) returned to kaypoker619
kaypoker619 collected $6 from pot
kaypoker619: doesn't show hand
*** SUMMARY ***
Total pot $6 | Rake $0
Seat 3: kaypoker619 (button) (small blind) collected ($6)
Seat 5: zimin10 (big blind) folded before Flop


PokerStars Hand #176175064337:  Hold'em Limit ($3/$6 USD) - 2017/09/27 1:35:16 ET
Table 'Aristaeus' 6-max Seat #5 is the button
Seat 3: kaypoker619 ($68.93 in chips)
Seat 5: zimin10 ($83.52 in chips)
zimin10: posts small blind $1
kaypoker619: posts big blind $3
*** HOLE CARDS ***
zimin10: raises $3 to $6
kaypoker619: calls $3
*** FLOP *** [4c 4d Qh]
kaypoker619: checks
zimin10: bets $3
kaypoker619: calls $3
*** TURN *** [4c 4d Qh] [9c]
kaypoker619: bets $6
zimin10: folds
Uncalled bet ($6) returned to kaypoker619
kaypoker619 collected $17.64 from pot
kaypoker619: doesn't show hand
*** SUMMARY ***
Total pot $18 | Rake $0.36
Board [4c 4d Qh 9c]
Seat 3: kaypoker619 (big blind) collected ($17.64)
Seat 5: zimin10 (button) (small blind) folded on the Turn


PokerStars Hand #176175081512:  Hold'em Limit ($3/$6 USD) - 2017/09/27 1:36:30 ET
Table 'Aristaeus' 6-max Seat #5 is the button
Seat 3: kaypoker619 ($88.21 in chips)
Seat 5: zimin10 ($73 in chips)
zimin10: posts small blind $1
kaypoker619: posts big blind $3
*** HOLE CARDS ***
zimin10: raises $3 to $6
kaypoker619: calls $3
*** FLOP *** [6h Qs 8h]
kaypoker619: checks
zimin10: bets $3
kaypoker619: calls $3
*** TURN *** [6h Qs 8h] [4d]
kaypoker619: checks
zimin10: bets $6
kaypoker619: calls $6
*** RIVER *** [6h Qs 8h 4d] [6d]
kaypoker619: bets $6
zimin10: folds
Uncalled bet ($6) returned to kaypoker619
kaypoker619 collected $29.50 from pot
kaypoker619: doesn't show hand
*** SUMMARY ***
Total pot $30 | Rake $0.50
Board [6h Qs 8h 4d 6d]
Seat 3: kaypoker619 (big blind) collected ($29.50)
Seat 5: zimin10 (button) (small blind) folded on the River


PokerStars Hand #176175097428:  Hold'em Limit ($3/$6 USD) - 2017/09/27 1:37:41 ET
Table 'Aristaeus' 6-max Seat #5 is the button
Seat 3: kaypoker619 ($123.21 in chips)
Seat 5: zimin10 ($72 in chips)
zimin10: posts small blind $1
kaypoker619: posts big blind $3
*** HOLE CARDS ***
zimin10: raises $3 to $6
kaypoker619: calls $3
*** FLOP *** [9d Qd 5h]
kaypoker619: checks
zimin10: bets $3
kaypoker619: calls $3
*** TURN *** [9d Qd 5h] [As]
kaypoker619: checks
zimin10: bets $6
kaypoker619: raises $6 to $12
zimin10: calls $6
*** RIVER *** [9d Qd 5h As] [9s]
kaypoker619: bets $6
zimin10: folds
Uncalled bet ($6) returned to kaypoker619
kaypoker619 collected $41.50 from pot
kaypoker619: doesn't show hand
*** SUMMARY ***
Total pot $42 | Rake $0.50
Board [9d Qd 5h As 9s]
Seat 3: kaypoker619 (big blind) collected ($41.50)
Seat 5: zimin10 (button) (small blind) folded on the River


PokerStars Hand #176175088222:  Hold'em Limit ($3/$6 USD) - 2017/09/27 1:37:00 ET
Table 'Aristaeus' 6-max Seat #3 is the button
Seat 3: kaypoker619 ($102.71 in chips)
Seat 5: zimin10 ($72 in chips)
kaypoker619: posts small blind $1
zimin10: posts big blind $3
*** HOLE CARDS ***
kaypoker619: calls $2
zimin10: raises $3 to $6
kaypoker619: calls $3
*** FLOP *** [Ah 6d Kd]
zimin10: bets $3
kaypoker619: calls $3
*** TURN *** [Ah 6d Kd] [2d]
zimin10: bets $6
kaypoker619: calls $6
*** RIVER *** [Ah 6d Kd 2d] [7s]
zimin10: checks
kaypoker619: bets $6
zimin10: calls $6
*** SHOW DOWN ***
kaypoker619: shows [Ad 5d] (a flush, Ace high)
zimin10: mucks hand
kaypoker619 collected $41.50 from pot
*** SUMMARY ***
Total pot $42 | Rake $0.50
Board [Ah 6d Kd 2d 7s]
Seat 3: kaypoker619 (button) (small blind) showed [Ad 5d] and won ($41.50) with a flush, Ace high
Seat 5: zimin10 (big blind) mucked


PokerStars Hand #176175104301:  Hold'em Limit ($3/$6 USD) - 2017/09/27 1:38:11 ET
Table 'Aristaeus' 6-max Seat #3 is the button
Seat 3: kaypoker619 ($143.71 in chips)
Seat 5: zimin10 ($72 in chips)
kaypoker619: posts small blind $1
zimin10: posts big blind $3
*** HOLE CARDS ***
kaypoker619: calls $2
zimin10: raises $3 to $6
kaypoker619: calls $3
*** FLOP *** [Jd 7d 9d]
zimin10: bets $3
kaypoker619: calls $3
*** TURN *** [Jd 7d 9d] [Qc]
zimin10: checks
kaypoker619: checks
*** RIVER *** [Jd 7d 9d Qc] [Kh]
zimin10: bets $6
kaypoker619: folds
Uncalled bet ($6) returned to zimin10
zimin10 collected $17.64 from pot
*** SUMMARY ***
Total pot $18 | Rake $0.36
Board [Jd 7d 9d Qc Kh]
Seat 3: kaypoker619 (button) (small blind) folded on the River
Seat 5: zimin10 (big blind) collected ($17.64)


PokerStars Hand #176175114406:  Hold'em Limit ($3/$6 USD) - 2017/09/27 1:38:56 ET
Table 'Aristaeus' 6-max Seat #3 is the button
Seat 3: kaypoker619 ($119.71 in chips)
Seat 5: zimin10 ($95.14 in chips)
kaypoker619: posts small blind $1
zimin10: posts big blind $3
*** HOLE CARDS ***
kaypoker619: calls $2
zimin10: checks
*** FLOP *** [Ah 3c Kh]
zimin10: bets $3
kaypoker619: calls $3
*** TURN *** [Ah 3c Kh] [Ks]
zimin10: bets $6
kaypoker619: calls $6
*** RIVER *** [Ah 3c Kh Ks] [5d]
zimin10: checks
kaypoker619: bets $6
zimin10: calls $6
*** SHOW DOWN ***
kaypoker619: shows [Qh Tc] (a pair of Kings)
zimin10: shows [Jc 3s] (two pair, Kings and Threes)
zimin10 collected $35.50 from pot
*** SUMMARY ***
Total pot $36 | Rake $0.50
Board [Ah 3c Kh Ks 5d]
Seat 3: kaypoker619 (button) (small blind) showed [Qh Tc] and lost with a pair of Kings
Seat 5: zimin10 (big blind) showed [Jc 3s] and won ($35.50) with two pair, Kings and Threes


PokerStars Hand #176175109554:  Hold'em Limit ($3/$6 USD) - 2017/09/27 1:38:34 ET
Table 'Aristaeus' 6-max Seat #5 is the button
Seat 3: kaypoker619 ($134.71 in chips)
Seat 5: zimin10 ($80.64 in chips)
zimin10: posts small blind $1
kaypoker619: posts big blind $3
*** HOLE CARDS ***
zimin10: raises $3 to $6
kaypoker619: calls $3
*** FLOP *** [8h 6d Jh]
kaypoker619: bets $3
zimin10: calls $3
*** TURN *** [8h 6d Jh] [3d]
kaypoker619: bets $6
zimin10: raises $6 to $12
kaypoker619: folds
Uncalled bet ($6) returned to zimin10
zimin10 collected $29.50 from pot
*** SUMMARY ***
Total pot $30 | Rake $0.50
Board [8h 6d Jh 3d]
Seat 3: kaypoker619 (big blind) folded on the Turn
Seat 5: zimin10 (button) (small blind) collected ($29.50)


PokerStars Hand #176175127767:  Hold'em Limit ($3/$6 USD) - 2017/09/27 1:39:55 ET
Table 'Aristaeus' 6-max Seat #3 is the button
Seat 3: kaypoker619 ($116.21 in chips)
Seat 5: zimin10 ($97.64 in chips)
kaypoker619: posts small blind $1
zimin10: posts big blind $3
*** HOLE CARDS ***
kaypoker619: folds
Uncalled bet ($2) returned to zimin10
zimin10 collected $2 from pot
*** SUMMARY ***
Total pot $2 | Rake $0
Seat 3: kaypoker619 (button) (small blind) folded before Flop
Seat 5: zimin10 (big blind) collected ($2)


PokerStars Hand #176175122592:  Hold'em Limit ($3/$6 USD) - 2017/09/27 1:39:32 ET
Table 'Aristaeus' 6-max Seat #5 is the button
Seat 3: kaypoker619 ($101.71 in chips)
Seat 5: zimin10 ($112.64 in chips)
zimin10: posts small blind $1
kaypoker619: posts big blind $3
*** HOLE CARDS ***
zimin10: raises $3 to $6
kaypoker619: calls $3
*** FLOP *** [4h 4c 3s]
kaypoker619: checks
zimin10: bets $3
kaypoker619: calls $3
*** TURN *** [4h 4c 3s] [5c]
kaypoker619: bets $6
zimin10: calls $6
*** RIVER *** [4h 4c 3s 5c] [Jh]
kaypoker619: bets $6
zimin10: folds
Uncalled bet ($6) returned to kaypoker619
kaypoker619 collected $29.50 from pot
kaypoker619: doesn't show hand
*** SUMMARY ***
Total pot $30 | Rake $0.50
Board [4h 4c 3s 5c Jh]
Seat 3: kaypoker619 (big blind) collected ($29.50)
Seat 5: zimin10 (button) (small blind) folded on the River


PokerStars Hand #176175137418:  Hold'em Limit ($3/$6 USD) - 2017/09/27 1:40:38 ET
Table 'Aristaeus' 6-max Seat #3 is the button
Seat 3: kaypoker619 ($123.85 in chips)
Seat 5: zimin10 ($89.64 in chips)
kaypoker619: posts small blind $1
zimin10: posts big blind $3
*** HOLE CARDS ***
kaypoker619: calls $2
zimin10: checks
*** FLOP *** [4c 6c 6s]
zimin10: checks
kaypoker619: bets $3
zimin10: raises $3 to $6
kaypoker619: calls $3
*** TURN *** [4c 6c 6s] [3d]
zimin10: bets $6
kaypoker619: calls $6
*** RIVER *** [4c 6c 6s 3d] [3h]
zimin10: bets $6
kaypoker619: raises $6 to $12
zimin10: raises $6 to $18
kaypoker619: calls $6
*** SHOW DOWN ***
zimin10: shows [5c 6d] (a full house, Sixes full of Threes)
kaypoker619: mucks hand
zimin10 collected $65.50 from pot
*** SUMMARY ***
Total pot $66 | Rake $0.50
Board [4c 6c 6s 3d 3h]
Seat 3: kaypoker619 (button) (small blind) mucked
Seat 5: zimin10 (big blind) showed [5c 6d] and won ($65.50) with a full house, Sixes full of Threes


PokerStars Hand #176175144838:  Hold'em Limit ($3/$6 USD) - 2017/09/27 1:41:11 ET
Table 'Aristaeus' 6-max Seat #5 is the button
Seat 3: kaypoker619 ($90.85 in chips)
Seat 5: zimin10 ($122.14 in chips)
zimin10: posts small blind $1
kaypoker619: posts big blind $3
*** HOLE CARDS ***
zimin10: raises $3 to $6
kaypoker619: calls $3
*** FLOP *** [9s 9c 2s]
kaypoker619: bets $3
zimin10: calls $3
*** TURN *** [9s 9c 2s] [Js]
kaypoker619: bets $6
zimin10: raises $6 to $12
kaypoker619: folds
Uncalled bet ($6) returned to zimin10
zimin10 collected $29.50 from pot
*** SUMMARY ***
Total pot $30 | Rake $0.50
Board [9s 9c 2s Js]
Seat 3: kaypoker619 (big blind) folded on the Turn
Seat 5: zimin10 (button) (small blind) collected ($29.50)


PokerStars Hand #176175129001:  Hold'em Limit ($3/$6 USD) - 2017/09/27 1:40:01 ET
Table 'Aristaeus' 6-max Seat #5 is the button
Seat 3: kaypoker619 ($115.21 in chips)
Seat 5: zimin10 ($98.64 in chips)
zimin10: posts small blind $1
kaypoker619: posts big blind $3
*** HOLE CARDS ***
zimin10: raises $3 to $6
kaypoker619: calls $3
*** FLOP *** [Qs 6c Ah]
kaypoker619: checks
zimin10: bets $3
kaypoker619: raises $3 to $6
zimin10: folds
Uncalled bet ($3) returned to kaypoker619
kaypoker619 collected $17.64 from pot
kaypoker619: doesn't show hand
*** SUMMARY ***
Total pot $18 | Rake $0.36
Board [Qs 6c Ah]
Seat 3: kaypoker619 (big blind) collected ($17.64)
Seat 5: zimin10 (button) (small blind) folded on the Flop


PokerStars Hand #176175148834:  Hold'em Limit ($3/$6 USD) - 2017/09/27 1:41:28 ET
Table 'Aristaeus' 6-max Seat #3 is the button
Seat 3: kaypoker619 ($75.85 in chips)
Seat 5: zimin10 ($136.64 in chips)
kaypoker619: posts small blind $1
zimin10: posts big blind $3
*** HOLE CARDS ***
kaypoker619: calls $2
zimin10: checks
*** FLOP *** [5h Ts 5d]
zimin10: checks
kaypoker619: checks
*** TURN *** [5h Ts 5d] [Ah]
zimin10: checks
kaypoker619: bets $6
zimin10: folds
Uncalled bet ($6) returned to kaypoker619
kaypoker619 collected $5.88 from pot
kaypoker619: doesn't show hand
*** SUMMARY ***
Total pot $6 | Rake $0.12
Board [5h Ts 5d Ah]
Seat 3: kaypoker619 (button) (small blind) collected ($5.88)
Seat 5: zimin10 (big blind) folded on the Turn


PokerStars Hand #176175153968:  Hold'em Limit ($3/$6 USD) - 2017/09/27 1:41:51 ET
Table 'Aristaeus' 6-max Seat #5 is the button
Seat 3: kaypoker619 ($78.73 in chips)
Seat 5: zimin10 ($133.64 in chips)
zimin10: posts small blind $1
kaypoker619: posts big blind $3
*** HOLE CARDS ***
zimin10: folds
Uncalled bet ($2) returned to kaypoker619
kaypoker619 collected $2 from pot
kaypoker619: doesn't show hand
*** SUMMARY ***
Total pot $2 | Rake $0
Seat 3: kaypoker619 (big blind) collected ($2)
Seat 5: zimin10 (button) (small blind) folded before Flop


PokerStars Hand #176175156237:  Hold'em Limit ($3/$6 USD) - 2017/09/27 1:42:01 ET
Table 'Aristaeus' 6-max Seat #3 is the button
Seat 3: kaypoker619 ($79.73 in chips)
Seat 5: zimin10 ($132.64 in chips)
kaypoker619: posts small blind $1
zimin10: posts big blind $3
*** HOLE CARDS ***
kaypoker619: calls $2
zimin10: checks
*** FLOP *** [4d 9d 8c]
zimin10: checks
kaypoker619: bets $3
zimin10: folds
Uncalled bet ($3) returned to kaypoker619
kaypoker619 collected $5.88 from pot
kaypoker619: doesn't show hand
*** SUMMARY ***
Total pot $6 | Rake $0.12
Board [4d 9d 8c]
Seat 3: kaypoker619 (button) (small blind) collected ($5.88)
Seat 5: zimin10 (big blind) folded on the Flop


PokerStars Hand #176175168075:  Hold'em Limit ($3/$6 USD) - 2017/09/27 1:42:53 ET
Table 'Aristaeus' 6-max Seat #3 is the button
Seat 3: kaypoker619 ($61.61 in chips)
Seat 5: zimin10 ($150.14 in chips)
kaypoker619: posts small blind $1
zimin10: posts big blind $3
*** HOLE CARDS ***
kaypoker619: calls $2
zimin10: checks
*** FLOP *** [7h 2s 4d]
zimin10: checks
kaypoker619: checks
*** TURN *** [7h 2s 4d] [Js]
zimin10: checks
kaypoker619: bets $6
zimin10: raises $6 to $12
kaypoker619: calls $6
*** RIVER *** [7h 2s 4d Js] [Kc]
zimin10: bets $6
kaypoker619: calls $6
*** SHOW DOWN ***
zimin10: shows [4c 7c] (two pair, Sevens and Fours)
kaypoker619: mucks hand
zimin10 collected $41.50 from pot
*** SUMMARY ***
Total pot $42 | Rake $0.50
Board [7h 2s 4d Js Kc]
Seat 3: kaypoker619 (button) (small blind) mucked
Seat 5: zimin10 (big blind) showed [4c 7c] and won ($41.50) with two pair, Sevens and Fours


PokerStars Hand #176175160067:  Hold'em Limit ($3/$6 USD) - 2017/09/27 1:42:18 ET
Table 'Aristaeus' 6-max Seat #5 is the button
Seat 3: kaypoker619 ($82.61 in chips)
Seat 5: zimin10 ($129.64 in chips)
zimin10: posts small blind $1
kaypoker619: posts big blind $3
*** HOLE CARDS ***
zimin10: raises $3 to $6
kaypoker619: calls $3
*** FLOP *** [Jd 4s 3s]
kaypoker619: bets $3
zimin10: calls $3
*** TURN *** [Jd 4s 3s] [2h]
kaypoker619: bets $6
zimin10: raises $6 to $12
kaypoker619: calls $6
*** RIVER *** [Jd 4s 3s 2h] [5d]
kaypoker619: checks
zimin10: checks
*** SHOW DOWN ***
kaypoker619: shows [4c Qs] (a pair of Fours)
zimin10: shows [Jc 8s] (a pair of Jacks)
zimin10 collected $41.50 from pot
*** SUMMARY ***
Total pot $42 | Rake $0.50
Board [Jd 4s 3s 2h 5d]
Seat 3: kaypoker619 (big blind) showed [4c Qs] and lost with a pair of Fours
Seat 5: zimin10 (button) (small blind) showed [Jc 8s] and won ($41.50) with a pair of Jacks


PokerStars Hand #176175179163:  Hold'em Limit ($3/$6 USD) - 2017/09/27 1:43:41 ET
Table 'Aristaeus' 6-max Seat #3 is the button
Seat 3: kaypoker619 ($19.61 in chips)
Seat 5: zimin10 ($191.14 in chips)
kaypoker619: posts small blind $1
zimin10: posts big blind $3
*** HOLE CARDS ***
kaypoker619: raises $3 to $6
zimin10: calls $3
*** FLOP *** [4s 2s 6d]
zimin10: checks
kaypoker619: bets $3
zimin10: raises $3 to $6
kaypoker619: calls $3
*** TURN *** [4s 2s 6d] [Js]
zimin10: bets $6
kaypoker619: raises $1.61 to $7.61 and is all-in
zimin10: calls $1.61
*** RIVER *** [4s 2s 6d Js] [5d]
*** SHOW DOWN ***
zimin10: shows [3s 3h] (a straight, Deuce to Six)
kaypoker619: shows [Qc Ad] (high card Ace)
zimin10 collected $38.72 from pot
*** SUMMARY ***
Total pot $39.22 | Rake $0.50
Board [4s 2s 6d Js 5d]
Seat 3: kaypoker619 (button) (small blind) showed [Qc Ad] and lost with high card Ace
Seat 5: zimin10 (big blind) showed [3s 3h] and won ($38.72) with a straight, Deuce to Six


PokerStars Hand #176175174669:  Hold'em Limit ($3/$6 USD) - 2017/09/27 1:43:21 ET
Table 'Aristaeus' 6-max Seat #5 is the button
Seat 3: kaypoker619 ($40.61 in chips)
Seat 5: zimin10 ($170.64 in chips)
zimin10: posts small blind $1
kaypoker619: posts big blind $3
*** HOLE CARDS ***
zimin10: raises $3 to $6
kaypoker619: calls $3
*** FLOP *** [4s 3d Kd]
kaypoker619: bets $3
zimin10: calls $3
*** TURN *** [4s 3d Kd] [Kc]
kaypoker619: bets $6
zimin10: calls $6
*** RIVER *** [4s 3d Kd Kc] [Ks]
kaypoker619: bets $6
zimin10: calls $6
*** SHOW DOWN ***
kaypoker619: shows [2h 8s] (three of a kind, Kings)
zimin10: shows [5d Qs] (three of a kind, Kings - Queen kicker)
zimin10 collected $41.50 from pot
*** SUMMARY ***
Total pot $42 | Rake $0.50
Board [4s 3d Kd Kc Ks]
Seat 3: kaypoker619 (big blind) showed [2h 8s] and lost with three of a kind, Kings
Seat 5: zimin10 (button) (small blind) showed [5d Qs] and won ($41.50) with three of a kind, Kings


