PokerStars Hand #176158384816:  Hold'em Limit ($3/$6 USD) - 2017/09/26 15:43:21 ET
Table 'Aristaeus' 6-max Seat #3 is the button
Seat 3: Psynto ($99.50 in chips)
Seat 5: picsel37 ($65.79 in chips)
Psynto: posts small blind $1
picsel37: posts big blind $3
*** HOLE CARDS ***
Psynto: raises $3 to $6
picsel37: calls $3
*** FLOP *** [5s 5d Jc]
picsel37: checks
Psynto: bets $3
picsel37: calls $3
*** TURN *** [5s 5d Jc] [9c]
picsel37: checks
Psynto: bets $6
picsel37: folds
Uncalled bet ($6) returned to Psynto
Psynto collected $17.64 from pot
Psynto: doesn't show hand
*** SUMMARY ***
Total pot $18 | Rake $0.36
Board [5s 5d Jc 9c]
Seat 3: Psynto (button) (small blind) collected ($17.64)
Seat 5: picsel37 (big blind) folded on the Turn


PokerStars Hand #176158380992:  Hold'em Limit ($3/$6 USD) - 2017/09/26 15:43:16 ET
Table 'Aristaeus' 6-max Seat #5 is the button
Seat 3: Psynto ($98.50 in chips)
Seat 5: picsel37 ($66.79 in chips)
picsel37: posts small blind $1
Psynto: posts big blind $3
*** HOLE CARDS ***
picsel37: folds
Uncalled bet ($2) returned to Psynto
Psynto collected $2 from pot
Psynto: doesn't show hand
*** SUMMARY ***
Total pot $2 | Rake $0
Seat 3: Psynto (big blind) collected ($2)
Seat 5: picsel37 (button) (small blind) folded before Flop


PokerStars Hand #176158377194:  Hold'em Limit ($3/$6 USD) - 2017/09/26 15:43:11 ET
Table 'Aristaeus' 6-max Seat #3 is the button
Seat 3: Psynto ($95.50 in chips)
Seat 5: picsel37 ($69.79 in chips)
Psynto: posts small blind $1
dcx45 was removed from the table for failing to post
picsel37: posts big blind $3
*** HOLE CARDS ***
Psynto: raises $3 to $6
picsel37: folds
Uncalled bet ($3) returned to Psynto
Psynto collected $6 from pot
Psynto: doesn't show hand
*** SUMMARY ***
Total pot $6 | Rake $0
Seat 3: Psynto (button) (small blind) collected ($6)
Seat 5: picsel37 (big blind) folded before Flop


PokerStars Hand #176158365076:  Hold'em Limit ($3/$6 USD) - 2017/09/26 15:42:56 ET
Table 'Aristaeus' 6-max Seat #5 is the button
Seat 3: Psynto ($72 in chips)
Seat 5: picsel37 ($93.79 in chips)
picsel37: posts small blind $1
parnishka11: is sitting out
vestimokrec leaves the table
Psynto: posts big blind $3
*** HOLE CARDS ***
picsel37: raises $3 to $6
Psynto: raises $3 to $9
picsel37: calls $3
*** FLOP *** [Th 8s Qd]
Psynto: bets $3
picsel37: calls $3
*** TURN *** [Th 8s Qd] [9d]
Psynto: bets $6
picsel37: calls $6
*** RIVER *** [Th 8s Qd 9d] [Kd]
Psynto: bets $6
picsel37: calls $6
*** SHOW DOWN ***
Psynto: shows [As Jc] (a straight, Ten to Ace)
picsel37: mucks hand
Psynto collected $47.50 from pot
*** SUMMARY ***
Total pot $48 | Rake $0.50
Board [Th 8s Qd 9d Kd]
Seat 3: Psynto (big blind) showed [As Jc] and won ($47.50) with a straight, Ten to Ace
Seat 5: picsel37 (button) (small blind) mucked


PokerStars Hand #176158413840:  Hold'em Limit ($3/$6 USD) - 2017/09/26 15:43:57 ET
Table 'Aristaeus' 6-max Seat #3 is the button
Seat 3: Psynto ($93.14 in chips)
Seat 5: picsel37 ($71.29 in chips)
Psynto: posts small blind $1
picsel37: posts big blind $3
*** HOLE CARDS ***
Psynto: folds
Uncalled bet ($2) returned to picsel37
picsel37 collected $2 from pot
SEQUOIA2012 joins the table at seat #1
*** SUMMARY ***
Total pot $2 | Rake $0
Seat 3: Psynto (button) (small blind) folded before Flop
Seat 5: picsel37 (big blind) collected ($2)


PokerStars Hand #176158403390:  Hold'em Limit ($3/$6 USD) - 2017/09/26 15:43:44 ET
Table 'Aristaeus' 6-max Seat #5 is the button
Seat 3: Psynto ($108.14 in chips)
Seat 5: picsel37 ($56.79 in chips)
picsel37: posts small blind $1
Psynto: posts big blind $3
*** HOLE CARDS ***
picsel37: raises $3 to $6
Psynto: calls $3
*** FLOP *** [Kd 4h 9d]
Psynto: checks
picsel37: bets $3
DECAlpha joins the table at seat #6
Psynto: calls $3
*** TURN *** [Kd 4h 9d] [7h]
Psynto: checks
picsel37: bets $6
Psynto: calls $6
*** RIVER *** [Kd 4h 9d 7h] [9h]
Psynto: checks
parnishka11 leaves the table
picsel37: checks
*** SHOW DOWN ***
Psynto: shows [Ad Ts] (a pair of Nines)
picsel37: shows [5c 5s] (two pair, Nines and Fives)
picsel37 collected $29.50 from pot
*** SUMMARY ***
Total pot $30 | Rake $0.50
Board [Kd 4h 9d 7h 9h]
Seat 3: Psynto (big blind) showed [Ad Ts] and lost with a pair of Nines
Seat 5: picsel37 (button) (small blind) showed [5c 5s] and won ($29.50) with two pair, Nines and Fives


PokerStars Hand #176158399659:  Hold'em Limit ($3/$6 USD) - 2017/09/26 15:43:39 ET
Table 'Aristaeus' 6-max Seat #3 is the button
Seat 3: Psynto ($105.14 in chips)
Seat 5: picsel37 ($59.79 in chips)
Psynto: posts small blind $1
picsel37: posts big blind $3
*** HOLE CARDS ***
Psynto: raises $3 to $6
picsel37: folds
Uncalled bet ($3) returned to Psynto
Psynto collected $6 from pot
Psynto: doesn't show hand
*** SUMMARY ***
Total pot $6 | Rake $0
Seat 3: Psynto (button) (small blind) collected ($6)
Seat 5: picsel37 (big blind) folded before Flop


PokerStars Hand #176158394825:  Hold'em Limit ($3/$6 USD) - 2017/09/26 15:43:33 ET
Table 'Aristaeus' 6-max Seat #5 is the button
Seat 3: Psynto ($108.14 in chips)
Seat 5: picsel37 ($56.79 in chips)
picsel37: posts small blind $1
Psynto: posts big blind $3
*** HOLE CARDS ***
picsel37: raises $3 to $6
Psynto: folds
Uncalled bet ($3) returned to picsel37
picsel37 collected $6 from pot
*** SUMMARY ***
Total pot $6 | Rake $0
Seat 3: Psynto (big blind) folded before Flop
Seat 5: picsel37 (button) (small blind) collected ($6)


