PokerStars Hand #147818435616:  Hold'em Limit ($3/$6 USD) - 2016/01/28 9:37:37 ET
Table 'Arkab' 6-max Seat #3 is the button
Seat 3: DimaZips ($113 in chips)
Seat 4: BelSv ($84.76 in chips)
DimaZips: posts small blind $1
BelSv: posts big blind $3
*** HOLE CARDS ***
DimaZips: raises $3 to $6
BelSv: raises $3 to $9
DimaZips: raises $3 to $12
Betting is capped
BelSv: calls $3
*** FLOP *** [Ad Tc 9h]
BelSv: checks
DimaZips: bets $3
BelSv: calls $3
*** TURN *** [Ad Tc 9h] [8h]
BelSv: checks
DimaZips: bets $6
BelSv: folds
Uncalled bet ($6) returned to DimaZips
DimaZips collected $29.50 from pot
DimaZips: doesn't show hand
*** SUMMARY ***
Total pot $30 | Rake $0.50
Board [Ad Tc 9h 8h]
Seat 3: DimaZips (button) (small blind) collected ($29.50)
Seat 4: BelSv (big blind) folded on the Turn


PokerStars Hand #147819439438:  Hold'em Limit ($3/$6 USD) - 2016/01/28 10:00:39 ET
Table 'Arkab' 6-max Seat #6 is the button
Seat 3: DimaZips ($153.22 in chips)
Seat 6: PycV ($219.93 in chips)
PycV: posts small blind $1
DimaZips: posts big blind $3
*** HOLE CARDS ***
PycV: raises $3 to $6
DimaZips: folds
Uncalled bet ($3) returned to PycV
PycV collected $6 from pot
PycV: doesn't show hand
*** SUMMARY ***
Total pot $6 | Rake $0
Seat 3: DimaZips (big blind) folded before Flop
Seat 6: PycV (button) (small blind) collected ($6)


PokerStars Hand #147819432569:  Hold'em Limit ($3/$6 USD) - 2016/01/28 10:00:29 ET
Table 'Arkab' 6-max Seat #3 is the button
Seat 3: DimaZips ($154.22 in chips)
Seat 6: PycV ($218.93 in chips)
DimaZips: posts small blind $1
PycV: posts big blind $3
*** HOLE CARDS ***
zetje187 leaves the table
DimaZips: folds
Uncalled bet ($2) returned to PycV
PycV collected $2 from pot
PycV: doesn't show hand
*** SUMMARY ***
Total pot $2 | Rake $0
Seat 3: DimaZips (button) (small blind) folded before Flop
Seat 6: PycV (big blind) collected ($2)


