PokerStars Hand #147705826100:  Hold'em Limit ($3/$6 USD) - 2016/01/26 9:18:59 ET
Table 'Arkab' 6-max Seat #3 is the button
Seat 1: VolkovDmitri ($120 in chips)
Seat 3: Philly0813 ($134.50 in chips)
Philly0813: posts small blind $1
VolkovDmitri: posts big blind $3
*** HOLE CARDS ***
Philly0813: folds
Uncalled bet ($2) returned to VolkovDmitri
VolkovDmitri collected $2 from pot
VolkovDmitri: doesn't show hand
*** SUMMARY ***
Total pot $2 | Rake $0
Seat 1: VolkovDmitri (big blind) collected ($2)
Seat 3: Philly0813 (button) (small blind) folded before Flop


PokerStars Hand #147705809985:  Hold'em Limit ($3/$6 USD) - 2016/01/26 9:18:37 ET
Table 'Arkab' 6-max Seat #1 is the button
Seat 1: VolkovDmitri ($120 in chips)
Seat 3: Philly0813 ($120 in chips)
VolkovDmitri: posts small blind $1
Philly0813: posts big blind $3
*** HOLE CARDS ***
VolkovDmitri: raises $3 to $6
Philly0813: calls $3
*** FLOP *** [3s Kc Ah]
Philly0813: checks
VolkovDmitri: bets $3
Philly0813: calls $3
*** TURN *** [3s Kc Ah] [5d]
Philly0813: checks
VolkovDmitri: bets $6
Philly0813: calls $6
*** RIVER *** [3s Kc Ah 5d] [8d]
Philly0813: checks
VolkovDmitri: checks
*** SHOW DOWN ***
Philly0813: shows [9d 9c] (a pair of Nines)
VolkovDmitri: mucks hand
Philly0813 collected $29.50 from pot
*** SUMMARY ***
Total pot $30 | Rake $0.50
Board [3s Kc Ah 5d 8d]
Seat 1: VolkovDmitri (button) (small blind) mucked
Seat 3: Philly0813 (big blind) showed [9d 9c] and won ($29.50) with a pair of Nines


PokerStars Hand #147705829327:  Hold'em Limit ($3/$6 USD) - 2016/01/26 9:19:03 ET
Table 'Arkab' 6-max Seat #1 is the button
Seat 1: VolkovDmitri ($121 in chips)
Seat 3: Philly0813 ($133.50 in chips)
VolkovDmitri: posts small blind $1
Philly0813: posts big blind $3
*** HOLE CARDS ***
VolkovDmitri: raises $3 to $6
Philly0813: calls $3
*** FLOP *** [5s 6c 5h]
Philly0813: checks
VolkovDmitri: checks
*** TURN *** [5s 6c 5h] [7c]
Philly0813: bets $6
VolkovDmitri: folds
Uncalled bet ($6) returned to Philly0813
Philly0813 collected $11.76 from pot
Philly0813: doesn't show hand
*** SUMMARY ***
Total pot $12 | Rake $0.24
Board [5s 6c 5h 7c]
Seat 1: VolkovDmitri (button) (small blind) folded on the Turn
Seat 3: Philly0813 (big blind) collected ($11.76)


PokerStars Hand #147705838869:  Hold'em Limit ($3/$6 USD) - 2016/01/26 9:19:16 ET
Table 'Arkab' 6-max Seat #3 is the button
Seat 1: VolkovDmitri ($120 in chips)
Seat 3: Philly0813 ($139.26 in chips)
Philly0813: posts small blind $1
VolkovDmitri: posts big blind $3
*** HOLE CARDS ***
Philly0813: raises $3 to $6
VolkovDmitri: calls $3
*** FLOP *** [Tc 9d 4c]
VolkovDmitri: checks
Philly0813: bets $3
VolkovDmitri: raises $3 to $6
Philly0813: calls $3
*** TURN *** [Tc 9d 4c] [Qd]
VolkovDmitri: bets $6
Philly0813: calls $6
*** RIVER *** [Tc 9d 4c Qd] [Kc]
VolkovDmitri: checks
Philly0813: bets $6
VolkovDmitri: folds
Uncalled bet ($6) returned to Philly0813
Philly0813 collected $35.50 from pot
Philly0813: doesn't show hand
*** SUMMARY ***
Total pot $36 | Rake $0.50
Board [Tc 9d 4c Qd Kc]
Seat 1: VolkovDmitri (big blind) folded on the River
Seat 3: Philly0813 (button) (small blind) collected ($35.50)


PokerStars Hand #147705869520:  Hold'em Limit ($3/$6 USD) - 2016/01/26 9:19:58 ET
Table 'Arkab' 6-max Seat #3 is the button
Seat 1: VolkovDmitri ($123 in chips)
Seat 3: Philly0813 ($153.76 in chips)
Philly0813: posts small blind $1
VolkovDmitri: posts big blind $3
*** HOLE CARDS ***
Philly0813: folds
Uncalled bet ($2) returned to VolkovDmitri
VolkovDmitri collected $2 from pot
VolkovDmitri: doesn't show hand
*** SUMMARY ***
Total pot $2 | Rake $0
Seat 1: VolkovDmitri (big blind) collected ($2)
Seat 3: Philly0813 (button) (small blind) folded before Flop


PokerStars Hand #147705859439:  Hold'em Limit ($3/$6 USD) - 2016/01/26 9:19:45 ET
Table 'Arkab' 6-max Seat #1 is the button
Seat 1: VolkovDmitri ($120 in chips)
Seat 3: Philly0813 ($156.76 in chips)
VolkovDmitri: posts small blind $1
Philly0813: posts big blind $3
*** HOLE CARDS ***
VolkovDmitri: raises $3 to $6
Philly0813: folds
Uncalled bet ($3) returned to VolkovDmitri
VolkovDmitri collected $6 from pot
VolkovDmitri: doesn't show hand
*** SUMMARY ***
Total pot $6 | Rake $0
Seat 1: VolkovDmitri (button) (small blind) collected ($6)
Seat 3: Philly0813 (big blind) folded before Flop


PokerStars Hand #147705872930:  Hold'em Limit ($3/$6 USD) - 2016/01/26 9:20:03 ET
Table 'Arkab' 6-max Seat #1 is the button
Seat 1: VolkovDmitri ($124 in chips)
Seat 3: Philly0813 ($152.76 in chips)
VolkovDmitri: posts small blind $1
Philly0813: posts big blind $3
*** HOLE CARDS ***
VolkovDmitri: raises $3 to $6
Philly0813: calls $3
*** FLOP *** [6c Tc 8h]
Philly0813: checks
VolkovDmitri: bets $3
Philly0813: folds
Uncalled bet ($3) returned to VolkovDmitri
VolkovDmitri collected $11.76 from pot
VolkovDmitri: doesn't show hand
*** SUMMARY ***
Total pot $12 | Rake $0.24
Board [6c Tc 8h]
Seat 1: VolkovDmitri (button) (small blind) collected ($11.76)
Seat 3: Philly0813 (big blind) folded on the Flop


PokerStars Hand #147705885769:  Hold'em Limit ($3/$6 USD) - 2016/01/26 9:20:21 ET
Table 'Arkab' 6-max Seat #3 is the button
Seat 1: VolkovDmitri ($129.76 in chips)
Seat 3: Philly0813 ($146.76 in chips)
Philly0813: posts small blind $1
VolkovDmitri: posts big blind $3
*** HOLE CARDS ***
Philly0813: raises $3 to $6
VolkovDmitri: raises $3 to $9
Philly0813: calls $3
*** FLOP *** [Qs 4s Kd]
VolkovDmitri: checks
Philly0813: checks
*** TURN *** [Qs 4s Kd] [5h]
VolkovDmitri: bets $6
Philly0813: calls $6
*** RIVER *** [Qs 4s Kd 5h] [9d]
VolkovDmitri: bets $6
Philly0813: calls $6
*** SHOW DOWN ***
VolkovDmitri: shows [Jh Js] (a pair of Jacks)
Philly0813: mucks hand
VolkovDmitri collected $41.50 from pot
*** SUMMARY ***
Total pot $42 | Rake $0.50
Board [Qs 4s Kd 5h 9d]
Seat 1: VolkovDmitri (big blind) showed [Jh Js] and won ($41.50) with a pair of Jacks
Seat 3: Philly0813 (button) (small blind) mucked


PokerStars Hand #147705906743:  Hold'em Limit ($3/$6 USD) - 2016/01/26 9:20:49 ET
Table 'Arkab' 6-max Seat #1 is the button
Seat 1: VolkovDmitri ($150.26 in chips)
Seat 3: Philly0813 ($125.76 in chips)
VolkovDmitri: posts small blind $1
Philly0813: posts big blind $3
*** HOLE CARDS ***
VolkovDmitri: raises $3 to $6
Philly0813: folds
Uncalled bet ($3) returned to VolkovDmitri
VolkovDmitri collected $6 from pot
VolkovDmitri: doesn't show hand
*** SUMMARY ***
Total pot $6 | Rake $0
Seat 1: VolkovDmitri (button) (small blind) collected ($6)
Seat 3: Philly0813 (big blind) folded before Flop


PokerStars Hand #147705936449:  Hold'em Limit ($3/$6 USD) - 2016/01/26 9:21:31 ET
Table 'Arkab' 6-max Seat #1 is the button
Seat 1: VolkovDmitri ($188.76 in chips)
Seat 3: Philly0813 ($86.76 in chips)
VolkovDmitri: posts small blind $1
Philly0813: posts big blind $3
*** HOLE CARDS ***
VolkovDmitri: raises $3 to $6
Philly0813: folds
Uncalled bet ($3) returned to VolkovDmitri
VolkovDmitri collected $6 from pot
VolkovDmitri: doesn't show hand
*** SUMMARY ***
Total pot $6 | Rake $0
Seat 1: VolkovDmitri (button) (small blind) collected ($6)
Seat 3: Philly0813 (big blind) folded before Flop


PokerStars Hand #147705945976:  Hold'em Limit ($3/$6 USD) - 2016/01/26 9:21:44 ET
Table 'Arkab' 6-max Seat #3 is the button
Seat 1: VolkovDmitri ($191.76 in chips)
Seat 3: Philly0813 ($83.76 in chips)
Philly0813: posts small blind $1
VolkovDmitri: posts big blind $3
*** HOLE CARDS ***
Philly0813: raises $3 to $6
VolkovDmitri: calls $3
*** FLOP *** [8s 6h 9h]
VolkovDmitri: checks
Philly0813: bets $3
VolkovDmitri: folds
Uncalled bet ($3) returned to Philly0813
Philly0813 collected $11.76 from pot
Philly0813: doesn't show hand
*** SUMMARY ***
Total pot $12 | Rake $0.24
Board [8s 6h 9h]
Seat 1: VolkovDmitri (big blind) folded on the Flop
Seat 3: Philly0813 (button) (small blind) collected ($11.76)


PokerStars Hand #147705966113:  Hold'em Limit ($3/$6 USD) - 2016/01/26 9:22:12 ET
Table 'Arkab' 6-max Seat #1 is the button
Seat 1: VolkovDmitri ($185.76 in chips)
Seat 3: Philly0813 ($89.52 in chips)
VolkovDmitri: posts small blind $1
Philly0813: posts big blind $3
*** HOLE CARDS ***
VolkovDmitri: raises $3 to $6
Philly0813: folds
Uncalled bet ($3) returned to VolkovDmitri
VolkovDmitri collected $6 from pot
VolkovDmitri: doesn't show hand
*** SUMMARY ***
Total pot $6 | Rake $0
Seat 1: VolkovDmitri (button) (small blind) collected ($6)
Seat 3: Philly0813 (big blind) folded before Flop


PokerStars Hand #147705973139:  Hold'em Limit ($3/$6 USD) - 2016/01/26 9:22:22 ET
Table 'Arkab' 6-max Seat #3 is the button
Seat 1: VolkovDmitri ($188.76 in chips)
Seat 3: Philly0813 ($86.52 in chips)
Philly0813: posts small blind $1
VolkovDmitri: posts big blind $3
*** HOLE CARDS ***
Philly0813: raises $3 to $6
VolkovDmitri: calls $3
*** FLOP *** [Ad 8s 3c]
VolkovDmitri: checks
Philly0813: bets $3
VolkovDmitri: calls $3
*** TURN *** [Ad 8s 3c] [4c]
VolkovDmitri: checks
Philly0813: checks
*** RIVER *** [Ad 8s 3c 4c] [2h]
VolkovDmitri: bets $6
Philly0813: calls $6
*** SHOW DOWN ***
VolkovDmitri: shows [Kh 3h] (a pair of Threes)
Philly0813: mucks hand
VolkovDmitri collected $29.50 from pot
*** SUMMARY ***
Total pot $30 | Rake $0.50
Board [Ad 8s 3c 4c 2h]
Seat 1: VolkovDmitri (big blind) showed [Kh 3h] and won ($29.50) with a pair of Threes
Seat 3: Philly0813 (button) (small blind) mucked


PokerStars Hand #147706005134:  Hold'em Limit ($3/$6 USD) - 2016/01/26 9:23:06 ET
Table 'Arkab' 6-max Seat #1 is the button
Seat 1: VolkovDmitri ($203.26 in chips)
Seat 3: Philly0813 ($71.52 in chips)
VolkovDmitri: posts small blind $1
Philly0813: posts big blind $3
*** HOLE CARDS ***
VolkovDmitri: raises $3 to $6
Philly0813: calls $3
*** FLOP *** [Td 8c Ts]
Philly0813: checks
VolkovDmitri: bets $3
Philly0813: calls $3
*** TURN *** [Td 8c Ts] [6d]
Philly0813: checks
VolkovDmitri: checks
*** RIVER *** [Td 8c Ts 6d] [Jh]
Philly0813: bets $6
VolkovDmitri: calls $6
*** SHOW DOWN ***
Philly0813: shows [Js 6c] (two pair, Jacks and Tens)
VolkovDmitri: shows [3c Jd] (two pair, Jacks and Tens)
Philly0813 collected $14.75 from pot
VolkovDmitri collected $14.75 from pot
*** SUMMARY ***
Total pot $30 | Rake $0.50
Board [Td 8c Ts 6d Jh]
Seat 1: VolkovDmitri (button) (small blind) showed [3c Jd] and won ($14.75) with two pair, Jacks and Tens
Seat 3: Philly0813 (big blind) showed [Js 6c] and won ($14.75) with two pair, Jacks and Tens


PokerStars Hand #147706020068:  Hold'em Limit ($3/$6 USD) - 2016/01/26 9:23:27 ET
Table 'Arkab' 6-max Seat #3 is the button
Seat 1: VolkovDmitri ($203.01 in chips)
Seat 3: Philly0813 ($71.27 in chips)
Philly0813: posts small blind $1
VolkovDmitri: posts big blind $3
*** HOLE CARDS ***
Philly0813: raises $3 to $6
VolkovDmitri: raises $3 to $9
Philly0813: calls $3
*** FLOP *** [2d 5d As]
VolkovDmitri: bets $3
Philly0813: calls $3
*** TURN *** [2d 5d As] [Kh]
VolkovDmitri: checks
Philly0813: checks
*** RIVER *** [2d 5d As Kh] [Ks]
VolkovDmitri: bets $6
Philly0813: calls $6
*** SHOW DOWN ***
VolkovDmitri: shows [Jh Js] (two pair, Kings and Jacks)
Philly0813: mucks hand
VolkovDmitri collected $35.50 from pot
*** SUMMARY ***
Total pot $36 | Rake $0.50
Board [2d 5d As Kh Ks]
Seat 1: VolkovDmitri (big blind) showed [Jh Js] and won ($35.50) with two pair, Kings and Jacks
Seat 3: Philly0813 (button) (small blind) mucked


PokerStars Hand #147706038777:  Hold'em Limit ($3/$6 USD) - 2016/01/26 9:23:53 ET
Table 'Arkab' 6-max Seat #1 is the button
Seat 1: VolkovDmitri ($220.51 in chips)
Seat 3: Philly0813 ($53.27 in chips)
VolkovDmitri: posts small blind $1
Philly0813: posts big blind $3
*** HOLE CARDS ***
VolkovDmitri: raises $3 to $6
Philly0813: calls $3
*** FLOP *** [Tc Ad Kh]
Philly0813: checks
VolkovDmitri: bets $3
Philly0813: calls $3
*** TURN *** [Tc Ad Kh] [8d]
Philly0813: checks
VolkovDmitri: checks
*** RIVER *** [Tc Ad Kh 8d] [6c]
Philly0813: bets $6
VolkovDmitri: folds
Uncalled bet ($6) returned to Philly0813
Philly0813 collected $17.64 from pot
Philly0813: doesn't show hand
*** SUMMARY ***
Total pot $18 | Rake $0.36
Board [Tc Ad Kh 8d 6c]
Seat 1: VolkovDmitri (button) (small blind) folded on the River
Seat 3: Philly0813 (big blind) collected ($17.64)


PokerStars Hand #147706064978:  Hold'em Limit ($3/$6 USD) - 2016/01/26 9:24:29 ET
Table 'Arkab' 6-max Seat #3 is the button
Seat 1: VolkovDmitri ($211.51 in chips)
Seat 3: Philly0813 ($61.91 in chips)
Philly0813: posts small blind $1
VolkovDmitri: posts big blind $3
*** HOLE CARDS ***
Philly0813: raises $3 to $6
VolkovDmitri: raises $3 to $9
Philly0813: calls $3
*** FLOP *** [Ks 3c Ts]
VolkovDmitri: bets $3
Philly0813: raises $3 to $6
VolkovDmitri: raises $3 to $9
Philly0813: calls $3
*** TURN *** [Ks 3c Ts] [Kh]
VolkovDmitri: bets $6
Philly0813: calls $6
*** RIVER *** [Ks 3c Ts Kh] [3h]
VolkovDmitri: bets $6
Philly0813: calls $6
*** SHOW DOWN ***
VolkovDmitri: shows [Kc Qd] (a full house, Kings full of Threes)
Philly0813: mucks hand
VolkovDmitri collected $59.50 from pot
*** SUMMARY ***
Total pot $60 | Rake $0.50
Board [Ks 3c Ts Kh 3h]
Seat 1: VolkovDmitri (big blind) showed [Kc Qd] and won ($59.50) with a full house, Kings full of Threes
Seat 3: Philly0813 (button) (small blind) mucked


PokerStars Hand #147706083703:  Hold'em Limit ($3/$6 USD) - 2016/01/26 9:24:55 ET
Table 'Arkab' 6-max Seat #1 is the button
Seat 1: VolkovDmitri ($241.01 in chips)
Seat 3: Philly0813 ($31.91 in chips)
VolkovDmitri: posts small blind $1
Philly0813: posts big blind $3
*** HOLE CARDS ***
VolkovDmitri: raises $3 to $6
Philly0813: raises $3 to $9
VolkovDmitri: calls $3
*** FLOP *** [7s Jc 2s]
Philly0813: bets $3
VolkovDmitri: calls $3
*** TURN *** [7s Jc 2s] [2c]
Philly0813: bets $6
VolkovDmitri: raises $6 to $12
Philly0813: raises $6 to $18
partyalex92 joins the table at seat #4
VolkovDmitri: raises $6 to $24
Betting is capped
Philly0813: calls $1.91 and is all-in
Uncalled bet ($4.09) returned to VolkovDmitri
*** RIVER *** [7s Jc 2s 2c] [3d]
*** SHOW DOWN ***
Philly0813: shows [As Jh] (two pair, Jacks and Deuces)
VolkovDmitri: shows [2d Qc] (three of a kind, Deuces)
VolkovDmitri collected $63.32 from pot
*** SUMMARY ***
Total pot $63.82 | Rake $0.50
Board [7s Jc 2s 2c 3d]
Seat 1: VolkovDmitri (button) (small blind) showed [2d Qc] and won ($63.32) with three of a kind, Deuces
Seat 3: Philly0813 (big blind) showed [As Jh] and lost with two pair, Jacks and Deuces


PokerStars Hand #147707153101:  Hold'em Limit ($3/$6 USD) - 2016/01/26 9:49:20 ET
Table 'Arkab' 6-max Seat #5 is the button
Seat 5: ratami ($116.16 in chips)
Seat 6: PycV ($201.75 in chips)
ratami: posts small blind $1
PycV: posts big blind $3
*** HOLE CARDS ***
ratami: folds
Uncalled bet ($2) returned to PycV
PycV collected $2 from pot
PycV: doesn't show hand
*** SUMMARY ***
Total pot $2 | Rake $0
Seat 5: ratami (button) (small blind) folded before Flop
Seat 6: PycV (big blind) collected ($2)


PokerStars Hand #147707145323:  Hold'em Limit ($3/$6 USD) - 2016/01/26 9:49:09 ET
Table 'Arkab' 6-max Seat #6 is the button
Seat 5: ratami ($115.16 in chips)
Seat 6: PycV ($202.75 in chips)
PycV: posts small blind $1
bodo1444: is sitting out
ratami: posts big blind $3
*** HOLE CARDS ***
bodo1444 leaves the table
PycV: folds
Uncalled bet ($2) returned to ratami
ratami collected $2 from pot
ratami: doesn't show hand
*** SUMMARY ***
Total pot $2 | Rake $0
Seat 5: ratami (big blind) collected ($2)
Seat 6: PycV (button) (small blind) folded before Flop


