PokerStars Hand #148889531637:  Hold'em Limit ($3/$6 USD) - 2016/02/16 4:49:56 ET
Table 'Arkab' 6-max Seat #1 is the button
Seat 1: Mind90 ($276.76 in chips)
Seat 2: kolaz03 ($72 in chips)
Mind90: posts small blind $1
kolaz03: posts big blind $3
*** HOLE CARDS ***
Mind90: folds
Uncalled bet ($2) returned to kolaz03
kolaz03 collected $2 from pot
kolaz03: doesn't show hand
*** SUMMARY ***
Total pot $2 | Rake $0
Seat 1: Mind90 (button) (small blind) folded before Flop
Seat 2: kolaz03 (big blind) collected ($2)


PokerStars Hand #148889527256:  Hold'em Limit ($3/$6 USD) - 2016/02/16 4:49:46 ET
Table 'Arkab' 6-max Seat #2 is the button
Seat 1: Mind90 ($275.76 in chips)
Seat 2: kolaz03 ($72 in chips)
kolaz03: posts small blind $1
Mind90: posts big blind $3
*** HOLE CARDS ***
kolaz03: folds
Uncalled bet ($2) returned to Mind90
Mind90 collected $2 from pot
Mind90: doesn't show hand
*** SUMMARY ***
Total pot $2 | Rake $0
Seat 1: Mind90 (big blind) collected ($2)
Seat 2: kolaz03 (button) (small blind) folded before Flop


PokerStars Hand #148889518480:  Hold'em Limit ($3/$6 USD) - 2016/02/16 4:49:25 ET
Table 'Arkab' 6-max Seat #1 is the button
Seat 1: Mind90 ($270 in chips)
Seat 2: kolaz03 ($72 in chips)
Mind90: posts small blind $1
kolaz03: posts big blind $3
*** HOLE CARDS ***
Mind90: raises $3 to $6
kolaz03: calls $3
*** FLOP *** [Ah Jc 8d]
kolaz03: checks
Mind90: bets $3
kolaz03: folds
Uncalled bet ($3) returned to Mind90
Mind90 collected $11.76 from pot
Mind90: doesn't show hand
*** SUMMARY ***
Total pot $12 | Rake $0.24
Board [Ah Jc 8d]
Seat 1: Mind90 (button) (small blind) collected ($11.76)
Seat 2: kolaz03 (big blind) folded on the Flop


