PokerStars Hand #149300623667:  Hold'em Limit ($3/$6 USD) - 2016/02/23 14:08:18 ET
Table 'Arlon II' 6-max Seat #4 is the button
Seat 3: alingi77 ($71.26 in chips)
Seat 4: AzureCaper ($80.50 in chips)
AzureCaper: posts small blind $1
alingi77: posts big blind $3
*** HOLE CARDS ***
AzureCaper: folds
Uncalled bet ($2) returned to alingi77
alingi77 collected $2 from pot
alingi77: doesn't show hand
*** SUMMARY ***
Total pot $2 | Rake $0
Seat 3: alingi77 (big blind) collected ($2)
Seat 4: AzureCaper (button) (small blind) folded before Flop


PokerStars Hand #149300647250:  Hold'em Limit ($3/$6 USD) - 2016/02/23 14:08:50 ET
Table 'Arlon II' 6-max Seat #4 is the button
Seat 3: alingi77 ($80.90 in chips)
Seat 4: AzureCaper ($72 in chips)
AzureCaper: posts small blind $1
alingi77: posts big blind $3
*** HOLE CARDS ***
AzureCaper: folds
Uncalled bet ($2) returned to alingi77
alingi77 collected $2 from pot
alingi77: doesn't show hand
*** SUMMARY ***
Total pot $2 | Rake $0
Seat 3: alingi77 (big blind) collected ($2)
Seat 4: AzureCaper (button) (small blind) folded before Flop


PokerStars Hand #149300627139:  Hold'em Limit ($3/$6 USD) - 2016/02/23 14:08:23 ET
Table 'Arlon II' 6-max Seat #3 is the button
Seat 3: alingi77 ($72.26 in chips)
Seat 4: AzureCaper ($79.50 in chips)
alingi77: posts small blind $1
AzureCaper: posts big blind $3
*** HOLE CARDS ***
alingi77: calls $2
AzureCaper: raises $3 to $6
alingi77: calls $3
*** FLOP *** [7h 2s Ac]
AzureCaper: bets $3
alingi77: calls $3
*** TURN *** [7h 2s Ac] [5s]
AzureCaper: checks
alingi77: bets $6
AzureCaper: folds
Uncalled bet ($6) returned to alingi77
alingi77 collected $17.64 from pot
alingi77: doesn't show hand
*** SUMMARY ***
Total pot $18 | Rake $0.36
Board [7h 2s Ac 5s]
Seat 3: alingi77 (button) (small blind) collected ($17.64)
Seat 4: AzureCaper (big blind) folded on the Turn


PokerStars Hand #149300650461:  Hold'em Limit ($3/$6 USD) - 2016/02/23 14:08:55 ET
Table 'Arlon II' 6-max Seat #3 is the button
Seat 3: alingi77 ($81.90 in chips)
Seat 4: AzureCaper ($72 in chips)
alingi77: posts small blind $1
AzureCaper: posts big blind $3
*** HOLE CARDS ***
alingi77: calls $2
AzureCaper: checks
*** FLOP *** [6d 5h Kh]
AzureCaper: bets $3
alingi77: calls $3
*** TURN *** [6d 5h Kh] [6h]
AzureCaper: checks
alingi77: checks
*** RIVER *** [6d 5h Kh 6h] [Jd]
AzureCaper: checks
alingi77: checks
*** SHOW DOWN ***
AzureCaper: shows [4d 5s] (two pair, Sixes and Fives)
alingi77: mucks hand
AzureCaper collected $11.76 from pot
*** SUMMARY ***
Total pot $12 | Rake $0.24
Board [6d 5h Kh 6h Jd]
Seat 3: alingi77 (button) (small blind) mucked
Seat 4: AzureCaper (big blind) showed [4d 5s] and won ($11.76) with two pair, Sixes and Fives


PokerStars Hand #149300681573:  Hold'em Limit ($3/$6 USD) - 2016/02/23 14:09:39 ET
Table 'Arlon II' 6-max Seat #3 is the button
Seat 3: alingi77 ($99.40 in chips)
Seat 4: AzureCaper ($72 in chips)
alingi77: posts small blind $1
AzureCaper: posts big blind $3
*** HOLE CARDS ***
alingi77: folds
Uncalled bet ($2) returned to AzureCaper
AzureCaper collected $2 from pot
AzureCaper: doesn't show hand
*** SUMMARY ***
Total pot $2 | Rake $0
Seat 3: alingi77 (button) (small blind) folded before Flop
Seat 4: AzureCaper (big blind) collected ($2)


PokerStars Hand #149300661686:  Hold'em Limit ($3/$6 USD) - 2016/02/23 14:09:11 ET
Table 'Arlon II' 6-max Seat #4 is the button
Seat 3: alingi77 ($75.90 in chips)
Seat 4: AzureCaper ($77.76 in chips)
AzureCaper: posts small blind $1
alingi77: posts big blind $3
*** HOLE CARDS ***
AzureCaper: raises $3 to $6
alingi77: calls $3
*** FLOP *** [As 6h Qc]
alingi77: bets $3
AzureCaper: raises $3 to $6
alingi77: calls $3
*** TURN *** [As 6h Qc] [8d]
alingi77: checks
AzureCaper: bets $6
alingi77: calls $6
*** RIVER *** [As 6h Qc 8d] [3s]
alingi77: checks
AzureCaper: bets $6
alingi77: calls $6
*** SHOW DOWN ***
AzureCaper: shows [Th Js] (high card Ace)
alingi77: shows [9d 6s] (a pair of Sixes)
alingi77 collected $47.50 from pot
*** SUMMARY ***
Total pot $48 | Rake $0.50
Board [As 6h Qc 8d 3s]
Seat 3: alingi77 (big blind) showed [9d 6s] and won ($47.50) with a pair of Sixes
Seat 4: AzureCaper (button) (small blind) showed [Th Js] and lost with high card Ace


PokerStars Hand #149300696461:  Hold'em Limit ($3/$6 USD) - 2016/02/23 14:09:59 ET
Table 'Arlon II' 6-max Seat #3 is the button
Seat 3: alingi77 ($99.40 in chips)
Seat 4: AzureCaper ($72 in chips)
alingi77: posts small blind $1
AzureCaper: posts big blind $3
*** HOLE CARDS ***
alingi77: raises $3 to $6
AzureCaper: folds
Uncalled bet ($3) returned to alingi77
alingi77 collected $6 from pot
alingi77: doesn't show hand
*** SUMMARY ***
Total pot $6 | Rake $0
Seat 3: alingi77 (button) (small blind) collected ($6)
Seat 4: AzureCaper (big blind) folded before Flop


PokerStars Hand #149300685682:  Hold'em Limit ($3/$6 USD) - 2016/02/23 14:09:44 ET
Table 'Arlon II' 6-max Seat #4 is the button
Seat 3: alingi77 ($98.40 in chips)
Seat 4: AzureCaper ($73 in chips)
AzureCaper: posts small blind $1
alingi77: posts big blind $3
*** HOLE CARDS ***
AzureCaper: folds
Uncalled bet ($2) returned to alingi77
alingi77 collected $2 from pot
alingi77: doesn't show hand
*** SUMMARY ***
Total pot $2 | Rake $0
Seat 3: alingi77 (big blind) collected ($2)
Seat 4: AzureCaper (button) (small blind) folded before Flop


PokerStars Hand #149300701807:  Hold'em Limit ($3/$6 USD) - 2016/02/23 14:10:06 ET
Table 'Arlon II' 6-max Seat #4 is the button
Seat 3: alingi77 ($102.40 in chips)
Seat 4: AzureCaper ($72 in chips)
AzureCaper: posts small blind $1
alingi77: posts big blind $3
*** HOLE CARDS ***
AzureCaper: folds
Uncalled bet ($2) returned to alingi77
alingi77 collected $2 from pot
alingi77: doesn't show hand
*** SUMMARY ***
Total pot $2 | Rake $0
Seat 3: alingi77 (big blind) collected ($2)
Seat 4: AzureCaper (button) (small blind) folded before Flop


PokerStars Hand #149300704713:  Hold'em Limit ($3/$6 USD) - 2016/02/23 14:10:11 ET
Table 'Arlon II' 6-max Seat #3 is the button
Seat 3: alingi77 ($103.40 in chips)
Seat 4: AzureCaper ($72 in chips)
alingi77: posts small blind $1
AzureCaper: posts big blind $3
*** HOLE CARDS ***
alingi77: calls $2
AzureCaper: raises $3 to $6
alingi77: calls $3
*** FLOP *** [6h 2s 2d]
AzureCaper: bets $3
alingi77: raises $3 to $6
AzureCaper: raises $3 to $9
alingi77: calls $3
*** TURN *** [6h 2s 2d] [4c]
AzureCaper: bets $6
alingi77: calls $6
*** RIVER *** [6h 2s 2d 4c] [Ad]
AzureCaper: bets $6
alingi77: calls $6
*** SHOW DOWN ***
AzureCaper: shows [Jd 8d] (a pair of Deuces)
alingi77: shows [7h 6s] (two pair, Sixes and Deuces)
alingi77 collected $53.50 from pot
*** SUMMARY ***
Total pot $54 | Rake $0.50
Board [6h 2s 2d 4c Ad]
Seat 3: alingi77 (button) (small blind) showed [7h 6s] and won ($53.50) with two pair, Sixes and Deuces
Seat 4: AzureCaper (big blind) showed [Jd 8d] and lost with a pair of Deuces


PokerStars Hand #149300720741:  Hold'em Limit ($3/$6 USD) - 2016/02/23 14:10:33 ET
Table 'Arlon II' 6-max Seat #3 is the button
Seat 3: alingi77 ($130.90 in chips)
Seat 4: AzureCaper ($72 in chips)
alingi77: posts small blind $1
AzureCaper: posts big blind $3
*** HOLE CARDS ***
alingi77: calls $2
AzureCaper: checks
*** FLOP *** [3d 3h 6h]
AzureCaper: checks
alingi77: checks
*** TURN *** [3d 3h 6h] [9c]
AzureCaper: checks
alingi77: bets $6
AzureCaper: folds
Uncalled bet ($6) returned to alingi77
alingi77 collected $5.88 from pot
alingi77: doesn't show hand
*** SUMMARY ***
Total pot $6 | Rake $0.12
Board [3d 3h 6h 9c]
Seat 3: alingi77 (button) (small blind) collected ($5.88)
Seat 4: AzureCaper (big blind) folded on the Turn


PokerStars Hand #149300734346:  Hold'em Limit ($3/$6 USD) - 2016/02/23 14:10:52 ET
Table 'Arlon II' 6-max Seat #4 is the button
Seat 3: alingi77 ($133.78 in chips)
Seat 4: AzureCaper ($72 in chips)
AzureCaper: posts small blind $1
alingi77: posts big blind $3
*** HOLE CARDS ***
AzureCaper: raises $3 to $6
alingi77: calls $3
*** FLOP *** [Jh 8h Ah]
alingi77: checks
AzureCaper: bets $3
alingi77: calls $3
*** TURN *** [Jh 8h Ah] [9d]
alingi77: checks
AzureCaper: bets $6
alingi77: calls $6
*** RIVER *** [Jh 8h Ah 9d] [5c]
alingi77: checks
AzureCaper: bets $6
alingi77: calls $6
*** SHOW DOWN ***
AzureCaper: shows [9h As] (two pair, Aces and Nines)
alingi77: mucks hand
AzureCaper collected $41.50 from pot
*** SUMMARY ***
Total pot $42 | Rake $0.50
Board [Jh 8h Ah 9d 5c]
Seat 3: alingi77 (big blind) mucked
Seat 4: AzureCaper (button) (small blind) showed [9h As] and won ($41.50) with two pair, Aces and Nines


PokerStars Hand #149300760770:  Hold'em Limit ($3/$6 USD) - 2016/02/23 14:11:29 ET
Table 'Arlon II' 6-max Seat #4 is the button
Seat 3: alingi77 ($88.78 in chips)
Seat 4: AzureCaper ($116 in chips)
AzureCaper: posts small blind $1
alingi77: posts big blind $3
*** HOLE CARDS ***
AzureCaper: folds
Uncalled bet ($2) returned to alingi77
krytalex joins the table at seat #5
alingi77 collected $2 from pot
alingi77: doesn't show hand
*** SUMMARY ***
Total pot $2 | Rake $0
Seat 3: alingi77 (big blind) collected ($2)
Seat 4: AzureCaper (button) (small blind) folded before Flop


PokerStars Hand #149300763974:  Hold'em Limit ($3/$6 USD) - 2016/02/23 14:11:33 ET
Table 'Arlon II' 6-max Seat #3 is the button
Seat 3: alingi77 ($89.78 in chips)
Seat 4: AzureCaper ($115 in chips)
alingi77: posts small blind $1
AzureCaper: posts big blind $3
*** HOLE CARDS ***
alingi77: raises $3 to $6
AzureCaper: raises $3 to $9
alingi77: calls $3
*** FLOP *** [8s 6h 5c]
AzureCaper: bets $3
alingi77: calls $3
*** TURN *** [8s 6h 5c] [2d]
AzureCaper: bets $6
alingi77: calls $6
*** RIVER *** [8s 6h 5c 2d] [Ac]
AzureCaper: bets $6
alingi77: folds
Uncalled bet ($6) returned to AzureCaper
AzureCaper collected $35.50 from pot
AzureCaper: doesn't show hand
*** SUMMARY ***
Total pot $36 | Rake $0.50
Board [8s 6h 5c 2d Ac]
Seat 3: alingi77 (button) (small blind) folded on the River
Seat 4: AzureCaper (big blind) collected ($35.50)


PokerStars Hand #149301495698:  Hold'em Limit ($3/$6 USD) - 2016/02/23 14:28:42 ET
Table 'Arlon II' 6-max Seat #2 is the button
Seat 2: ex-cali999 ($114.77 in chips)
Seat 5: krytalex ($114.15 in chips)
ex-cali999: posts small blind $1
krytalex: posts big blind $3
*** HOLE CARDS ***
ex-cali999: folds
Uncalled bet ($2) returned to krytalex
krytalex collected $2 from pot
*** SUMMARY ***
Total pot $2 | Rake $0
Seat 2: ex-cali999 (button) (small blind) folded before Flop
Seat 5: krytalex (big blind) collected ($2)


PokerStars Hand #149301480076:  Hold'em Limit ($3/$6 USD) - 2016/02/23 14:28:20 ET
Table 'Arlon II' 6-max Seat #5 is the button
Seat 2: ex-cali999 ($120.77 in chips)
Seat 5: krytalex ($108.39 in chips)
krytalex: posts small blind $1
ex-cali999: posts big blind $3
*** HOLE CARDS ***
krytalex: raises $3 to $6
ex-cali999: calls $3
*** FLOP *** [Kd Tc 9c]
alingi77 leaves the table
ex-cali999: checks
krytalex: bets $3
AzureCaper leaves the table
ex-cali999: folds
Uncalled bet ($3) returned to krytalex
krytalex collected $11.76 from pot
*** SUMMARY ***
Total pot $12 | Rake $0.24
Board [Kd Tc 9c]
Seat 2: ex-cali999 (big blind) folded on the Flop
Seat 5: krytalex (button) (small blind) collected ($11.76)


PokerStars Hand #149301542074:  Hold'em Limit ($3/$6 USD) - 2016/02/23 14:29:47 ET
Table 'Arlon II' 6-max Seat #5 is the button
Seat 2: ex-cali999 ($127.27 in chips)
Seat 5: krytalex ($101.15 in chips)
krytalex: posts small blind $1
ex-cali999: posts big blind $3
*** HOLE CARDS ***
krytalex: folds
Uncalled bet ($2) returned to ex-cali999
ex-cali999 collected $2 from pot
ex-cali999: doesn't show hand
*** SUMMARY ***
Total pot $2 | Rake $0
Seat 2: ex-cali999 (big blind) collected ($2)
Seat 5: krytalex (button) (small blind) folded before Flop


PokerStars Hand #149301537501:  Hold'em Limit ($3/$6 USD) - 2016/02/23 14:29:41 ET
Table 'Arlon II' 6-max Seat #2 is the button
Seat 2: ex-cali999 ($128.27 in chips)
Seat 5: krytalex ($100.15 in chips)
ex-cali999: posts small blind $1
krytalex: posts big blind $3
*** HOLE CARDS ***
ex-cali999: folds
Uncalled bet ($2) returned to krytalex
krytalex collected $2 from pot
*** SUMMARY ***
Total pot $2 | Rake $0
Seat 2: ex-cali999 (button) (small blind) folded before Flop
Seat 5: krytalex (big blind) collected ($2)


PokerStars Hand #149301506758:  Hold'em Limit ($3/$6 USD) - 2016/02/23 14:28:57 ET
Table 'Arlon II' 6-max Seat #5 is the button
Seat 2: ex-cali999 ($113.77 in chips)
Seat 5: krytalex ($115.15 in chips)
krytalex: posts small blind $1
ex-cali999: posts big blind $3
*** HOLE CARDS ***
krytalex: raises $3 to $6
ex-cali999: calls $3
*** FLOP *** [7d Kc 2d]
ex-cali999: checks
krytalex: bets $3
ex-cali999: calls $3
*** TURN *** [7d Kc 2d] [8c]
ex-cali999: checks
krytalex: bets $6
ex-cali999: raises $6 to $12
krytalex: folds
Uncalled bet ($6) returned to ex-cali999
ex-cali999 collected $29.50 from pot
ex-cali999: doesn't show hand
*** SUMMARY ***
Total pot $30 | Rake $0.50
Board [7d Kc 2d 8c]
Seat 2: ex-cali999 (big blind) collected ($29.50)
Seat 5: krytalex (button) (small blind) folded on the Turn


PokerStars Hand #149301553769:  Hold'em Limit ($3/$6 USD) - 2016/02/23 14:30:04 ET
Table 'Arlon II' 6-max Seat #5 is the button
Seat 2: ex-cali999 ($134.03 in chips)
Seat 5: krytalex ($94.15 in chips)
krytalex: posts small blind $1
ex-cali999: posts big blind $3
*** HOLE CARDS ***
krytalex: raises $3 to $6
ex-cali999: calls $3
*** FLOP *** [6s 3c 4d]
ex-cali999: checks
krytalex: bets $3
ex-cali999: raises $3 to $6
krytalex: calls $3
*** TURN *** [6s 3c 4d] [5c]
ex-cali999: bets $6
krytalex: folds
Uncalled bet ($6) returned to ex-cali999
ex-cali999 collected $23.52 from pot
ex-cali999: doesn't show hand
*** SUMMARY ***
Total pot $24 | Rake $0.48
Board [6s 3c 4d 5c]
Seat 2: ex-cali999 (big blind) collected ($23.52)
Seat 5: krytalex (button) (small blind) folded on the Turn


PokerStars Hand #149301572427:  Hold'em Limit ($3/$6 USD) - 2016/02/23 14:30:30 ET
Table 'Arlon II' 6-max Seat #2 is the button
Seat 2: ex-cali999 ($145.55 in chips)
Seat 5: krytalex ($82.15 in chips)
ex-cali999: posts small blind $1
krytalex: posts big blind $3
*** HOLE CARDS ***
ex-cali999: raises $3 to $6
slick1267 joins the table at seat #4
krytalex: folds
Uncalled bet ($3) returned to ex-cali999
ex-cali999 collected $6 from pot
ex-cali999: doesn't show hand
*** SUMMARY ***
Total pot $6 | Rake $0
Seat 2: ex-cali999 (button) (small blind) collected ($6)
Seat 5: krytalex (big blind) folded before Flop


PokerStars Hand #149301580638:  Hold'em Limit ($3/$6 USD) - 2016/02/23 14:30:41 ET
Table 'Arlon II' 6-max Seat #5 is the button
Seat 2: ex-cali999 ($148.55 in chips)
Seat 5: krytalex ($79.15 in chips)
krytalex: posts small blind $1
ex-cali999: posts big blind $3
*** HOLE CARDS ***
krytalex: folds
Uncalled bet ($2) returned to ex-cali999
ex-cali999 collected $2 from pot
ex-cali999: doesn't show hand
*** SUMMARY ***
Total pot $2 | Rake $0
Seat 2: ex-cali999 (big blind) collected ($2)
Seat 5: krytalex (button) (small blind) folded before Flop


PokerStars Hand #149301545260:  Hold'em Limit ($3/$6 USD) - 2016/02/23 14:29:52 ET
Table 'Arlon II' 6-max Seat #2 is the button
Seat 2: ex-cali999 ($128.27 in chips)
Seat 5: krytalex ($100.15 in chips)
ex-cali999: posts small blind $1
krytalex: posts big blind $3
*** HOLE CARDS ***
ex-cali999: raises $3 to $6
krytalex: calls $3
*** FLOP *** [Qh 2d 4h]
krytalex: checks
ex-cali999: bets $3
krytalex: folds
Uncalled bet ($3) returned to ex-cali999
ex-cali999 collected $11.76 from pot
ex-cali999: doesn't show hand
*** SUMMARY ***
Total pot $12 | Rake $0.24
Board [Qh 2d 4h]
Seat 2: ex-cali999 (button) (small blind) collected ($11.76)
Seat 5: krytalex (big blind) folded on the Flop


PokerStars Hand #149302160283:  Hold'em Limit ($3/$6 USD) - 2016/02/23 14:44:20 ET
Table 'Arlon II' 6-max Seat #1 is the button
Seat 1: SmellyToes4u ($65.90 in chips)
Seat 2: ex-cali999 ($182.18 in chips)
SmellyToes4u: posts small blind $1
ex-cali999: posts big blind $3
*** HOLE CARDS ***
SmellyToes4u: folds
Uncalled bet ($2) returned to ex-cali999
ex-cali999 collected $2 from pot
ex-cali999: doesn't show hand
*** SUMMARY ***
Total pot $2 | Rake $0
Seat 1: SmellyToes4u (button) (small blind) folded before Flop
Seat 2: ex-cali999 (big blind) collected ($2)


PokerStars Hand #149302153197:  Hold'em Limit ($3/$6 USD) - 2016/02/23 14:44:10 ET
Table 'Arlon II' 6-max Seat #2 is the button
Seat 1: SmellyToes4u ($68.90 in chips)
Seat 2: ex-cali999 ($179.18 in chips)
ex-cali999: posts small blind $1
crash19867: is sitting out
vestimokrec: is sitting out
SmellyToes4u: posts big blind $3
*** HOLE CARDS ***
ex-cali999: raises $3 to $6
crash19867 leaves the table
vestimokrec leaves the table
SmellyToes4u: folds
Uncalled bet ($3) returned to ex-cali999
ex-cali999 collected $6 from pot
ex-cali999: doesn't show hand
*** SUMMARY ***
Total pot $6 | Rake $0
Seat 1: SmellyToes4u (big blind) folded before Flop
Seat 2: ex-cali999 (button) (small blind) collected ($6)


PokerStars Hand #149304060091:  Hold'em Limit ($3/$6 USD) - 2016/02/23 15:31:02 ET
Table 'Arlon II' 6-max Seat #1 is the button
Seat 1: ex-cali999 ($104.31 in chips)
Seat 4: ChicagoBull4 ($85.06 in chips)
ex-cali999: posts small blind $1
ChicagoBull4: posts big blind $3
*** HOLE CARDS ***
ex-cali999: raises $3 to $6
ChicagoBull4: calls $3
*** FLOP *** [5d 3d 9h]
ChicagoBull4: checks
ex-cali999: bets $3
ChicagoBull4: calls $3
*** TURN *** [5d 3d 9h] [8s]
ChicagoBull4: checks
ex-cali999: bets $6
ChicagoBull4: calls $6
*** RIVER *** [5d 3d 9h 8s] [Ad]
ChicagoBull4: checks
ex-cali999: bets $6
ChicagoBull4: folds
Uncalled bet ($6) returned to ex-cali999
ex-cali999 collected $29.50 from pot
ex-cali999: doesn't show hand
*** SUMMARY ***
Total pot $30 | Rake $0.50
Board [5d 3d 9h 8s Ad]
Seat 1: ex-cali999 (button) (small blind) collected ($29.50)
Seat 4: ChicagoBull4 (big blind) folded on the River


