PokerStars Hand #162247563577:  Hold'em Limit ($3/$6 USD) - 2016/12/01 13:39:04 ET
Table 'Arlon' 6-max Seat #4 is the button
Seat 3: chebob ($65 in chips)
Seat 4: TbIP-TbIP 88 ($73 in chips)
TbIP-TbIP 88: posts small blind $1
chebob: posts big blind $3
*** HOLE CARDS ***
TbIP-TbIP 88: folds
Uncalled bet ($2) returned to chebob
chebob collected $2 from pot
chebob: doesn't show hand
*** SUMMARY ***
Total pot $2 | Rake $0
Seat 3: chebob (big blind) collected ($2)
Seat 4: TbIP-TbIP 88 (button) (small blind) folded before Flop


PokerStars Hand #162247638444:  Hold'em Limit ($3/$6 USD) - 2016/12/01 13:40:27 ET
Table 'Arlon' 6-max Seat #4 is the button
Seat 3: chebob ($104 in chips)
Seat 4: TbIP-TbIP 88 ($72 in chips)
TbIP-TbIP 88: posts small blind $1
chebob: posts big blind $3
*** HOLE CARDS ***
TbIP-TbIP 88: raises $3 to $6
chebob: folds
Uncalled bet ($3) returned to TbIP-TbIP 88
TbIP-TbIP 88 collected $6 from pot
TbIP-TbIP 88: doesn't show hand
*** SUMMARY ***
Total pot $6 | Rake $0
Seat 3: chebob (big blind) folded before Flop
Seat 4: TbIP-TbIP 88 (button) (small blind) collected ($6)


PokerStars Hand #162247619073:  Hold'em Limit ($3/$6 USD) - 2016/12/01 13:40:05 ET
Table 'Arlon' 6-max Seat #3 is the button
Seat 3: chebob ($83.50 in chips)
Seat 4: TbIP-TbIP 88 ($77.76 in chips)
chebob: posts small blind $1
TbIP-TbIP 88: posts big blind $3
*** HOLE CARDS ***
chebob: raises $3 to $6
TbIP-TbIP 88: calls $3
*** FLOP *** [As 3h 6c]
TbIP-TbIP 88: checks
chebob: bets $3
TbIP-TbIP 88: calls $3
*** TURN *** [As 3h 6c] [8h]
TbIP-TbIP 88: checks
chebob: bets $6
TbIP-TbIP 88: calls $6
*** RIVER *** [As 3h 6c 8h] [5c]
TbIP-TbIP 88: checks
chebob: bets $6
TbIP-TbIP 88: calls $6
*** SHOW DOWN ***
chebob: shows [5h 8s] (two pair, Eights and Fives)
TbIP-TbIP 88: mucks hand
chebob collected $41.50 from pot
*** SUMMARY ***
Total pot $42 | Rake $0.50
Board [As 3h 6c 8h 5c]
Seat 3: chebob (button) (small blind) showed [5h 8s] and won ($41.50) with two pair, Eights and Fives
Seat 4: TbIP-TbIP 88 (big blind) mucked


PokerStars Hand #162247600828:  Hold'em Limit ($3/$6 USD) - 2016/12/01 13:39:45 ET
Table 'Arlon' 6-max Seat #4 is the button
Seat 3: chebob ($89.50 in chips)
Seat 4: TbIP-TbIP 88 ($72 in chips)
TbIP-TbIP 88: posts small blind $1
chebob: posts big blind $3
*** HOLE CARDS ***
TbIP-TbIP 88: raises $3 to $6
chebob: calls $3
*** FLOP *** [2c 4d 6h]
chebob: checks
TbIP-TbIP 88: checks
*** TURN *** [2c 4d 6h] [Kd]
chebob: checks
TbIP-TbIP 88: checks
*** RIVER *** [2c 4d 6h Kd] [3c]
chebob: checks
TbIP-TbIP 88: checks
*** SHOW DOWN ***
chebob: shows [7c 9s] (high card King)
TbIP-TbIP 88: shows [8d Jh] (high card King - Jack kicker)
TbIP-TbIP 88 collected $11.76 from pot
*** SUMMARY ***
Total pot $12 | Rake $0.24
Board [2c 4d 6h Kd 3c]
Seat 3: chebob (big blind) showed [7c 9s] and lost with high card King
Seat 4: TbIP-TbIP 88 (button) (small blind) showed [8d Jh] and won ($11.76) with high card King


PokerStars Hand #162247573448:  Hold'em Limit ($3/$6 USD) - 2016/12/01 13:39:15 ET
Table 'Arlon' 6-max Seat #3 is the button
Seat 3: chebob ($66 in chips)
Seat 4: TbIP-TbIP 88 ($72 in chips)
chebob: posts small blind $1
TbIP-TbIP 88: posts big blind $3
*** HOLE CARDS ***
chebob: raises $3 to $6
TbIP-TbIP 88: calls $3
*** FLOP *** [4h 6h 7d]
TbIP-TbIP 88: checks
chebob: bets $3
TbIP-TbIP 88: raises $3 to $6
chebob: calls $3
*** TURN *** [4h 6h 7d] [Ah]
TbIP-TbIP 88: checks
chebob: bets $6
TbIP-TbIP 88: calls $6
*** RIVER *** [4h 6h 7d Ah] [9d]
TbIP-TbIP 88: checks
chebob: bets $6
TbIP-TbIP 88: calls $6
*** SHOW DOWN ***
chebob: shows [As 7c] (two pair, Aces and Sevens)
TbIP-TbIP 88: mucks hand
chebob collected $47.50 from pot
*** SUMMARY ***
Total pot $48 | Rake $0.50
Board [4h 6h 7d Ah 9d]
Seat 3: chebob (button) (small blind) showed [As 7c] and won ($47.50) with two pair, Aces and Sevens
Seat 4: TbIP-TbIP 88 (big blind) mucked


PokerStars Hand #162247645788:  Hold'em Limit ($3/$6 USD) - 2016/12/01 13:40:35 ET
Table 'Arlon' 6-max Seat #3 is the button
Seat 3: chebob ($101 in chips)
Seat 4: TbIP-TbIP 88 ($75 in chips)
chebob: posts small blind $1
TbIP-TbIP 88: posts big blind $3
*** HOLE CARDS ***
chebob: raises $3 to $6
TbIP-TbIP 88: calls $3
*** FLOP *** [As 3h Ad]
TbIP-TbIP 88: checks
chebob: bets $3
Holla-eller? joins the table at seat #5
TbIP-TbIP 88: calls $3
*** TURN *** [As 3h Ad] [9d]
TbIP-TbIP 88: checks
chebob: bets $6
TbIP-TbIP 88: folds
Uncalled bet ($6) returned to chebob
chebob collected $17.64 from pot
chebob: doesn't show hand
*** SUMMARY ***
Total pot $18 | Rake $0.36
Board [As 3h Ad 9d]
Seat 3: chebob (button) (small blind) collected ($17.64)
Seat 4: TbIP-TbIP 88 (big blind) folded on the Turn


PokerStars Hand #162250798911:  Hold'em Limit ($3/$6 USD) - 2016/12/01 14:31:02 ET
Table 'Arlon' 6-max Seat #3 is the button
Seat 3: Hannibal2211 ($101.19 in chips)
Seat 5: MATEKATA2 ($433.40 in chips)
Hannibal2211: posts small blind $1
Thrash370: is sitting out
MATEKATA2: posts big blind $3
*** HOLE CARDS ***
Hannibal2211: raises $3 to $6
Luanto 14 leaves the table
MATEKATA2: calls $3
*** FLOP *** [7s 3s 3c]
Koraseg leaves the table
MATEKATA2: checks
Hannibal2211: bets $3
MATEKATA2: calls $3
*** TURN *** [7s 3s 3c] [3h]
MATEKATA2: checks
Hannibal2211: checks
*** RIVER *** [7s 3s 3c 3h] [Qc]
MATEKATA2: checks
Thrash370 leaves the table
Hannibal2211: checks
*** SHOW DOWN ***
MATEKATA2: shows [Jc 5s] (three of a kind, Threes)
Hannibal2211: shows [Tc Jh] (three of a kind, Threes)
MATEKATA2 collected $8.82 from pot
Hannibal2211 collected $8.82 from pot
*** SUMMARY ***
Total pot $18 | Rake $0.36
Board [7s 3s 3c 3h Qc]
Seat 3: Hannibal2211 (button) (small blind) showed [Tc Jh] and won ($8.82) with three of a kind, Threes
Seat 5: MATEKATA2 (big blind) showed [Jc 5s] and won ($8.82) with three of a kind, Threes


PokerStars Hand #162250863863:  Hold'em Limit ($3/$6 USD) - 2016/12/01 14:31:56 ET
Table 'Arlon' 6-max Seat #5 is the button
Seat 3: Hannibal2211 ($132.51 in chips)
Seat 5: MATEKATA2 ($401.22 in chips)
MATEKATA2: posts small blind $1
Hannibal2211: posts big blind $3
*** HOLE CARDS ***
MATEKATA2: calls $2
Hannibal2211: checks
*** FLOP *** [4h 4s 3d]
Hannibal2211: checks
MATEKATA2: checks
*** TURN *** [4h 4s 3d] [3s]
Hannibal2211: checks
MATEKATA2: bets $6
Hannibal2211: folds
Uncalled bet ($6) returned to MATEKATA2
MATEKATA2 collected $5.88 from pot
*** SUMMARY ***
Total pot $6 | Rake $0.12
Board [4h 4s 3d 3s]
Seat 3: Hannibal2211 (big blind) folded on the Turn
Seat 5: MATEKATA2 (button) (small blind) collected ($5.88)


PokerStars Hand #162250859223:  Hold'em Limit ($3/$6 USD) - 2016/12/01 14:31:52 ET
Table 'Arlon' 6-max Seat #3 is the button
Seat 3: Hannibal2211 ($133.51 in chips)
Seat 5: MATEKATA2 ($400.22 in chips)
Hannibal2211: posts small blind $1
MATEKATA2: posts big blind $3
*** HOLE CARDS ***
Hannibal2211: folds
Uncalled bet ($2) returned to MATEKATA2
MATEKATA2 collected $2 from pot
*** SUMMARY ***
Total pot $2 | Rake $0
Seat 3: Hannibal2211 (button) (small blind) folded before Flop
Seat 5: MATEKATA2 (big blind) collected ($2)


PokerStars Hand #162250830074:  Hold'em Limit ($3/$6 USD) - 2016/12/01 14:31:28 ET
Table 'Arlon' 6-max Seat #5 is the button
Seat 3: Hannibal2211 ($101.01 in chips)
Seat 5: MATEKATA2 ($433.22 in chips)
MATEKATA2: posts small blind $1
Hannibal2211: posts big blind $3
*** HOLE CARDS ***
MATEKATA2: raises $3 to $6
Hannibal2211: calls $3
*** FLOP *** [Qh 6h Th]
Hannibal2211: checks
MATEKATA2: bets $3
Hannibal2211: raises $3 to $6
MATEKATA2: raises $3 to $9
Hannibal2211: calls $3
*** TURN *** [Qh 6h Th] [9s]
Hannibal2211: checks
MATEKATA2: bets $6
Hannibal2211: raises $6 to $12
MATEKATA2: calls $6
*** RIVER *** [Qh 6h Th 9s] [5h]
Hannibal2211: bets $6
MATEKATA2: calls $6
*** SHOW DOWN ***
Hannibal2211: shows [Ah 2h] (a flush, Ace high)
MATEKATA2: mucks hand
Hannibal2211 collected $65.50 from pot
*** SUMMARY ***
Total pot $66 | Rake $0.50
Board [Qh 6h Th 9s 5h]
Seat 3: Hannibal2211 (big blind) showed [Ah 2h] and won ($65.50) with a flush, Ace high
Seat 5: MATEKATA2 (button) (small blind) mucked


PokerStars Hand #162250881245:  Hold'em Limit ($3/$6 USD) - 2016/12/01 14:32:11 ET
Table 'Arlon' 6-max Seat #3 is the button
Seat 3: Hannibal2211 ($129.51 in chips)
Seat 5: MATEKATA2 ($404.10 in chips)
Hannibal2211: posts small blind $1
MATEKATA2: posts big blind $3
*** HOLE CARDS ***
Hannibal2211: raises $3 to $6
MATEKATA2: calls $3
*** FLOP *** [Jd 9h 4h]
MATEKATA2: checks
Hannibal2211: bets $3
MATEKATA2: calls $3
*** TURN *** [Jd 9h 4h] [3c]
MATEKATA2: checks
Hannibal2211: bets $6
MATEKATA2: calls $6
*** RIVER *** [Jd 9h 4h 3c] [5c]
MATEKATA2: checks
Hannibal2211: bets $6
patrikskjold joins the table at seat #6
MATEKATA2: folds
Uncalled bet ($6) returned to Hannibal2211
Hannibal2211 collected $29.50 from pot
Hannibal2211: doesn't show hand
*** SUMMARY ***
Total pot $30 | Rake $0.50
Board [Jd 9h 4h 3c 5c]
Seat 3: Hannibal2211 (button) (small blind) collected ($29.50)
Seat 5: MATEKATA2 (big blind) folded on the River


PokerStars Hand #162250937437:  Hold'em Limit ($3/$6 USD) - 2016/12/01 14:32:59 ET
Table 'Arlon' 6-max Seat #3 is the button
Seat 3: Hannibal2211 ($133.01 in chips)
Seat 6: patrikskjold ($114.09 in chips)
Hannibal2211: posts small blind $1
patrikskjold: posts big blind $3
*** HOLE CARDS ***
Hannibal2211: raises $3 to $6
patrikskjold: calls $3
*** FLOP *** [2h 8d 6h]
patrikskjold: checks
Hannibal2211: checks
*** TURN *** [2h 8d 6h] [Ad]
patrikskjold: checks
Hannibal2211: checks
*** RIVER *** [2h 8d 6h Ad] [Td]
patrikskjold: bets $6
Hannibal2211: folds
Uncalled bet ($6) returned to patrikskjold
patrikskjold collected $11.76 from pot
patrikskjold: doesn't show hand
*** SUMMARY ***
Total pot $12 | Rake $0.24
Board [2h 8d 6h Ad Td]
Seat 3: Hannibal2211 (button) (small blind) folded on the River
Seat 6: patrikskjold (big blind) collected ($11.76)


PokerStars Hand #162250928558:  Hold'em Limit ($3/$6 USD) - 2016/12/01 14:32:51 ET
Table 'Arlon' 6-max Seat #6 is the button
Seat 3: Hannibal2211 ($132.01 in chips)
Seat 6: patrikskjold ($115.09 in chips)
patrikskjold: posts small blind $1
Hannibal2211: posts big blind $3
*** HOLE CARDS ***
patrikskjold: folds
Uncalled bet ($2) returned to Hannibal2211
Hannibal2211 collected $2 from pot
Hannibal2211: doesn't show hand
*** SUMMARY ***
Total pot $2 | Rake $0
Seat 3: Hannibal2211 (big blind) collected ($2)
Seat 6: patrikskjold (button) (small blind) folded before Flop


PokerStars Hand #162258443008:  Hold'em Limit ($3/$6 USD) - 2016/12/01 16:31:31 ET
Table 'Arlon' 6-max Seat #1 is the button
Seat 1: assitoni ($92.50 in chips)
Seat 6: jojo44ii ($22.95 in chips)
assitoni: posts small blind $1
jojo44ii: posts big blind $3
*** HOLE CARDS ***
assitoni: raises $3 to $6
jojo44ii: calls $3
*** FLOP *** [8c 4s 8h]
jojo44ii: checks
assitoni: bets $3
jojo44ii: raises $3 to $6
assitoni: calls $3
*** TURN *** [8c 4s 8h] [5c]
jojo44ii: bets $6
assitoni: raises $6 to $12
jojo44ii: calls $4.95 and is all-in
Uncalled bet ($1.05) returned to assitoni
*** RIVER *** [8c 4s 8h 5c] [Ah]
*** SHOW DOWN ***
jojo44ii: shows [4c 6h] (two pair, Eights and Fours)
assitoni: shows [8s 6s] (three of a kind, Eights)
assitoni collected $45.40 from pot
*** SUMMARY ***
Total pot $45.90 | Rake $0.50
Board [8c 4s 8h 5c Ah]
Seat 1: assitoni (button) (small blind) showed [8s 6s] and won ($45.40) with three of a kind, Eights
Seat 6: jojo44ii (big blind) showed [4c 6h] and lost with two pair, Eights and Fours


