PokerStars Hand #149841272231:  Hold'em Limit ($3/$6 USD) - 2016/03/04 16:25:16 ET
Table 'Arlon' 6-max Seat #4 is the button
Seat 4: AzureCaper ($88.16 in chips)
Seat 6: TOMZON2 ($163 in chips)
AzureCaper: posts small blind $1
TOMZON2: posts big blind $3
*** HOLE CARDS ***
AzureCaper: folds
Uncalled bet ($2) returned to TOMZON2
TOMZON2 collected $2 from pot
TOMZON2: doesn't show hand
*** SUMMARY ***
Total pot $2 | Rake $0
Seat 4: AzureCaper (button) (small blind) folded before Flop
Seat 6: TOMZON2 (big blind) collected ($2)


PokerStars Hand #149841264069:  Hold'em Limit ($3/$6 USD) - 2016/03/04 16:25:08 ET
Table 'Arlon' 6-max Seat #6 is the button
Seat 4: AzureCaper ($91.16 in chips)
Seat 6: TOMZON2 ($160 in chips)
TOMZON2: posts small blind $1
AzureCaper: posts big blind $3
*** HOLE CARDS ***
TOMZON2: raises $3 to $6
AzureCaper: folds
Uncalled bet ($3) returned to TOMZON2
TOMZON2 collected $6 from pot
TOMZON2: doesn't show hand
*** SUMMARY ***
Total pot $6 | Rake $0
Seat 4: AzureCaper (big blind) folded before Flop
Seat 6: TOMZON2 (button) (small blind) collected ($6)


PokerStars Hand #149841253503:  Hold'em Limit ($3/$6 USD) - 2016/03/04 16:24:57 ET
Table 'Arlon' 6-max Seat #4 is the button
Seat 4: AzureCaper ($85.40 in chips)
Seat 6: TOMZON2 ($166 in chips)
AzureCaper: posts small blind $1
TOMZON2: posts big blind $3
*** HOLE CARDS ***
AzureCaper: raises $3 to $6
TOMZON2: calls $3
*** FLOP *** [2c Tc 5h]
TOMZON2: checks
AzureCaper: bets $3
TOMZON2: folds
Uncalled bet ($3) returned to AzureCaper
AzureCaper collected $11.76 from pot
AzureCaper: doesn't show hand
*** SUMMARY ***
Total pot $12 | Rake $0.24
Board [2c Tc 5h]
Seat 4: AzureCaper (button) (small blind) collected ($11.76)
Seat 6: TOMZON2 (big blind) folded on the Flop


PokerStars Hand #149842426062:  Hold'em Limit ($3/$6 USD) - 2016/03/04 16:45:40 ET
Table 'Arlon' 6-max Seat #3 is the button
Seat 3: DeKirov ($81.52 in chips)
Seat 4: AzureCaper ($75 in chips)
DeKirov: posts small blind $1
AzureCaper: posts big blind $3
*** HOLE CARDS ***
DeKirov: raises $3 to $6
AzureCaper: calls $3
*** FLOP *** [Kc 2h Kh]
AzureCaper: checks
DeKirov: checks
*** TURN *** [Kc 2h Kh] [Jh]
AzureCaper: checks
DeKirov: checks
*** RIVER *** [Kc 2h Kh Jh] [Qd]
AzureCaper: checks
DeKirov: bets $6
AzureCaper: folds
Uncalled bet ($6) returned to DeKirov
DeKirov collected $11.76 from pot
DeKirov: doesn't show hand
*** SUMMARY ***
Total pot $12 | Rake $0.24
Board [Kc 2h Kh Jh Qd]
Seat 3: DeKirov (button) (small blind) collected ($11.76)
Seat 4: AzureCaper (big blind) folded on the River


PokerStars Hand #149842455250:  Hold'em Limit ($3/$6 USD) - 2016/03/04 16:46:12 ET
Table 'Arlon' 6-max Seat #3 is the button
Seat 3: DeKirov ($88.28 in chips)
Seat 4: AzureCaper ($72 in chips)
DeKirov: posts small blind $1
AzureCaper: posts big blind $3
*** HOLE CARDS ***
DeKirov: folds
Uncalled bet ($2) returned to AzureCaper
AzureCaper collected $2 from pot
AzureCaper: doesn't show hand
*** SUMMARY ***
Total pot $2 | Rake $0
Seat 3: DeKirov (button) (small blind) folded before Flop
Seat 4: AzureCaper (big blind) collected ($2)


PokerStars Hand #149842450326:  Hold'em Limit ($3/$6 USD) - 2016/03/04 16:46:07 ET
Table 'Arlon' 6-max Seat #4 is the button
Seat 3: DeKirov ($87.28 in chips)
Seat 4: AzureCaper ($72 in chips)
AzureCaper: posts small blind $1
DeKirov: posts big blind $3
*** HOLE CARDS ***
AzureCaper: folds
Uncalled bet ($2) returned to DeKirov
DeKirov collected $2 from pot
DeKirov: doesn't show hand
*** SUMMARY ***
Total pot $2 | Rake $0
Seat 3: DeKirov (big blind) collected ($2)
Seat 4: AzureCaper (button) (small blind) folded before Flop


PokerStars Hand #149842461128:  Hold'em Limit ($3/$6 USD) - 2016/03/04 16:46:18 ET
Table 'Arlon' 6-max Seat #4 is the button
Seat 3: DeKirov ($87.28 in chips)
Seat 4: AzureCaper ($73 in chips)
AzureCaper: posts small blind $1
DeKirov: posts big blind $3
*** HOLE CARDS ***
AzureCaper: folds
Uncalled bet ($2) returned to DeKirov
DeKirov collected $2 from pot
DeKirov: doesn't show hand
*** SUMMARY ***
Total pot $2 | Rake $0
Seat 3: DeKirov (big blind) collected ($2)
Seat 4: AzureCaper (button) (small blind) folded before Flop


PokerStars Hand #149842467102:  Hold'em Limit ($3/$6 USD) - 2016/03/04 16:46:25 ET
Table 'Arlon' 6-max Seat #3 is the button
Seat 3: DeKirov ($88.28 in chips)
Seat 4: AzureCaper ($72 in chips)
DeKirov: posts small blind $1
AzureCaper: posts big blind $3
*** HOLE CARDS ***
DeKirov: raises $3 to $6
AzureCaper: folds
Uncalled bet ($3) returned to DeKirov
DeKirov collected $6 from pot
DeKirov: doesn't show hand
*** SUMMARY ***
Total pot $6 | Rake $0
Seat 3: DeKirov (button) (small blind) collected ($6)
Seat 4: AzureCaper (big blind) folded before Flop


PokerStars Hand #149842483867:  Hold'em Limit ($3/$6 USD) - 2016/03/04 16:46:42 ET
Table 'Arlon' 6-max Seat #3 is the button
Seat 3: DeKirov ($92.28 in chips)
Seat 4: AzureCaper ($72 in chips)
DeKirov: posts small blind $1
AzureCaper: posts big blind $3
*** HOLE CARDS ***
DeKirov: folds
Uncalled bet ($2) returned to AzureCaper
AzureCaper collected $2 from pot
AzureCaper: doesn't show hand
*** SUMMARY ***
Total pot $2 | Rake $0
Seat 3: DeKirov (button) (small blind) folded before Flop
Seat 4: AzureCaper (big blind) collected ($2)


PokerStars Hand #149842478496:  Hold'em Limit ($3/$6 USD) - 2016/03/04 16:46:37 ET
Table 'Arlon' 6-max Seat #4 is the button
Seat 3: DeKirov ($91.28 in chips)
Seat 4: AzureCaper ($72 in chips)
AzureCaper: posts small blind $1
DeKirov: posts big blind $3
*** HOLE CARDS ***
AzureCaper: folds
Uncalled bet ($2) returned to DeKirov
DeKirov collected $2 from pot
DeKirov: doesn't show hand
*** SUMMARY ***
Total pot $2 | Rake $0
Seat 3: DeKirov (big blind) collected ($2)
Seat 4: AzureCaper (button) (small blind) folded before Flop


PokerStars Hand #149842493170:  Hold'em Limit ($3/$6 USD) - 2016/03/04 16:46:52 ET
Table 'Arlon' 6-max Seat #3 is the button
Seat 3: DeKirov ($92.28 in chips)
Seat 4: AzureCaper ($72 in chips)
DeKirov: posts small blind $1
AzureCaper: posts big blind $3
*** HOLE CARDS ***
DeKirov: raises $3 to $6
AzureCaper: raises $3 to $9
DeKirov: calls $3
*** FLOP *** [Jc 3c Kh]
AzureCaper: bets $3
DeKirov: calls $3
*** TURN *** [Jc 3c Kh] [9h]
AzureCaper: bets $6
DeKirov: raises $6 to $12
AzureCaper: raises $6 to $18
DeKirov: raises $6 to $24
Betting is capped
AzureCaper: calls $6
*** RIVER *** [Jc 3c Kh 9h] [9s]
AzureCaper: checks
DeKirov: checks
*** SHOW DOWN ***
AzureCaper: shows [As Ac] (two pair, Aces and Nines)
DeKirov: mucks hand
AzureCaper collected $71.50 from pot
*** SUMMARY ***
Total pot $72 | Rake $0.50
Board [Jc 3c Kh 9h 9s]
Seat 3: DeKirov (button) (small blind) mucked
Seat 4: AzureCaper (big blind) showed [As Ac] and won ($71.50) with two pair, Aces and Nines


PokerStars Hand #149842488667:  Hold'em Limit ($3/$6 USD) - 2016/03/04 16:46:48 ET
Table 'Arlon' 6-max Seat #4 is the button
Seat 3: DeKirov ($91.28 in chips)
Seat 4: AzureCaper ($73 in chips)
AzureCaper: posts small blind $1
DeKirov: posts big blind $3
*** HOLE CARDS ***
AzureCaper: folds
Uncalled bet ($2) returned to DeKirov
DeKirov collected $2 from pot
DeKirov: doesn't show hand
*** SUMMARY ***
Total pot $2 | Rake $0
Seat 3: DeKirov (big blind) collected ($2)
Seat 4: AzureCaper (button) (small blind) folded before Flop


PokerStars Hand #149842513858:  Hold'em Limit ($3/$6 USD) - 2016/03/04 16:47:11 ET
Table 'Arlon' 6-max Seat #4 is the button
Seat 3: DeKirov ($56.28 in chips)
Seat 4: AzureCaper ($107.50 in chips)
AzureCaper: posts small blind $1
DeKirov: posts big blind $3
*** HOLE CARDS ***
AzureCaper: raises $3 to $6
DeKirov: raises $3 to $9
AzureCaper: calls $3
*** FLOP *** [Td Qd 4s]
DeKirov: bets $3
AzureCaper: calls $3
*** TURN *** [Td Qd 4s] [7c]
DeKirov: bets $6
AzureCaper: raises $6 to $12
DeKirov: calls $6
*** RIVER *** [Td Qd 4s 7c] [4c]
DeKirov: checks
AzureCaper: bets $6
DeKirov: calls $6
*** SHOW DOWN ***
AzureCaper: shows [Qc 8c] (two pair, Queens and Fours)
DeKirov: mucks hand
AzureCaper collected $59.50 from pot
*** SUMMARY ***
Total pot $60 | Rake $0.50
Board [Td Qd 4s 7c 4c]
Seat 3: DeKirov (big blind) mucked
Seat 4: AzureCaper (button) (small blind) showed [Qc 8c] and won ($59.50) with two pair, Queens and Fours


PokerStars Hand #149842536295:  Hold'em Limit ($3/$6 USD) - 2016/03/04 16:47:31 ET
Table 'Arlon' 6-max Seat #3 is the button
Seat 3: DeKirov ($26.28 in chips)
Seat 4: AzureCaper ($137 in chips)
DeKirov: posts small blind $1
AzureCaper: posts big blind $3
*** HOLE CARDS ***
DeKirov: raises $3 to $6
AzureCaper: calls $3
*** FLOP *** [8d 9c Jh]
AzureCaper: checks
DeKirov: bets $3
AzureCaper: calls $3
*** TURN *** [8d 9c Jh] [Qc]
AzureCaper: checks
DeKirov: bets $6
AzureCaper: calls $6
*** RIVER *** [8d 9c Jh Qc] [4d]
AzureCaper: checks
DeKirov: checks
*** SHOW DOWN ***
AzureCaper: shows [Js Kd] (a pair of Jacks)
DeKirov: mucks hand
AzureCaper collected $29.50 from pot
*** SUMMARY ***
Total pot $30 | Rake $0.50
Board [8d 9c Jh Qc 4d]
Seat 3: DeKirov (button) (small blind) mucked
Seat 4: AzureCaper (big blind) showed [Js Kd] and won ($29.50) with a pair of Jacks


PokerStars Hand #149842552617:  Hold'em Limit ($3/$6 USD) - 2016/03/04 16:47:45 ET
Table 'Arlon' 6-max Seat #4 is the button
Seat 3: DeKirov ($11.28 in chips)
Seat 4: AzureCaper ($151.50 in chips)
AzureCaper: posts small blind $1
DeKirov: posts big blind $3
*** HOLE CARDS ***
AzureCaper: raises $3 to $6
DeKirov: raises $3 to $9
AzureCaper: calls $3
*** FLOP *** [Th 3s Tc]
DeKirov: bets $2.28 and is all-in
AzureCaper: calls $2.28
*** TURN *** [Th 3s Tc] [5h]
*** RIVER *** [Th 3s Tc 5h] [4d]
*** SHOW DOWN ***
DeKirov: shows [6h Kh] (a pair of Tens)
AzureCaper: mucks hand
DeKirov collected $22.11 from pot
*** SUMMARY ***
Total pot $22.56 | Rake $0.45
Board [Th 3s Tc 5h 4d]
Seat 3: DeKirov (big blind) showed [6h Kh] and won ($22.11) with a pair of Tens
Seat 4: AzureCaper (button) (small blind) mucked


PokerStars Hand #149842590049:  Hold'em Limit ($3/$6 USD) - 2016/03/04 16:48:16 ET
Table 'Arlon' 6-max Seat #4 is the button
Seat 3: DeKirov ($25.11 in chips)
Seat 4: AzureCaper ($137.22 in chips)
AzureCaper: posts small blind $1
DeKirov: posts big blind $3
*** HOLE CARDS ***
AzureCaper: folds
Uncalled bet ($2) returned to DeKirov
DeKirov collected $2 from pot
DeKirov: doesn't show hand
*** SUMMARY ***
Total pot $2 | Rake $0
Seat 3: DeKirov (big blind) collected ($2)
Seat 4: AzureCaper (button) (small blind) folded before Flop


PokerStars Hand #149842595467:  Hold'em Limit ($3/$6 USD) - 2016/03/04 16:48:21 ET
Table 'Arlon' 6-max Seat #3 is the button
Seat 3: DeKirov ($26.11 in chips)
Seat 4: AzureCaper ($136.22 in chips)
DeKirov: posts small blind $1
AzureCaper: posts big blind $3
*** HOLE CARDS ***
DeKirov: raises $3 to $6
AzureCaper: raises $3 to $9
DeKirov: calls $3
*** FLOP *** [Ks 4d Qh]
AzureCaper: bets $3
DeKirov: calls $3
*** TURN *** [Ks 4d Qh] [Qd]
AzureCaper: bets $6
DeKirov: calls $6
*** RIVER *** [Ks 4d Qh Qd] [3d]
AzureCaper: checks
DeKirov: checks
*** SHOW DOWN ***
AzureCaper: shows [9d 9h] (two pair, Queens and Nines)
DeKirov: mucks hand
AzureCaper collected $35.50 from pot
*** SUMMARY ***
Total pot $36 | Rake $0.50
Board [Ks 4d Qh Qd 3d]
Seat 3: DeKirov (button) (small blind) mucked
Seat 4: AzureCaper (big blind) showed [9d 9h] and won ($35.50) with two pair, Queens and Nines


PokerStars Hand #149842614724:  Hold'em Limit ($3/$6 USD) - 2016/03/04 16:48:37 ET
Table 'Arlon' 6-max Seat #4 is the button
Seat 3: DeKirov ($8.11 in chips)
Seat 4: AzureCaper ($153.72 in chips)
AzureCaper: posts small blind $1
DeKirov: posts big blind $3
*** HOLE CARDS ***
AzureCaper: raises $3 to $6
DeKirov: raises $2.11 to $8.11 and is all-in
AzureCaper: calls $2.11
*** FLOP *** [As 3s Ts]
*** TURN *** [As 3s Ts] [6h]
*** RIVER *** [As 3s Ts 6h] [3h]
*** SHOW DOWN ***
DeKirov: shows [Jh Kh] (a pair of Threes)
AzureCaper: shows [Qc Tc] (two pair, Tens and Threes)
AzureCaper collected $15.90 from pot
*** SUMMARY ***
Total pot $16.22 | Rake $0.32
Board [As 3s Ts 6h 3h]
Seat 3: DeKirov (big blind) showed [Jh Kh] and lost with a pair of Threes
Seat 4: AzureCaper (button) (small blind) showed [Qc Tc] and won ($15.90) with two pair, Tens and Threes


PokerStars Hand #149842569968:  Hold'em Limit ($3/$6 USD) - 2016/03/04 16:47:59 ET
Table 'Arlon' 6-max Seat #3 is the button
Seat 3: DeKirov ($22.11 in chips)
Seat 4: AzureCaper ($140.22 in chips)
DeKirov: posts small blind $1
AzureCaper: posts big blind $3
*** HOLE CARDS ***
DeKirov: folds
Uncalled bet ($2) returned to AzureCaper
AzureCaper collected $2 from pot
AzureCaper: doesn't show hand
*** SUMMARY ***
Total pot $2 | Rake $0
Seat 3: DeKirov (button) (small blind) folded before Flop
Seat 4: AzureCaper (big blind) collected ($2)


PokerStars Hand #149842577388:  Hold'em Limit ($3/$6 USD) - 2016/03/04 16:48:05 ET
Table 'Arlon' 6-max Seat #4 is the button
Seat 3: DeKirov ($21.11 in chips)
Seat 4: AzureCaper ($141.22 in chips)
AzureCaper: posts small blind $1
DeKirov: posts big blind $3
*** HOLE CARDS ***
AzureCaper: folds
Uncalled bet ($2) returned to DeKirov
DeKirov collected $2 from pot
DeKirov: doesn't show hand
*** SUMMARY ***
Total pot $2 | Rake $0
Seat 3: DeKirov (big blind) collected ($2)
Seat 4: AzureCaper (button) (small blind) folded before Flop


