PokerStars Hand #145446765134:  Hold'em Limit ($3/$6 USD) - 2015/12/16 15:02:52 ET
Table 'Arm' 6-max Seat #1 is the button
Seat 1: Emin koc ($55 in chips)
Seat 2: Velbor107 ($305.76 in chips)
Emin koc: posts small blind $1
PelonCabelao joins the table at seat #3
Velbor107: posts big blind $3
*** HOLE CARDS ***
Emin koc: folds
Uncalled bet ($2) returned to Velbor107
Velbor107 collected $2 from pot
*** SUMMARY ***
Total pot $2 | Rake $0
Seat 1: Emin koc (button) (small blind) folded before Flop
Seat 2: Velbor107 (big blind) collected ($2)


PokerStars Hand #145446749818:  Hold'em Limit ($3/$6 USD) - 2015/12/16 15:02:36 ET
Table 'Arm' 6-max Seat #2 is the button
Seat 1: Emin koc ($61 in chips)
Seat 2: Velbor107 ($300 in chips)
Velbor107: posts small blind $1
Pandakey: is sitting out
Emin koc: posts big blind $3
*** HOLE CARDS ***
Velbor107: raises $3 to $6
Emin koc: calls $3
*** FLOP *** [9d Kc 8h]
Emin koc: checks
Velbor107: bets $3
Emin koc: folds
Uncalled bet ($3) returned to Velbor107
Velbor107 collected $11.76 from pot
*** SUMMARY ***
Total pot $12 | Rake $0.24
Board [9d Kc 8h]
Seat 1: Emin koc (big blind) folded on the Flop
Seat 2: Velbor107 (button) (small blind) collected ($11.76)


PokerStars Hand #145452810281:  Hold'em Limit ($3/$6 USD) - 2015/12/16 16:46:16 ET
Table 'Arm' 6-max Seat #2 is the button
Seat 2: PycV ($141.17 in chips)
Seat 4: Pandakey ($223.31 in chips)
PycV: posts small blind $1
Chessnok: is sitting out
Pandakey: posts big blind $3
*** HOLE CARDS ***
PycV: raises $3 to $6
Pandakey: folds
Uncalled bet ($3) returned to PycV
PycV collected $6 from pot
PycV: doesn't show hand
*** SUMMARY ***
Total pot $6 | Rake $0
Seat 2: PycV (button) (small blind) collected ($6)
Seat 4: Pandakey (big blind) folded before Flop


PokerStars Hand #145452820875:  Hold'em Limit ($3/$6 USD) - 2015/12/16 16:46:27 ET
Table 'Arm' 6-max Seat #4 is the button
Seat 2: PycV ($144.17 in chips)
Seat 4: Pandakey ($220.31 in chips)
Pandakey: posts small blind $1
PycV: posts big blind $3
*** HOLE CARDS ***
Pandakey: raises $3 to $6
PycV: calls $3
*** FLOP *** [Ks 8c 8d]
PycV: checks
Pandakey: bets $3
PycV: folds
Uncalled bet ($3) returned to Pandakey
Pandakey collected $11.76 from pot
Pandakey: doesn't show hand
*** SUMMARY ***
Total pot $12 | Rake $0.24
Board [Ks 8c 8d]
Seat 2: PycV (big blind) folded on the Flop
Seat 4: Pandakey (button) (small blind) collected ($11.76)


PokerStars Hand #145452840864:  Hold'em Limit ($3/$6 USD) - 2015/12/16 16:46:48 ET
Table 'Arm' 6-max Seat #2 is the button
Seat 2: PycV ($138.17 in chips)
Seat 4: Pandakey ($226.07 in chips)
PycV: posts small blind $1
Pandakey: posts big blind $3
*** HOLE CARDS ***
PycV: raises $3 to $6
Pandakey: folds
Uncalled bet ($3) returned to PycV
PycV collected $6 from pot
PycV: doesn't show hand
*** SUMMARY ***
Total pot $6 | Rake $0
Seat 2: PycV (button) (small blind) collected ($6)
Seat 4: Pandakey (big blind) folded before Flop


PokerStars Hand #145452847338:  Hold'em Limit ($3/$6 USD) - 2015/12/16 16:46:55 ET
Table 'Arm' 6-max Seat #4 is the button
Seat 2: PycV ($141.17 in chips)
Seat 4: Pandakey ($223.07 in chips)
Pandakey: posts small blind $1
PycV: posts big blind $3
*** HOLE CARDS ***
Pandakey: folds
Uncalled bet ($2) returned to PycV
PycV collected $2 from pot
PycV: doesn't show hand
*** SUMMARY ***
Total pot $2 | Rake $0
Seat 2: PycV (big blind) collected ($2)
Seat 4: Pandakey (button) (small blind) folded before Flop


PokerStars Hand #145452853219:  Hold'em Limit ($3/$6 USD) - 2015/12/16 16:47:01 ET
Table 'Arm' 6-max Seat #2 is the button
Seat 2: PycV ($142.17 in chips)
Seat 4: Pandakey ($222.07 in chips)
PycV: posts small blind $1
Pandakey: posts big blind $3
*** HOLE CARDS ***
PycV: raises $3 to $6
Pandakey: calls $3
*** FLOP *** [4s Jh 8h]
Pandakey: checks
PycV: bets $3
Pandakey: folds
Uncalled bet ($3) returned to PycV
PycV collected $11.76 from pot
PycV: doesn't show hand
*** SUMMARY ***
Total pot $12 | Rake $0.24
Board [4s Jh 8h]
Seat 2: PycV (button) (small blind) collected ($11.76)
Seat 4: Pandakey (big blind) folded on the Flop


PokerStars Hand #145452865466:  Hold'em Limit ($3/$6 USD) - 2015/12/16 16:47:14 ET
Table 'Arm' 6-max Seat #4 is the button
Seat 2: PycV ($147.93 in chips)
Seat 4: Pandakey ($216.07 in chips)
Pandakey: posts small blind $1
BuzovaPro was removed from the table for failing to post
PycV: posts big blind $3
*** HOLE CARDS ***
Pandakey: folds
Uncalled bet ($2) returned to PycV
PycV collected $2 from pot
PycV: doesn't show hand
*** SUMMARY ***
Total pot $2 | Rake $0
Seat 2: PycV (big blind) collected ($2)
Seat 4: Pandakey (button) (small blind) folded before Flop


PokerStars Hand #145452877972:  Hold'em Limit ($3/$6 USD) - 2015/12/16 16:47:28 ET
Table 'Arm' 6-max Seat #2 is the button
Seat 2: PycV ($148.93 in chips)
Seat 4: Pandakey ($215.07 in chips)
PycV: posts small blind $1
Pandakey: posts big blind $3
*** HOLE CARDS ***
PycV: raises $3 to $6
Pandakey: calls $3
*** FLOP *** [9d 2c 6h]
Pandakey: checks
PycV: bets $3
Pandakey: raises $3 to $6
PycV: calls $3
*** TURN *** [9d 2c 6h] [Qh]
Pandakey: bets $6
PycV: folds
Uncalled bet ($6) returned to Pandakey
Pandakey collected $23.52 from pot
Pandakey: doesn't show hand
*** SUMMARY ***
Total pot $24 | Rake $0.48
Board [9d 2c 6h Qh]
Seat 2: PycV (button) (small blind) folded on the Turn
Seat 4: Pandakey (big blind) collected ($23.52)


PokerStars Hand #145452898665:  Hold'em Limit ($3/$6 USD) - 2015/12/16 16:47:50 ET
Table 'Arm' 6-max Seat #4 is the button
Seat 2: PycV ($136.93 in chips)
Seat 4: Pandakey ($226.59 in chips)
Pandakey: posts small blind $1
PycV: posts big blind $3
*** HOLE CARDS ***
Pandakey: raises $3 to $6
PycV: calls $3
*** FLOP *** [Ac Qc 2s]
PycV: checks
Pandakey: bets $3
PycV: folds
Uncalled bet ($3) returned to Pandakey
Pandakey collected $11.76 from pot
Pandakey: doesn't show hand
*** SUMMARY ***
Total pot $12 | Rake $0.24
Board [Ac Qc 2s]
Seat 2: PycV (big blind) folded on the Flop
Seat 4: Pandakey (button) (small blind) collected ($11.76)


PokerStars Hand #145452912129:  Hold'em Limit ($3/$6 USD) - 2015/12/16 16:48:05 ET
Table 'Arm' 6-max Seat #2 is the button
Seat 2: PycV ($130.93 in chips)
Seat 4: Pandakey ($232.35 in chips)
PycV: posts small blind $1
Pandakey: posts big blind $3
*** HOLE CARDS ***
PycV: raises $3 to $6
Pandakey: folds
Uncalled bet ($3) returned to PycV
PycV collected $6 from pot
PycV: doesn't show hand
*** SUMMARY ***
Total pot $6 | Rake $0
Seat 2: PycV (button) (small blind) collected ($6)
Seat 4: Pandakey (big blind) folded before Flop


PokerStars Hand #145452921798:  Hold'em Limit ($3/$6 USD) - 2015/12/16 16:48:15 ET
Table 'Arm' 6-max Seat #4 is the button
Seat 2: PycV ($133.93 in chips)
Seat 4: Pandakey ($229.35 in chips)
Pandakey: posts small blind $1
PycV: posts big blind $3
*** HOLE CARDS ***
Pandakey: raises $3 to $6
PycV: calls $3
*** FLOP *** [Jd Td 7h]
PycV: checks
Pandakey: bets $3
PycV: calls $3
*** TURN *** [Jd Td 7h] [Ts]
PycV: checks
Pandakey: bets $6
PycV: calls $6
*** RIVER *** [Jd Td 7h Ts] [4s]
PycV: checks
Pandakey: bets $6
PycV: calls $6
*** SHOW DOWN ***
Pandakey: shows [8d 6c] (a pair of Tens)
PycV: shows [6d 7c] (two pair, Tens and Sevens)
PycV collected $41.50 from pot
*** SUMMARY ***
Total pot $42 | Rake $0.50
Board [Jd Td 7h Ts 4s]
Seat 2: PycV (big blind) showed [6d 7c] and won ($41.50) with two pair, Tens and Sevens
Seat 4: Pandakey (button) (small blind) showed [8d 6c] and lost with a pair of Tens


