PokerStars Hand #150952538225:  Hold'em Limit ($3/$6 USD) - 2016/03/26 8:49:40 ET
Table 'Armisticia' 10-max Seat #6 is the button
Seat 5: Earl Sabine ($110.04 in chips)
Seat 6: Agrotait ($78.64 in chips)
Agrotait: posts small blind $1
Earl Sabine: posts big blind $3
*** HOLE CARDS ***
Agrotait: raises $3 to $6
Earl Sabine: folds
Uncalled bet ($3) returned to Agrotait
Agrotait collected $6 from pot
Agrotait: doesn't show hand
*** SUMMARY ***
Total pot $6 | Rake $0
Seat 5: Earl Sabine (big blind) folded before Flop
Seat 6: Agrotait (button) (small blind) collected ($6)


PokerStars Hand #150952535127:  Hold'em Limit ($3/$6 USD) - 2016/03/26 8:49:35 ET
Table 'Armisticia' 10-max Seat #5 is the button
Seat 5: Earl Sabine ($111.04 in chips)
Seat 6: Agrotait ($77.64 in chips)
Earl Sabine: posts small blind $1
Agrotait: posts big blind $3
*** HOLE CARDS ***
Earl Sabine: folds
Uncalled bet ($2) returned to Agrotait
Agrotait collected $2 from pot
Agrotait: doesn't show hand
*** SUMMARY ***
Total pot $2 | Rake $0
Seat 5: Earl Sabine (button) (small blind) folded before Flop
Seat 6: Agrotait (big blind) collected ($2)


PokerStars Hand #150952525889:  Hold'em Limit ($3/$6 USD) - 2016/03/26 8:49:20 ET
Table 'Armisticia' 10-max Seat #6 is the button
Seat 5: Earl Sabine ($120.04 in chips)
Seat 6: Agrotait ($69 in chips)
Agrotait: posts small blind $1
Earl Sabine: posts big blind $3
*** HOLE CARDS ***
Agrotait: raises $3 to $6
Earl Sabine: calls $3
*** FLOP *** [8c Jh Qs]
Earl Sabine: bets $3
Agrotait: raises $3 to $6
Earl Sabine: folds
Uncalled bet ($3) returned to Agrotait
Agrotait collected $17.64 from pot
Agrotait: doesn't show hand
*** SUMMARY ***
Total pot $18 | Rake $0.36
Board [8c Jh Qs]
Seat 5: Earl Sabine (big blind) folded on the Flop
Seat 6: Agrotait (button) (small blind) collected ($17.64)


PokerStars Hand #150952542370:  Hold'em Limit ($3/$6 USD) - 2016/03/26 8:49:47 ET
Table 'Armisticia' 10-max Seat #5 is the button
Seat 5: Earl Sabine ($107.04 in chips)
Seat 6: Agrotait ($81.64 in chips)
Earl Sabine: posts small blind $1
Agrotait: posts big blind $3
*** HOLE CARDS ***
Earl Sabine: calls $2
Agrotait: raises $3 to $6
Earl Sabine: calls $3
*** FLOP *** [9s 6s 7d]
Agrotait: bets $3
Earl Sabine: calls $3
*** TURN *** [9s 6s 7d] [Kd]
Agrotait: checks
Earl Sabine: bets $6
Agrotait: calls $6
*** RIVER *** [9s 6s 7d Kd] [6c]
Agrotait: checks
Earl Sabine: bets $6
Agrotait: calls $6
*** SHOW DOWN ***
Earl Sabine: shows [Tc 3d] (a pair of Sixes)
Agrotait: shows [4d 4c] (two pair, Sixes and Fours)
Agrotait collected $41.50 from pot
Ale4o joins the table at seat #7
*** SUMMARY ***
Total pot $42 | Rake $0.50
Board [9s 6s 7d Kd 6c]
Seat 5: Earl Sabine (button) (small blind) showed [Tc 3d] and lost with a pair of Sixes
Seat 6: Agrotait (big blind) showed [4d 4c] and won ($41.50) with two pair, Sixes and Fours


PokerStars Hand #150963626838:  Hold'em Limit ($3/$6 USD) - 2016/03/26 12:57:18 ET
Table 'Armisticia' 10-max Seat #7 is the button
Seat 1: MissEKAmouse ($252.99 in chips)
Seat 7: iamhashman ($631.54 in chips)
iamhashman: posts small blind $1
tedros404: is sitting out
MissEKAmouse: posts big blind $3
*** HOLE CARDS ***
iamhashman: calls $2
MissEKAmouse: checks
*** FLOP *** [Ts 3s 6h]
MissEKAmouse: checks
iamhashman: bets $3
MissEKAmouse: folds
Uncalled bet ($3) returned to iamhashman
jeanpierreCH joins the table at seat #9
iamhashman collected $5.88 from pot
iamhashman: doesn't show hand
*** SUMMARY ***
Total pot $6 | Rake $0.12
Board [Ts 3s 6h]
Seat 1: MissEKAmouse (big blind) folded on the Flop
Seat 7: iamhashman (button) (small blind) collected ($5.88)


PokerStars Hand #150963634905:  Hold'em Limit ($3/$6 USD) - 2016/03/26 12:57:30 ET
Table 'Armisticia' 10-max Seat #1 is the button
Seat 1: MissEKAmouse ($249.99 in chips)
Seat 7: iamhashman ($634.42 in chips)
MissEKAmouse: posts small blind $1
iamhashman: posts big blind $3
*** HOLE CARDS ***
MissEKAmouse: calls $2
iamhashman: checks
*** FLOP *** [8h Qc 2c]
iamhashman: checks
MissEKAmouse: bets $3
iamhashman: folds
Uncalled bet ($3) returned to MissEKAmouse
MissEKAmouse collected $5.88 from pot
MissEKAmouse: doesn't show hand
*** SUMMARY ***
Total pot $6 | Rake $0.12
Board [8h Qc 2c]
Seat 1: MissEKAmouse (button) (small blind) collected ($5.88)
Seat 7: iamhashman (big blind) folded on the Flop


PokerStars Hand #150974673506:  Hold'em Limit ($3/$6 USD) - 2016/03/26 16:24:52 ET
Table 'Armisticia' 10-max Seat #4 is the button
Seat 2: Actionni13 ($295.41 in chips)
Seat 4: Bucs9397 ($73.59 in chips)
Bucs9397: posts small blind $1
Actionni13: posts big blind $3
*** HOLE CARDS ***
Bucs9397: raises $3 to $6
Actionni13: calls $3
*** FLOP *** [Ac 3h 2c]
Actionni13: checks
Bucs9397: bets $3
Actionni13: folds
Uncalled bet ($3) returned to Bucs9397
Bucs9397 collected $11.76 from pot
*** SUMMARY ***
Total pot $12 | Rake $0.24
Board [Ac 3h 2c]
Seat 2: Actionni13 (big blind) folded on the Flop
Seat 4: Bucs9397 (button) (small blind) collected ($11.76)


PokerStars Hand #150974699038:  Hold'em Limit ($3/$6 USD) - 2016/03/26 16:25:19 ET
Table 'Armisticia' 10-max Seat #2 is the button
Seat 2: Actionni13 ($289.41 in chips)
Seat 4: Bucs9397 ($79.35 in chips)
Actionni13: posts small blind $1
Bucs9397: posts big blind $3
*** HOLE CARDS ***
Actionni13: raises $3 to $6
Bucs9397: calls $3
*** FLOP *** [2d Ts 9c]
Bucs9397: checks
Actionni13: bets $3
Bucs9397: raises $3 to $6
Actionni13: calls $3
*** TURN *** [2d Ts 9c] [9h]
Bucs9397: bets $6
Actionni13: raises $6 to $12
Bucs9397: calls $6
*** RIVER *** [2d Ts 9c 9h] [6d]
Bucs9397: checks
Actionni13: bets $6
Bucs9397: calls $6
*** SHOW DOWN ***
Actionni13: shows [9d 9s] (four of a kind, Nines)
Bucs9397: mucks hand
Actionni13 collected $59.50 from pot
*** SUMMARY ***
Total pot $60 | Rake $0.50
Board [2d Ts 9c 9h 6d]
Seat 2: Actionni13 (button) (small blind) showed [9d 9s] and won ($59.50) with four of a kind, Nines
Seat 4: Bucs9397 (big blind) mucked


PokerStars Hand #150974780292:  Hold'em Limit ($3/$6 USD) - 2016/03/26 16:26:47 ET
Table 'Armisticia' 10-max Seat #5 is the button
Seat 2: Actionni13 ($345.26 in chips)
Seat 5: SirRomanov ($72 in chips)
SirRomanov: posts small blind $1
Actionni13: posts big blind $3
*** HOLE CARDS ***
SirRomanov: raises $3 to $6
Actionni13: raises $3 to $9
SirRomanov: raises $3 to $12
Betting is capped
Actionni13: calls $3
*** FLOP *** [Qs Qh 7h]
Actionni13: checks
SirRomanov: bets $3
Actionni13: calls $3
*** TURN *** [Qs Qh 7h] [7c]
Actionni13: checks
SirRomanov: bets $6
Actionni13: calls $6
*** RIVER *** [Qs Qh 7h 7c] [9c]
Actionni13: checks
SirRomanov: checks
*** SHOW DOWN ***
Actionni13: shows [Ac Kc] (two pair, Queens and Sevens)
SirRomanov: shows [Ah Js] (two pair, Queens and Sevens)
Actionni13 collected $20.75 from pot
SirRomanov collected $20.75 from pot
*** SUMMARY ***
Total pot $42 | Rake $0.50
Board [Qs Qh 7h 7c 9c]
Seat 2: Actionni13 (big blind) showed [Ac Kc] and won ($20.75) with two pair, Queens and Sevens
Seat 5: SirRomanov (button) (small blind) showed [Ah Js] and won ($20.75) with two pair, Queens and Sevens


