PokerStars Hand #152589264764:  Hold'em Limit ($3/$6 USD) - 2016/04/28 20:14:02 ET
Table 'Armisticia' 6-max Seat #1 is the button
Seat 1: Zubasa07 ($480 in chips)
Seat 2: hairy1961 ($79.50 in chips)
Zubasa07: posts small blind $1
hairy1961: posts big blind $3
*** HOLE CARDS ***
Zubasa07: folds
Uncalled bet ($2) returned to hairy1961
hairy1961 collected $2 from pot
*** SUMMARY ***
Total pot $2 | Rake $0
Seat 1: Zubasa07 (button) (small blind) folded before Flop
Seat 2: hairy1961 (big blind) collected ($2)


PokerStars Hand #152589268174:  Hold'em Limit ($3/$6 USD) - 2016/04/28 20:14:09 ET
Table 'Armisticia' 6-max Seat #2 is the button
Seat 1: Zubasa07 ($479 in chips)
Seat 2: hairy1961 ($80.50 in chips)
hairy1961: posts small blind $1
Zubasa07: posts big blind $3
*** HOLE CARDS ***
hairy1961: raises $3 to $6
Zubasa07: calls $3
*** FLOP *** [Th 4d 4h]
Zubasa07: checks
hairy1961: bets $3
Zubasa07: folds
Uncalled bet ($3) returned to hairy1961
hairy1961 collected $11.76 from pot
*** SUMMARY ***
Total pot $12 | Rake $0.24
Board [Th 4d 4h]
Seat 1: Zubasa07 (big blind) folded on the Flop
Seat 2: hairy1961 (button) (small blind) collected ($11.76)


PokerStars Hand #152589261898:  Hold'em Limit ($3/$6 USD) - 2016/04/28 20:13:56 ET
Table 'Armisticia' 6-max Seat #2 is the button
Seat 1: Zubasa07 ($479 in chips)
Seat 2: hairy1961 ($80.50 in chips)
hairy1961: posts small blind $1
Zubasa07: posts big blind $3
*** HOLE CARDS ***
hairy1961: folds
Uncalled bet ($2) returned to Zubasa07
Zubasa07 collected $2 from pot
Zubasa07: doesn't show hand
*** SUMMARY ***
Total pot $2 | Rake $0
Seat 1: Zubasa07 (big blind) collected ($2)
Seat 2: hairy1961 (button) (small blind) folded before Flop


PokerStars Hand #152589299627:  Hold'em Limit ($3/$6 USD) - 2016/04/28 20:15:11 ET
Table 'Armisticia' 6-max Seat #2 is the button
Seat 1: Zubasa07 ($502.50 in chips)
Seat 2: hairy1961 ($56.26 in chips)
hairy1961: posts small blind $1
Zubasa07: posts big blind $3
*** HOLE CARDS ***
hairy1961: raises $3 to $6
Zubasa07: calls $3
*** FLOP *** [7s Ad 8s]
Zubasa07: checks
hairy1961: bets $3
Zubasa07: folds
Uncalled bet ($3) returned to hairy1961
hairy1961 collected $11.76 from pot
*** SUMMARY ***
Total pot $12 | Rake $0.24
Board [7s Ad 8s]
Seat 1: Zubasa07 (big blind) folded on the Flop
Seat 2: hairy1961 (button) (small blind) collected ($11.76)


PokerStars Hand #152589310084:  Hold'em Limit ($3/$6 USD) - 2016/04/28 20:15:32 ET
Table 'Armisticia' 6-max Seat #1 is the button
Seat 1: Zubasa07 ($496.50 in chips)
Seat 2: hairy1961 ($62.02 in chips)
Zubasa07: posts small blind $1
hairy1961: posts big blind $3
*** HOLE CARDS ***
Zubasa07: raises $3 to $6
hairy1961: folds
Uncalled bet ($3) returned to Zubasa07
Zubasa07 collected $6 from pot
Zubasa07: doesn't show hand
*** SUMMARY ***
Total pot $6 | Rake $0
Seat 1: Zubasa07 (button) (small blind) collected ($6)
Seat 2: hairy1961 (big blind) folded before Flop


PokerStars Hand #152589330649:  Hold'em Limit ($3/$6 USD) - 2016/04/28 20:16:14 ET
Table 'Armisticia' 6-max Seat #1 is the button
Seat 1: Zubasa07 ($511.02 in chips)
Seat 2: hairy1961 ($47.02 in chips)
Zubasa07: posts small blind $1
hairy1961: posts big blind $3
*** HOLE CARDS ***
Zubasa07: raises $3 to $6
hairy1961: calls $3
*** FLOP *** [7c Js 9d]
hairy1961: checks
Zubasa07: bets $3
hairy1961: calls $3
*** TURN *** [7c Js 9d] [Td]
hairy1961: checks
Zubasa07: checks
*** RIVER *** [7c Js 9d Td] [Jd]
hairy1961: bets $6
Zubasa07: calls $6
*** SHOW DOWN ***
hairy1961: shows [Kd 7s] (two pair, Jacks and Sevens)
Zubasa07: shows [Qs Tc] (two pair, Jacks and Tens)
Zubasa07 collected $29.50 from pot
*** SUMMARY ***
Total pot $30 | Rake $0.50
Board [7c Js 9d Td Jd]
Seat 1: Zubasa07 (button) (small blind) showed [Qs Tc] and won ($29.50) with two pair, Jacks and Tens
Seat 2: hairy1961 (big blind) showed [Kd 7s] and lost with two pair, Jacks and Sevens


PokerStars Hand #152589313089:  Hold'em Limit ($3/$6 USD) - 2016/04/28 20:15:38 ET
Table 'Armisticia' 6-max Seat #2 is the button
Seat 1: Zubasa07 ($499.50 in chips)
Seat 2: hairy1961 ($59.02 in chips)
hairy1961: posts small blind $1
Zubasa07: posts big blind $3
*** HOLE CARDS ***
hairy1961: raises $3 to $6
Zubasa07: calls $3
*** FLOP *** [6h 7d 9d]
Zubasa07: checks
hairy1961: checks
*** TURN *** [6h 7d 9d] [2d]
Zubasa07: bets $6
hairy1961: calls $6
*** RIVER *** [6h 7d 9d 2d] [9h]
Zubasa07: bets $6
hairy1961: folds
Uncalled bet ($6) returned to Zubasa07
Zubasa07 collected $23.52 from pot
Zubasa07: doesn't show hand
*** SUMMARY ***
Total pot $24 | Rake $0.48
Board [6h 7d 9d 2d 9h]
Seat 1: Zubasa07 (big blind) collected ($23.52)
Seat 2: hairy1961 (button) (small blind) folded on the River


PokerStars Hand #152589341320:  Hold'em Limit ($3/$6 USD) - 2016/04/28 20:16:35 ET
Table 'Armisticia' 6-max Seat #2 is the button
Seat 1: Zubasa07 ($525.52 in chips)
Seat 2: hairy1961 ($32.02 in chips)
navroza joins the table at seat #3
hairy1961: posts small blind $1
Zubasa07: posts big blind $3
*** HOLE CARDS ***
hairy1961: raises $3 to $6
Zubasa07: folds
Uncalled bet ($3) returned to hairy1961
hairy1961 collected $6 from pot
*** SUMMARY ***
Total pot $6 | Rake $0
Seat 1: Zubasa07 (big blind) folded before Flop
Seat 2: hairy1961 (button) (small blind) collected ($6)


PokerStars Hand #152589349617:  Hold'em Limit ($3/$6 USD) - 2016/04/28 20:16:52 ET
Table 'Armisticia' 6-max Seat #1 is the button
Seat 1: Zubasa07 ($522.52 in chips)
Seat 2: hairy1961 ($35.02 in chips)
Zubasa07: posts small blind $1
hairy1961: posts big blind $3
*** HOLE CARDS ***
Zubasa07: raises $3 to $6
hairy1961: calls $3
*** FLOP *** [3c 6h 3d]
hairy1961: checks
MissEKAmouse joins the table at seat #4
Zubasa07: bets $3
hairy1961: calls $3
*** TURN *** [3c 6h 3d] [Ad]
hairy1961: checks
Zubasa07: bets $6
hairy1961: raises $6 to $12
Zubasa07: calls $6
*** RIVER *** [3c 6h 3d Ad] [Kh]
hairy1961: bets $6
Zubasa07: calls $6
*** SHOW DOWN ***
hairy1961: shows [As 9h] (two pair, Aces and Threes)
Zubasa07: shows [Qh Ac] (two pair, Aces and Threes)
hairy1961 collected $26.75 from pot
Zubasa07 collected $26.75 from pot
*** SUMMARY ***
Total pot $54 | Rake $0.50
Board [3c 6h 3d Ad Kh]
Seat 1: Zubasa07 (button) (small blind) showed [Qh Ac] and won ($26.75) with two pair, Aces and Threes
Seat 2: hairy1961 (big blind) showed [As 9h] and won ($26.75) with two pair, Aces and Threes


