PokerStars Hand #150497350739:  Hold'em Limit ($3/$6 USD) - 2016/03/17 13:28:50 ET
Table 'Armida' 6-max Seat #4 is the button
Seat 4: Actionni13 ($150 in chips)
Seat 6: kr.poker8029 ($461.88 in chips)
Actionni13: posts small blind $1
kr.poker8029: posts big blind $3
*** HOLE CARDS ***
Actionni13: raises $3 to $6
kr.poker8029: calls $3
*** FLOP *** [6c 2h 4s]
kr.poker8029: checks
termi3333 joins the table at seat #2
Actionni13: checks
*** TURN *** [6c 2h 4s] [Ts]
kr.poker8029: bets $6
Actionni13: calls $6
*** RIVER *** [6c 2h 4s Ts] [9s]
kr.poker8029: bets $6
Actionni13: calls $6
*** SHOW DOWN ***
kr.poker8029: shows [2c 8s] (a pair of Deuces)
Actionni13: shows [2d Jc] (a pair of Deuces - Jack kicker)
Actionni13 collected $35.50 from pot
*** SUMMARY ***
Total pot $36 | Rake $0.50
Board [6c 2h 4s Ts 9s]
Seat 4: Actionni13 (button) (small blind) showed [2d Jc] and won ($35.50) with a pair of Deuces
Seat 6: kr.poker8029 (big blind) showed [2c 8s] and lost with a pair of Deuces


PokerStars Hand #150510365572:  Hold'em Limit ($3/$6 USD) - 2016/03/17 17:26:44 ET
Table 'Armida' 6-max Seat #2 is the button
Seat 2: bentinck113 ($85.77 in chips)
Seat 3: pejoba ($326.93 in chips)
bentinck113: posts small blind $1
pejoba: posts big blind $3
*** HOLE CARDS ***
bentinck113: folds
Uncalled bet ($2) returned to pejoba
pejoba collected $2 from pot
pejoba: doesn't show hand
*** SUMMARY ***
Total pot $2 | Rake $0
Seat 2: bentinck113 (button) (small blind) folded before Flop
Seat 3: pejoba (big blind) collected ($2)


PokerStars Hand #150510359750:  Hold'em Limit ($3/$6 USD) - 2016/03/17 17:26:38 ET
Table 'Armida' 6-max Seat #3 is the button
Seat 2: bentinck113 ($84.77 in chips)
Seat 3: pejoba ($327.93 in chips)
pejoba: posts small blind $1
bentinck113: posts big blind $3
*** HOLE CARDS ***
pejoba: folds
Uncalled bet ($2) returned to bentinck113
bentinck113 collected $2 from pot
bentinck113: doesn't show hand
ice0034 leaves the table
*** SUMMARY ***
Total pot $2 | Rake $0
Seat 2: bentinck113 (big blind) collected ($2)
Seat 3: pejoba (button) (small blind) folded before Flop


PokerStars Hand #150510352910:  Hold'em Limit ($3/$6 USD) - 2016/03/17 17:26:32 ET
Table 'Armida' 6-max Seat #2 is the button
Seat 2: bentinck113 ($85.77 in chips)
Seat 3: pejoba ($326.93 in chips)
bentinck113: posts small blind $1
pejoba: posts big blind $3
*** HOLE CARDS ***
bentinck113: folds
Uncalled bet ($2) returned to pejoba
pejoba collected $2 from pot
pejoba: doesn't show hand
*** SUMMARY ***
Total pot $2 | Rake $0
Seat 2: bentinck113 (button) (small blind) folded before Flop
Seat 3: pejoba (big blind) collected ($2)


PokerStars Hand #150510334515:  Hold'em Limit ($3/$6 USD) - 2016/03/17 17:26:15 ET
Table 'Armida' 6-max Seat #3 is the button
Seat 2: bentinck113 ($97.77 in chips)
Seat 3: pejoba ($315.41 in chips)
pejoba: posts small blind $1
ice0034: is sitting out
bentinck113: posts big blind $3
*** HOLE CARDS ***
pejoba: raises $3 to $6
bentinck113: calls $3
*** FLOP *** [As 2d 5h]
bentinck113: checks
pejoba: checks
*** TURN *** [As 2d 5h] [Jh]
bentinck113: checks
pejoba: bets $6
bentinck113: calls $6
*** RIVER *** [As 2d 5h Jh] [Tc]
bentinck113: checks
pejoba: bets $6
bentinck113: folds
Uncalled bet ($6) returned to pejoba
pejoba collected $23.52 from pot
pejoba: doesn't show hand
*** SUMMARY ***
Total pot $24 | Rake $0.48
Board [As 2d 5h Jh Tc]
Seat 2: bentinck113 (big blind) folded on the River
Seat 3: pejoba (button) (small blind) collected ($23.52)


PokerStars Hand #150510686803:  Hold'em Limit ($3/$6 USD) - 2016/03/17 17:32:13 ET
Table 'Armida' 6-max Seat #1 is the button
Seat 1: PlayForca ($92.41 in chips)
Seat 2: bentinck113 ($64.05 in chips)
PlayForca: posts small blind $1
bentinck113: posts big blind $3
*** HOLE CARDS ***
PlayForca: raises $3 to $6
bentinck113: folds
Uncalled bet ($3) returned to PlayForca
PlayForca collected $6 from pot
PlayForca: doesn't show hand
*** SUMMARY ***
Total pot $6 | Rake $0
Seat 1: PlayForca (button) (small blind) collected ($6)
Seat 2: bentinck113 (big blind) folded before Flop


PokerStars Hand #150510674365:  Hold'em Limit ($3/$6 USD) - 2016/03/17 17:32:00 ET
Table 'Armida' 6-max Seat #2 is the button
Seat 1: PlayForca ($86.65 in chips)
Seat 2: bentinck113 ($70.05 in chips)
bentinck113: posts small blind $1
PlayForca: posts big blind $3
*** HOLE CARDS ***
bentinck113: raises $3 to $6
PlayForca: calls $3
*** FLOP *** [7s 5h 3d]
PlayForca: checks
bentinck113: checks
*** TURN *** [7s 5h 3d] [4h]
PlayForca: checks
bentinck113: checks
*** RIVER *** [7s 5h 3d 4h] [7h]
PlayForca: checks
bentinck113: checks
*** SHOW DOWN ***
PlayForca: shows [4s 8s] (two pair, Sevens and Fours)
bentinck113: mucks hand
PlayForca collected $11.76 from pot
*** SUMMARY ***
Total pot $12 | Rake $0.24
Board [7s 5h 3d 4h 7h]
Seat 1: PlayForca (big blind) showed [4s 8s] and won ($11.76) with two pair, Sevens and Fours
Seat 2: bentinck113 (button) (small blind) mucked


PokerStars Hand #150510670148:  Hold'em Limit ($3/$6 USD) - 2016/03/17 17:31:55 ET
Table 'Armida' 6-max Seat #1 is the button
Seat 1: PlayForca ($87.65 in chips)
Seat 2: bentinck113 ($69.05 in chips)
PlayForca: posts small blind $1
bentinck113: posts big blind $3
*** HOLE CARDS ***
PlayForca: folds
Uncalled bet ($2) returned to bentinck113
bentinck113 collected $2 from pot
bentinck113: doesn't show hand
*** SUMMARY ***
Total pot $2 | Rake $0
Seat 1: PlayForca (button) (small blind) folded before Flop
Seat 2: bentinck113 (big blind) collected ($2)


PokerStars Hand #150510664096:  Hold'em Limit ($3/$6 USD) - 2016/03/17 17:31:49 ET
Table 'Armida' 6-max Seat #2 is the button
Seat 1: PlayForca ($86.65 in chips)
Seat 2: bentinck113 ($70.05 in chips)
bentinck113: posts small blind $1
PlayForca: posts big blind $3
*** HOLE CARDS ***
bentinck113: folds
Uncalled bet ($2) returned to PlayForca
PlayForca collected $2 from pot
PlayForca: doesn't show hand
*** SUMMARY ***
Total pot $2 | Rake $0
Seat 1: PlayForca (big blind) collected ($2)
Seat 2: bentinck113 (button) (small blind) folded before Flop


PokerStars Hand #150510706727:  Hold'em Limit ($3/$6 USD) - 2016/03/17 17:32:34 ET
Table 'Armida' 6-max Seat #1 is the button
Seat 1: PlayForca ($86.41 in chips)
Seat 2: bentinck113 ($69.69 in chips)
PlayForca: posts small blind $1
bentinck113: posts big blind $3
*** HOLE CARDS ***
PlayForca: calls $2
bentinck113: checks
*** FLOP *** [Kh Qs 9h]
bentinck113: checks
PlayForca: bets $3
bentinck113: calls $3
*** TURN *** [Kh Qs 9h] [Js]
bentinck113: checks
PlayForca: checks
*** RIVER *** [Kh Qs 9h Js] [9s]
bentinck113: checks
PlayForca: checks
*** SHOW DOWN ***
bentinck113: shows [Qh 5s] (two pair, Queens and Nines)
PlayForca: mucks hand
bentinck113 collected $11.76 from pot
*** SUMMARY ***
Total pot $12 | Rake $0.24
Board [Kh Qs 9h Js 9s]
Seat 1: PlayForca (button) (small blind) mucked
Seat 2: bentinck113 (big blind) showed [Qh 5s] and won ($11.76) with two pair, Queens and Nines


PokerStars Hand #150510691863:  Hold'em Limit ($3/$6 USD) - 2016/03/17 17:32:19 ET
Table 'Armida' 6-max Seat #2 is the button
Seat 1: PlayForca ($95.41 in chips)
Seat 2: bentinck113 ($61.05 in chips)
bentinck113: posts small blind $1
PlayForca: posts big blind $3
*** HOLE CARDS ***
bentinck113: raises $3 to $6
PlayForca: calls $3
*** FLOP *** [2c 9s 4c]
PlayForca: checks
bentinck113: bets $3
PlayForca: calls $3
*** TURN *** [2c 9s 4c] [6h]
PlayForca: checks
bentinck113: checks
*** RIVER *** [2c 9s 4c 6h] [Ac]
PlayForca: checks
bentinck113: checks
*** SHOW DOWN ***
PlayForca: shows [Tc Kd] (high card Ace)
bentinck113: shows [4h Qd] (a pair of Fours)
bentinck113 collected $17.64 from pot
*** SUMMARY ***
Total pot $18 | Rake $0.36
Board [2c 9s 4c 6h Ac]
Seat 1: PlayForca (big blind) showed [Tc Kd] and lost with high card Ace
Seat 2: bentinck113 (button) (small blind) showed [4h Qd] and won ($17.64) with a pair of Fours


PokerStars Hand #150510721782:  Hold'em Limit ($3/$6 USD) - 2016/03/17 17:32:50 ET
Table 'Armida' 6-max Seat #2 is the button
Seat 1: PlayForca ($80.41 in chips)
Seat 2: bentinck113 ($75.45 in chips)
bentinck113: posts small blind $1
PlayForca: posts big blind $3
*** HOLE CARDS ***
bentinck113: raises $3 to $6
PlayForca: calls $3
*** FLOP *** [Qd 7s 4s]
PlayForca: checks
bentinck113: bets $3
PlayForca: calls $3
*** TURN *** [Qd 7s 4s] [2c]
PlayForca: checks
bentinck113: bets $6
PlayForca: folds
Uncalled bet ($6) returned to bentinck113
bentinck113 collected $17.64 from pot
bentinck113: doesn't show hand
*** SUMMARY ***
Total pot $18 | Rake $0.36
Board [Qd 7s 4s 2c]
Seat 1: PlayForca (big blind) folded on the Turn
Seat 2: bentinck113 (button) (small blind) collected ($17.64)


PokerStars Hand #150510756552:  Hold'em Limit ($3/$6 USD) - 2016/03/17 17:33:27 ET
Table 'Armida' 6-max Seat #1 is the button
Seat 1: PlayForca ($54.41 in chips)
Seat 2: bentinck113 ($100.59 in chips)
PlayForca: posts small blind $1
bentinck113: posts big blind $3
*** HOLE CARDS ***
PlayForca: folds
Uncalled bet ($2) returned to bentinck113
bentinck113 collected $2 from pot
bentinck113: doesn't show hand
*** SUMMARY ***
Total pot $2 | Rake $0
Seat 1: PlayForca (button) (small blind) folded before Flop
Seat 2: bentinck113 (big blind) collected ($2)


PokerStars Hand #150510750976:  Hold'em Limit ($3/$6 USD) - 2016/03/17 17:33:21 ET
Table 'Armida' 6-max Seat #2 is the button
Seat 1: PlayForca ($53.41 in chips)
Seat 2: bentinck113 ($101.59 in chips)
bentinck113: posts small blind $1
ThePredator9 joins the table at seat #3
PlayForca: posts big blind $3
*** HOLE CARDS ***
bentinck113: folds
Uncalled bet ($2) returned to PlayForca
PlayForca collected $2 from pot
PlayForca: doesn't show hand
*** SUMMARY ***
Total pot $2 | Rake $0
Seat 1: PlayForca (big blind) collected ($2)
Seat 2: bentinck113 (button) (small blind) folded before Flop


PokerStars Hand #150510733702:  Hold'em Limit ($3/$6 USD) - 2016/03/17 17:33:03 ET
Table 'Armida' 6-max Seat #1 is the button
Seat 1: PlayForca ($71.41 in chips)
Seat 2: bentinck113 ($84.09 in chips)
PlayForca: posts small blind $1
bentinck113: posts big blind $3
*** HOLE CARDS ***
PlayForca: raises $3 to $6
bentinck113: calls $3
*** FLOP *** [Ts Ad 2h]
bentinck113: checks
PlayForca: checks
*** TURN *** [Ts Ad 2h] [5h]
bentinck113: checks
PlayForca: bets $6
bentinck113: calls $6
*** RIVER *** [Ts Ad 2h 5h] [3s]
bentinck113: checks
PlayForca: bets $6
bentinck113: calls $6
*** SHOW DOWN ***
PlayForca: shows [9c 8d] (high card Ace)
bentinck113: shows [5c 8c] (a pair of Fives)
bentinck113 collected $35.50 from pot
*** SUMMARY ***
Total pot $36 | Rake $0.50
Board [Ts Ad 2h 5h 3s]
Seat 1: PlayForca (button) (small blind) showed [9c 8d] and lost with high card Ace
Seat 2: bentinck113 (big blind) showed [5c 8c] and won ($35.50) with a pair of Fives


PokerStars Hand #150511069649:  Hold'em Limit ($3/$6 USD) - 2016/03/17 17:39:04 ET
Table 'Armida' 6-max Seat #1 is the button
Seat 1: PlayForca ($118.04 in chips)
Seat 3: JayEm82 ($120 in chips)
PlayForca: posts small blind $1
JayEm82: posts big blind $3
*** HOLE CARDS ***
vovojc leaves the table
PlayForca: folds
Uncalled bet ($2) returned to JayEm82
JayEm82 collected $2 from pot
JayEm82: doesn't show hand
*** SUMMARY ***
Total pot $2 | Rake $0
Seat 1: PlayForca (button) (small blind) folded before Flop
Seat 3: JayEm82 (big blind) collected ($2)


PokerStars Hand #150511045967:  Hold'em Limit ($3/$6 USD) - 2016/03/17 17:38:39 ET
Table 'Armida' 6-max Seat #4 is the button
Seat 1: PlayForca ($109.40 in chips)
Seat 4: vovojc ($56 in chips)
JayEm82 will be allowed to play after the button
vovojc: posts small blind $1
ValeryRon: is sitting out
PlayForca: posts big blind $3
*** HOLE CARDS ***
ValeryRon leaves the table
bentinck113 leaves the table
vovojc: raises $3 to $6
PlayForca: calls $3
*** FLOP *** [Ks 5d 3d]
PlayForca: checks
vovojc: bets $3
PlayForca: calls $3
*** TURN *** [Ks 5d 3d] [2s]
PlayForca: checks
vovojc: checks
*** RIVER *** [Ks 5d 3d 2s] [6d]
PlayForca: bets $6
vovojc: folds
Uncalled bet ($6) returned to PlayForca
PlayForca collected $17.64 from pot
PlayForca: doesn't show hand
*** SUMMARY ***
Total pot $18 | Rake $0.36
Board [Ks 5d 3d 2s 6d]
Seat 1: PlayForca (big blind) collected ($17.64)
Seat 4: vovojc (button) (small blind) folded on the River


PokerStars Hand #150512312688:  Hold'em Limit ($3/$6 USD) - 2016/03/17 18:03:34 ET
Table 'Armida' 6-max Seat #3 is the button
Seat 3: DeKirov ($78 in chips)
Seat 4: Dieter321 ($120 in chips)
DeKirov: posts small blind $1
Dieter321: posts big blind $3
*** HOLE CARDS ***
GoliafUa joins the table at seat #5
DeKirov: raises $3 to $6
ValeryRon joins the table at seat #6
Dieter321: calls $3
*** FLOP *** [9s 3c 5d]
vestimokrec joins the table at seat #2
Dieter321: checks
DeKirov: checks
*** TURN *** [9s 3c 5d] [2h]
Dieter321: bets $6
DeKirov: raises $6 to $12
Dieter321: calls $6
*** RIVER *** [9s 3c 5d 2h] [Td]
Dieter321: checks
DeKirov: bets $6
Dieter321: calls $6
*** SHOW DOWN ***
DeKirov: shows [4h 5h] (a pair of Fives)
Dieter321: shows [9h Ac] (a pair of Nines)
Dieter321 collected $47.50 from pot
*** SUMMARY ***
Total pot $48 | Rake $0.50
Board [9s 3c 5d 2h Td]
Seat 3: DeKirov (button) (small blind) showed [4h 5h] and lost with a pair of Fives
Seat 4: Dieter321 (big blind) showed [9h Ac] and won ($47.50) with a pair of Nines


PokerStars Hand #150512943452:  Hold'em Limit ($3/$6 USD) - 2016/03/17 18:15:42 ET
Table 'Armida' 6-max Seat #4 is the button
Seat 2: vestimokrec ($129.38 in chips)
Seat 4: Dieter321 ($95.29 in chips)
Dieter321: posts small blind $1
ValeryRon: is sitting out
Zubasa07: is sitting out
vestimokrec: posts big blind $3
*** HOLE CARDS ***
ValeryRon leaves the table
Zubasa07 leaves the table
Dieter321: calls $2
Zubasa07 joins the table at seat #5
vestimokrec: raises $3 to $6
Dieter321: calls $3
*** FLOP *** [Jd 8d 2d]
vestimokrec: bets $3
Dieter321: calls $3
*** TURN *** [Jd 8d 2d] [Tc]
vestimokrec: bets $6
Dieter321: calls $6
*** RIVER *** [Jd 8d 2d Tc] [7c]
vestimokrec: checks
Dieter321: bets $6
vestimokrec: calls $6
*** SHOW DOWN ***
Dieter321: shows [Ac 9c] (a straight, Seven to Jack)
vestimokrec: mucks hand
Dieter321 collected $41.50 from pot
*** SUMMARY ***
Total pot $42 | Rake $0.50
Board [Jd 8d 2d Tc 7c]
Seat 2: vestimokrec (big blind) mucked
Seat 4: Dieter321 (button) (small blind) showed [Ac 9c] and won ($41.50) with a straight, Seven to Jack


PokerStars Hand #150512972393:  Hold'em Limit ($3/$6 USD) - 2016/03/17 18:16:15 ET
Table 'Armida' 6-max Seat #2 is the button
Seat 2: vestimokrec ($120 in chips)
Seat 4: Dieter321 ($115.79 in chips)
vestimokrec: posts small blind $1
Dieter321: posts big blind $3
*** HOLE CARDS ***
Guimp joins the table at seat #1
vestimokrec: raises $3 to $6
Dieter321: calls $3
*** FLOP *** [6h Ah 6c]
Dieter321: checks
Longstaaf joins the table at seat #6
bugsbubble joins the table at seat #3
vestimokrec: bets $3
Dieter321: folds
Uncalled bet ($3) returned to vestimokrec
vestimokrec collected $11.76 from pot
vestimokrec: doesn't show hand
*** SUMMARY ***
Total pot $12 | Rake $0.24
Board [6h Ah 6c]
Seat 2: vestimokrec (button) (small blind) collected ($11.76)
Seat 4: Dieter321 (big blind) folded on the Flop


PokerStars Hand #150515000930:  Hold'em Limit ($3/$6 USD) - 2016/03/17 18:56:20 ET
Table 'Armida' 6-max Seat #4 is the button
Seat 4: Dieter321 ($163.96 in chips)
Seat 5: Zubasa07 ($586.31 in chips)
Dieter321: posts small blind $1
Zubasa07: posts big blind $3
*** HOLE CARDS ***
Dieter321: calls $2
Zubasa07: raises $3 to $6
Dieter321: calls $3
*** FLOP *** [Qc 5h 9s]
Zubasa07: bets $3
Dieter321: calls $3
*** TURN *** [Qc 5h 9s] [6s]
Zubasa07: bets $6
Dieter321: raises $6 to $12
Zubasa07: calls $6
*** RIVER *** [Qc 5h 9s 6s] [As]
vestimokrec joins the table at seat #6
Zubasa07: bets $6
Dieter321: calls $6
*** SHOW DOWN ***
Zubasa07: shows [Ad 9h] (two pair, Aces and Nines)
Dieter321: mucks hand
Zubasa07 collected $53.50 from pot
*** SUMMARY ***
Total pot $54 | Rake $0.50
Board [Qc 5h 9s 6s As]
Seat 4: Dieter321 (button) (small blind) mucked
Seat 5: Zubasa07 (big blind) showed [Ad 9h] and won ($53.50) with two pair, Aces and Nines


PokerStars Hand #150514961197:  Hold'em Limit ($3/$6 USD) - 2016/03/17 18:55:19 ET
Table 'Armida' 6-max Seat #5 is the button
Seat 4: Dieter321 ($178.96 in chips)
Seat 5: Zubasa07 ($571.81 in chips)
Guimp leaves the table
Zubasa07: posts small blind $1
vestimokrec: is sitting out
Dieter321: posts big blind $3
*** HOLE CARDS ***
Zubasa07: raises $3 to $6
Dieter321: calls $3
*** FLOP *** [Qs 2h Jh]
vestimokrec leaves the table
Dieter321: checks
Zubasa07: bets $3
Dieter321: calls $3
*** TURN *** [Qs 2h Jh] [9h]
Dieter321: checks
Zubasa07: bets $6
Dieter321: calls $6
*** RIVER *** [Qs 2h Jh 9h] [8h]
Dieter321: checks
Zubasa07: bets $6
Dieter321: folds
Uncalled bet ($6) returned to Zubasa07
Zubasa07 collected $29.50 from pot
Zubasa07: doesn't show hand
*** SUMMARY ***
Total pot $30 | Rake $0.50
Board [Qs 2h Jh 9h 8h]
Seat 4: Dieter321 (big blind) folded on the River
Seat 5: Zubasa07 (button) (small blind) collected ($29.50)


