PokerStars Hand #163130123056:  Hold'em Limit ($3/$6 USD) - 2016/12/18 7:37:40 ET
Table 'Armor II' 6-max Seat #3 is the button
Seat 3: ZinZar ($158.78 in chips)
Seat 5: sydd7 ($121.36 in chips)
ZinZar: posts small blind $1
sydd7: posts big blind $3
*** HOLE CARDS ***
s s h leaves the table
ZinZar: raises $3 to $6
sydd7: calls $3
*** FLOP *** [Kh Qs Th]
sydd7: bets $3
ZinZar: calls $3
*** TURN *** [Kh Qs Th] [Js]
sydd7: bets $6
ZinZar: calls $6
*** RIVER *** [Kh Qs Th Js] [5d]
sydd7: bets $6
ZinZar: calls $6
*** SHOW DOWN ***
sydd7: shows [7h Jc] (a pair of Jacks)
ZinZar: shows [Ks Jd] (two pair, Kings and Jacks)
ZinZar collected $41.50 from pot
*** SUMMARY ***
Total pot $42 | Rake $0.50
Board [Kh Qs Th Js 5d]
Seat 3: ZinZar (button) (small blind) showed [Ks Jd] and won ($41.50) with two pair, Kings and Jacks
Seat 5: sydd7 (big blind) showed [7h Jc] and lost with a pair of Jacks


PokerStars Hand #163130119134:  Hold'em Limit ($3/$6 USD) - 2016/12/18 7:37:33 ET
Table 'Armor II' 6-max Seat #5 is the button
Seat 3: ZinZar ($161.78 in chips)
Seat 5: sydd7 ($118.36 in chips)
sydd7: posts small blind $1
s s h: is sitting out
MellivoraSto: is sitting out
ZinZar: posts big blind $3
*** HOLE CARDS ***
sydd7: raises $3 to $6
ZinZar: folds
Uncalled bet ($3) returned to sydd7
sydd7 collected $6 from pot
*** SUMMARY ***
Total pot $6 | Rake $0
Seat 3: ZinZar (big blind) folded before Flop
Seat 5: sydd7 (button) (small blind) collected ($6)


