PokerStars Hand #172645153443:  Hold'em Limit ($3/$6 USD) - 2017/07/05 14:41:29 ET
Table 'Armor II' 6-max Seat #1 is the button
Seat 1: MIBondiola ($107.91 in chips)
Seat 5: belik555 ($130.53 in chips)
MIBondiola: posts small blind $1
belik555: posts big blind $3
*** HOLE CARDS ***
MIBondiola: raises $3 to $6
belik555: calls $3
*** FLOP *** [Qc 5s Qs]
belik555: bets $3
MIBondiola: folds
Uncalled bet ($3) returned to belik555
belik555 collected $11.76 from pot
belik555: doesn't show hand
*** SUMMARY ***
Total pot $12 | Rake $0.24
Board [Qc 5s Qs]
Seat 1: MIBondiola (button) (small blind) folded on the Flop
Seat 5: belik555 (big blind) collected ($11.76)


PokerStars Hand #172645257877:  Hold'em Limit ($3/$6 USD) - 2017/07/05 14:43:51 ET
Table 'Armor II' 6-max Seat #5 is the button
Seat 5: belik555 ($136.29 in chips)
Seat 6: Aragorn ll ($92.84 in chips)
belik555: posts small blind $1
Aragorn ll: posts big blind $3
*** HOLE CARDS ***
B_loJkl joins the table at seat #1
belik555: raises $3 to $6
Aragorn ll: calls $3
*** FLOP *** [3h As 6h]
Aragorn ll: checks
belik555: checks
*** TURN *** [3h As 6h] [Qd]
Aragorn ll: checks
belik555: bets $6
Aragorn ll: calls $6
*** RIVER *** [3h As 6h Qd] [Ts]
Aragorn ll: checks
belik555: bets $6
Aragorn ll: calls $6
*** SHOW DOWN ***
belik555: shows [Qs 2d] (a pair of Queens)
Aragorn ll: mucks hand
belik555 collected $35.50 from pot
*** SUMMARY ***
Total pot $36 | Rake $0.50
Board [3h As 6h Qd Ts]
Seat 5: belik555 (button) (small blind) showed [Qs 2d] and won ($35.50) with a pair of Queens
Seat 6: Aragorn ll (big blind) mucked


PokerStars Hand #172646016879:  Hold'em Limit ($3/$6 USD) - 2017/07/05 15:02:03 ET
Table 'Armor II' 6-max Seat #3 is the button
Seat 3: Smaska ($46.43 in chips)
Seat 5: belik555 ($219.83 in chips)
Smaska: posts small blind $1
belik555: posts big blind $3
*** HOLE CARDS ***
Smaska: folds
Uncalled bet ($2) returned to belik555
belik555 collected $2 from pot
belik555: doesn't show hand
*** SUMMARY ***
Total pot $2 | Rake $0
Seat 3: Smaska (button) (small blind) folded before Flop
Seat 5: belik555 (big blind) collected ($2)


PokerStars Hand #172646011990:  Hold'em Limit ($3/$6 USD) - 2017/07/05 15:01:56 ET
Table 'Armor II' 6-max Seat #5 is the button
Seat 3: Smaska ($45.43 in chips)
Seat 5: belik555 ($220.83 in chips)
belik555: posts small blind $1
Smaska: posts big blind $3
*** HOLE CARDS ***
belik555: folds
Uncalled bet ($2) returned to Smaska
Smaska collected $2 from pot
Smaska: doesn't show hand
Apanage leaves the table
*** SUMMARY ***
Total pot $2 | Rake $0
Seat 3: Smaska (big blind) collected ($2)
Seat 5: belik555 (button) (small blind) folded before Flop


PokerStars Hand #172646020459:  Hold'em Limit ($3/$6 USD) - 2017/07/05 15:02:08 ET
Table 'Armor II' 6-max Seat #5 is the button
Seat 3: Smaska ($45.43 in chips)
Seat 5: belik555 ($220.83 in chips)
belik555: posts small blind $1
Smaska: posts big blind $3
*** HOLE CARDS ***
belik555: folds
Uncalled bet ($2) returned to Smaska
Smaska collected $2 from pot
Smaska: doesn't show hand
*** SUMMARY ***
Total pot $2 | Rake $0
Seat 3: Smaska (big blind) collected ($2)
Seat 5: belik555 (button) (small blind) folded before Flop


PokerStars Hand #172646026183:  Hold'em Limit ($3/$6 USD) - 2017/07/05 15:02:16 ET
Table 'Armor II' 6-max Seat #3 is the button
Seat 3: Smaska ($46.43 in chips)
Seat 5: belik555 ($219.83 in chips)
Smaska: posts small blind $1
belik555: posts big blind $3
*** HOLE CARDS ***
Smaska: raises $3 to $6
belik555: calls $3
*** FLOP *** [Ad 3h 3s]
belik555: checks
Smaska: bets $3
belik555: calls $3
*** TURN *** [Ad 3h 3s] [5h]
belik555: checks
Smaska: bets $6
belik555: folds
Uncalled bet ($6) returned to Smaska
Smaska collected $17.64 from pot
Smaska: doesn't show hand
*** SUMMARY ***
Total pot $18 | Rake $0.36
Board [Ad 3h 3s 5h]
Seat 3: Smaska (button) (small blind) collected ($17.64)
Seat 5: belik555 (big blind) folded on the Turn


PokerStars Hand #172646037805:  Hold'em Limit ($3/$6 USD) - 2017/07/05 15:02:31 ET
Table 'Armor II' 6-max Seat #5 is the button
Seat 3: Smaska ($55.07 in chips)
Seat 5: belik555 ($210.83 in chips)
belik555: posts small blind $1
Smaska: posts big blind $3
*** HOLE CARDS ***
belik555: raises $3 to $6
Smaska: calls $3
*** FLOP *** [Qh 8h 5h]
aade1ante leaves the table
Smaska: checks
belik555: bets $3
Smaska: calls $3
*** TURN *** [Qh 8h 5h] [3h]
Smaska: checks
belik555: checks
*** RIVER *** [Qh 8h 5h 3h] [Jd]
Smaska: bets $6
artecris joins the table at seat #2
belik555: folds
Uncalled bet ($6) returned to Smaska
Smaska collected $17.64 from pot
Smaska: doesn't show hand
*** SUMMARY ***
Total pot $18 | Rake $0.36
Board [Qh 8h 5h 3h Jd]
Seat 3: Smaska (big blind) collected ($17.64)
Seat 5: belik555 (button) (small blind) folded on the River


PokerStars Hand #172646060698:  Hold'em Limit ($3/$6 USD) - 2017/07/05 15:03:02 ET
Table 'Armor II' 6-max Seat #3 is the button
Seat 3: Smaska ($63.71 in chips)
Seat 5: belik555 ($201.83 in chips)
Smaska: posts small blind $1
belik555: posts big blind $3
*** HOLE CARDS ***
Smaska: raises $3 to $6
belik555: calls $3
*** FLOP *** [7s 8c 6c]
belik555: checks
Smaska: bets $3
belik555: folds
Uncalled bet ($3) returned to Smaska
Smaska collected $11.76 from pot
Smaska: doesn't show hand
*** SUMMARY ***
Total pot $12 | Rake $0.24
Board [7s 8c 6c]
Seat 3: Smaska (button) (small blind) collected ($11.76)
Seat 5: belik555 (big blind) folded on the Flop


PokerStars Hand #172646393496:  Hold'em Limit ($3/$6 USD) - 2017/07/05 15:10:05 ET
Table 'Armor II' 6-max Seat #5 is the button
Seat 4: krytalex ($123.09 in chips)
Seat 5: belik555 ($223.97 in chips)
belik555: posts small blind $1
krytalex: posts big blind $3
*** HOLE CARDS ***
Smaska leaves the table
belik555: raises $3 to $6
krytalex: calls $3
*** FLOP *** [2h Kd 2s]
krytalex: checks
belik555: bets $3
krytalex: calls $3
*** TURN *** [2h Kd 2s] [2d]
krytalex: checks
belik555: checks
*** RIVER *** [2h Kd 2s 2d] [2c]
krytalex: checks
belik555: checks
*** SHOW DOWN ***
krytalex: shows [Kh 6d] (four of a kind, Deuces)
belik555: shows [Th 9s] (four of a kind, Deuces)
krytalex collected $8.82 from pot
belik555 collected $8.82 from pot
*** SUMMARY ***
Total pot $18 | Rake $0.36
Board [2h Kd 2s 2d 2c]
Seat 4: krytalex (big blind) showed [Kh 6d] and won ($8.82) with four of a kind, Deuces
Seat 5: belik555 (button) (small blind) showed [Th 9s] and won ($8.82) with four of a kind, Deuces


PokerStars Hand #172647236928:  Hold'em Limit ($3/$6 USD) - 2017/07/05 15:28:00 ET
Table 'Armor II' 6-max Seat #3 is the button
Seat 3: Vulkano2015 ($87 in chips)
Seat 4: krytalex ($155.41 in chips)
Vulkano2015: posts small blind $1
krytalex: posts big blind $3
*** HOLE CARDS ***
Vulkano2015: raises $3 to $6
krytalex: calls $3
*** FLOP *** [8d 3h As]
krytalex: checks
Vulkano2015: checks
*** TURN *** [8d 3h As] [7s]
krytalex: checks
Vulkano2015: bets $6
krytalex: folds
Uncalled bet ($6) returned to Vulkano2015
Vulkano2015 collected $11.76 from pot
Vulkano2015: doesn't show hand
*** SUMMARY ***
Total pot $12 | Rake $0.24
Board [8d 3h As 7s]
Seat 3: Vulkano2015 (button) (small blind) collected ($11.76)
Seat 4: krytalex (big blind) folded on the Turn


PokerStars Hand #172647200267:  Hold'em Limit ($3/$6 USD) - 2017/07/05 15:27:13 ET
Table 'Armor II' 6-max Seat #4 is the button
Seat 3: Vulkano2015 ($120 in chips)
Seat 4: krytalex ($122.91 in chips)
krytalex: posts small blind $1
Vulkano2015: posts big blind $3
*** HOLE CARDS ***
krytalex: raises $3 to $6
Vulkano2015: raises $3 to $9
krytalex: calls $3
*** FLOP *** [3d 2d 5s]
Vulkano2015: bets $3
krytalex: raises $3 to $6
Vulkano2015: calls $3
*** TURN *** [3d 2d 5s] [6d]
Vulkano2015: checks
krytalex: bets $6
Vulkano2015: calls $6
*** RIVER *** [3d 2d 5s 6d] [Ts]
Vulkano2015: bets $6
krytalex: raises $6 to $12
Vulkano2015: calls $6
*** SHOW DOWN ***
krytalex: shows [3h 4d] (a straight, Deuce to Six)
Vulkano2015: mucks hand
krytalex collected $65.50 from pot
*** SUMMARY ***
Total pot $66 | Rake $0.50
Board [3d 2d 5s 6d Ts]
Seat 3: Vulkano2015 (big blind) mucked
Seat 4: krytalex (button) (small blind) showed [3h 4d] and won ($65.50) with a straight, Deuce to Six


PokerStars Hand #172647305982:  Hold'em Limit ($3/$6 USD) - 2017/07/05 15:29:27 ET
Table 'Armor II' 6-max Seat #3 is the button
Seat 3: Vulkano2015 ($103.92 in chips)
Seat 4: krytalex ($137.05 in chips)
Vulkano2015: posts small blind $1
krytalex: posts big blind $3
*** HOLE CARDS ***
Vulkano2015: folds
Uncalled bet ($2) returned to krytalex
krytalex collected $2 from pot
*** SUMMARY ***
Total pot $2 | Rake $0
Seat 3: Vulkano2015 (button) (small blind) folded before Flop
Seat 4: krytalex (big blind) collected ($2)


PokerStars Hand #172647290592:  Hold'em Limit ($3/$6 USD) - 2017/07/05 15:29:08 ET
Table 'Armor II' 6-max Seat #4 is the button
Seat 3: Vulkano2015 ($92.40 in chips)
Seat 4: krytalex ($149.05 in chips)
krytalex: posts small blind $1
Vulkano2015: posts big blind $3
*** HOLE CARDS ***
AzureCaper joins the table at seat #1
krytalex: raises $3 to $6
Vulkano2015: raises $3 to $9
krytalex: calls $3
*** FLOP *** [Kd Td 4s]
Vulkano2015: bets $3
krytalex: calls $3
*** TURN *** [Kd Td 4s] [Qc]
Vulkano2015: bets $6
krytalex: folds
Uncalled bet ($6) returned to Vulkano2015
Vulkano2015 collected $23.52 from pot
Vulkano2015: doesn't show hand
*** SUMMARY ***
Total pot $24 | Rake $0.48
Board [Kd Td 4s Qc]
Seat 3: Vulkano2015 (big blind) collected ($23.52)
Seat 4: krytalex (button) (small blind) folded on the Turn


PokerStars Hand #172647272687:  Hold'em Limit ($3/$6 USD) - 2017/07/05 15:28:45 ET
Table 'Armor II' 6-max Seat #3 is the button
Seat 3: Vulkano2015 ($101.40 in chips)
Seat 4: krytalex ($140.41 in chips)
Vulkano2015: posts small blind $1
krytalex: posts big blind $3
*** HOLE CARDS ***
Vulkano2015: calls $2
krytalex: raises $3 to $6
Vulkano2015: calls $3
*** FLOP *** [8h 6d Kh]
krytalex: bets $3
Vulkano2015: calls $3
*** TURN *** [8h 6d Kh] [8d]
krytalex: checks
Vulkano2015: checks
*** RIVER *** [8h 6d Kh 8d] [Td]
krytalex: checks
Vulkano2015: checks
*** SHOW DOWN ***
krytalex: shows [3c Ad] (a pair of Eights)
Vulkano2015: mucks hand
krytalex collected $17.64 from pot
*** SUMMARY ***
Total pot $18 | Rake $0.36
Board [8h 6d Kh 8d Td]
Seat 3: Vulkano2015 (button) (small blind) mucked
Seat 4: krytalex (big blind) showed [3c Ad] and won ($17.64) with a pair of Eights


PokerStars Hand #172647253810:  Hold'em Limit ($3/$6 USD) - 2017/07/05 15:28:21 ET
Table 'Armor II' 6-max Seat #4 is the button
Seat 3: Vulkano2015 ($92.76 in chips)
Seat 4: krytalex ($149.41 in chips)
krytalex: posts small blind $1
Vulkano2015: posts big blind $3
*** HOLE CARDS ***
krytalex: raises $3 to $6
Vulkano2015: raises $3 to $9
krytalex: calls $3
*** FLOP *** [Jd Kh 2h]
Vulkano2015: bets $3
krytalex: folds
Uncalled bet ($3) returned to Vulkano2015
Vulkano2015 collected $17.64 from pot
Vulkano2015: doesn't show hand
*** SUMMARY ***
Total pot $18 | Rake $0.36
Board [Jd Kh 2h]
Seat 3: Vulkano2015 (big blind) collected ($17.64)
Seat 4: krytalex (button) (small blind) folded on the Flop


