PokerStars Hand #146900023326:  Hold'em Limit ($3/$6 USD) - 2016/01/12 4:03:24 ET
Table 'Armor' 2-max Seat #2 is the button
Seat 1: kaputnikoff ($60 in chips)
Seat 2: melatonin88 ($120 in chips)
melatonin88: posts small blind $1
kaputnikoff: posts big blind $3
*** HOLE CARDS ***
melatonin88: calls $2
kaputnikoff: raises $3 to $6
melatonin88: calls $3
*** FLOP *** [Jc 8s Ad]
kaputnikoff: bets $3
melatonin88: folds
Uncalled bet ($3) returned to kaputnikoff
kaputnikoff collected $11.76 from pot
kaputnikoff: doesn't show hand
*** SUMMARY ***
Total pot $12 | Rake $0.24
Board [Jc 8s Ad]
Seat 1: kaputnikoff (big blind) collected ($11.76)
Seat 2: melatonin88 (button) (small blind) folded on the Flop


PokerStars Hand #146900051391:  Hold'em Limit ($3/$6 USD) - 2016/01/12 4:04:40 ET
Table 'Armor' 2-max Seat #1 is the button
Seat 1: kaputnikoff ($63.58 in chips)
Seat 2: melatonin88 ($115.58 in chips)
kaputnikoff: posts small blind $1
melatonin88: posts big blind $3
*** HOLE CARDS ***
kaputnikoff: raises $3 to $6
melatonin88: calls $3
*** FLOP *** [2d Kd Jc]
melatonin88: checks
kaputnikoff: bets $3
melatonin88: folds
Uncalled bet ($3) returned to kaputnikoff
kaputnikoff collected $11.76 from pot
kaputnikoff: doesn't show hand
*** SUMMARY ***
Total pot $12 | Rake $0.24
Board [2d Kd Jc]
Seat 1: kaputnikoff (button) (small blind) collected ($11.76)
Seat 2: melatonin88 (big blind) folded on the Flop


PokerStars Hand #146900042956:  Hold'em Limit ($3/$6 USD) - 2016/01/12 4:04:17 ET
Table 'Armor' 2-max Seat #1 is the button
Seat 1: kaputnikoff ($66.58 in chips)
Seat 2: melatonin88 ($112.82 in chips)
kaputnikoff: posts small blind $1
melatonin88: posts big blind $3
*** HOLE CARDS ***
kaputnikoff: raises $3 to $6
melatonin88: folds
Uncalled bet ($3) returned to kaputnikoff
kaputnikoff collected $6 from pot
kaputnikoff: doesn't show hand
*** SUMMARY ***
Total pot $6 | Rake $0
Seat 1: kaputnikoff (button) (small blind) collected ($6)
Seat 2: melatonin88 (big blind) folded before Flop


PokerStars Hand #146900032309:  Hold'em Limit ($3/$6 USD) - 2016/01/12 4:03:48 ET
Table 'Armor' 2-max Seat #1 is the button
Seat 1: kaputnikoff ($65.76 in chips)
Seat 2: melatonin88 ($114 in chips)
kaputnikoff: posts small blind $1
melatonin88: posts big blind $3
*** HOLE CARDS ***
kaputnikoff: raises $3 to $6
melatonin88: raises $3 to $9
kaputnikoff: calls $3
*** FLOP *** [9c 2c Kh]
melatonin88: checks
kaputnikoff: checks
*** TURN *** [9c 2c Kh] [2h]
melatonin88: checks
kaputnikoff: checks
*** RIVER *** [9c 2c Kh 2h] [Qh]
melatonin88: checks
kaputnikoff: checks
*** SHOW DOWN ***
melatonin88: shows [Jc Ah] (a pair of Deuces)
kaputnikoff: shows [As Jh] (a pair of Deuces)
melatonin88 collected $8.82 from pot
kaputnikoff collected $8.82 from pot
*** SUMMARY ***
Total pot $18 | Rake $0.36
Board [9c 2c Kh 2h Qh]
Seat 1: kaputnikoff (button) (small blind) showed [As Jh] and won ($8.82) with a pair of Deuces
Seat 2: melatonin88 (big blind) showed [Jc Ah] and won ($8.82) with a pair of Deuces


PokerStars Hand #146900046051:  Hold'em Limit ($3/$6 USD) - 2016/01/12 4:04:26 ET
Table 'Armor' 2-max Seat #2 is the button
Seat 1: kaputnikoff ($69.58 in chips)
Seat 2: melatonin88 ($109.82 in chips)
melatonin88: posts small blind $1
kaputnikoff: posts big blind $3
*** HOLE CARDS ***
melatonin88: raises $3 to $6
kaputnikoff: calls $3
*** FLOP *** [5c Td 8h]
kaputnikoff: checks
melatonin88: bets $3
kaputnikoff: folds
Uncalled bet ($3) returned to melatonin88
melatonin88 collected $11.76 from pot
*** SUMMARY ***
Total pot $12 | Rake $0.24
Board [5c Td 8h]
Seat 1: kaputnikoff (big blind) folded on the Flop
Seat 2: melatonin88 (button) (small blind) collected ($11.76)


PokerStars Hand #146900040641:  Hold'em Limit ($3/$6 USD) - 2016/01/12 4:04:11 ET
Table 'Armor' 2-max Seat #2 is the button
Seat 1: kaputnikoff ($65.58 in chips)
Seat 2: melatonin88 ($113.82 in chips)
melatonin88: posts small blind $1
kaputnikoff: posts big blind $3
*** HOLE CARDS ***
melatonin88: folds
Uncalled bet ($2) returned to kaputnikoff
kaputnikoff collected $2 from pot
kaputnikoff: doesn't show hand
*** SUMMARY ***
Total pot $2 | Rake $0
Seat 1: kaputnikoff (big blind) collected ($2)
Seat 2: melatonin88 (button) (small blind) folded before Flop


PokerStars Hand #146900062021:  Hold'em Limit ($3/$6 USD) - 2016/01/12 4:05:08 ET
Table 'Armor' 2-max Seat #1 is the button
Seat 1: kaputnikoff ($66.34 in chips)
Seat 2: melatonin88 ($112.46 in chips)
kaputnikoff: posts small blind $1
melatonin88: posts big blind $3
*** HOLE CARDS ***
kaputnikoff: raises $3 to $6
melatonin88: calls $3
*** FLOP *** [7s 5d 3c]
melatonin88: checks
kaputnikoff: checks
*** TURN *** [7s 5d 3c] [Kd]
melatonin88: checks
kaputnikoff: bets $6
melatonin88: folds
Uncalled bet ($6) returned to kaputnikoff
kaputnikoff collected $11.76 from pot
kaputnikoff: doesn't show hand
*** SUMMARY ***
Total pot $12 | Rake $0.24
Board [7s 5d 3c Kd]
Seat 1: kaputnikoff (button) (small blind) collected ($11.76)
Seat 2: melatonin88 (big blind) folded on the Turn


PokerStars Hand #146900056472:  Hold'em Limit ($3/$6 USD) - 2016/01/12 4:04:53 ET
Table 'Armor' 2-max Seat #2 is the button
Seat 1: kaputnikoff ($69.34 in chips)
Seat 2: melatonin88 ($109.58 in chips)
melatonin88: posts small blind $1
kaputnikoff: posts big blind $3
*** HOLE CARDS ***
melatonin88: calls $2
kaputnikoff: checks
*** FLOP *** [Tc Ah 7s]
kaputnikoff: checks
melatonin88: checks
*** TURN *** [Tc Ah 7s] [4s]
kaputnikoff: checks
melatonin88: bets $6
kaputnikoff: folds
Uncalled bet ($6) returned to melatonin88
melatonin88 collected $5.88 from pot
*** SUMMARY ***
Total pot $6 | Rake $0.12
Board [Tc Ah 7s 4s]
Seat 1: kaputnikoff (big blind) folded on the Turn
Seat 2: melatonin88 (button) (small blind) collected ($5.88)


