PokerStars Hand #164284052190:  Hold'em Limit ($3/$6 USD) - 2017/01/09 4:18:32 ET
Table 'Arneb II' 10-max Seat #6 is the button
Seat 6: remeks ($122 in chips)
Seat 8: Allegro75 ($72 in chips)
remeks: posts small blind $1
Allegro75: posts big blind $3
*** HOLE CARDS ***
remeks: calls $2
Allegro75: checks
*** FLOP *** [6s Kd 5s]
Allegro75: checks
remeks: checks
*** TURN *** [6s Kd 5s] [Th]
Allegro75: checks
remeks: bets $6
Allegro75: calls $6
*** RIVER *** [6s Kd 5s Th] [2h]
Allegro75: checks
remeks: bets $6
Allegro75: calls $6
*** SHOW DOWN ***
remeks: shows [Ts As] (a pair of Tens)
Allegro75: mucks hand
remeks collected $29.50 from pot
*** SUMMARY ***
Total pot $30 | Rake $0.50
Board [6s Kd 5s Th 2h]
Seat 6: remeks (button) (small blind) showed [Ts As] and won ($29.50) with a pair of Tens
Seat 8: Allegro75 (big blind) mucked


PokerStars Hand #164284045623:  Hold'em Limit ($3/$6 USD) - 2017/01/09 4:18:12 ET
Table 'Arneb II' 10-max Seat #8 is the button
Seat 6: remeks ($116 in chips)
Seat 8: Allegro75 ($76 in chips)
Allegro75: posts small blind $1
remeks: posts big blind $3
*** HOLE CARDS ***
Allegro75: raises $3 to $6
remeks: raises $3 to $9
Allegro75: folds
Uncalled bet ($3) returned to remeks
remeks collected $12 from pot
remeks: doesn't show hand
*** SUMMARY ***
Total pot $12 | Rake $0
Seat 6: remeks (big blind) collected ($12)
Seat 8: Allegro75 (button) (small blind) folded before Flop


PokerStars Hand #164284044090:  Hold'em Limit ($3/$6 USD) - 2017/01/09 4:18:08 ET
Table 'Arneb II' 10-max Seat #6 is the button
Seat 6: remeks ($117 in chips)
Seat 8: Allegro75 ($75 in chips)
remeks: posts small blind $1
Allegro75: posts big blind $3
*** HOLE CARDS ***
remeks: folds
Uncalled bet ($2) returned to Allegro75
Allegro75 collected $2 from pot
Allegro75: doesn't show hand
*** SUMMARY ***
Total pot $2 | Rake $0
Seat 6: remeks (button) (small blind) folded before Flop
Seat 8: Allegro75 (big blind) collected ($2)


PokerStars Hand #164284042263:  Hold'em Limit ($3/$6 USD) - 2017/01/09 4:18:02 ET
Table 'Arneb II' 10-max Seat #8 is the button
Seat 6: remeks ($120 in chips)
Seat 8: Allegro75 ($72 in chips)
Allegro75: posts small blind $1
remeks: posts big blind $3
*** HOLE CARDS ***
Allegro75: raises $3 to $6
remeks: folds
Uncalled bet ($3) returned to Allegro75
Allegro75 collected $6 from pot
Allegro75: doesn't show hand
*** SUMMARY ***
Total pot $6 | Rake $0
Seat 6: remeks (big blind) folded before Flop
Seat 8: Allegro75 (button) (small blind) collected ($6)


PokerStars Hand #164284076321:  Hold'em Limit ($3/$6 USD) - 2017/01/09 4:19:42 ET
Table 'Arneb II' 10-max Seat #8 is the button
Seat 6: remeks ($110.50 in chips)
Seat 8: Allegro75 ($97.52 in chips)
Allegro75: posts small blind $1
remeks: posts big blind $3
*** HOLE CARDS ***
Allegro75: raises $3 to $6
remeks: folds
Uncalled bet ($3) returned to Allegro75
Allegro75 collected $6 from pot
Allegro75: doesn't show hand
*** SUMMARY ***
Total pot $6 | Rake $0
Seat 6: remeks (big blind) folded before Flop
Seat 8: Allegro75 (button) (small blind) collected ($6)


PokerStars Hand #164284074663:  Hold'em Limit ($3/$6 USD) - 2017/01/09 4:19:37 ET
Table 'Arneb II' 10-max Seat #6 is the button
Seat 6: remeks ($111.50 in chips)
Seat 8: Allegro75 ($96.52 in chips)
remeks: posts small blind $1
Allegro75: posts big blind $3
*** HOLE CARDS ***
remeks: folds
Uncalled bet ($2) returned to Allegro75
Allegro75 collected $2 from pot
Allegro75: doesn't show hand
*** SUMMARY ***
Total pot $2 | Rake $0
Seat 6: remeks (button) (small blind) folded before Flop
Seat 8: Allegro75 (big blind) collected ($2)


PokerStars Hand #164284072658:  Hold'em Limit ($3/$6 USD) - 2017/01/09 4:19:32 ET
Table 'Arneb II' 10-max Seat #8 is the button
Seat 6: remeks ($114.50 in chips)
Seat 8: Allegro75 ($93.52 in chips)
Allegro75: posts small blind $1
remeks: posts big blind $3
*** HOLE CARDS ***
Allegro75: raises $3 to $6
remeks: folds
Uncalled bet ($3) returned to Allegro75
Allegro75 collected $6 from pot
Allegro75: doesn't show hand
*** SUMMARY ***
Total pot $6 | Rake $0
Seat 6: remeks (big blind) folded before Flop
Seat 8: Allegro75 (button) (small blind) collected ($6)


PokerStars Hand #164284067448:  Hold'em Limit ($3/$6 USD) - 2017/01/09 4:19:16 ET
Table 'Arneb II' 10-max Seat #6 is the button
Seat 6: remeks ($120.50 in chips)
Seat 8: Allegro75 ($87.76 in chips)
remeks: posts small blind $1
Allegro75: posts big blind $3
*** HOLE CARDS ***
remeks: calls $2
Allegro75: raises $3 to $6
remeks: calls $3
*** FLOP *** [Kc 9s 4h]
Allegro75: bets $3
remeks: folds
Uncalled bet ($3) returned to Allegro75
Allegro75 collected $11.76 from pot
Allegro75: doesn't show hand
*** SUMMARY ***
Total pot $12 | Rake $0.24
Board [Kc 9s 4h]
Seat 6: remeks (button) (small blind) folded on the Flop
Seat 8: Allegro75 (big blind) collected ($11.76)


PokerStars Hand #164284065835:  Hold'em Limit ($3/$6 USD) - 2017/01/09 4:19:12 ET
Table 'Arneb II' 10-max Seat #8 is the button
Seat 6: remeks ($123.50 in chips)
Seat 8: Allegro75 ($84.76 in chips)
Allegro75: posts small blind $1
remeks: posts big blind $3
*** HOLE CARDS ***
Allegro75: raises $3 to $6
remeks: folds
Uncalled bet ($3) returned to Allegro75
Allegro75 collected $6 from pot
Allegro75: doesn't show hand
*** SUMMARY ***
Total pot $6 | Rake $0
Seat 6: remeks (big blind) folded before Flop
Seat 8: Allegro75 (button) (small blind) collected ($6)


PokerStars Hand #164284064213:  Hold'em Limit ($3/$6 USD) - 2017/01/09 4:19:07 ET
Table 'Arneb II' 10-max Seat #6 is the button
Seat 6: remeks ($124.50 in chips)
Seat 8: Allegro75 ($83.76 in chips)
remeks: posts small blind $1
Allegro75: posts big blind $3
*** HOLE CARDS ***
remeks: folds
Uncalled bet ($2) returned to Allegro75
Allegro75 collected $2 from pot
Allegro75: doesn't show hand
*** SUMMARY ***
Total pot $2 | Rake $0
Seat 6: remeks (button) (small blind) folded before Flop
Seat 8: Allegro75 (big blind) collected ($2)


PokerStars Hand #164284062331:  Hold'em Limit ($3/$6 USD) - 2017/01/09 4:19:01 ET
Table 'Arneb II' 10-max Seat #8 is the button
Seat 6: remeks ($127.50 in chips)
Seat 8: Allegro75 ($80.76 in chips)
Allegro75: posts small blind $1
remeks: posts big blind $3
*** HOLE CARDS ***
Allegro75: raises $3 to $6
remeks: folds
Uncalled bet ($3) returned to Allegro75
Allegro75 collected $6 from pot
Allegro75: doesn't show hand
*** SUMMARY ***
Total pot $6 | Rake $0
Seat 6: remeks (big blind) folded before Flop
Seat 8: Allegro75 (button) (small blind) collected ($6)


PokerStars Hand #164284058551:  Hold'em Limit ($3/$6 USD) - 2017/01/09 4:18:50 ET
Table 'Arneb II' 10-max Seat #6 is the button
Seat 6: remeks ($133.50 in chips)
Seat 8: Allegro75 ($75 in chips)
remeks: posts small blind $1
Allegro75: posts big blind $3
*** HOLE CARDS ***
remeks: calls $2
Allegro75: checks
*** FLOP *** [Ts 5c 2h]
Allegro75: bets $3
remeks: calls $3
*** TURN *** [Ts 5c 2h] [Qs]
Allegro75: bets $6
remeks: folds
Uncalled bet ($6) returned to Allegro75
Allegro75 collected $11.76 from pot
Allegro75: doesn't show hand
*** SUMMARY ***
Total pot $12 | Rake $0.24
Board [Ts 5c 2h Qs]
Seat 6: remeks (button) (small blind) folded on the Turn
Seat 8: Allegro75 (big blind) collected ($11.76)


PokerStars Hand #164284056858:  Hold'em Limit ($3/$6 USD) - 2017/01/09 4:18:45 ET
Table 'Arneb II' 10-max Seat #8 is the button
Seat 6: remeks ($136.50 in chips)
Seat 8: Allegro75 ($72 in chips)
Allegro75: posts small blind $1
remeks: posts big blind $3
*** HOLE CARDS ***
Allegro75: raises $3 to $6
remeks: folds
Uncalled bet ($3) returned to Allegro75
Allegro75 collected $6 from pot
Allegro75: doesn't show hand
*** SUMMARY ***
Total pot $6 | Rake $0
Seat 6: remeks (big blind) folded before Flop
Seat 8: Allegro75 (button) (small blind) collected ($6)


PokerStars Hand #164284078311:  Hold'em Limit ($3/$6 USD) - 2017/01/09 4:19:48 ET
Table 'Arneb II' 10-max Seat #6 is the button
Seat 6: remeks ($107.50 in chips)
Seat 8: Allegro75 ($100.52 in chips)
remeks: posts small blind $1
Allegro75: posts big blind $3
*** HOLE CARDS ***
remeks: raises $3 to $6
Allegro75: calls $3
*** FLOP *** [4s 4h 6c]
Allegro75: checks
remeks: bets $3
Allegro75: calls $3
*** TURN *** [4s 4h 6c] [Ts]
Allegro75: checks
remeks: bets $6
Allegro75: raises $6 to $12
remeks: calls $6
*** RIVER *** [4s 4h 6c Ts] [4d]
Allegro75: bets $6
remeks: calls $6
*** SHOW DOWN ***
Allegro75: shows [Qh Qd] (a full house, Fours full of Queens)
remeks: mucks hand
Allegro75 collected $53.50 from pot
*** SUMMARY ***
Total pot $54 | Rake $0.50
Board [4s 4h 6c Ts 4d]
Seat 6: remeks (button) (small blind) mucked
Seat 8: Allegro75 (big blind) showed [Qh Qd] and won ($53.50) with a full house, Fours full of Queens


PokerStars Hand #164284117039:  Hold'em Limit ($3/$6 USD) - 2017/01/09 4:21:40 ET
Table 'Arneb II' 10-max Seat #6 is the button
Seat 6: remeks ($95 in chips)
Seat 8: Allegro75 ($111.78 in chips)
remeks: posts small blind $1
Allegro75: posts big blind $3
*** HOLE CARDS ***
remeks: folds
Uncalled bet ($2) returned to Allegro75
Allegro75 collected $2 from pot
Allegro75: doesn't show hand
*** SUMMARY ***
Total pot $2 | Rake $0
Seat 6: remeks (button) (small blind) folded before Flop
Seat 8: Allegro75 (big blind) collected ($2)


PokerStars Hand #164284113609:  Hold'em Limit ($3/$6 USD) - 2017/01/09 4:21:30 ET
Table 'Arneb II' 10-max Seat #8 is the button
Seat 6: remeks ($98 in chips)
Seat 8: Allegro75 ($108.78 in chips)
Allegro75: posts small blind $1
remeks: posts big blind $3
*** HOLE CARDS ***
Allegro75: raises $3 to $6
remeks: folds
Uncalled bet ($3) returned to Allegro75
Allegro75 collected $6 from pot
Allegro75: doesn't show hand
*** SUMMARY ***
Total pot $6 | Rake $0
Seat 6: remeks (big blind) folded before Flop
Seat 8: Allegro75 (button) (small blind) collected ($6)


PokerStars Hand #164284108945:  Hold'em Limit ($3/$6 USD) - 2017/01/09 4:21:17 ET
Table 'Arneb II' 10-max Seat #6 is the button
Seat 6: remeks ($104 in chips)
Seat 8: Allegro75 ($103.02 in chips)
remeks: posts small blind $1
Allegro75: posts big blind $3
*** HOLE CARDS ***
remeks: raises $3 to $6
Allegro75: calls $3
*** FLOP *** [3d 6s 4s]
Allegro75: checks
remeks: checks
*** TURN *** [3d 6s 4s] [Kh]
Allegro75: checks
remeks: checks
*** RIVER *** [3d 6s 4s Kh] [8h]
Allegro75: bets $6
remeks: folds
Uncalled bet ($6) returned to Allegro75
Allegro75 collected $11.76 from pot
Allegro75: doesn't show hand
*** SUMMARY ***
Total pot $12 | Rake $0.24
Board [3d 6s 4s Kh 8h]
Seat 6: remeks (button) (small blind) folded on the River
Seat 8: Allegro75 (big blind) collected ($11.76)


PokerStars Hand #164284107303:  Hold'em Limit ($3/$6 USD) - 2017/01/09 4:21:12 ET
Table 'Arneb II' 10-max Seat #8 is the button
Seat 6: remeks ($107 in chips)
Seat 8: Allegro75 ($100.02 in chips)
Allegro75: posts small blind $1
remeks: posts big blind $3
*** HOLE CARDS ***
Allegro75: raises $3 to $6
remeks: folds
Uncalled bet ($3) returned to Allegro75
Allegro75 collected $6 from pot
Allegro75: doesn't show hand
*** SUMMARY ***
Total pot $6 | Rake $0
Seat 6: remeks (big blind) folded before Flop
Seat 8: Allegro75 (button) (small blind) collected ($6)


PokerStars Hand #164284101390:  Hold'em Limit ($3/$6 USD) - 2017/01/09 4:20:55 ET
Table 'Arneb II' 10-max Seat #6 is the button
Seat 6: remeks ($104 in chips)
Seat 8: Allegro75 ($103.02 in chips)
remeks: posts small blind $1
Allegro75: posts big blind $3
*** HOLE CARDS ***
remeks: raises $3 to $6
Allegro75: folds
Uncalled bet ($3) returned to remeks
remeks collected $6 from pot
remeks: doesn't show hand
*** SUMMARY ***
Total pot $6 | Rake $0
Seat 6: remeks (button) (small blind) collected ($6)
Seat 8: Allegro75 (big blind) folded before Flop


PokerStars Hand #164284087524:  Hold'em Limit ($3/$6 USD) - 2017/01/09 4:20:14 ET
Table 'Arneb II' 10-max Seat #8 is the button
Seat 6: remeks ($80.50 in chips)
Seat 8: Allegro75 ($127.02 in chips)
Allegro75: posts small blind $1
remeks: posts big blind $3
*** HOLE CARDS ***
Allegro75: raises $3 to $6
remeks: raises $3 to $9
Allegro75: calls $3
*** FLOP *** [Kc 5s Tc]
remeks: bets $3
Allegro75: calls $3
*** TURN *** [Kc 5s Tc] [3s]
remeks: bets $6
Allegro75: calls $6
*** RIVER *** [Kc 5s Tc 3s] [2c]
remeks: bets $6
Allegro75: calls $6
*** SHOW DOWN ***
remeks: shows [7d 7s] (a pair of Sevens)
Allegro75: mucks hand
remeks collected $47.50 from pot
*** SUMMARY ***
Total pot $48 | Rake $0.50
Board [Kc 5s Tc 3s 2c]
Seat 6: remeks (big blind) showed [7d 7s] and won ($47.50) with a pair of Sevens
Seat 8: Allegro75 (button) (small blind) mucked


PokerStars Hand #164284132089:  Hold'em Limit ($3/$6 USD) - 2017/01/09 4:22:23 ET
Table 'Arneb II' 10-max Seat #8 is the button
Seat 6: remeks ($91 in chips)
Seat 8: Allegro75 ($115.54 in chips)
Allegro75: posts small blind $1
remeks: posts big blind $3
*** HOLE CARDS ***
Allegro75: raises $3 to $6
remeks: raises $3 to $9
Allegro75: folds
Uncalled bet ($3) returned to remeks
remeks collected $12 from pot
remeks: doesn't show hand
*** SUMMARY ***
Total pot $12 | Rake $0
Seat 6: remeks (big blind) collected ($12)
Seat 8: Allegro75 (button) (small blind) folded before Flop


PokerStars Hand #164284121827:  Hold'em Limit ($3/$6 USD) - 2017/01/09 4:21:54 ET
Table 'Arneb II' 10-max Seat #6 is the button
Seat 6: remeks ($88 in chips)
Seat 8: Allegro75 ($118.54 in chips)
remeks: posts small blind $1
Allegro75: posts big blind $3
*** HOLE CARDS ***
remeks: raises $3 to $6
Allegro75: folds
Uncalled bet ($3) returned to remeks
remeks collected $6 from pot
remeks: doesn't show hand
*** SUMMARY ***
Total pot $6 | Rake $0
Seat 6: remeks (button) (small blind) collected ($6)
Seat 8: Allegro75 (big blind) folded before Flop


PokerStars Hand #164284118734:  Hold'em Limit ($3/$6 USD) - 2017/01/09 4:21:45 ET
Table 'Arneb II' 10-max Seat #8 is the button
Seat 6: remeks ($94 in chips)
Seat 8: Allegro75 ($112.78 in chips)
Allegro75: posts small blind $1
remeks: posts big blind $3
*** HOLE CARDS ***
Allegro75: raises $3 to $6
remeks: calls $3
*** FLOP *** [Qh 4h Th]
remeks: checks
Allegro75: bets $3
remeks: folds
Uncalled bet ($3) returned to Allegro75
Allegro75 collected $11.76 from pot
Allegro75: doesn't show hand
*** SUMMARY ***
Total pot $12 | Rake $0.24
Board [Qh 4h Th]
Seat 6: remeks (big blind) folded on the Flop
Seat 8: Allegro75 (button) (small blind) collected ($11.76)


PokerStars Hand #164284157667:  Hold'em Limit ($3/$6 USD) - 2017/01/09 4:23:37 ET
Table 'Arneb II' 10-max Seat #6 is the button
Seat 6: remeks ($78 in chips)
Seat 8: Allegro75 ($128.04 in chips)
remeks: posts small blind $1
Allegro75: posts big blind $3
*** HOLE CARDS ***
whatever723 joins the table at seat #7
remeks: folds
Uncalled bet ($2) returned to Allegro75
Allegro75 collected $2 from pot
Allegro75: doesn't show hand
*** SUMMARY ***
Total pot $2 | Rake $0
Seat 6: remeks (button) (small blind) folded before Flop
Seat 8: Allegro75 (big blind) collected ($2)


PokerStars Hand #164284151315:  Hold'em Limit ($3/$6 USD) - 2017/01/09 4:23:19 ET
Table 'Arneb II' 10-max Seat #8 is the button
Seat 6: remeks ($72 in chips)
Seat 8: Allegro75 ($134.04 in chips)
Allegro75: posts small blind $1
remeks: posts big blind $3
*** HOLE CARDS ***
Allegro75: raises $3 to $6
remeks: raises $3 to $9
Allegro75: folds
Uncalled bet ($3) returned to remeks
remeks collected $12 from pot
remeks: doesn't show hand
*** SUMMARY ***
Total pot $12 | Rake $0
Seat 6: remeks (big blind) collected ($12)
Seat 8: Allegro75 (button) (small blind) folded before Flop


PokerStars Hand #164284143049:  Hold'em Limit ($3/$6 USD) - 2017/01/09 4:22:55 ET
Table 'Arneb II' 10-max Seat #6 is the button
Seat 6: remeks ($93 in chips)
Seat 8: Allegro75 ($113.54 in chips)
remeks: posts small blind $1
Allegro75: posts big blind $3
*** HOLE CARDS ***
remeks: calls $2
Allegro75: raises $3 to $6
remeks: calls $3
*** FLOP *** [7d Ks 3s]
Allegro75: bets $3
remeks: calls $3
*** TURN *** [7d Ks 3s] [2h]
Allegro75: bets $6
remeks: calls $6
*** RIVER *** [7d Ks 3s 2h] [Jc]
Allegro75: bets $6
remeks: calls $6
*** SHOW DOWN ***
Allegro75: shows [7c 9d] (a pair of Sevens)
remeks: mucks hand
Allegro75 collected $41.50 from pot
*** SUMMARY ***
Total pot $42 | Rake $0.50
Board [7d Ks 3s 2h Jc]
Seat 6: remeks (button) (small blind) mucked
Seat 8: Allegro75 (big blind) showed [7c 9d] and won ($41.50) with a pair of Sevens


PokerStars Hand #164284141541:  Hold'em Limit ($3/$6 USD) - 2017/01/09 4:22:51 ET
Table 'Arneb II' 10-max Seat #8 is the button
Seat 6: remeks ($96 in chips)
Seat 8: Allegro75 ($110.54 in chips)
Allegro75: posts small blind $1
remeks: posts big blind $3
*** HOLE CARDS ***
Allegro75: raises $3 to $6
remeks: folds
Uncalled bet ($3) returned to Allegro75
Allegro75 collected $6 from pot
Allegro75: doesn't show hand
*** SUMMARY ***
Total pot $6 | Rake $0
Seat 6: remeks (big blind) folded before Flop
Seat 8: Allegro75 (button) (small blind) collected ($6)


PokerStars Hand #164284139956:  Hold'em Limit ($3/$6 USD) - 2017/01/09 4:22:46 ET
Table 'Arneb II' 10-max Seat #6 is the button
Seat 6: remeks ($97 in chips)
Seat 8: Allegro75 ($109.54 in chips)
remeks: posts small blind $1
Allegro75: posts big blind $3
*** HOLE CARDS ***
remeks: folds
Uncalled bet ($2) returned to Allegro75
Allegro75 collected $2 from pot
Allegro75: doesn't show hand
*** SUMMARY ***
Total pot $2 | Rake $0
Seat 6: remeks (button) (small blind) folded before Flop
Seat 8: Allegro75 (big blind) collected ($2)


PokerStars Hand #164284174066:  Hold'em Limit ($3/$6 USD) - 2017/01/09 4:24:25 ET
Table 'Arneb II' 10-max Seat #8 is the button
Seat 6: remeks ($58.76 in chips)
Seat 8: Allegro75 ($146.54 in chips)
Allegro75: posts small blind $1
remeks: posts big blind $3
*** HOLE CARDS ***
Allegro75: raises $3 to $6
remeks: calls $3
*** FLOP *** [5h 8c Qc]
remeks: checks
Allegro75: bets $3
remeks: calls $3
*** TURN *** [5h 8c Qc] [Ts]
remeks: checks
Allegro75: bets $6
remeks: raises $6 to $12
Allegro75: folds
Uncalled bet ($6) returned to remeks
remeks collected $29.50 from pot
remeks: doesn't show hand
*** SUMMARY ***
Total pot $30 | Rake $0.50
Board [5h 8c Qc Ts]
Seat 6: remeks (big blind) collected ($29.50)
Seat 8: Allegro75 (button) (small blind) folded on the Turn


PokerStars Hand #164284164255:  Hold'em Limit ($3/$6 USD) - 2017/01/09 4:23:56 ET
Table 'Arneb II' 10-max Seat #6 is the button
Seat 6: remeks ($53 in chips)
Seat 8: Allegro75 ($152.54 in chips)
remeks: posts small blind $1
Allegro75: posts big blind $3
*** HOLE CARDS ***
remeks: raises $3 to $6
Allegro75: calls $3
*** FLOP *** [2s Ad Jh]
Allegro75: checks
remeks: bets $3
Allegro75: folds
Uncalled bet ($3) returned to remeks
remeks collected $11.76 from pot
remeks: doesn't show hand
*** SUMMARY ***
Total pot $12 | Rake $0.24
Board [2s Ad Jh]
Seat 6: remeks (button) (small blind) collected ($11.76)
Seat 8: Allegro75 (big blind) folded on the Flop


PokerStars Hand #164284159356:  Hold'em Limit ($3/$6 USD) - 2017/01/09 4:23:42 ET
Table 'Arneb II' 10-max Seat #8 is the button
Seat 6: remeks ($77 in chips)
Seat 8: Allegro75 ($129.04 in chips)
Allegro75: posts small blind $1
remeks: posts big blind $3
*** HOLE CARDS ***
Allegro75: raises $3 to $6
remeks: calls $3
*** FLOP *** [8s 9h 8d]
remeks: checks
Allegro75: bets $3
remeks: raises $3 to $6
Allegro75: calls $3
*** TURN *** [8s 9h 8d] [4c]
remeks: bets $6
Allegro75: calls $6
*** RIVER *** [8s 9h 8d 4c] [2s]
remeks: bets $6
Allegro75: calls $6
*** SHOW DOWN ***
remeks: shows [7c Kd] (a pair of Eights)
Allegro75: shows [Td Th] (two pair, Tens and Eights)
Allegro75 collected $47.50 from pot
*** SUMMARY ***
Total pot $48 | Rake $0.50
Board [8s 9h 8d 4c 2s]
Seat 6: remeks (big blind) showed [7c Kd] and lost with a pair of Eights
Seat 8: Allegro75 (button) (small blind) showed [Td Th] and won ($47.50) with two pair, Tens and Eights


PokerStars Hand #164284194442:  Hold'em Limit ($3/$6 USD) - 2017/01/09 4:25:25 ET
Table 'Arneb II' 10-max Seat #8 is the button
Seat 6: remeks ($93.30 in chips)
Seat 8: Allegro75 ($110.54 in chips)
Allegro75: posts small blind $1
remeks: posts big blind $3
*** HOLE CARDS ***
Allegro75: raises $3 to $6
remeks: calls $3
*** FLOP *** [Jc 9h Kc]
remeks: checks
Allegro75: bets $3
remeks: calls $3
*** TURN *** [Jc 9h Kc] [Js]
remeks: checks
Allegro75: checks
*** RIVER *** [Jc 9h Kc Js] [Qc]
remeks: bets $6
Allegro75: folds
Uncalled bet ($6) returned to remeks
remeks collected $17.64 from pot
remeks: doesn't show hand
*** SUMMARY ***
Total pot $18 | Rake $0.36
Board [Jc 9h Kc Js Qc]
Seat 6: remeks (big blind) collected ($17.64)
Seat 8: Allegro75 (button) (small blind) folded on the River


PokerStars Hand #164284187368:  Hold'em Limit ($3/$6 USD) - 2017/01/09 4:25:04 ET
Table 'Arneb II' 10-max Seat #6 is the button
Seat 6: remeks ($81.78 in chips)
Seat 8: Allegro75 ($122.54 in chips)
remeks: posts small blind $1
Allegro75: posts big blind $3
*** HOLE CARDS ***
remeks: calls $2
Allegro75: checks
*** FLOP *** [6c Th 9d]
Allegro75: bets $3
remeks: calls $3
*** TURN *** [6c Th 9d] [Qd]
Allegro75: bets $6
nadnameloc joins the table at seat #10
remeks: calls $6
*** RIVER *** [6c Th 9d Qd] [8c]
Allegro75: checks
remeks: bets $6
Allegro75: folds
Uncalled bet ($6) returned to remeks
remeks collected $23.52 from pot
remeks: doesn't show hand
*** SUMMARY ***
Total pot $24 | Rake $0.48
Board [6c Th 9d Qd 8c]
Seat 6: remeks (button) (small blind) collected ($23.52)
Seat 8: Allegro75 (big blind) folded on the River


PokerStars Hand #164284185272:  Hold'em Limit ($3/$6 USD) - 2017/01/09 4:24:58 ET
Table 'Arneb II' 10-max Seat #8 is the button
Seat 6: remeks ($84.78 in chips)
Seat 8: Allegro75 ($119.54 in chips)
Allegro75: posts small blind $1
remeks: posts big blind $3
*** HOLE CARDS ***
Allegro75: raises $3 to $6
remeks: folds
Uncalled bet ($3) returned to Allegro75
Allegro75 collected $6 from pot
Allegro75: doesn't show hand
*** SUMMARY ***
Total pot $6 | Rake $0
Seat 6: remeks (big blind) folded before Flop
Seat 8: Allegro75 (button) (small blind) collected ($6)


PokerStars Hand #164284179706:  Hold'em Limit ($3/$6 USD) - 2017/01/09 4:24:41 ET
Table 'Arneb II' 10-max Seat #6 is the button
Seat 6: remeks ($73.26 in chips)
Seat 8: Allegro75 ($131.54 in chips)
remeks: posts small blind $1
Allegro75: posts big blind $3
*** HOLE CARDS ***
remeks: raises $3 to $6
Allegro75: calls $3
*** FLOP *** [Jc Kc 2h]
Allegro75: checks
remeks: checks
*** TURN *** [Jc Kc 2h] [8h]
Allegro75: checks
remeks: bets $6
Allegro75: calls $6
*** RIVER *** [Jc Kc 2h 8h] [8c]
Allegro75: checks
remeks: bets $6
Allegro75: folds
Uncalled bet ($6) returned to remeks
remeks collected $23.52 from pot
remeks: doesn't show hand
*** SUMMARY ***
Total pot $24 | Rake $0.48
Board [Jc Kc 2h 8h 8c]
Seat 6: remeks (button) (small blind) collected ($23.52)
Seat 8: Allegro75 (big blind) folded on the River


PokerStars Hand #164284218605:  Hold'em Limit ($3/$6 USD) - 2017/01/09 4:26:35 ET
Table 'Arneb II' 10-max Seat #6 is the button
Seat 6: remeks ($94.94 in chips)
Seat 8: Allegro75 ($108.04 in chips)
remeks: posts small blind $1
Allegro75: posts big blind $3
*** HOLE CARDS ***
remeks: calls $2
Allegro75: raises $3 to $6
remeks: calls $3
*** FLOP *** [Kd 3h Tc]
Allegro75: bets $3
remeks: calls $3
*** TURN *** [Kd 3h Tc] [6d]
Allegro75: checks
remeks: bets $6
Allegro75: folds
Uncalled bet ($6) returned to remeks
remeks collected $17.64 from pot
remeks: doesn't show hand
*** SUMMARY ***
Total pot $18 | Rake $0.36
Board [Kd 3h Tc 6d]
Seat 6: remeks (button) (small blind) collected ($17.64)
Seat 8: Allegro75 (big blind) folded on the Turn


PokerStars Hand #164284210865:  Hold'em Limit ($3/$6 USD) - 2017/01/09 4:26:12 ET
Table 'Arneb II' 10-max Seat #8 is the button
Seat 6: remeks ($88.94 in chips)
Seat 8: Allegro75 ($114.04 in chips)
Allegro75: posts small blind $1
remeks: posts big blind $3
*** HOLE CARDS ***
Allegro75: raises $3 to $6
remeks: raises $3 to $9
Allegro75: folds
Uncalled bet ($3) returned to remeks
remeks collected $12 from pot
remeks: doesn't show hand
*** SUMMARY ***
Total pot $12 | Rake $0
Seat 6: remeks (big blind) collected ($12)
Seat 8: Allegro75 (button) (small blind) folded before Flop


PokerStars Hand #164284208929:  Hold'em Limit ($3/$6 USD) - 2017/01/09 4:26:07 ET
Table 'Arneb II' 10-max Seat #6 is the button
Seat 6: remeks ($85.94 in chips)
Seat 8: Allegro75 ($117.04 in chips)
remeks: posts small blind $1
Allegro75: posts big blind $3
*** HOLE CARDS ***
remeks: raises $3 to $6
Allegro75: folds
Uncalled bet ($3) returned to remeks
remeks collected $6 from pot
remeks: doesn't show hand
*** SUMMARY ***
Total pot $6 | Rake $0
Seat 6: remeks (button) (small blind) collected ($6)
Seat 8: Allegro75 (big blind) folded before Flop


PokerStars Hand #164284207271:  Hold'em Limit ($3/$6 USD) - 2017/01/09 4:26:02 ET
Table 'Arneb II' 10-max Seat #8 is the button
Seat 6: remeks ($88.94 in chips)
Seat 8: Allegro75 ($114.04 in chips)
Allegro75: posts small blind $1
remeks: posts big blind $3
*** HOLE CARDS ***
Allegro75: raises $3 to $6
remeks: folds
Uncalled bet ($3) returned to Allegro75
Allegro75 collected $6 from pot
Allegro75: doesn't show hand
*** SUMMARY ***
Total pot $6 | Rake $0
Seat 6: remeks (big blind) folded before Flop
Seat 8: Allegro75 (button) (small blind) collected ($6)


PokerStars Hand #164284205263:  Hold'em Limit ($3/$6 USD) - 2017/01/09 4:25:56 ET
Table 'Arneb II' 10-max Seat #6 is the button
Seat 6: remeks ($85.94 in chips)
Seat 8: Allegro75 ($117.04 in chips)
remeks: posts small blind $1
Allegro75: posts big blind $3
*** HOLE CARDS ***
remeks: raises $3 to $6
Allegro75: folds
Uncalled bet ($3) returned to remeks
remeks collected $6 from pot
remeks: doesn't show hand
*** SUMMARY ***
Total pot $6 | Rake $0
Seat 6: remeks (button) (small blind) collected ($6)
Seat 8: Allegro75 (big blind) folded before Flop


PokerStars Hand #164284200589:  Hold'em Limit ($3/$6 USD) - 2017/01/09 4:25:43 ET
Table 'Arneb II' 10-max Seat #8 is the button
Seat 6: remeks ($100.94 in chips)
Seat 8: Allegro75 ($102.54 in chips)
Allegro75: posts small blind $1
remeks: posts big blind $3
*** HOLE CARDS ***
Allegro75: raises $3 to $6
remeks: calls $3
*** FLOP *** [4s Jd Ac]
remeks: checks
Allegro75: bets $3
remeks: calls $3
*** TURN *** [4s Jd Ac] [Kh]
remeks: checks
Allegro75: checks
*** RIVER *** [4s Jd Ac Kh] [Qs]
remeks: bets $6
Allegro75: raises $6 to $12
remeks: folds
Uncalled bet ($6) returned to Allegro75
Allegro75 collected $29.50 from pot
Allegro75: doesn't show hand
*** SUMMARY ***
Total pot $30 | Rake $0.50
Board [4s Jd Ac Kh Qs]
Seat 6: remeks (big blind) folded on the River
Seat 8: Allegro75 (button) (small blind) collected ($29.50)


PokerStars Hand #164284241265:  Hold'em Limit ($3/$6 USD) - 2017/01/09 4:27:40 ET
Table 'Arneb II' 10-max Seat #8 is the button
Seat 6: remeks ($70.46 in chips)
Seat 8: Allegro75 ($131.04 in chips)
Allegro75: posts small blind $1
remeks: posts big blind $3
*** HOLE CARDS ***
Allegro75: raises $3 to $6
remeks: folds
Uncalled bet ($3) returned to Allegro75
Allegro75 collected $6 from pot
Allegro75: doesn't show hand
*** SUMMARY ***
Total pot $6 | Rake $0
Seat 6: remeks (big blind) folded before Flop
Seat 8: Allegro75 (button) (small blind) collected ($6)


PokerStars Hand #164284237209:  Hold'em Limit ($3/$6 USD) - 2017/01/09 4:27:29 ET
Table 'Arneb II' 10-max Seat #6 is the button
Seat 6: remeks ($88.46 in chips)
Seat 8: Allegro75 ($113.54 in chips)
remeks: posts small blind $1
Allegro75: posts big blind $3
*** HOLE CARDS ***
remeks: raises $3 to $6
Allegro75: calls $3
*** FLOP *** [6d Ts 9h]
Allegro75: checks
remeks: checks
*** TURN *** [6d Ts 9h] [Td]
Allegro75: bets $6
remeks: calls $6
*** RIVER *** [6d Ts 9h Td] [7d]
Allegro75: bets $6
remeks: calls $6
*** SHOW DOWN ***
Allegro75: shows [4c 6c] (two pair, Tens and Sixes)
remeks: mucks hand
Allegro75 collected $35.50 from pot
*** SUMMARY ***
Total pot $36 | Rake $0.50
Board [6d Ts 9h Td 7d]
Seat 6: remeks (button) (small blind) mucked
Seat 8: Allegro75 (big blind) showed [4c 6c] and won ($35.50) with two pair, Tens and Sixes


PokerStars Hand #164284229156:  Hold'em Limit ($3/$6 USD) - 2017/01/09 4:27:05 ET
Table 'Arneb II' 10-max Seat #8 is the button
Seat 6: remeks ($103.46 in chips)
Seat 8: Allegro75 ($99.04 in chips)
Allegro75: posts small blind $1
remeks: posts big blind $3
*** HOLE CARDS ***
Allegro75: raises $3 to $6
remeks: calls $3
*** FLOP *** [8c Jd Kc]
remeks: checks
Allegro75: bets $3
remeks: calls $3
*** TURN *** [8c Jd Kc] [Qd]
remeks: checks
Allegro75: bets $6
remeks: calls $6
*** RIVER *** [8c Jd Kc Qd] [2h]
remeks: checks
Allegro75: bets $6
remeks: folds
Uncalled bet ($6) returned to Allegro75
Allegro75 collected $29.50 from pot
Allegro75: doesn't show hand
*** SUMMARY ***
Total pot $30 | Rake $0.50
Board [8c Jd Kc Qd 2h]
Seat 6: remeks (big blind) folded on the River
Seat 8: Allegro75 (button) (small blind) collected ($29.50)


PokerStars Hand #164284225646:  Hold'em Limit ($3/$6 USD) - 2017/01/09 4:26:55 ET
Table 'Arneb II' 10-max Seat #6 is the button
Seat 6: remeks ($100.58 in chips)
Seat 8: Allegro75 ($102.04 in chips)
remeks: posts small blind $1
Allegro75: posts big blind $3
*** HOLE CARDS ***
remeks: calls $2
Allegro75: checks
*** FLOP *** [7c 8s 2s]
Allegro75: checks
remeks: checks
*** TURN *** [7c 8s 2s] [5h]
Allegro75: checks
remeks: checks
*** RIVER *** [7c 8s 2s 5h] [7s]
Allegro75: checks
remeks: checks
*** SHOW DOWN ***
Allegro75: shows [6h Qs] (a pair of Sevens)
remeks: shows [As 9d] (a pair of Sevens - Ace kicker)
remeks collected $5.88 from pot
*** SUMMARY ***
Total pot $6 | Rake $0.12
Board [7c 8s 2s 5h 7s]
Seat 6: remeks (button) (small blind) showed [As 9d] and won ($5.88) with a pair of Sevens
Seat 8: Allegro75 (big blind) showed [6h Qs] and lost with a pair of Sevens


PokerStars Hand #164284223905:  Hold'em Limit ($3/$6 USD) - 2017/01/09 4:26:50 ET
Table 'Arneb II' 10-max Seat #8 is the button
Seat 6: remeks ($103.58 in chips)
Seat 8: Allegro75 ($99.04 in chips)
Allegro75: posts small blind $1
remeks: posts big blind $3
*** HOLE CARDS ***
Allegro75: raises $3 to $6
remeks: folds
Uncalled bet ($3) returned to Allegro75
Allegro75 collected $6 from pot
Allegro75: doesn't show hand
*** SUMMARY ***
Total pot $6 | Rake $0
Seat 6: remeks (big blind) folded before Flop
Seat 8: Allegro75 (button) (small blind) collected ($6)


PokerStars Hand #164284263296:  Hold'em Limit ($3/$6 USD) - 2017/01/09 4:28:44 ET
Table 'Arneb II' 10-max Seat #6 is the button
Seat 6: remeks ($84.46 in chips)
Seat 8: Allegro75 ($115.54 in chips)
remeks: posts small blind $1
Allegro75: posts big blind $3
*** HOLE CARDS ***
remeks: folds
Uncalled bet ($2) returned to Allegro75
Allegro75 collected $2 from pot
Allegro75: doesn't show hand
*** SUMMARY ***
Total pot $2 | Rake $0
Seat 6: remeks (button) (small blind) folded before Flop
Seat 8: Allegro75 (big blind) collected ($2)


PokerStars Hand #164284258938:  Hold'em Limit ($3/$6 USD) - 2017/01/09 4:28:32 ET
Table 'Arneb II' 10-max Seat #8 is the button
Seat 6: remeks ($99.46 in chips)
Seat 8: Allegro75 ($101.04 in chips)
Allegro75: posts small blind $1
remeks: posts big blind $3
*** HOLE CARDS ***
Allegro75: raises $3 to $6
remeks: calls $3
*** FLOP *** [6c 9s Tc]
remeks: checks
Allegro75: bets $3
remeks: calls $3
*** TURN *** [6c 9s Tc] [4c]
remeks: checks
Allegro75: checks
*** RIVER *** [6c 9s Tc 4c] [Kd]
remeks: checks
Allegro75: bets $6
remeks: calls $6
*** SHOW DOWN ***
Allegro75: shows [Ks 2s] (a pair of Kings)
remeks: mucks hand
Allegro75 collected $29.50 from pot
*** SUMMARY ***
Total pot $30 | Rake $0.50
Board [6c 9s Tc 4c Kd]
Seat 6: remeks (big blind) mucked
Seat 8: Allegro75 (button) (small blind) showed [Ks 2s] and won ($29.50) with a pair of Kings


PokerStars Hand #164284253909:  Hold'em Limit ($3/$6 USD) - 2017/01/09 4:28:17 ET
Table 'Arneb II' 10-max Seat #6 is the button
Seat 6: remeks ($84.96 in chips)
Seat 8: Allegro75 ($116.04 in chips)
remeks: posts small blind $1
Allegro75: posts big blind $3
*** HOLE CARDS ***
remeks: raises $3 to $6
Allegro75: calls $3
*** FLOP *** [Td 4h 6h]
Allegro75: checks
remeks: bets $3
Allegro75: calls $3
*** TURN *** [Td 4h 6h] [5s]
Allegro75: checks
remeks: bets $6
Allegro75: calls $6
*** RIVER *** [Td 4h 6h 5s] [6c]
Allegro75: checks
remeks: bets $6
Allegro75: folds
Uncalled bet ($6) returned to remeks
remeks collected $29.50 from pot
remeks: doesn't show hand
*** SUMMARY ***
Total pot $30 | Rake $0.50
Board [Td 4h 6h 5s 6c]
Seat 6: remeks (button) (small blind) collected ($29.50)
Seat 8: Allegro75 (big blind) folded on the River


PokerStars Hand #164284252264:  Hold'em Limit ($3/$6 USD) - 2017/01/09 4:28:12 ET
Table 'Arneb II' 10-max Seat #8 is the button
Seat 6: remeks ($87.96 in chips)
Seat 8: Allegro75 ($113.04 in chips)
Allegro75: posts small blind $1
remeks: posts big blind $3
*** HOLE CARDS ***
Allegro75: raises $3 to $6
remeks: folds
Uncalled bet ($3) returned to Allegro75
Allegro75 collected $6 from pot
Allegro75: doesn't show hand
*** SUMMARY ***
Total pot $6 | Rake $0
Seat 6: remeks (big blind) folded before Flop
Seat 8: Allegro75 (button) (small blind) collected ($6)


PokerStars Hand #164284243231:  Hold'em Limit ($3/$6 USD) - 2017/01/09 4:27:46 ET
Table 'Arneb II' 10-max Seat #6 is the button
Seat 6: remeks ($67.46 in chips)
Seat 8: Allegro75 ($134.04 in chips)
remeks: posts small blind $1
Allegro75: posts big blind $3
*** HOLE CARDS ***
remeks: raises $3 to $6
Allegro75: calls $3
*** FLOP *** [9h Qc Ad]
Allegro75: bets $3
remeks: calls $3
*** TURN *** [9h Qc Ad] [8c]
Allegro75: bets $6
remeks: calls $6
*** RIVER *** [9h Qc Ad 8c] [Ks]
Allegro75: bets $6
remeks: calls $6
*** SHOW DOWN ***
Allegro75: shows [6h Qh] (a pair of Queens)
remeks: shows [Ac 6d] (a pair of Aces)
remeks collected $41.50 from pot
*** SUMMARY ***
Total pot $42 | Rake $0.50
Board [9h Qc Ad 8c Ks]
Seat 6: remeks (button) (small blind) showed [Ac 6d] and won ($41.50) with a pair of Aces
Seat 8: Allegro75 (big blind) showed [6h Qh] and lost with a pair of Queens


PokerStars Hand #164284274450:  Hold'em Limit ($3/$6 USD) - 2017/01/09 4:29:16 ET
Table 'Arneb II' 10-max Seat #6 is the button
Seat 6: remeks ($56.46 in chips)
Seat 8: Allegro75 ($143.04 in chips)
remeks: posts small blind $1
Allegro75: posts big blind $3
*** HOLE CARDS ***
remeks: raises $3 to $6
Allegro75: raises $3 to $9
remeks: calls $3
*** FLOP *** [9s Tc 2h]
Allegro75: bets $3
remeks: calls $3
*** TURN *** [9s Tc 2h] [6s]
Allegro75: checks
remeks: bets $6
Allegro75: calls $6
*** RIVER *** [9s Tc 2h 6s] [9c]
Allegro75: checks
remeks: bets $6
Allegro75: calls $6
*** SHOW DOWN ***
remeks: shows [4h 7h] (a pair of Nines)
Allegro75: shows [As Ks] (a pair of Nines - Ace kicker)
Allegro75 collected $47.50 from pot
*** SUMMARY ***
Total pot $48 | Rake $0.50
Board [9s Tc 2h 6s 9c]
Seat 6: remeks (button) (small blind) showed [4h 7h] and lost with a pair of Nines
Seat 8: Allegro75 (big blind) showed [As Ks] and won ($47.50) with a pair of Nines


PokerStars Hand #164284264889:  Hold'em Limit ($3/$6 USD) - 2017/01/09 4:28:49 ET
Table 'Arneb II' 10-max Seat #8 is the button
Seat 6: remeks ($83.46 in chips)
Seat 8: Allegro75 ($116.54 in chips)
Allegro75: posts small blind $1
remeks: posts big blind $3
*** HOLE CARDS ***
Allegro75: raises $3 to $6
remeks: raises $3 to $9
Allegro75: calls $3
*** FLOP *** [Ad 2c Qd]
remeks: bets $3
Allegro75: raises $3 to $6
remeks: calls $3
*** TURN *** [Ad 2c Qd] [9s]
remeks: checks
Allegro75: bets $6
remeks: calls $6
*** RIVER *** [Ad 2c Qd 9s] [4h]
remeks: checks
Allegro75: bets $6
remeks: calls $6
*** SHOW DOWN ***
Allegro75: shows [Qc Ac] (two pair, Aces and Queens)
remeks: mucks hand
Lackys07 joins the table at seat #9
Allegro75 collected $53.50 from pot
*** SUMMARY ***
Total pot $54 | Rake $0.50
Board [Ad 2c Qd 9s 4h]
Seat 6: remeks (big blind) mucked
Seat 8: Allegro75 (button) (small blind) showed [Qc Ac] and won ($53.50) with two pair, Aces and Queens


PokerStars Hand #164284287381:  Hold'em Limit ($3/$6 USD) - 2017/01/09 4:29:53 ET
Table 'Arneb II' 10-max Seat #9 is the button
Seat 8: Allegro75 ($165.54 in chips)
Seat 9: Lackys07 ($36 in chips)
Lackys07: posts small blind $1
Allegro75: posts big blind $3
*** HOLE CARDS ***
Lackys07: raises $3 to $6
Allegro75: calls $3
*** FLOP *** [7h 5s 9d]
Allegro75: checks
Lackys07: bets $3
Allegro75: raises $3 to $6
Lackys07: calls $3
*** TURN *** [7h 5s 9d] [4c]
Allegro75: bets $6
Lackys07: calls $6
*** RIVER *** [7h 5s 9d 4c] [Qc]
Allegro75: bets $6
Lackys07: calls $6
*** SHOW DOWN ***
Allegro75: shows [Kh 5d] (a pair of Fives)
Lackys07: shows [Ad 7s] (a pair of Sevens)
Lackys07 collected $47.50 from pot
*** SUMMARY ***
Total pot $48 | Rake $0.50
Board [7h 5s 9d 4c Qc]
Seat 8: Allegro75 (big blind) showed [Kh 5d] and lost with a pair of Fives
Seat 9: Lackys07 (button) (small blind) showed [Ad 7s] and won ($47.50) with a pair of Sevens


PokerStars Hand #164284319395:  Hold'em Limit ($3/$6 USD) - 2017/01/09 4:31:25 ET
Table 'Arneb II' 10-max Seat #9 is the button
Seat 8: Allegro75 ($156.04 in chips)
Seat 9: Lackys07 ($44.50 in chips)
Lackys07: posts small blind $1
Allegro75: posts big blind $3
*** HOLE CARDS ***
Lackys07: raises $3 to $6
Allegro75: raises $3 to $9
Lackys07: calls $3
*** FLOP *** [Jc 3h Qd]
Allegro75: bets $3
Lackys07: folds
Uncalled bet ($3) returned to Allegro75
Allegro75 collected $17.64 from pot
Allegro75: doesn't show hand
*** SUMMARY ***
Total pot $18 | Rake $0.36
Board [Jc 3h Qd]
Seat 8: Allegro75 (big blind) collected ($17.64)
Seat 9: Lackys07 (button) (small blind) folded on the Flop


PokerStars Hand #164284299505:  Hold'em Limit ($3/$6 USD) - 2017/01/09 4:30:28 ET
Table 'Arneb II' 10-max Seat #8 is the button
Seat 8: Allegro75 ($141.54 in chips)
Seat 9: Lackys07 ($59.50 in chips)
Allegro75: posts small blind $1
Lackys07: posts big blind $3
*** HOLE CARDS ***
Allegro75: raises $3 to $6
Lackys07: calls $3
*** FLOP *** [6h 9d 7d]
Lackys07: checks
Allegro75: bets $3
Lackys07: calls $3
*** TURN *** [6h 9d 7d] [8d]
Lackys07: checks
Allegro75: bets $6
Lackys07: calls $6
*** RIVER *** [6h 9d 7d 8d] [9c]
Lackys07: checks
Allegro75: bets $6
Lackys07: folds
Uncalled bet ($6) returned to Allegro75
Allegro75 collected $29.50 from pot
Allegro75: doesn't show hand
*** SUMMARY ***
Total pot $30 | Rake $0.50
Board [6h 9d 7d 8d 9c]
Seat 8: Allegro75 (button) (small blind) collected ($29.50)
Seat 9: Lackys07 (big blind) folded on the River


PokerStars Hand #164284336453:  Hold'em Limit ($3/$6 USD) - 2017/01/09 4:32:14 ET
Table 'Arneb II' 10-max Seat #8 is the button
Seat 8: Allegro75 ($196.68 in chips)
Seat 9: Lackys07 ($33 in chips)
Allegro75: posts small blind $1
Lackys07: posts big blind $3
*** HOLE CARDS ***
Allegro75: raises $3 to $6
Lackys07: calls $3
*** FLOP *** [2d Js 4d]
Lackys07: checks
Allegro75: bets $3
Lackys07: raises $3 to $6
Allegro75: calls $3
*** TURN *** [2d Js 4d] [7h]
Lackys07: bets $6
Allegro75: folds
Uncalled bet ($6) returned to Lackys07
Lackys07 collected $23.52 from pot
Lackys07: doesn't show hand
*** SUMMARY ***
Total pot $24 | Rake $0.48
Board [2d Js 4d 7h]
Seat 8: Allegro75 (button) (small blind) folded on the Turn
Seat 9: Lackys07 (big blind) collected ($23.52)


PokerStars Hand #164284323603:  Hold'em Limit ($3/$6 USD) - 2017/01/09 4:31:37 ET
Table 'Arneb II' 10-max Seat #8 is the button
Seat 8: Allegro75 ($164.68 in chips)
Seat 9: Lackys07 ($35.50 in chips)
Allegro75: posts small blind $1
Lackys07: posts big blind $3
*** HOLE CARDS ***
Allegro75: raises $3 to $6
Lackys07: raises $3 to $9
Allegro75: calls $3
*** FLOP *** [3d 8d 5h]
Lackys07: bets $3
Allegro75: calls $3
*** TURN *** [3d 8d 5h] [Js]
Lackys07: bets $6
Allegro75: raises $6 to $12
Lackys07: calls $6
*** RIVER *** [3d 8d 5h Js] [Ad]
Lackys07: bets $6
Allegro75: raises $6 to $12
Lackys07: calls $5.50 and is all-in
Uncalled bet ($0.50) returned to Allegro75
*** SHOW DOWN ***
Allegro75: shows [As Ac] (three of a kind, Aces)
Lackys07: shows [9h 9d] (a pair of Nines)
Allegro75 collected $70.50 from pot
*** SUMMARY ***
Total pot $71 | Rake $0.50
Board [3d 8d 5h Js Ad]
Seat 8: Allegro75 (button) (small blind) showed [As Ac] and won ($70.50) with three of a kind, Aces
Seat 9: Lackys07 (big blind) showed [9h 9d] and lost with a pair of Nines


PokerStars Hand #164284333429:  Hold'em Limit ($3/$6 USD) - 2017/01/09 4:32:05 ET
Table 'Arneb II' 10-max Seat #9 is the button
Seat 8: Allegro75 ($199.68 in chips)
Seat 9: Lackys07 ($30 in chips)
Lackys07: posts small blind $1
Allegro75: posts big blind $3
*** HOLE CARDS ***
Lackys07: raises $3 to $6
nadnameloc leaves the table
Allegro75: folds
Uncalled bet ($3) returned to Lackys07
Lackys07 collected $6 from pot
Lackys07: doesn't show hand
*** SUMMARY ***
Total pot $6 | Rake $0
Seat 8: Allegro75 (big blind) folded before Flop
Seat 9: Lackys07 (button) (small blind) collected ($6)


PokerStars Hand #164284347446:  Hold'em Limit ($3/$6 USD) - 2017/01/09 4:32:46 ET
Table 'Arneb II' 10-max Seat #9 is the button
Seat 8: Allegro75 ($184.68 in chips)
Seat 9: Lackys07 ($44.52 in chips)
Lackys07: posts small blind $1
Allegro75: posts big blind $3
*** HOLE CARDS ***
Lackys07: raises $3 to $6
Allegro75: calls $3
*** FLOP *** [4s Tc Qh]
Allegro75: checks
Lackys07: checks
*** TURN *** [4s Tc Qh] [Qc]
Allegro75: bets $6
Lackys07: calls $6
*** RIVER *** [4s Tc Qh Qc] [6c]
Allegro75: bets $6
Lackys07: folds
Uncalled bet ($6) returned to Allegro75
Allegro75 collected $23.52 from pot
Allegro75: doesn't show hand
*** SUMMARY ***
Total pot $24 | Rake $0.48
Board [4s Tc Qh Qc 6c]
Seat 8: Allegro75 (big blind) collected ($23.52)
Seat 9: Lackys07 (button) (small blind) folded on the River


PokerStars Hand #164284358684:  Hold'em Limit ($3/$6 USD) - 2017/01/09 4:33:17 ET
Table 'Arneb II' 10-max Seat #8 is the button
Seat 8: Allegro75 ($196.20 in chips)
Seat 9: Lackys07 ($32.52 in chips)
Allegro75: posts small blind $1
Lackys07: posts big blind $3
*** HOLE CARDS ***
Allegro75: raises $3 to $6
Lackys07: calls $3
*** FLOP *** [8s 4s 9c]
Lackys07: checks
Allegro75: bets $3
Lackys07: folds
Uncalled bet ($3) returned to Allegro75
Allegro75 collected $11.76 from pot
Allegro75: doesn't show hand
*** SUMMARY ***
Total pot $12 | Rake $0.24
Board [8s 4s 9c]
Seat 8: Allegro75 (button) (small blind) collected ($11.76)
Seat 9: Lackys07 (big blind) folded on the Flop


PokerStars Hand #164284364736:  Hold'em Limit ($3/$6 USD) - 2017/01/09 4:33:35 ET
Table 'Arneb II' 10-max Seat #9 is the button
Seat 8: Allegro75 ($201.96 in chips)
Seat 9: Lackys07 ($26.52 in chips)
Lackys07: posts small blind $1
Allegro75: posts big blind $3
*** HOLE CARDS ***
Lackys07: raises $3 to $6
Allegro75: raises $3 to $9
Lackys07: raises $3 to $12
Betting is capped
Allegro75: calls $3
*** FLOP *** [3d As 3c]
Allegro75: checks
Lackys07: bets $3
Allegro75: folds
Uncalled bet ($3) returned to Lackys07
Lackys07 collected $23.52 from pot
Lackys07: doesn't show hand
*** SUMMARY ***
Total pot $24 | Rake $0.48
Board [3d As 3c]
Seat 8: Allegro75 (big blind) folded on the Flop
Seat 9: Lackys07 (button) (small blind) collected ($23.52)


PokerStars Hand #164284372808:  Hold'em Limit ($3/$6 USD) - 2017/01/09 4:33:58 ET
Table 'Arneb II' 10-max Seat #8 is the button
Seat 8: Allegro75 ($189.96 in chips)
Seat 9: Lackys07 ($38.04 in chips)
Allegro75: posts small blind $1
Lackys07: posts big blind $3
*** HOLE CARDS ***
Allegro75: raises $3 to $6
Lackys07: folds
Uncalled bet ($3) returned to Allegro75
Allegro75 collected $6 from pot
Allegro75: doesn't show hand
*** SUMMARY ***
Total pot $6 | Rake $0
Seat 8: Allegro75 (button) (small blind) collected ($6)
Seat 9: Lackys07 (big blind) folded before Flop


PokerStars Hand #164284377237:  Hold'em Limit ($3/$6 USD) - 2017/01/09 4:34:11 ET
Table 'Arneb II' 10-max Seat #9 is the button
Seat 8: Allegro75 ($192.96 in chips)
Seat 9: Lackys07 ($35.04 in chips)
Lackys07: posts small blind $1
Allegro75: posts big blind $3
*** HOLE CARDS ***
Lackys07: folds
Uncalled bet ($2) returned to Allegro75
Allegro75 collected $2 from pot
Allegro75: doesn't show hand
*** SUMMARY ***
Total pot $2 | Rake $0
Seat 8: Allegro75 (big blind) collected ($2)
Seat 9: Lackys07 (button) (small blind) folded before Flop


PokerStars Hand #164284379517:  Hold'em Limit ($3/$6 USD) - 2017/01/09 4:34:17 ET
Table 'Arneb II' 10-max Seat #8 is the button
Seat 8: Allegro75 ($193.96 in chips)
Seat 9: Lackys07 ($34.04 in chips)
Allegro75: posts small blind $1
Lackys07: posts big blind $3
*** HOLE CARDS ***
Allegro75: folds
Uncalled bet ($2) returned to Lackys07
Lackys07 collected $2 from pot
Lackys07: doesn't show hand
*** SUMMARY ***
Total pot $2 | Rake $0
Seat 8: Allegro75 (button) (small blind) folded before Flop
Seat 9: Lackys07 (big blind) collected ($2)


PokerStars Hand #164284382602:  Hold'em Limit ($3/$6 USD) - 2017/01/09 4:34:26 ET
Table 'Arneb II' 10-max Seat #9 is the button
Seat 8: Allegro75 ($192.96 in chips)
Seat 9: Lackys07 ($35.04 in chips)
Lackys07: posts small blind $1
Allegro75: posts big blind $3
*** HOLE CARDS ***
Lackys07: folds
Uncalled bet ($2) returned to Allegro75
Allegro75 collected $2 from pot
Allegro75: doesn't show hand
*** SUMMARY ***
Total pot $2 | Rake $0
Seat 8: Allegro75 (big blind) collected ($2)
Seat 9: Lackys07 (button) (small blind) folded before Flop


PokerStars Hand #164284384440:  Hold'em Limit ($3/$6 USD) - 2017/01/09 4:34:31 ET
Table 'Arneb II' 10-max Seat #8 is the button
Seat 8: Allegro75 ($193.96 in chips)
Seat 9: Lackys07 ($34.04 in chips)
Allegro75: posts small blind $1
Lackys07: posts big blind $3
*** HOLE CARDS ***
Allegro75: raises $3 to $6
Lackys07: calls $3
*** FLOP *** [6c Kc 7h]
Lackys07: checks
Allegro75: bets $3
Lackys07: raises $3 to $6
Allegro75: calls $3
*** TURN *** [6c Kc 7h] [Qs]
Lackys07: checks
Allegro75: bets $6
Lackys07: calls $6
*** RIVER *** [6c Kc 7h Qs] [3h]
Lackys07: checks
Allegro75: bets $6
Lackys07: calls $6
*** SHOW DOWN ***
Allegro75: shows [9c 9d] (a pair of Nines)
Lackys07: mucks hand
Allegro75 collected $47.50 from pot
*** SUMMARY ***
Total pot $48 | Rake $0.50
Board [6c Kc 7h Qs 3h]
Seat 8: Allegro75 (button) (small blind) showed [9c 9d] and won ($47.50) with a pair of Nines
Seat 9: Lackys07 (big blind) mucked


PokerStars Hand #164284392928:  Hold'em Limit ($3/$6 USD) - 2017/01/09 4:34:56 ET
Table 'Arneb II' 10-max Seat #9 is the button
Seat 8: Allegro75 ($217.46 in chips)
Seat 9: Lackys07 ($10.04 in chips)
Lackys07: posts small blind $1
Allegro75: posts big blind $3
*** HOLE CARDS ***
Lackys07: raises $3 to $6
Allegro75: calls $3
*** FLOP *** [6c Js 9h]
Allegro75: checks
Lackys07: bets $3
Allegro75: raises $3 to $6
Lackys07: calls $1.04 and is all-in
Uncalled bet ($1.96) returned to Allegro75
*** TURN *** [6c Js 9h] [4s]
*** RIVER *** [6c Js 9h 4s] [Qc]
*** SHOW DOWN ***
Allegro75: shows [Kd 6d] (a pair of Sixes)
Lackys07: shows [8s Jc] (a pair of Jacks)
Lackys07 collected $19.68 from pot
*** SUMMARY ***
Total pot $20.08 | Rake $0.40
Board [6c Js 9h 4s Qc]
Seat 8: Allegro75 (big blind) showed [Kd 6d] and lost with a pair of Sixes
Seat 9: Lackys07 (button) (small blind) showed [8s Jc] and won ($19.68) with a pair of Jacks


PokerStars Hand #164284401406:  Hold'em Limit ($3/$6 USD) - 2017/01/09 4:35:20 ET
Table 'Arneb II' 10-max Seat #8 is the button
Seat 8: Allegro75 ($207.42 in chips)
Seat 9: Lackys07 ($19.68 in chips)
Allegro75: posts small blind $1
Lackys07: posts big blind $3
*** HOLE CARDS ***
Allegro75: raises $3 to $6
Lackys07: folds
Uncalled bet ($3) returned to Allegro75
Allegro75 collected $6 from pot
Allegro75: doesn't show hand
*** SUMMARY ***
Total pot $6 | Rake $0
Seat 8: Allegro75 (button) (small blind) collected ($6)
Seat 9: Lackys07 (big blind) folded before Flop


PokerStars Hand #164284409032:  Hold'em Limit ($3/$6 USD) - 2017/01/09 4:35:41 ET
Table 'Arneb II' 10-max Seat #8 is the button
Seat 8: Allegro75 ($204.42 in chips)
Seat 9: Lackys07 ($22.44 in chips)
Allegro75: posts small blind $1
Lackys07: posts big blind $3
*** HOLE CARDS ***
Allegro75: folds
Uncalled bet ($2) returned to Lackys07
Lackys07 collected $2 from pot
Lackys07: doesn't show hand
*** SUMMARY ***
Total pot $2 | Rake $0
Seat 8: Allegro75 (button) (small blind) folded before Flop
Seat 9: Lackys07 (big blind) collected ($2)


PokerStars Hand #164284403664:  Hold'em Limit ($3/$6 USD) - 2017/01/09 4:35:26 ET
Table 'Arneb II' 10-max Seat #9 is the button
Seat 8: Allegro75 ($210.42 in chips)
Seat 9: Lackys07 ($16.68 in chips)
Lackys07: posts small blind $1
Allegro75: posts big blind $3
*** HOLE CARDS ***
Lackys07: raises $3 to $6
Allegro75: calls $3
*** FLOP *** [Kc Th 6s]
Allegro75: checks
Lackys07: checks
*** TURN *** [Kc Th 6s] [6d]
Allegro75: checks
Lackys07: checks
*** RIVER *** [Kc Th 6s 6d] [5s]
Allegro75: checks
Lackys07: bets $6
Allegro75: folds
Uncalled bet ($6) returned to Lackys07
Lackys07 collected $11.76 from pot
Lackys07: doesn't show hand
*** SUMMARY ***
Total pot $12 | Rake $0.24
Board [Kc Th 6s 6d 5s]
Seat 8: Allegro75 (big blind) folded on the River
Seat 9: Lackys07 (button) (small blind) collected ($11.76)


PokerStars Hand #164284411840:  Hold'em Limit ($3/$6 USD) - 2017/01/09 4:35:49 ET
Table 'Arneb II' 10-max Seat #9 is the button
Seat 8: Allegro75 ($203.42 in chips)
Seat 9: Lackys07 ($23.44 in chips)
Lackys07: posts small blind $1
Allegro75: posts big blind $3
*** HOLE CARDS ***
Lackys07: folds
Uncalled bet ($2) returned to Allegro75
Allegro75 collected $2 from pot
Allegro75: doesn't show hand
*** SUMMARY ***
Total pot $2 | Rake $0
Seat 8: Allegro75 (big blind) collected ($2)
Seat 9: Lackys07 (button) (small blind) folded before Flop


PokerStars Hand #164284413723:  Hold'em Limit ($3/$6 USD) - 2017/01/09 4:35:55 ET
Table 'Arneb II' 10-max Seat #8 is the button
Seat 8: Allegro75 ($204.42 in chips)
Seat 9: Lackys07 ($22.44 in chips)
Allegro75: posts small blind $1
Lackys07: posts big blind $3
*** HOLE CARDS ***
Allegro75: raises $3 to $6
Lackys07: calls $3
*** FLOP *** [9c Th 6d]
Lackys07: checks
Allegro75: checks
*** TURN *** [9c Th 6d] [7d]
Lackys07: bets $6
Allegro75: folds
Uncalled bet ($6) returned to Lackys07
Lackys07 collected $11.76 from pot
Lackys07: doesn't show hand
*** SUMMARY ***
Total pot $12 | Rake $0.24
Board [9c Th 6d 7d]
Seat 8: Allegro75 (button) (small blind) folded on the Turn
Seat 9: Lackys07 (big blind) collected ($11.76)


PokerStars Hand #164284417282:  Hold'em Limit ($3/$6 USD) - 2017/01/09 4:36:05 ET
Table 'Arneb II' 10-max Seat #9 is the button
Seat 8: Allegro75 ($198.42 in chips)
Seat 9: Lackys07 ($28.20 in chips)
Lackys07: posts small blind $1
Allegro75: posts big blind $3
*** HOLE CARDS ***
Lackys07: raises $3 to $6
Allegro75: calls $3
*** FLOP *** [5d Jc Qc]
Allegro75: bets $3
Lackys07: raises $3 to $6
Allegro75: calls $3
*** TURN *** [5d Jc Qc] [4s]
Allegro75: bets $6
Lackys07: calls $6
*** RIVER *** [5d Jc Qc 4s] [Tc]
Allegro75: bets $6
Lackys07: calls $6
*** SHOW DOWN ***
Allegro75: shows [9c Jd] (a pair of Jacks)
Lackys07: shows [3c Qh] (a pair of Queens)
Lackys07 collected $47.50 from pot
*** SUMMARY ***
Total pot $48 | Rake $0.50
Board [5d Jc Qc 4s Tc]
Seat 8: Allegro75 (big blind) showed [9c Jd] and lost with a pair of Jacks
Seat 9: Lackys07 (button) (small blind) showed [3c Qh] and won ($47.50) with a pair of Queens


PokerStars Hand #164284423430:  Hold'em Limit ($3/$6 USD) - 2017/01/09 4:36:22 ET
Table 'Arneb II' 10-max Seat #8 is the button
Seat 8: Allegro75 ($174.42 in chips)
Seat 9: Lackys07 ($51.70 in chips)
Allegro75: posts small blind $1
Lackys07: posts big blind $3
*** HOLE CARDS ***
Allegro75: raises $3 to $6
Lackys07: calls $3
*** FLOP *** [3c 2s 3d]
Lackys07: bets $3
Allegro75: raises $3 to $6
Lackys07: calls $3
*** TURN *** [3c 2s 3d] [7h]
Lackys07: checks
Allegro75: bets $6
Lackys07: calls $6
*** RIVER *** [3c 2s 3d 7h] [Ks]
Lackys07: checks
Allegro75: bets $6
Lackys07: calls $6
*** SHOW DOWN ***
Allegro75: shows [Td 6s] (a pair of Threes)
Lackys07: shows [Ac 5d] (a pair of Threes - Ace kicker)
Lackys07 collected $47.50 from pot
*** SUMMARY ***
Total pot $48 | Rake $0.50
Board [3c 2s 3d 7h Ks]
Seat 8: Allegro75 (button) (small blind) showed [Td 6s] and lost with a pair of Threes
Seat 9: Lackys07 (big blind) showed [Ac 5d] and won ($47.50) with a pair of Threes


PokerStars Hand #164284432676:  Hold'em Limit ($3/$6 USD) - 2017/01/09 4:36:48 ET
Table 'Arneb II' 10-max Seat #9 is the button
Seat 8: Allegro75 ($150.42 in chips)
Seat 9: Lackys07 ($75.20 in chips)
Lackys07: posts small blind $1
Allegro75: posts big blind $3
*** HOLE CARDS ***
Lackys07: folds
Uncalled bet ($2) returned to Allegro75
Allegro75 collected $2 from pot
Allegro75: doesn't show hand
*** SUMMARY ***
Total pot $2 | Rake $0
Seat 8: Allegro75 (big blind) collected ($2)
Seat 9: Lackys07 (button) (small blind) folded before Flop


PokerStars Hand #164284434703:  Hold'em Limit ($3/$6 USD) - 2017/01/09 4:36:53 ET
Table 'Arneb II' 10-max Seat #8 is the button
Seat 8: Allegro75 ($151.42 in chips)
Seat 9: Lackys07 ($74.20 in chips)
Allegro75: posts small blind $1
Lackys07: posts big blind $3
*** HOLE CARDS ***
Allegro75: raises $3 to $6
Lackys07: calls $3
*** FLOP *** [Tc 8d 8s]
Lackys07: checks
Allegro75: bets $3
Lackys07: calls $3
*** TURN *** [Tc 8d 8s] [5d]
Lackys07: checks
Allegro75: bets $6
Lackys07: folds
Uncalled bet ($6) returned to Allegro75
Allegro75 collected $17.64 from pot
Allegro75: doesn't show hand
*** SUMMARY ***
Total pot $18 | Rake $0.36
Board [Tc 8d 8s 5d]
Seat 8: Allegro75 (button) (small blind) collected ($17.64)
Seat 9: Lackys07 (big blind) folded on the Turn


PokerStars Hand #164284446267:  Hold'em Limit ($3/$6 USD) - 2017/01/09 4:37:26 ET
Table 'Arneb II' 10-max Seat #9 is the button
Seat 8: Allegro75 ($160.06 in chips)
Seat 9: Lackys07 ($65.20 in chips)
Lackys07: posts small blind $1
Allegro75: posts big blind $3
*** HOLE CARDS ***
Lackys07: raises $3 to $6
Allegro75: calls $3
*** FLOP *** [4c 3h Ad]
Allegro75: bets $3
Lackys07: folds
Uncalled bet ($3) returned to Allegro75
Allegro75 collected $11.76 from pot
Allegro75: doesn't show hand
*** SUMMARY ***
Total pot $12 | Rake $0.24
Board [4c 3h Ad]
Seat 8: Allegro75 (big blind) collected ($11.76)
Seat 9: Lackys07 (button) (small blind) folded on the Flop


PokerStars Hand #164284460253:  Hold'em Limit ($3/$6 USD) - 2017/01/09 4:38:05 ET
Table 'Arneb II' 10-max Seat #9 is the button
Seat 8: Allegro75 ($189.32 in chips)
Seat 9: Lackys07 ($35.20 in chips)
Lackys07: posts small blind $1
Allegro75: posts big blind $3
*** HOLE CARDS ***
Lackys07: folds
Uncalled bet ($2) returned to Allegro75
Allegro75 collected $2 from pot
Allegro75: doesn't show hand
*** SUMMARY ***
Total pot $2 | Rake $0
Seat 8: Allegro75 (big blind) collected ($2)
Seat 9: Lackys07 (button) (small blind) folded before Flop


PokerStars Hand #164284453569:  Hold'em Limit ($3/$6 USD) - 2017/01/09 4:37:46 ET
Table 'Arneb II' 10-max Seat #8 is the button
Seat 8: Allegro75 ($165.82 in chips)
Seat 9: Lackys07 ($59.20 in chips)
Allegro75: posts small blind $1
Lackys07: posts big blind $3
*** HOLE CARDS ***
Allegro75: raises $3 to $6
Lackys07: raises $3 to $9
Allegro75: calls $3
*** FLOP *** [6h Qc Qs]
Lackys07: checks
Allegro75: bets $3
Lackys07: calls $3
*** TURN *** [6h Qc Qs] [Kd]
Lackys07: checks
Allegro75: bets $6
Lackys07: calls $6
*** RIVER *** [6h Qc Qs Kd] [6s]
Lackys07: checks
Allegro75: bets $6
Lackys07: calls $6
*** SHOW DOWN ***
Allegro75: shows [Ks Kc] (a full house, Kings full of Queens)
Lackys07: mucks hand
Allegro75 collected $47.50 from pot
*** SUMMARY ***
Total pot $48 | Rake $0.50
Board [6h Qc Qs Kd 6s]
Seat 8: Allegro75 (button) (small blind) showed [Ks Kc] and won ($47.50) with a full house, Kings full of Queens
Seat 9: Lackys07 (big blind) mucked


PokerStars Hand #164284461813:  Hold'em Limit ($3/$6 USD) - 2017/01/09 4:38:09 ET
Table 'Arneb II' 10-max Seat #8 is the button
Seat 8: Allegro75 ($190.32 in chips)
Seat 9: Lackys07 ($34.20 in chips)
Allegro75: posts small blind $1
Lackys07: posts big blind $3
*** HOLE CARDS ***
Allegro75: raises $3 to $6
Lackys07: calls $3
*** FLOP *** [8h Qs 9c]
Lackys07: checks
Allegro75: bets $3
Lackys07: calls $3
*** TURN *** [8h Qs 9c] [3h]
Lackys07: checks
Allegro75: bets $6
Lackys07: raises $6 to $12
Allegro75: calls $6
*** RIVER *** [8h Qs 9c 3h] [7c]
Lackys07: bets $6
Allegro75: calls $6
*** SHOW DOWN ***
Lackys07: shows [7s 8c] (two pair, Eights and Sevens)
Allegro75: mucks hand
Lackys07 collected $53.50 from pot
*** SUMMARY ***
Total pot $54 | Rake $0.50
Board [8h Qs 9c 3h 7c]
Seat 8: Allegro75 (button) (small blind) mucked
Seat 9: Lackys07 (big blind) showed [7s 8c] and won ($53.50) with two pair, Eights and Sevens


PokerStars Hand #164284468160:  Hold'em Limit ($3/$6 USD) - 2017/01/09 4:38:27 ET
Table 'Arneb II' 10-max Seat #9 is the button
Seat 8: Allegro75 ($163.32 in chips)
Seat 9: Lackys07 ($60.70 in chips)
Lackys07: posts small blind $1
Allegro75: posts big blind $3
*** HOLE CARDS ***
Lackys07: raises $3 to $6
Allegro75: folds
Uncalled bet ($3) returned to Lackys07
Lackys07 collected $6 from pot
Lackys07: doesn't show hand
*** SUMMARY ***
Total pot $6 | Rake $0
Seat 8: Allegro75 (big blind) folded before Flop
Seat 9: Lackys07 (button) (small blind) collected ($6)


PokerStars Hand #164284470377:  Hold'em Limit ($3/$6 USD) - 2017/01/09 4:38:33 ET
Table 'Arneb II' 10-max Seat #8 is the button
Seat 8: Allegro75 ($160.32 in chips)
Seat 9: Lackys07 ($63.70 in chips)
Allegro75: posts small blind $1
Lackys07: posts big blind $3
*** HOLE CARDS ***
Allegro75: raises $3 to $6
Lackys07: calls $3
*** FLOP *** [Jh 5h 3s]
Lackys07: checks
Allegro75: bets $3
Lackys07: calls $3
*** TURN *** [Jh 5h 3s] [Qd]
Lackys07: checks
Allegro75: bets $6
Lackys07: calls $6
*** RIVER *** [Jh 5h 3s Qd] [6h]
Lackys07: checks
Allegro75: bets $6
Lackys07: calls $6
*** SHOW DOWN ***
Allegro75: shows [Qs 7c] (a pair of Queens)
Lackys07: mucks hand
Allegro75 collected $41.50 from pot
*** SUMMARY ***
Total pot $42 | Rake $0.50
Board [Jh 5h 3s Qd 6h]
Seat 8: Allegro75 (button) (small blind) showed [Qs 7c] and won ($41.50) with a pair of Queens
Seat 9: Lackys07 (big blind) mucked


PokerStars Hand #164284489402:  Hold'em Limit ($3/$6 USD) - 2017/01/09 4:39:26 ET
Table 'Arneb II' 10-max Seat #8 is the button
Seat 8: Allegro75 ($195.32 in chips)
Seat 9: Lackys07 ($27.70 in chips)
Allegro75: posts small blind $1
Lackys07: posts big blind $3
*** HOLE CARDS ***
Allegro75: folds
Uncalled bet ($2) returned to Lackys07
Lackys07 collected $2 from pot
Lackys07: doesn't show hand
*** SUMMARY ***
Total pot $2 | Rake $0
Seat 8: Allegro75 (button) (small blind) folded before Flop
Seat 9: Lackys07 (big blind) collected ($2)


PokerStars Hand #164284479795:  Hold'em Limit ($3/$6 USD) - 2017/01/09 4:38:59 ET
Table 'Arneb II' 10-max Seat #9 is the button
Seat 8: Allegro75 ($180.82 in chips)
Seat 9: Lackys07 ($42.70 in chips)
Lackys07: posts small blind $1
Allegro75: posts big blind $3
*** HOLE CARDS ***
Lackys07: raises $3 to $6
Allegro75: calls $3
*** FLOP *** [6h 7h Ks]
Allegro75: bets $3
Lackys07: calls $3
*** TURN *** [6h 7h Ks] [5c]
Allegro75: bets $6
Lackys07: calls $6
*** RIVER *** [6h 7h Ks 5c] [Kd]
Allegro75: checks
Lackys07: checks
*** SHOW DOWN ***
Allegro75: shows [5h 4s] (two pair, Kings and Fives)
Lackys07: mucks hand
Allegro75 collected $29.50 from pot
*** SUMMARY ***
Total pot $30 | Rake $0.50
Board [6h 7h Ks 5c Kd]
Seat 8: Allegro75 (big blind) showed [5h 4s] and won ($29.50) with two pair, Kings and Fives
Seat 9: Lackys07 (button) (small blind) mucked


PokerStars Hand #164285283062:  Hold'em Limit ($3/$6 USD) - 2017/01/09 5:14:37 ET
Table 'Arneb II' 10-max Seat #9 is the button
Seat 8: kolaz03 ($107.27 in chips)
Seat 9: Lackys07 ($68.77 in chips)
Lackys07: posts small blind $1
kolaz03: posts big blind $3
*** HOLE CARDS ***
Lackys07: raises $3 to $6
kolaz03: calls $3
*** FLOP *** [7c Qs 3d]
kolaz03: checks
Lackys07: checks
*** TURN *** [7c Qs 3d] [9s]
kolaz03: bets $6
Lackys07: calls $6
*** RIVER *** [7c Qs 3d 9s] [Jh]
kolaz03: bets $6
Lackys07: folds
Uncalled bet ($6) returned to kolaz03
kolaz03 collected $23.52 from pot
kolaz03: doesn't show hand
*** SUMMARY ***
Total pot $24 | Rake $0.48
Board [7c Qs 3d 9s Jh]
Seat 8: kolaz03 (big blind) collected ($23.52)
Seat 9: Lackys07 (button) (small blind) folded on the River


PokerStars Hand #164285301343:  Hold'em Limit ($3/$6 USD) - 2017/01/09 5:15:23 ET
Table 'Arneb II' 10-max Seat #9 is the button
Seat 8: kolaz03 ($121.79 in chips)
Seat 9: Lackys07 ($53.77 in chips)
Lackys07: posts small blind $1
kolaz03: posts big blind $3
*** HOLE CARDS ***
Lackys07: raises $3 to $6
kolaz03: folds
Uncalled bet ($3) returned to Lackys07
Lackys07 collected $6 from pot
Lackys07: doesn't show hand
*** SUMMARY ***
Total pot $6 | Rake $0
Seat 8: kolaz03 (big blind) folded before Flop
Seat 9: Lackys07 (button) (small blind) collected ($6)


PokerStars Hand #164285297329:  Hold'em Limit ($3/$6 USD) - 2017/01/09 5:15:13 ET
Table 'Arneb II' 10-max Seat #8 is the button
Seat 8: kolaz03 ($118.79 in chips)
Seat 9: Lackys07 ($56.77 in chips)
kolaz03: posts small blind $1
Lackys07: posts big blind $3
*** HOLE CARDS ***
kolaz03: raises $3 to $6
Lackys07: folds
Uncalled bet ($3) returned to kolaz03
kolaz03 collected $6 from pot
kolaz03: doesn't show hand
*** SUMMARY ***
Total pot $6 | Rake $0
Seat 8: kolaz03 (button) (small blind) collected ($6)
Seat 9: Lackys07 (big blind) folded before Flop


PokerStars Hand #164285304167:  Hold'em Limit ($3/$6 USD) - 2017/01/09 5:15:30 ET
Table 'Arneb II' 10-max Seat #8 is the button
Seat 8: kolaz03 ($118.79 in chips)
Seat 9: Lackys07 ($56.77 in chips)
kolaz03: posts small blind $1
Lackys07: posts big blind $3
*** HOLE CARDS ***
davyyyyyyy leaves the table
kolaz03: folds
Uncalled bet ($2) returned to Lackys07
Lackys07 collected $2 from pot
Lackys07: doesn't show hand
*** SUMMARY ***
Total pot $2 | Rake $0
Seat 8: kolaz03 (button) (small blind) folded before Flop
Seat 9: Lackys07 (big blind) collected ($2)


PokerStars Hand #164285309222:  Hold'em Limit ($3/$6 USD) - 2017/01/09 5:15:42 ET
Table 'Arneb II' 10-max Seat #8 is the button
Seat 8: kolaz03 ($118.79 in chips)
Seat 9: Lackys07 ($56.77 in chips)
kolaz03: posts small blind $1
Lackys07: posts big blind $3
*** HOLE CARDS ***
kolaz03: folds
Uncalled bet ($2) returned to Lackys07
Lackys07 collected $2 from pot
Lackys07: doesn't show hand
*** SUMMARY ***
Total pot $2 | Rake $0
Seat 8: kolaz03 (button) (small blind) folded before Flop
Seat 9: Lackys07 (big blind) collected ($2)


PokerStars Hand #164285307206:  Hold'em Limit ($3/$6 USD) - 2017/01/09 5:15:37 ET
Table 'Arneb II' 10-max Seat #9 is the button
Seat 8: kolaz03 ($117.79 in chips)
Seat 9: Lackys07 ($57.77 in chips)
Lackys07: posts small blind $1
kolaz03: posts big blind $3
*** HOLE CARDS ***
Lackys07: folds
Uncalled bet ($2) returned to kolaz03
kolaz03 collected $2 from pot
kolaz03: doesn't show hand
*** SUMMARY ***
Total pot $2 | Rake $0
Seat 8: kolaz03 (big blind) collected ($2)
Seat 9: Lackys07 (button) (small blind) folded before Flop


PokerStars Hand #164285310967:  Hold'em Limit ($3/$6 USD) - 2017/01/09 5:15:46 ET
Table 'Arneb II' 10-max Seat #9 is the button
Seat 8: kolaz03 ($117.79 in chips)
Seat 9: Lackys07 ($57.77 in chips)
Lackys07: posts small blind $1
kolaz03: posts big blind $3
*** HOLE CARDS ***
Lackys07: raises $3 to $6
kolaz03: calls $3
*** FLOP *** [7d Kh 4s]
kolaz03: checks
Lackys07: bets $3
kolaz03: calls $3
*** TURN *** [7d Kh 4s] [8h]
kolaz03: checks
Lackys07: checks
*** RIVER *** [7d Kh 4s 8h] [6c]
kolaz03: bets $6
Lackys07: calls $6
*** SHOW DOWN ***
kolaz03: shows [Ad 5c] (a straight, Four to Eight)
Lackys07: mucks hand
kolaz03 collected $29.50 from pot
*** SUMMARY ***
Total pot $30 | Rake $0.50
Board [7d Kh 4s 8h 6c]
Seat 8: kolaz03 (big blind) showed [Ad 5c] and won ($29.50) with a straight, Four to Eight
Seat 9: Lackys07 (button) (small blind) mucked


PokerStars Hand #164285329109:  Hold'em Limit ($3/$6 USD) - 2017/01/09 5:16:32 ET
Table 'Arneb II' 10-max Seat #8 is the button
Seat 8: kolaz03 ($132.29 in chips)
Seat 9: Lackys07 ($42.77 in chips)
kolaz03: posts small blind $1
Lackys07: posts big blind $3
*** HOLE CARDS ***
kolaz03: raises $3 to $6
Lackys07: raises $3 to $9
kolaz03: calls $3
*** FLOP *** [Th 9d 5s]
Lackys07: bets $3
kolaz03: calls $3
*** TURN *** [Th 9d 5s] [3c]
Lackys07: bets $6
kolaz03: calls $6
*** RIVER *** [Th 9d 5s 3c] [Ts]
Lackys07: bets $6
kolaz03: folds
Uncalled bet ($6) returned to Lackys07
Lackys07 collected $35.50 from pot
Lackys07: doesn't show hand
*** SUMMARY ***
Total pot $36 | Rake $0.50
Board [Th 9d 5s 3c Ts]
Seat 8: kolaz03 (button) (small blind) folded on the River
Seat 9: Lackys07 (big blind) collected ($35.50)


PokerStars Hand #164285357289:  Hold'em Limit ($3/$6 USD) - 2017/01/09 5:17:42 ET
Table 'Arneb II' 10-max Seat #8 is the button
Seat 8: kolaz03 ($115.29 in chips)
Seat 9: Lackys07 ($59.27 in chips)
kolaz03: posts small blind $1
Lackys07: posts big blind $3
*** HOLE CARDS ***
kolaz03: raises $3 to $6
Lackys07: folds
Uncalled bet ($3) returned to kolaz03
kolaz03 collected $6 from pot
kolaz03: doesn't show hand
*** SUMMARY ***
Total pot $6 | Rake $0
Seat 8: kolaz03 (button) (small blind) collected ($6)
Seat 9: Lackys07 (big blind) folded before Flop


PokerStars Hand #164285352981:  Hold'em Limit ($3/$6 USD) - 2017/01/09 5:17:31 ET
Table 'Arneb II' 10-max Seat #9 is the button
Seat 8: kolaz03 ($114.29 in chips)
Seat 9: Lackys07 ($60.27 in chips)
Lackys07: posts small blind $1
kolaz03: posts big blind $3
*** HOLE CARDS ***
Lackys07: folds
Uncalled bet ($2) returned to kolaz03
kolaz03 collected $2 from pot
kolaz03: doesn't show hand
*** SUMMARY ***
Total pot $2 | Rake $0
Seat 8: kolaz03 (big blind) collected ($2)
Seat 9: Lackys07 (button) (small blind) folded before Flop


PokerStars Hand #164285375412:  Hold'em Limit ($3/$6 USD) - 2017/01/09 5:18:26 ET
Table 'Arneb II' 10-max Seat #8 is the button
Seat 8: kolaz03 ($119.05 in chips)
Seat 9: Lackys07 ($55.03 in chips)
kolaz03: posts small blind $1
Lackys07: posts big blind $3
*** HOLE CARDS ***
kolaz03: folds
Uncalled bet ($2) returned to Lackys07
Lackys07 collected $2 from pot
Lackys07: doesn't show hand
*** SUMMARY ***
Total pot $2 | Rake $0
Seat 8: kolaz03 (button) (small blind) folded before Flop
Seat 9: Lackys07 (big blind) collected ($2)


PokerStars Hand #164285373321:  Hold'em Limit ($3/$6 USD) - 2017/01/09 5:18:21 ET
Table 'Arneb II' 10-max Seat #9 is the button
Seat 8: kolaz03 ($118.05 in chips)
Seat 9: Lackys07 ($56.03 in chips)
Lackys07: posts small blind $1
kolaz03: posts big blind $3
*** HOLE CARDS ***
Lackys07: folds
Uncalled bet ($2) returned to kolaz03
kolaz03 collected $2 from pot
kolaz03: doesn't show hand
*** SUMMARY ***
Total pot $2 | Rake $0
Seat 8: kolaz03 (big blind) collected ($2)
Seat 9: Lackys07 (button) (small blind) folded before Flop


PokerStars Hand #164285367664:  Hold'em Limit ($3/$6 USD) - 2017/01/09 5:18:07 ET
Table 'Arneb II' 10-max Seat #8 is the button
Seat 8: kolaz03 ($112.29 in chips)
Seat 9: Lackys07 ($62.03 in chips)
kolaz03: posts small blind $1
Lackys07: posts big blind $3
*** HOLE CARDS ***
kolaz03: raises $3 to $6
Lackys07: calls $3
*** FLOP *** [Ac 4c 3h]
Lackys07: checks
kolaz03: bets $3
Lackys07: folds
Uncalled bet ($3) returned to kolaz03
kolaz03 collected $11.76 from pot
kolaz03: doesn't show hand
*** SUMMARY ***
Total pot $12 | Rake $0.24
Board [Ac 4c 3h]
Seat 8: kolaz03 (button) (small blind) collected ($11.76)
Seat 9: Lackys07 (big blind) folded on the Flop


PokerStars Hand #164285361015:  Hold'em Limit ($3/$6 USD) - 2017/01/09 5:17:51 ET
Table 'Arneb II' 10-max Seat #9 is the button
Seat 8: kolaz03 ($118.29 in chips)
Seat 9: Lackys07 ($56.27 in chips)
Lackys07: posts small blind $1
kolaz03: posts big blind $3
*** HOLE CARDS ***
Lackys07: raises $3 to $6
kolaz03: calls $3
*** FLOP *** [Qs 5c 6c]
kolaz03: checks
Lackys07: bets $3
kolaz03: folds
Uncalled bet ($3) returned to Lackys07
Lackys07 collected $11.76 from pot
Lackys07: doesn't show hand
*** SUMMARY ***
Total pot $12 | Rake $0.24
Board [Qs 5c 6c]
Seat 8: kolaz03 (big blind) folded on the Flop
Seat 9: Lackys07 (button) (small blind) collected ($11.76)


PokerStars Hand #164285405924:  Hold'em Limit ($3/$6 USD) - 2017/01/09 5:19:41 ET
Table 'Arneb II' 10-max Seat #8 is the button
Seat 8: kolaz03 ($131.45 in chips)
Seat 9: Lackys07 ($42.03 in chips)
kolaz03: posts small blind $1
Lackys07: posts big blind $3
*** HOLE CARDS ***
kolaz03: folds
Uncalled bet ($2) returned to Lackys07
Lackys07 collected $2 from pot
Lackys07: doesn't show hand
*** SUMMARY ***
Total pot $2 | Rake $0
Seat 8: kolaz03 (button) (small blind) folded before Flop
Seat 9: Lackys07 (big blind) collected ($2)


PokerStars Hand #164285393413:  Hold'em Limit ($3/$6 USD) - 2017/01/09 5:19:10 ET
Table 'Arneb II' 10-max Seat #9 is the button
Seat 8: kolaz03 ($122.81 in chips)
Seat 9: Lackys07 ($51.03 in chips)
Lackys07: posts small blind $1
kolaz03: posts big blind $3
*** HOLE CARDS ***
Lackys07: raises $3 to $6
kolaz03: raises $3 to $9
Lackys07: calls $3
*** FLOP *** [3c 7d 2s]
kolaz03: bets $3
Lackys07: folds
Uncalled bet ($3) returned to kolaz03
kolaz03 collected $17.64 from pot
kolaz03: doesn't show hand
*** SUMMARY ***
Total pot $18 | Rake $0.36
Board [3c 7d 2s]
Seat 8: kolaz03 (big blind) collected ($17.64)
Seat 9: Lackys07 (button) (small blind) folded on the Flop


PokerStars Hand #164285390855:  Hold'em Limit ($3/$6 USD) - 2017/01/09 5:19:04 ET
Table 'Arneb II' 10-max Seat #8 is the button
Seat 8: kolaz03 ($123.81 in chips)
Seat 9: Lackys07 ($50.03 in chips)
kolaz03: posts small blind $1
Lackys07: posts big blind $3
*** HOLE CARDS ***
kolaz03: folds
Uncalled bet ($2) returned to Lackys07
Lackys07 collected $2 from pot
Lackys07: doesn't show hand
*** SUMMARY ***
Total pot $2 | Rake $0
Seat 8: kolaz03 (button) (small blind) folded before Flop
Seat 9: Lackys07 (big blind) collected ($2)


PokerStars Hand #164285377236:  Hold'em Limit ($3/$6 USD) - 2017/01/09 5:18:30 ET
Table 'Arneb II' 10-max Seat #9 is the button
Seat 8: kolaz03 ($118.05 in chips)
Seat 9: Lackys07 ($56.03 in chips)
Lackys07: posts small blind $1
kolaz03: posts big blind $3
*** HOLE CARDS ***
Lackys07: raises $3 to $6
kolaz03: calls $3
*** FLOP *** [Qh 3h 8h]
kolaz03: checks
Lackys07: checks
*** TURN *** [Qh 3h 8h] [2h]
kolaz03: checks
Lackys07: checks
*** RIVER *** [Qh 3h 8h 2h] [5d]
kolaz03: checks
Lackys07: checks
*** SHOW DOWN ***
kolaz03: shows [7c 5s] (a pair of Fives)
Lackys07: mucks hand
kolaz03 collected $11.76 from pot
*** SUMMARY ***
Total pot $12 | Rake $0.24
Board [Qh 3h 8h 2h 5d]
Seat 8: kolaz03 (big blind) showed [7c 5s] and won ($11.76) with a pair of Fives
Seat 9: Lackys07 (button) (small blind) mucked


PokerStars Hand #164285415064:  Hold'em Limit ($3/$6 USD) - 2017/01/09 5:20:03 ET
Table 'Arneb II' 10-max Seat #8 is the button
Seat 8: kolaz03 ($131.45 in chips)
Seat 9: Lackys07 ($42.03 in chips)
kolaz03: posts small blind $1
Lackys07: posts big blind $3
*** HOLE CARDS ***
kolaz03: raises $3 to $6
Lackys07: raises $3 to $9
kolaz03: calls $3
*** FLOP *** [9s Qs Jd]
Lackys07: bets $3
kolaz03: calls $3
*** TURN *** [9s Qs Jd] [6s]
Lackys07: bets $6
kolaz03: raises $6 to $12
Lackys07: folds
Uncalled bet ($6) returned to kolaz03
kolaz03 collected $35.50 from pot
kolaz03: doesn't show hand
*** SUMMARY ***
Total pot $36 | Rake $0.50
Board [9s Qs Jd 6s]
Seat 8: kolaz03 (button) (small blind) collected ($35.50)
Seat 9: Lackys07 (big blind) folded on the Turn


PokerStars Hand #164285413006:  Hold'em Limit ($3/$6 USD) - 2017/01/09 5:19:58 ET
Table 'Arneb II' 10-max Seat #9 is the button
Seat 8: kolaz03 ($130.45 in chips)
Seat 9: Lackys07 ($43.03 in chips)
Lackys07: posts small blind $1
kolaz03: posts big blind $3
*** HOLE CARDS ***
Lackys07: folds
Uncalled bet ($2) returned to kolaz03
kolaz03 collected $2 from pot
kolaz03: doesn't show hand
*** SUMMARY ***
Total pot $2 | Rake $0
Seat 8: kolaz03 (big blind) collected ($2)
Seat 9: Lackys07 (button) (small blind) folded before Flop


PokerStars Hand #164285410860:  Hold'em Limit ($3/$6 USD) - 2017/01/09 5:19:53 ET
Table 'Arneb II' 10-max Seat #8 is the button
Seat 8: kolaz03 ($131.45 in chips)
Seat 9: Lackys07 ($42.03 in chips)
kolaz03: posts small blind $1
Lackys07: posts big blind $3
*** HOLE CARDS ***
kolaz03: folds
Uncalled bet ($2) returned to Lackys07
Lackys07 collected $2 from pot
Lackys07: doesn't show hand
*** SUMMARY ***
Total pot $2 | Rake $0
Seat 8: kolaz03 (button) (small blind) folded before Flop
Seat 9: Lackys07 (big blind) collected ($2)


PokerStars Hand #164285408848:  Hold'em Limit ($3/$6 USD) - 2017/01/09 5:19:48 ET
Table 'Arneb II' 10-max Seat #9 is the button
Seat 8: kolaz03 ($130.45 in chips)
Seat 9: Lackys07 ($43.03 in chips)
Lackys07: posts small blind $1
kolaz03: posts big blind $3
*** HOLE CARDS ***
Lackys07: folds
Uncalled bet ($2) returned to kolaz03
kolaz03 collected $2 from pot
kolaz03: doesn't show hand
*** SUMMARY ***
Total pot $2 | Rake $0
Seat 8: kolaz03 (big blind) collected ($2)
Seat 9: Lackys07 (button) (small blind) folded before Flop


PokerStars Hand #164285444758:  Hold'em Limit ($3/$6 USD) - 2017/01/09 5:21:16 ET
Table 'Arneb II' 10-max Seat #9 is the button
Seat 8: kolaz03 ($154.42 in chips)
Seat 9: Lackys07 ($17.70 in chips)
Lackys07: posts small blind $1
kolaz03: posts big blind $3
*** HOLE CARDS ***
Lackys07: raises $3 to $6
kolaz03: raises $3 to $9
Lackys07: calls $3
*** FLOP *** [Ah 6s Qh]
kolaz03: bets $3
Lackys07: folds
Uncalled bet ($3) returned to kolaz03
kolaz03 collected $17.64 from pot
kolaz03: doesn't show hand
*** SUMMARY ***
Total pot $18 | Rake $0.36
Board [Ah 6s Qh]
Seat 8: kolaz03 (big blind) collected ($17.64)
Seat 9: Lackys07 (button) (small blind) folded on the Flop


PokerStars Hand #164285437288:  Hold'em Limit ($3/$6 USD) - 2017/01/09 5:20:58 ET
Table 'Arneb II' 10-max Seat #8 is the button
Seat 8: kolaz03 ($163.45 in chips)
Seat 9: Lackys07 ($9.03 in chips)
kolaz03: posts small blind $1
Lackys07: posts big blind $3
*** HOLE CARDS ***
kolaz03: raises $3 to $6
Lackys07: raises $3 to $9
kolaz03: calls $3
*** FLOP *** [9d 9s Qc]
Lackys07: bets $0.03 and is all-in
kolaz03: calls $0.03
*** TURN *** [9d 9s Qc] [Qs]
*** RIVER *** [9d 9s Qc Qs] [7c]
*** SHOW DOWN ***
Lackys07: shows [8h Ad] (two pair, Queens and Nines)
kolaz03: shows [6d Jd] (two pair, Queens and Nines - lower kicker)
Lackys07 collected $17.70 from pot
*** SUMMARY ***
Total pot $18.06 | Rake $0.36
Board [9d 9s Qc Qs 7c]
Seat 8: kolaz03 (button) (small blind) showed [6d Jd] and lost with two pair, Queens and Nines
Seat 9: Lackys07 (big blind) showed [8h Ad] and won ($17.70) with two pair, Queens and Nines


PokerStars Hand #164285427715:  Hold'em Limit ($3/$6 USD) - 2017/01/09 5:20:34 ET
Table 'Arneb II' 10-max Seat #9 is the button
Seat 8: kolaz03 ($148.95 in chips)
Seat 9: Lackys07 ($24.03 in chips)
Lackys07: posts small blind $1
kolaz03: posts big blind $3
*** HOLE CARDS ***
Lackys07: raises $3 to $6
kolaz03: calls $3
*** FLOP *** [Qs Ts Kd]
kolaz03: checks
Lackys07: bets $3
kolaz03: calls $3
*** TURN *** [Qs Ts Kd] [2d]
kolaz03: checks
Lackys07: bets $6
kolaz03: calls $6
*** RIVER *** [Qs Ts Kd 2d] [6c]
kolaz03: checks
Lackys07: checks
*** SHOW DOWN ***
kolaz03: shows [9c Td] (a pair of Tens)
Lackys07: mucks hand
kolaz03 collected $29.50 from pot
*** SUMMARY ***
Total pot $30 | Rake $0.50
Board [Qs Ts Kd 2d 6c]
Seat 8: kolaz03 (big blind) showed [9c Td] and won ($29.50) with a pair of Tens
Seat 9: Lackys07 (button) (small blind) mucked


PokerStars Hand #164285473432:  Hold'em Limit ($3/$6 USD) - 2017/01/09 5:22:26 ET
Table 'Arneb II' 10-max Seat #9 is the button
Seat 8: kolaz03 ($179.05 in chips)
Seat 9: Lackys07 ($22 in chips)
Lackys07: posts small blind $1
kolaz03: posts big blind $3
*** HOLE CARDS ***
Lackys07: folds
Uncalled bet ($2) returned to kolaz03
kolaz03 collected $2 from pot
kolaz03: doesn't show hand
*** SUMMARY ***
Total pot $2 | Rake $0
Seat 8: kolaz03 (big blind) collected ($2)
Seat 9: Lackys07 (button) (small blind) folded before Flop


PokerStars Hand #164285471556:  Hold'em Limit ($3/$6 USD) - 2017/01/09 5:22:22 ET
Table 'Arneb II' 10-max Seat #8 is the button
Seat 8: kolaz03 ($180.05 in chips)
Seat 9: Lackys07 ($21 in chips)
kolaz03: posts small blind $1
Lackys07: posts big blind $3
*** HOLE CARDS ***
kolaz03: folds
Uncalled bet ($2) returned to Lackys07
Lackys07 collected $2 from pot
Lackys07: doesn't show hand
*** SUMMARY ***
Total pot $2 | Rake $0
Seat 8: kolaz03 (button) (small blind) folded before Flop
Seat 9: Lackys07 (big blind) collected ($2)


PokerStars Hand #164285464460:  Hold'em Limit ($3/$6 USD) - 2017/01/09 5:22:04 ET
Table 'Arneb II' 10-max Seat #9 is the button
Seat 8: kolaz03 ($171.41 in chips)
Seat 9: Lackys07 ($30 in chips)
Lackys07: posts small blind $1
kolaz03: posts big blind $3
*** HOLE CARDS ***
Lackys07: raises $3 to $6
kolaz03: raises $3 to $9
Lackys07: calls $3
*** FLOP *** [2h Ks 6d]
kolaz03: bets $3
Lackys07: folds
Uncalled bet ($3) returned to kolaz03
kolaz03 collected $17.64 from pot
kolaz03: doesn't show hand
*** SUMMARY ***
Total pot $18 | Rake $0.36
Board [2h Ks 6d]
Seat 8: kolaz03 (big blind) collected ($17.64)
Seat 9: Lackys07 (button) (small blind) folded on the Flop


PokerStars Hand #164285455726:  Hold'em Limit ($3/$6 USD) - 2017/01/09 5:21:44 ET
Table 'Arneb II' 10-max Seat #8 is the button
Seat 8: kolaz03 ($163.06 in chips)
Seat 9: Lackys07 ($8.70 in chips)
kolaz03: posts small blind $1
Lackys07: posts big blind $3
*** HOLE CARDS ***
kolaz03: raises $3 to $6
Lackys07: raises $2.70 to $8.70 and is all-in
kolaz03: calls $2.70
*** FLOP *** [As 4d 9s]
*** TURN *** [As 4d 9s] [Ah]
*** RIVER *** [As 4d 9s Ah] [4c]
*** SHOW DOWN ***
Lackys07: shows [Jc 2c] (two pair, Aces and Fours)
kolaz03: shows [7s Qs] (two pair, Aces and Fours - Queen kicker)
kolaz03 collected $17.05 from pot
*** SUMMARY ***
Total pot $17.40 | Rake $0.35
Board [As 4d 9s Ah 4c]
Seat 8: kolaz03 (button) (small blind) showed [7s Qs] and won ($17.05) with two pair, Aces and Fours
Seat 9: Lackys07 (big blind) showed [Jc 2c] and lost with two pair, Aces and Fours


PokerStars Hand #164285475379:  Hold'em Limit ($3/$6 USD) - 2017/01/09 5:22:31 ET
Table 'Arneb II' 10-max Seat #8 is the button
Seat 8: kolaz03 ($180.05 in chips)
Seat 9: Lackys07 ($21 in chips)
kolaz03: posts small blind $1
Lackys07: posts big blind $3
*** HOLE CARDS ***
kolaz03: raises $3 to $6
Lackys07: raises $3 to $9
kolaz03: calls $3
*** FLOP *** [Ks 6d 5d]
Lackys07: bets $3
kolaz03: folds
Uncalled bet ($3) returned to Lackys07
Lackys07 collected $17.64 from pot
Lackys07: doesn't show hand
*** SUMMARY ***
Total pot $18 | Rake $0.36
Board [Ks 6d 5d]
Seat 8: kolaz03 (button) (small blind) folded on the Flop
Seat 9: Lackys07 (big blind) collected ($17.64)


PokerStars Hand #164285491797:  Hold'em Limit ($3/$6 USD) - 2017/01/09 5:23:11 ET
Table 'Arneb II' 10-max Seat #8 is the button
Seat 8: kolaz03 ($188.55 in chips)
Seat 9: Lackys07 ($11.64 in chips)
kolaz03: posts small blind $1
Lackys07: posts big blind $3
*** HOLE CARDS ***
kolaz03: raises $3 to $6
Lackys07: raises $3 to $9
kolaz03: raises $3 to $12
Betting is capped
Lackys07: calls $2.64 and is all-in
Uncalled bet ($0.36) returned to kolaz03
*** FLOP *** [As 9c Qh]
*** TURN *** [As 9c Qh] [3d]
*** RIVER *** [As 9c Qh 3d] [Qc]
*** SHOW DOWN ***
Lackys07: shows [3s Ah] (two pair, Aces and Queens)
kolaz03: shows [Jc 7s] (a pair of Queens)
Lackys07 collected $22.81 from pot
*** SUMMARY ***
Total pot $23.28 | Rake $0.47
Board [As 9c Qh 3d Qc]
Seat 8: kolaz03 (button) (small blind) showed [Jc 7s] and lost with a pair of Queens
Seat 9: Lackys07 (big blind) showed [3s Ah] and won ($22.81) with two pair, Aces and Queens


PokerStars Hand #164285481092:  Hold'em Limit ($3/$6 USD) - 2017/01/09 5:22:45 ET
Table 'Arneb II' 10-max Seat #9 is the button
Seat 8: kolaz03 ($171.05 in chips)
Seat 9: Lackys07 ($29.64 in chips)
Lackys07: posts small blind $1
kolaz03: posts big blind $3
*** HOLE CARDS ***
Lackys07: raises $3 to $6
kolaz03: calls $3
*** FLOP *** [2d 8s Ah]
kolaz03: checks
Lackys07: checks
*** TURN *** [2d 8s Ah] [6h]
kolaz03: checks
Lackys07: bets $6
kolaz03: calls $6
*** RIVER *** [2d 8s Ah 6h] [Ad]
kolaz03: checks
Lackys07: bets $6
kolaz03: calls $6
*** SHOW DOWN ***
Lackys07: shows [9c Qs] (a pair of Aces)
kolaz03: shows [9h 6s] (two pair, Aces and Sixes)
kolaz03 collected $35.50 from pot
*** SUMMARY ***
Total pot $36 | Rake $0.50
Board [2d 8s Ah 6h Ad]
Seat 8: kolaz03 (big blind) showed [9h 6s] and won ($35.50) with two pair, Aces and Sixes
Seat 9: Lackys07 (button) (small blind) showed [9c Qs] and lost with a pair of Aces


PokerStars Hand #164285517981:  Hold'em Limit ($3/$6 USD) - 2017/01/09 5:24:15 ET
Table 'Arneb II' 10-max Seat #9 is the button
Seat 8: kolaz03 ($179.67 in chips)
Seat 9: Lackys07 ($19.69 in chips)
Lackys07: posts small blind $1
kolaz03: posts big blind $3
*** HOLE CARDS ***
Lackys07: folds
Uncalled bet ($2) returned to kolaz03
kolaz03 collected $2 from pot
kolaz03: doesn't show hand
*** SUMMARY ***
Total pot $2 | Rake $0
Seat 8: kolaz03 (big blind) collected ($2)
Seat 9: Lackys07 (button) (small blind) folded before Flop


PokerStars Hand #164285511179:  Hold'em Limit ($3/$6 USD) - 2017/01/09 5:23:58 ET
Table 'Arneb II' 10-max Seat #8 is the button
Seat 8: kolaz03 ($173.91 in chips)
Seat 9: Lackys07 ($25.69 in chips)
kolaz03: posts small blind $1
Lackys07: posts big blind $3
*** HOLE CARDS ***
kolaz03: raises $3 to $6
Lackys07: calls $3
*** FLOP *** [8d 8h 3c]
Lackys07: checks
kolaz03: bets $3
Lackys07: folds
Uncalled bet ($3) returned to kolaz03
kolaz03 collected $11.76 from pot
kolaz03: doesn't show hand
*** SUMMARY ***
Total pot $12 | Rake $0.24
Board [8d 8h 3c]
Seat 8: kolaz03 (button) (small blind) collected ($11.76)
Seat 9: Lackys07 (big blind) folded on the Flop


PokerStars Hand #164285497261:  Hold'em Limit ($3/$6 USD) - 2017/01/09 5:23:25 ET
Table 'Arneb II' 10-max Seat #9 is the button
Seat 8: kolaz03 ($176.91 in chips)
Seat 9: Lackys07 ($22.81 in chips)
Lackys07: posts small blind $1
kolaz03: posts big blind $3
*** HOLE CARDS ***
Lackys07: calls $2
kolaz03: checks
*** FLOP *** [6s 9c Ah]
kolaz03: checks
Lackys07: bets $3
kolaz03: folds
Uncalled bet ($3) returned to Lackys07
Lackys07 collected $5.88 from pot
Lackys07: doesn't show hand
*** SUMMARY ***
Total pot $6 | Rake $0.12
Board [6s 9c Ah]
Seat 8: kolaz03 (big blind) folded on the Flop
Seat 9: Lackys07 (button) (small blind) collected ($5.88)


PokerStars Hand #164285544311:  Hold'em Limit ($3/$6 USD) - 2017/01/09 5:25:19 ET
Table 'Arneb II' 10-max Seat #8 is the button
Seat 8: kolaz03 ($199.86 in chips)
Seat 9: Lackys07 ($12 in chips)
kolaz03: posts small blind $1
Lackys07: posts big blind $3
*** HOLE CARDS ***
kolaz03: raises $3 to $6
Lackys07: calls $3
*** FLOP *** [2d 9h 5h]
Lackys07: bets $3
kolaz03: folds
Uncalled bet ($3) returned to Lackys07
Lackys07 collected $11.76 from pot
Lackys07: doesn't show hand
*** SUMMARY ***
Total pot $12 | Rake $0.24
Board [2d 9h 5h]
Seat 8: kolaz03 (button) (small blind) folded on the Flop
Seat 9: Lackys07 (big blind) collected ($11.76)


PokerStars Hand #164285542450:  Hold'em Limit ($3/$6 USD) - 2017/01/09 5:25:14 ET
Table 'Arneb II' 10-max Seat #9 is the button
Seat 8: kolaz03 ($198.86 in chips)
Seat 9: Lackys07 ($13 in chips)
Lackys07: posts small blind $1
kolaz03: posts big blind $3
*** HOLE CARDS ***
Lackys07: folds
Uncalled bet ($2) returned to kolaz03
kolaz03 collected $2 from pot
kolaz03: doesn't show hand
*** SUMMARY ***
Total pot $2 | Rake $0
Seat 8: kolaz03 (big blind) collected ($2)
Seat 9: Lackys07 (button) (small blind) folded before Flop


PokerStars Hand #164285539420:  Hold'em Limit ($3/$6 USD) - 2017/01/09 5:25:07 ET
Table 'Arneb II' 10-max Seat #8 is the button
Seat 8: kolaz03 ($195.86 in chips)
Seat 9: Lackys07 ($16 in chips)
kolaz03: posts small blind $1
Lackys07: posts big blind $3
*** HOLE CARDS ***
kolaz03: raises $3 to $6
Lackys07: folds
Uncalled bet ($3) returned to kolaz03
kolaz03 collected $6 from pot
kolaz03: doesn't show hand
*** SUMMARY ***
Total pot $6 | Rake $0
Seat 8: kolaz03 (button) (small blind) collected ($6)
Seat 9: Lackys07 (big blind) folded before Flop


PokerStars Hand #164285534647:  Hold'em Limit ($3/$6 USD) - 2017/01/09 5:24:55 ET
Table 'Arneb II' 10-max Seat #9 is the button
Seat 8: kolaz03 ($198.86 in chips)
Seat 9: Lackys07 ($13 in chips)
Lackys07: posts small blind $1
kolaz03: posts big blind $3
*** HOLE CARDS ***
Lackys07: raises $3 to $6
kolaz03: folds
Uncalled bet ($3) returned to Lackys07
Lackys07 collected $6 from pot
Lackys07: doesn't show hand
*** SUMMARY ***
Total pot $6 | Rake $0
Seat 8: kolaz03 (big blind) folded before Flop
Seat 9: Lackys07 (button) (small blind) collected ($6)


PokerStars Hand #164285520537:  Hold'em Limit ($3/$6 USD) - 2017/01/09 5:24:21 ET
Table 'Arneb II' 10-max Seat #8 is the button
Seat 8: kolaz03 ($180.67 in chips)
Seat 9: Lackys07 ($18.69 in chips)
kolaz03: posts small blind $1
Lackys07: posts big blind $3
*** HOLE CARDS ***
kolaz03: raises $3 to $6
Lackys07: raises $3 to $9
kolaz03: raises $3 to $12
Betting is capped
Lackys07: calls $3
*** FLOP *** [3c 2s Qh]
Lackys07: bets $3
kolaz03: raises $3 to $6
Lackys07: raises $0.69 to $6.69 and is all-in
kolaz03: calls $0.69
*** TURN *** [3c 2s Qh] [5d]
*** RIVER *** [3c 2s Qh 5d] [6s]
*** SHOW DOWN ***
Lackys07: shows [Ah Jh] (high card Ace)
kolaz03: shows [Th Qs] (a pair of Queens)
kolaz03 collected $36.88 from pot
*** SUMMARY ***
Total pot $37.38 | Rake $0.50
Board [3c 2s Qh 5d 6s]
Seat 8: kolaz03 (button) (small blind) showed [Th Qs] and won ($36.88) with a pair of Queens
Seat 9: Lackys07 (big blind) showed [Ah Jh] and lost with high card Ace


PokerStars Hand #164285562764:  Hold'em Limit ($3/$6 USD) - 2017/01/09 5:26:04 ET
Table 'Arneb II' 10-max Seat #9 is the button
Seat 8: kolaz03 ($175.10 in chips)
Seat 9: Lackys07 ($36.02 in chips)
Lackys07: posts small blind $1
kolaz03: posts big blind $3
*** HOLE CARDS ***
Lackys07: raises $3 to $6
kolaz03: raises $3 to $9
Lackys07: calls $3
*** FLOP *** [2h 4s 8c]
kolaz03: bets $3
Lackys07: calls $3
*** TURN *** [2h 4s 8c] [8s]
kolaz03: bets $6
Lackys07: calls $6
*** RIVER *** [2h 4s 8c 8s] [7d]
kolaz03: bets $6
Lackys07: calls $6
*** SHOW DOWN ***
kolaz03: shows [Qd Ac] (a pair of Eights)
Lackys07: shows [Kd 4d] (two pair, Eights and Fours)
Lackys07 collected $47.50 from pot
*** SUMMARY ***
Total pot $48 | Rake $0.50
Board [2h 4s 8c 8s 7d]
Seat 8: kolaz03 (big blind) showed [Qd Ac] and lost with a pair of Eights
Seat 9: Lackys07 (button) (small blind) showed [Kd 4d] and won ($47.50) with two pair, Eights and Fours


PokerStars Hand #164285559784:  Hold'em Limit ($3/$6 USD) - 2017/01/09 5:25:56 ET
Table 'Arneb II' 10-max Seat #8 is the button
Seat 8: kolaz03 ($176.10 in chips)
Seat 9: Lackys07 ($35.02 in chips)
kolaz03: posts small blind $1
Lackys07: posts big blind $3
*** HOLE CARDS ***
kolaz03: folds
Uncalled bet ($2) returned to Lackys07
Lackys07 collected $2 from pot
Lackys07: doesn't show hand
*** SUMMARY ***
Total pot $2 | Rake $0
Seat 8: kolaz03 (button) (small blind) folded before Flop
Seat 9: Lackys07 (big blind) collected ($2)


PokerStars Hand #164285551265:  Hold'em Limit ($3/$6 USD) - 2017/01/09 5:25:36 ET
Table 'Arneb II' 10-max Seat #9 is the button
Seat 8: kolaz03 ($193.86 in chips)
Seat 9: Lackys07 ($17.76 in chips)
Lackys07: posts small blind $1
kolaz03: posts big blind $3
*** HOLE CARDS ***
Lackys07: raises $3 to $6
kolaz03: calls $3
*** FLOP *** [Qc Jh 8h]
kolaz03: bets $3
Lackys07: raises $3 to $6
kolaz03: raises $3 to $9
Lackys07: raises $2.76 to $11.76 and is all-in
Betting is capped
kolaz03: calls $2.76
*** TURN *** [Qc Jh 8h] [8c]
*** RIVER *** [Qc Jh 8h 8c] [Ks]
*** SHOW DOWN ***
kolaz03: shows [5s Jc] (two pair, Jacks and Eights)
Lackys07: shows [Td Qd] (two pair, Queens and Eights)
Lackys07 collected $35.02 from pot
*** SUMMARY ***
Total pot $35.52 | Rake $0.50
Board [Qc Jh 8h 8c Ks]
Seat 8: kolaz03 (big blind) showed [5s Jc] and lost with two pair, Jacks and Eights
Seat 9: Lackys07 (button) (small blind) showed [Td Qd] and won ($35.02) with two pair, Queens and Eights


PokerStars Hand #164285597648:  Hold'em Limit ($3/$6 USD) - 2017/01/09 5:27:28 ET
Table 'Arneb II' 10-max Seat #9 is the button
Seat 8: kolaz03 ($149.86 in chips)
Seat 9: Lackys07 ($60.28 in chips)
Lackys07: posts small blind $1
kolaz03: posts big blind $3
*** HOLE CARDS ***
Lackys07: calls $2
kolaz03: checks
*** FLOP *** [Jc Qs Ah]
kolaz03: checks
Lackys07: checks
*** TURN *** [Jc Qs Ah] [7h]
kolaz03: checks
Lackys07: checks
*** RIVER *** [Jc Qs Ah 7h] [Jd]
kolaz03: checks
Lackys07: checks
*** SHOW DOWN ***
kolaz03: shows [2s 6s] (a pair of Jacks)
Lackys07: shows [9d Th] (a pair of Jacks - Ace+Queen+Ten kicker)
Lackys07 collected $5.88 from pot
*** SUMMARY ***
Total pot $6 | Rake $0.12
Board [Jc Qs Ah 7h Jd]
Seat 8: kolaz03 (big blind) showed [2s 6s] and lost with a pair of Jacks
Seat 9: Lackys07 (button) (small blind) showed [9d Th] and won ($5.88) with a pair of Jacks


PokerStars Hand #164285595557:  Hold'em Limit ($3/$6 USD) - 2017/01/09 5:27:23 ET
Table 'Arneb II' 10-max Seat #8 is the button
Seat 8: kolaz03 ($150.86 in chips)
Seat 9: Lackys07 ($59.28 in chips)
kolaz03: posts small blind $1
Lackys07: posts big blind $3
*** HOLE CARDS ***
kolaz03: folds
Uncalled bet ($2) returned to Lackys07
Lackys07 collected $2 from pot
Lackys07: doesn't show hand
*** SUMMARY ***
Total pot $2 | Rake $0
Seat 8: kolaz03 (button) (small blind) folded before Flop
Seat 9: Lackys07 (big blind) collected ($2)


PokerStars Hand #164285586771:  Hold'em Limit ($3/$6 USD) - 2017/01/09 5:27:02 ET
Table 'Arneb II' 10-max Seat #9 is the button
Seat 8: kolaz03 ($156.86 in chips)
Seat 9: Lackys07 ($53.52 in chips)
Lackys07: posts small blind $1
kolaz03: posts big blind $3
*** HOLE CARDS ***
Lackys07: raises $3 to $6
kolaz03: calls $3
*** FLOP *** [3s 2h Kd]
kolaz03: checks
Lackys07: bets $3
kolaz03: folds
Uncalled bet ($3) returned to Lackys07
Lackys07 collected $11.76 from pot
Lackys07: doesn't show hand
*** SUMMARY ***
Total pot $12 | Rake $0.24
Board [3s 2h Kd]
Seat 8: kolaz03 (big blind) folded on the Flop
Seat 9: Lackys07 (button) (small blind) collected ($11.76)


PokerStars Hand #164285577669:  Hold'em Limit ($3/$6 USD) - 2017/01/09 5:26:40 ET
Table 'Arneb II' 10-max Seat #8 is the button
Seat 8: kolaz03 ($151.10 in chips)
Seat 9: Lackys07 ($59.52 in chips)
kolaz03: posts small blind $1
Lackys07: posts big blind $3
*** HOLE CARDS ***
kolaz03: raises $3 to $6
Lackys07: calls $3
*** FLOP *** [3c 7d Qh]
Lackys07: checks
kolaz03: bets $3
Lackys07: folds
Uncalled bet ($3) returned to kolaz03
kolaz03 collected $11.76 from pot
kolaz03: doesn't show hand
*** SUMMARY ***
Total pot $12 | Rake $0.24
Board [3c 7d Qh]
Seat 8: kolaz03 (button) (small blind) collected ($11.76)
Seat 9: Lackys07 (big blind) folded on the Flop


PokerStars Hand #164285603736:  Hold'em Limit ($3/$6 USD) - 2017/01/09 5:27:43 ET
Table 'Arneb II' 10-max Seat #8 is the button
Seat 8: kolaz03 ($146.86 in chips)
Seat 9: Lackys07 ($63.16 in chips)
kolaz03: posts small blind $1
Lackys07: posts big blind $3
*** HOLE CARDS ***
kolaz03: raises $3 to $6
Lackys07: folds
Uncalled bet ($3) returned to kolaz03
kolaz03 collected $6 from pot
kolaz03: doesn't show hand
*** SUMMARY ***
Total pot $6 | Rake $0
Seat 8: kolaz03 (button) (small blind) collected ($6)
Seat 9: Lackys07 (big blind) folded before Flop


PokerStars Hand #164285625764:  Hold'em Limit ($3/$6 USD) - 2017/01/09 5:28:36 ET
Table 'Arneb II' 10-max Seat #9 is the button
Seat 8: kolaz03 ($178.88 in chips)
Seat 9: Lackys07 ($30.16 in chips)
Lackys07: posts small blind $1
kolaz03: posts big blind $3
*** HOLE CARDS ***
Lackys07: folds
Uncalled bet ($2) returned to kolaz03
kolaz03 collected $2 from pot
kolaz03: doesn't show hand
*** SUMMARY ***
Total pot $2 | Rake $0
Seat 8: kolaz03 (big blind) collected ($2)
Seat 9: Lackys07 (button) (small blind) folded before Flop


PokerStars Hand #164285621824:  Hold'em Limit ($3/$6 USD) - 2017/01/09 5:28:27 ET
Table 'Arneb II' 10-max Seat #8 is the button
Seat 8: kolaz03 ($173.12 in chips)
Seat 9: Lackys07 ($36.16 in chips)
kolaz03: posts small blind $1
Lackys07: posts big blind $3
*** HOLE CARDS ***
kolaz03: raises $3 to $6
Lackys07: calls $3
*** FLOP *** [2c Kd Kh]
Lackys07: checks
kolaz03: bets $3
Lackys07: folds
Uncalled bet ($3) returned to kolaz03
kolaz03 collected $11.76 from pot
kolaz03: doesn't show hand
*** SUMMARY ***
Total pot $12 | Rake $0.24
Board [2c Kd Kh]
Seat 8: kolaz03 (button) (small blind) collected ($11.76)
Seat 9: Lackys07 (big blind) folded on the Flop


PokerStars Hand #164285617696:  Hold'em Limit ($3/$6 USD) - 2017/01/09 5:28:17 ET
Table 'Arneb II' 10-max Seat #9 is the button
Seat 8: kolaz03 ($167.36 in chips)
Seat 9: Lackys07 ($42.16 in chips)
Lackys07: posts small blind $1
kolaz03: posts big blind $3
*** HOLE CARDS ***
Lackys07: raises $3 to $6
kolaz03: calls $3
*** FLOP *** [Tc Ks 3d]
kolaz03: bets $3
Lackys07: folds
Uncalled bet ($3) returned to kolaz03
kolaz03 collected $11.76 from pot
kolaz03: doesn't show hand
*** SUMMARY ***
Total pot $12 | Rake $0.24
Board [Tc Ks 3d]
Seat 8: kolaz03 (big blind) collected ($11.76)
Seat 9: Lackys07 (button) (small blind) folded on the Flop


PokerStars Hand #164285615149:  Hold'em Limit ($3/$6 USD) - 2017/01/09 5:28:11 ET
Table 'Arneb II' 10-max Seat #8 is the button
Seat 8: kolaz03 ($164.36 in chips)
Seat 9: Lackys07 ($45.16 in chips)
kolaz03: posts small blind $1
Lackys07: posts big blind $3
*** HOLE CARDS ***
kolaz03: raises $3 to $6
Lackys07: folds
Uncalled bet ($3) returned to kolaz03
kolaz03 collected $6 from pot
kolaz03: doesn't show hand
*** SUMMARY ***
Total pot $6 | Rake $0
Seat 8: kolaz03 (button) (small blind) collected ($6)
Seat 9: Lackys07 (big blind) folded before Flop


PokerStars Hand #164285606069:  Hold'em Limit ($3/$6 USD) - 2017/01/09 5:27:49 ET
Table 'Arneb II' 10-max Seat #9 is the button
Seat 8: kolaz03 ($149.86 in chips)
Seat 9: Lackys07 ($60.16 in chips)
Lackys07: posts small blind $1
kolaz03: posts big blind $3
*** HOLE CARDS ***
Lackys07: raises $3 to $6
kolaz03: calls $3
*** FLOP *** [5s 6d 9h]
kolaz03: checks
Lackys07: bets $3
kolaz03: calls $3
*** TURN *** [5s 6d 9h] [2s]
kolaz03: checks
Lackys07: bets $6
kolaz03: calls $6
*** RIVER *** [5s 6d 9h 2s] [4c]
kolaz03: checks
Lackys07: checks
*** SHOW DOWN ***
kolaz03: shows [8s 3s] (a straight, Deuce to Six)
Lackys07: mucks hand
kolaz03 collected $29.50 from pot
*** SUMMARY ***
Total pot $30 | Rake $0.50
Board [5s 6d 9h 2s 4c]
Seat 8: kolaz03 (big blind) showed [8s 3s] and won ($29.50) with a straight, Deuce to Six
Seat 9: Lackys07 (button) (small blind) mucked


PokerStars Hand #164285627732:  Hold'em Limit ($3/$6 USD) - 2017/01/09 5:28:41 ET
Table 'Arneb II' 10-max Seat #8 is the button
Seat 8: kolaz03 ($179.88 in chips)
Seat 9: Lackys07 ($29.16 in chips)
kolaz03: posts small blind $1
Lackys07: posts big blind $3
*** HOLE CARDS ***
kolaz03: raises $3 to $6
Lackys07: calls $3
*** FLOP *** [Th 3s Ah]
Lackys07: checks
kolaz03: bets $3
Lackys07: folds
Uncalled bet ($3) returned to kolaz03
kolaz03 collected $11.76 from pot
kolaz03: doesn't show hand
*** SUMMARY ***
Total pot $12 | Rake $0.24
Board [Th 3s Ah]
Seat 8: kolaz03 (button) (small blind) collected ($11.76)
Seat 9: Lackys07 (big blind) folded on the Flop


PokerStars Hand #164285648205:  Hold'em Limit ($3/$6 USD) - 2017/01/09 5:29:30 ET
Table 'Arneb II' 10-max Seat #8 is the button
Seat 8: kolaz03 ($178.64 in chips)
Seat 9: Lackys07 ($29.80 in chips)
kolaz03: posts small blind $1
Lackys07: posts big blind $3
*** HOLE CARDS ***
kolaz03: raises $3 to $6
Lackys07: folds
Uncalled bet ($3) returned to kolaz03
kolaz03 collected $6 from pot
kolaz03: doesn't show hand
*** SUMMARY ***
Total pot $6 | Rake $0
Seat 8: kolaz03 (button) (small blind) collected ($6)
Seat 9: Lackys07 (big blind) folded before Flop


PokerStars Hand #164285645973:  Hold'em Limit ($3/$6 USD) - 2017/01/09 5:29:25 ET
Table 'Arneb II' 10-max Seat #9 is the button
Seat 8: kolaz03 ($177.64 in chips)
Seat 9: Lackys07 ($30.80 in chips)
Lackys07: posts small blind $1
kolaz03: posts big blind $3
*** HOLE CARDS ***
Lackys07: folds
Uncalled bet ($2) returned to kolaz03
kolaz03 collected $2 from pot
kolaz03: doesn't show hand
*** SUMMARY ***
Total pot $2 | Rake $0
Seat 8: kolaz03 (big blind) collected ($2)
Seat 9: Lackys07 (button) (small blind) folded before Flop


PokerStars Hand #164285634401:  Hold'em Limit ($3/$6 USD) - 2017/01/09 5:28:57 ET
Table 'Arneb II' 10-max Seat #8 is the button
Seat 8: kolaz03 ($186.64 in chips)
Seat 9: Lackys07 ($22.16 in chips)
kolaz03: posts small blind $1
Lackys07: posts big blind $3
*** HOLE CARDS ***
kolaz03: raises $3 to $6
Lackys07: calls $3
*** FLOP *** [Kc 5s 4d]
Lackys07: checks
kolaz03: bets $3
Lackys07: raises $3 to $6
kolaz03: folds
Uncalled bet ($3) returned to Lackys07
Lackys07 collected $17.64 from pot
Lackys07: doesn't show hand
*** SUMMARY ***
Total pot $18 | Rake $0.36
Board [Kc 5s 4d]
Seat 8: kolaz03 (button) (small blind) folded on the Flop
Seat 9: Lackys07 (big blind) collected ($17.64)


PokerStars Hand #164285632316:  Hold'em Limit ($3/$6 USD) - 2017/01/09 5:28:52 ET
Table 'Arneb II' 10-max Seat #9 is the button
Seat 8: kolaz03 ($185.64 in chips)
Seat 9: Lackys07 ($23.16 in chips)
Lackys07: posts small blind $1
kolaz03: posts big blind $3
*** HOLE CARDS ***
Lackys07: folds
Uncalled bet ($2) returned to kolaz03
kolaz03 collected $2 from pot
kolaz03: doesn't show hand
*** SUMMARY ***
Total pot $2 | Rake $0
Seat 8: kolaz03 (big blind) collected ($2)
Seat 9: Lackys07 (button) (small blind) folded before Flop


PokerStars Hand #164285673449:  Hold'em Limit ($3/$6 USD) - 2017/01/09 5:30:31 ET
Table 'Arneb II' 10-max Seat #9 is the button
Seat 8: kolaz03 ($185.40 in chips)
Seat 9: Lackys07 ($22.56 in chips)
Lackys07: posts small blind $1
kolaz03: posts big blind $3
*** HOLE CARDS ***
Lackys07: raises $3 to $6
kolaz03: calls $3
*** FLOP *** [3h 3s Js]
kolaz03: bets $3
Lackys07: folds
Uncalled bet ($3) returned to kolaz03
kolaz03 collected $11.76 from pot
kolaz03: doesn't show hand
*** SUMMARY ***
Total pot $12 | Rake $0.24
Board [3h 3s Js]
Seat 8: kolaz03 (big blind) collected ($11.76)
Seat 9: Lackys07 (button) (small blind) folded on the Flop


PokerStars Hand #164285670946:  Hold'em Limit ($3/$6 USD) - 2017/01/09 5:30:25 ET
Table 'Arneb II' 10-max Seat #8 is the button
Seat 8: kolaz03 ($182.40 in chips)
Seat 9: Lackys07 ($25.56 in chips)
kolaz03: posts small blind $1
Lackys07: posts big blind $3
*** HOLE CARDS ***
kolaz03: raises $3 to $6
Lackys07: folds
Uncalled bet ($3) returned to kolaz03
kolaz03 collected $6 from pot
kolaz03: doesn't show hand
*** SUMMARY ***
Total pot $6 | Rake $0
Seat 8: kolaz03 (button) (small blind) collected ($6)
Seat 9: Lackys07 (big blind) folded before Flop


PokerStars Hand #164285668774:  Hold'em Limit ($3/$6 USD) - 2017/01/09 5:30:19 ET
Table 'Arneb II' 10-max Seat #9 is the button
Seat 8: kolaz03 ($181.40 in chips)
Seat 9: Lackys07 ($26.56 in chips)
Lackys07: posts small blind $1
kolaz03: posts big blind $3
*** HOLE CARDS ***
Lackys07: folds
Uncalled bet ($2) returned to kolaz03
kolaz03 collected $2 from pot
kolaz03: doesn't show hand
*** SUMMARY ***
Total pot $2 | Rake $0
Seat 8: kolaz03 (big blind) collected ($2)
Seat 9: Lackys07 (button) (small blind) folded before Flop


PokerStars Hand #164285660072:  Hold'em Limit ($3/$6 USD) - 2017/01/09 5:29:58 ET
Table 'Arneb II' 10-max Seat #8 is the button
Seat 8: kolaz03 ($175.64 in chips)
Seat 9: Lackys07 ($32.56 in chips)
kolaz03: posts small blind $1
Lackys07: posts big blind $3
*** HOLE CARDS ***
kolaz03: raises $3 to $6
Lackys07: calls $3
*** FLOP *** [Jh 7c Td]
Lackys07: checks
kolaz03: bets $3
Lackys07: folds
Uncalled bet ($3) returned to kolaz03
kolaz03 collected $11.76 from pot
kolaz03: doesn't show hand
*** SUMMARY ***
Total pot $12 | Rake $0.24
Board [Jh 7c Td]
Seat 8: kolaz03 (button) (small blind) collected ($11.76)
Seat 9: Lackys07 (big blind) folded on the Flop


PokerStars Hand #164285650575:  Hold'em Limit ($3/$6 USD) - 2017/01/09 5:29:36 ET
Table 'Arneb II' 10-max Seat #9 is the button
Seat 8: kolaz03 ($181.64 in chips)
Seat 9: Lackys07 ($26.80 in chips)
Lackys07: posts small blind $1
kolaz03: posts big blind $3
*** HOLE CARDS ***
Lackys07: raises $3 to $6
kolaz03: calls $3
*** FLOP *** [7h Ts Qc]
kolaz03: checks
Lackys07: checks
*** TURN *** [7h Ts Qc] [4d]
kolaz03: checks
Lackys07: bets $6
kolaz03: folds
Uncalled bet ($6) returned to Lackys07
Lackys07 collected $11.76 from pot
Lackys07: doesn't show hand
*** SUMMARY ***
Total pot $12 | Rake $0.24
Board [7h Ts Qc 4d]
Seat 8: kolaz03 (big blind) folded on the Turn
Seat 9: Lackys07 (button) (small blind) collected ($11.76)


PokerStars Hand #164285678487:  Hold'em Limit ($3/$6 USD) - 2017/01/09 5:30:43 ET
Table 'Arneb II' 10-max Seat #8 is the button
Seat 8: kolaz03 ($191.16 in chips)
Seat 9: Lackys07 ($16.56 in chips)
kolaz03: posts small blind $1
Lackys07: posts big blind $3
*** HOLE CARDS ***
kolaz03: folds
Uncalled bet ($2) returned to Lackys07
Lackys07 collected $2 from pot
Lackys07: doesn't show hand
*** SUMMARY ***
Total pot $2 | Rake $0
Seat 8: kolaz03 (button) (small blind) folded before Flop
Seat 9: Lackys07 (big blind) collected ($2)


PokerStars Hand #164285688647:  Hold'em Limit ($3/$6 USD) - 2017/01/09 5:31:07 ET
Table 'Arneb II' 10-max Seat #8 is the button
Seat 8: kolaz03 ($191.16 in chips)
Seat 9: Lackys07 ($16.56 in chips)
kolaz03: posts small blind $1
Lackys07: posts big blind $3
*** HOLE CARDS ***
kolaz03: raises $3 to $6
Lackys07: calls $3
*** FLOP *** [Td Ad 7d]
Lackys07: checks
kolaz03: bets $3
Lackys07: calls $3
*** TURN *** [Td Ad 7d] [Ts]
Lackys07: checks
kolaz03: bets $6
Lackys07: calls $6
*** RIVER *** [Td Ad 7d Ts] [9h]
Lackys07: bets $1.56 and is all-in
kolaz03: calls $1.56
*** SHOW DOWN ***
Lackys07: shows [9s 7h] (two pair, Tens and Nines)
kolaz03: shows [Qc Kd] (a pair of Tens)
Lackys07 collected $32.62 from pot
*** SUMMARY ***
Total pot $33.12 | Rake $0.50
Board [Td Ad 7d Ts 9h]
Seat 8: kolaz03 (button) (small blind) showed [Qc Kd] and lost with a pair of Tens
Seat 9: Lackys07 (big blind) showed [9s 7h] and won ($32.62) with two pair, Tens and Nines


PokerStars Hand #164285686480:  Hold'em Limit ($3/$6 USD) - 2017/01/09 5:31:02 ET
Table 'Arneb II' 10-max Seat #9 is the button
Seat 8: kolaz03 ($190.16 in chips)
Seat 9: Lackys07 ($17.56 in chips)
Lackys07: posts small blind $1
kolaz03: posts big blind $3
*** HOLE CARDS ***
Lackys07: folds
Uncalled bet ($2) returned to kolaz03
kolaz03 collected $2 from pot
kolaz03: doesn't show hand
*** SUMMARY ***
Total pot $2 | Rake $0
Seat 8: kolaz03 (big blind) collected ($2)
Seat 9: Lackys07 (button) (small blind) folded before Flop


PokerStars Hand #164285684065:  Hold'em Limit ($3/$6 USD) - 2017/01/09 5:30:56 ET
Table 'Arneb II' 10-max Seat #8 is the button
Seat 8: kolaz03 ($187.16 in chips)
Seat 9: Lackys07 ($20.56 in chips)
kolaz03: posts small blind $1
Lackys07: posts big blind $3
*** HOLE CARDS ***
kolaz03: raises $3 to $6
Lackys07: folds
Uncalled bet ($3) returned to kolaz03
kolaz03 collected $6 from pot
kolaz03: doesn't show hand
*** SUMMARY ***
Total pot $6 | Rake $0
Seat 8: kolaz03 (button) (small blind) collected ($6)
Seat 9: Lackys07 (big blind) folded before Flop


PokerStars Hand #164285680399:  Hold'em Limit ($3/$6 USD) - 2017/01/09 5:30:47 ET
Table 'Arneb II' 10-max Seat #9 is the button
Seat 8: kolaz03 ($190.16 in chips)
Seat 9: Lackys07 ($17.56 in chips)
Lackys07: posts small blind $1
kolaz03: posts big blind $3
*** HOLE CARDS ***
Lackys07: raises $3 to $6
kolaz03: folds
Uncalled bet ($3) returned to Lackys07
Lackys07 collected $6 from pot
Lackys07: doesn't show hand
*** SUMMARY ***
Total pot $6 | Rake $0
Seat 8: kolaz03 (big blind) folded before Flop
Seat 9: Lackys07 (button) (small blind) collected ($6)


PokerStars Hand #164285715702:  Hold'em Limit ($3/$6 USD) - 2017/01/09 5:32:12 ET
Table 'Arneb II' 10-max Seat #9 is the button
Seat 8: kolaz03 ($186.12 in chips)
Seat 9: Lackys07 ($20.62 in chips)
Lackys07: posts small blind $1
kolaz03: posts big blind $3
*** HOLE CARDS ***
Lackys07: folds
Uncalled bet ($2) returned to kolaz03
kolaz03 collected $2 from pot
kolaz03: doesn't show hand
*** SUMMARY ***
Total pot $2 | Rake $0
Seat 8: kolaz03 (big blind) collected ($2)
Seat 9: Lackys07 (button) (small blind) folded before Flop


PokerStars Hand #164285700747:  Hold'em Limit ($3/$6 USD) - 2017/01/09 5:31:37 ET
Table 'Arneb II' 10-max Seat #9 is the button
Seat 8: kolaz03 ($174.60 in chips)
Seat 9: Lackys07 ($32.62 in chips)
Lackys07: posts small blind $1
kolaz03: posts big blind $3
*** HOLE CARDS ***
Lackys07: raises $3 to $6
kolaz03: calls $3
*** FLOP *** [Jd 5d 4d]
kolaz03: checks
Lackys07: checks
*** TURN *** [Jd 5d 4d] [Ts]
kolaz03: checks
Lackys07: checks
*** RIVER *** [Jd 5d 4d Ts] [6d]
kolaz03: checks
Lackys07: checks
*** SHOW DOWN ***
kolaz03: shows [6s 8h] (a pair of Sixes)
Lackys07: mucks hand
kolaz03 collected $11.76 from pot
*** SUMMARY ***
Total pot $12 | Rake $0.24
Board [Jd 5d 4d Ts 6d]
Seat 8: kolaz03 (big blind) showed [6s 8h] and won ($11.76) with a pair of Sixes
Seat 9: Lackys07 (button) (small blind) mucked


PokerStars Hand #164285710706:  Hold'em Limit ($3/$6 USD) - 2017/01/09 5:32:00 ET
Table 'Arneb II' 10-max Seat #8 is the button
Seat 8: kolaz03 ($180.36 in chips)
Seat 9: Lackys07 ($26.62 in chips)
kolaz03: posts small blind $1
Lackys07: posts big blind $3
*** HOLE CARDS ***
kolaz03: raises $3 to $6
Lackys07: calls $3
*** FLOP *** [4c 6s 9s]
Lackys07: checks
kolaz03: bets $3
Lackys07: folds
Uncalled bet ($3) returned to kolaz03
kolaz03 collected $11.76 from pot
kolaz03: doesn't show hand
*** SUMMARY ***
Total pot $12 | Rake $0.24
Board [4c 6s 9s]
Seat 8: kolaz03 (button) (small blind) collected ($11.76)
Seat 9: Lackys07 (big blind) folded on the Flop


PokerStars Hand #164285726483:  Hold'em Limit ($3/$6 USD) - 2017/01/09 5:32:38 ET
Table 'Arneb II' 10-max Seat #9 is the button
Seat 8: kolaz03 ($192.88 in chips)
Seat 9: Lackys07 ($13.62 in chips)
Lackys07: posts small blind $1
kolaz03: posts big blind $3
*** HOLE CARDS ***
Lackys07: raises $3 to $6
kolaz03: raises $3 to $9
Lackys07: calls $3
*** FLOP *** [Jd 2s Ts]
kolaz03: bets $3
Lackys07: folds
Uncalled bet ($3) returned to kolaz03
kolaz03 collected $17.64 from pot
kolaz03: doesn't show hand
*** SUMMARY ***
Total pot $18 | Rake $0.36
Board [Jd 2s Ts]
Seat 8: kolaz03 (big blind) collected ($17.64)
Seat 9: Lackys07 (button) (small blind) folded on the Flop


PokerStars Hand #164285718228:  Hold'em Limit ($3/$6 USD) - 2017/01/09 5:32:18 ET
Table 'Arneb II' 10-max Seat #8 is the button
Seat 8: kolaz03 ($187.12 in chips)
Seat 9: Lackys07 ($19.62 in chips)
kolaz03: posts small blind $1
Lackys07: posts big blind $3
*** HOLE CARDS ***
kolaz03: raises $3 to $6
Lackys07: calls $3
*** FLOP *** [Ts Jh 8d]
Lackys07: checks
kolaz03: bets $3
Lackys07: folds
Uncalled bet ($3) returned to kolaz03
kolaz03 collected $11.76 from pot
kolaz03: doesn't show hand
*** SUMMARY ***
Total pot $12 | Rake $0.24
Board [Ts Jh 8d]
Seat 8: kolaz03 (button) (small blind) collected ($11.76)
Seat 9: Lackys07 (big blind) folded on the Flop


PokerStars Hand #164285732612:  Hold'em Limit ($3/$6 USD) - 2017/01/09 5:32:53 ET
Table 'Arneb II' 10-max Seat #8 is the button
Seat 8: kolaz03 ($201.52 in chips)
Seat 9: Lackys07 ($4.62 in chips)
kolaz03: posts small blind $1
Lackys07: posts big blind $3
*** HOLE CARDS ***
kolaz03: raises $3 to $6
Lackys07: calls $1.62 and is all-in
Uncalled bet ($1.38) returned to kolaz03
*** FLOP *** [7d 6d Jh]
*** TURN *** [7d 6d Jh] [Kh]
*** RIVER *** [7d 6d Jh Kh] [2s]
*** SHOW DOWN ***
Lackys07: shows [As Jc] (a pair of Jacks)
kolaz03: shows [7h 5c] (a pair of Sevens)
Lackys07 collected $9.06 from pot
*** SUMMARY ***
Total pot $9.24 | Rake $0.18
Board [7d 6d Jh Kh 2s]
Seat 8: kolaz03 (button) (small blind) showed [7h 5c] and lost with a pair of Sevens
Seat 9: Lackys07 (big blind) showed [As Jc] and won ($9.06) with a pair of Jacks


PokerStars Hand #164285738161:  Hold'em Limit ($3/$6 USD) - 2017/01/09 5:33:06 ET
Table 'Arneb II' 10-max Seat #9 is the button
Seat 8: kolaz03 ($196.90 in chips)
Seat 9: Lackys07 ($9.06 in chips)
Lackys07: posts small blind $1
kolaz03: posts big blind $3
*** HOLE CARDS ***
Lackys07: raises $3 to $6
kolaz03: raises $3 to $9
Lackys07: raises $0.06 to $9.06 and is all-in
Betting is capped
kolaz03: calls $0.06
*** FLOP *** [Ad 5d 2h]
*** TURN *** [Ad 5d 2h] [Js]
*** RIVER *** [Ad 5d 2h Js] [Kc]
*** SHOW DOWN ***
kolaz03: shows [Ac 5c] (two pair, Aces and Fives)
Lackys07: shows [Qd 7d] (high card Ace)
kolaz03 collected $17.76 from pot
*** SUMMARY ***
Total pot $18.12 | Rake $0.36
Board [Ad 5d 2h Js Kc]
Seat 8: kolaz03 (big blind) showed [Ac 5c] and won ($17.76) with two pair, Aces and Fives
Seat 9: Lackys07 (button) (small blind) showed [Qd 7d] and lost with high card Ace


