PokerStars Hand #161248617359:  Hold'em Limit ($3/$6 USD) - 2016/11/11 14:33:48 ET
Table 'Arneb II' 6-max Seat #2 is the button
Seat 2: sir-scrat ($84.16 in chips)
Seat 5: GoliafUa ($101 in chips)
sir-scrat: posts small blind $1
GoliafUa: posts big blind $3
*** HOLE CARDS ***
sir-scrat: folds
Uncalled bet ($2) returned to GoliafUa
GoliafUa collected $2 from pot
GoliafUa: doesn't show hand
*** SUMMARY ***
Total pot $2 | Rake $0
Seat 2: sir-scrat (button) (small blind) folded before Flop
Seat 5: GoliafUa (big blind) collected ($2)


PokerStars Hand #161248606411:  Hold'em Limit ($3/$6 USD) - 2016/11/11 14:33:35 ET
Table 'Arneb II' 6-max Seat #5 is the button
Seat 2: sir-scrat ($75.52 in chips)
Seat 5: GoliafUa ($110 in chips)
GoliafUa: posts small blind $1
sir-scrat: posts big blind $3
*** HOLE CARDS ***
GoliafUa: raises $3 to $6
sir-scrat: calls $3
*** FLOP *** [Qc 4d 3s]
sir-scrat: checks
GoliafUa: bets $3
sir-scrat: calls $3
*** TURN *** [Qc 4d 3s] [4s]
sir-scrat: checks
GoliafUa: checks
*** RIVER *** [Qc 4d 3s 4s] [2d]
sir-scrat: bets $6
GoliafUa: folds
Uncalled bet ($6) returned to sir-scrat
sir-scrat collected $17.64 from pot
sir-scrat: doesn't show hand
*** SUMMARY ***
Total pot $18 | Rake $0.36
Board [Qc 4d 3s 4s 2d]
Seat 2: sir-scrat (big blind) collected ($17.64)
Seat 5: GoliafUa (button) (small blind) folded on the River


PokerStars Hand #161248602465:  Hold'em Limit ($3/$6 USD) - 2016/11/11 14:33:30 ET
Table 'Arneb II' 6-max Seat #2 is the button
Seat 2: sir-scrat ($76.52 in chips)
Seat 5: GoliafUa ($109 in chips)
sir-scrat: posts small blind $1
GoliafUa: posts big blind $3
*** HOLE CARDS ***
sir-scrat: folds
Uncalled bet ($2) returned to GoliafUa
GoliafUa collected $2 from pot
GoliafUa: doesn't show hand
*** SUMMARY ***
Total pot $2 | Rake $0
Seat 2: sir-scrat (button) (small blind) folded before Flop
Seat 5: GoliafUa (big blind) collected ($2)


PokerStars Hand #161248592690:  Hold'em Limit ($3/$6 USD) - 2016/11/11 14:33:19 ET
Table 'Arneb II' 6-max Seat #5 is the button
Seat 2: sir-scrat ($65 in chips)
Seat 5: GoliafUa ($121 in chips)
GoliafUa: posts small blind $1
sir-scrat: posts big blind $3
*** HOLE CARDS ***
GoliafUa: raises $3 to $6
sir-scrat: raises $3 to $9
GoliafUa: calls $3
*** FLOP *** [5c Kh 4d]
sir-scrat: bets $3
GoliafUa: calls $3
*** TURN *** [5c Kh 4d] [9c]
sir-scrat: bets $6
GoliafUa: folds
Uncalled bet ($6) returned to sir-scrat
sir-scrat collected $23.52 from pot
sir-scrat: doesn't show hand
*** SUMMARY ***
Total pot $24 | Rake $0.48
Board [5c Kh 4d 9c]
Seat 2: sir-scrat (big blind) collected ($23.52)
Seat 5: GoliafUa (button) (small blind) folded on the Turn


PokerStars Hand #161248621309:  Hold'em Limit ($3/$6 USD) - 2016/11/11 14:33:52 ET
Table 'Arneb II' 6-max Seat #5 is the button
Seat 2: sir-scrat ($83.16 in chips)
Seat 5: GoliafUa ($102 in chips)
GoliafUa: posts small blind $1
sir-scrat: posts big blind $3
*** HOLE CARDS ***
GoliafUa: raises $3 to $6
sir-scrat: raises $3 to $9
GoliafUa: calls $3
*** FLOP *** [Jc 3c 7c]
sir-scrat: bets $3
GoliafUa: folds
Uncalled bet ($3) returned to sir-scrat
sir-scrat collected $17.64 from pot
sir-scrat: doesn't show hand
*** SUMMARY ***
Total pot $18 | Rake $0.36
Board [Jc 3c 7c]
Seat 2: sir-scrat (big blind) collected ($17.64)
Seat 5: GoliafUa (button) (small blind) folded on the Flop


PokerStars Hand #161248633466:  Hold'em Limit ($3/$6 USD) - 2016/11/11 14:34:06 ET
Table 'Arneb II' 6-max Seat #5 is the button
Seat 2: sir-scrat ($90.80 in chips)
Seat 5: GoliafUa ($94 in chips)
GoliafUa: posts small blind $1
sir-scrat: posts big blind $3
*** HOLE CARDS ***
GoliafUa: folds
Uncalled bet ($2) returned to sir-scrat
sir-scrat collected $2 from pot
sir-scrat: doesn't show hand
*** SUMMARY ***
Total pot $2 | Rake $0
Seat 2: sir-scrat (big blind) collected ($2)
Seat 5: GoliafUa (button) (small blind) folded before Flop


PokerStars Hand #161248629266:  Hold'em Limit ($3/$6 USD) - 2016/11/11 14:34:02 ET
Table 'Arneb II' 6-max Seat #2 is the button
Seat 2: sir-scrat ($91.80 in chips)
Seat 5: GoliafUa ($93 in chips)
sir-scrat: posts small blind $1
GoliafUa: posts big blind $3
*** HOLE CARDS ***
sir-scrat: folds
Uncalled bet ($2) returned to GoliafUa
GoliafUa collected $2 from pot
GoliafUa: doesn't show hand
*** SUMMARY ***
Total pot $2 | Rake $0
Seat 2: sir-scrat (button) (small blind) folded before Flop
Seat 5: GoliafUa (big blind) collected ($2)


PokerStars Hand #161248637533:  Hold'em Limit ($3/$6 USD) - 2016/11/11 14:34:11 ET
Table 'Arneb II' 6-max Seat #2 is the button
Seat 2: sir-scrat ($91.80 in chips)
Seat 5: GoliafUa ($93 in chips)
sir-scrat: posts small blind $1
GoliafUa: posts big blind $3
*** HOLE CARDS ***
sir-scrat: raises $3 to $6
GoliafUa: calls $3
*** FLOP *** [7s 5h Ac]
GoliafUa: checks
sir-scrat: bets $3
GoliafUa: folds
Uncalled bet ($3) returned to sir-scrat
sir-scrat collected $11.76 from pot
sir-scrat: doesn't show hand
*** SUMMARY ***
Total pot $12 | Rake $0.24
Board [7s 5h Ac]
Seat 2: sir-scrat (button) (small blind) collected ($11.76)
Seat 5: GoliafUa (big blind) folded on the Flop


PokerStars Hand #161248660402:  Hold'em Limit ($3/$6 USD) - 2016/11/11 14:34:38 ET
Table 'Arneb II' 6-max Seat #2 is the button
Seat 2: sir-scrat ($82.56 in chips)
Seat 5: GoliafUa ($101.50 in chips)
sir-scrat: posts small blind $1
GoliafUa: posts big blind $3
*** HOLE CARDS ***
sir-scrat: folds
Uncalled bet ($2) returned to GoliafUa
GoliafUa collected $2 from pot
GoliafUa: doesn't show hand
*** SUMMARY ***
Total pot $2 | Rake $0
Seat 2: sir-scrat (button) (small blind) folded before Flop
Seat 5: GoliafUa (big blind) collected ($2)


PokerStars Hand #161248645382:  Hold'em Limit ($3/$6 USD) - 2016/11/11 14:34:21 ET
Table 'Arneb II' 6-max Seat #5 is the button
Seat 2: sir-scrat ($97.56 in chips)
Seat 5: GoliafUa ($87 in chips)
GoliafUa: posts small blind $1
sir-scrat: posts big blind $3
*** HOLE CARDS ***
GoliafUa: raises $3 to $6
sir-scrat: calls $3
*** FLOP *** [8s 7d 2d]
sir-scrat: checks
GoliafUa: bets $3
sir-scrat: calls $3
*** TURN *** [8s 7d 2d] [5c]
sir-scrat: checks
GoliafUa: bets $6
sir-scrat: calls $6
*** RIVER *** [8s 7d 2d 5c] [4h]
sir-scrat: checks
GoliafUa: bets $6
sir-scrat: folds
Uncalled bet ($6) returned to GoliafUa
GoliafUa collected $29.50 from pot
GoliafUa: doesn't show hand
*** SUMMARY ***
Total pot $30 | Rake $0.50
Board [8s 7d 2d 5c 4h]
Seat 2: sir-scrat (big blind) folded on the River
Seat 5: GoliafUa (button) (small blind) collected ($29.50)


PokerStars Hand #161248664397:  Hold'em Limit ($3/$6 USD) - 2016/11/11 14:34:43 ET
Table 'Arneb II' 6-max Seat #5 is the button
Seat 2: sir-scrat ($81.56 in chips)
Seat 5: GoliafUa ($102.50 in chips)
GoliafUa: posts small blind $1
sir-scrat: posts big blind $3
*** HOLE CARDS ***
GoliafUa: raises $3 to $6
sir-scrat: raises $3 to $9
jackRizzar joins the table at seat #3
GoliafUa: calls $3
*** FLOP *** [4s Qd 4c]
sir-scrat: bets $3
GoliafUa: calls $3
*** TURN *** [4s Qd 4c] [5s]
sir-scrat: bets $6
GoliafUa: folds
Uncalled bet ($6) returned to sir-scrat
sir-scrat collected $23.52 from pot
sir-scrat: doesn't show hand
*** SUMMARY ***
Total pot $24 | Rake $0.48
Board [4s Qd 4c 5s]
Seat 2: sir-scrat (big blind) collected ($23.52)
Seat 5: GoliafUa (button) (small blind) folded on the Turn


PokerStars Hand #161248869844:  Hold'em Limit ($3/$6 USD) - 2016/11/11 14:38:45 ET
Table 'Arneb II' 6-max Seat #5 is the button
Seat 2: sir-scrat ($94.89 in chips)
Seat 5: GoliafUa ($124.11 in chips)
GoliafUa: posts small blind $1
sir-scrat: posts big blind $3
*** HOLE CARDS ***
Ultrafranke joins the table at seat #1
GoliafUa: raises $3 to $6
sir-scrat: folds
Uncalled bet ($3) returned to GoliafUa
GoliafUa collected $6 from pot
GoliafUa: doesn't show hand
jackRizzar leaves the table
*** SUMMARY ***
Total pot $6 | Rake $0
Seat 2: sir-scrat (big blind) folded before Flop
Seat 5: GoliafUa (button) (small blind) collected ($6)


PokerStars Hand #161248865244:  Hold'em Limit ($3/$6 USD) - 2016/11/11 14:38:40 ET
Table 'Arneb II' 6-max Seat #2 is the button
Seat 2: sir-scrat ($95.89 in chips)
Seat 5: GoliafUa ($123.11 in chips)
sir-scrat: posts small blind $1
jackRizzar: is sitting out
GoliafUa: posts big blind $3
*** HOLE CARDS ***
sir-scrat: folds
Uncalled bet ($2) returned to GoliafUa
GoliafUa collected $2 from pot
GoliafUa: doesn't show hand
*** SUMMARY ***
Total pot $2 | Rake $0
Seat 2: sir-scrat (button) (small blind) folded before Flop
Seat 5: GoliafUa (big blind) collected ($2)


PokerStars Hand #161248875953:  Hold'em Limit ($3/$6 USD) - 2016/11/11 14:38:52 ET
Table 'Arneb II' 6-max Seat #2 is the button
Seat 2: sir-scrat ($91.89 in chips)
Seat 5: GoliafUa ($127.11 in chips)
sir-scrat: posts small blind $1
GoliafUa: posts big blind $3
*** HOLE CARDS ***
sir-scrat: raises $3 to $6
GoliafUa: calls $3
*** FLOP *** [Th 8h Td]
GoliafUa: checks
sir-scrat: bets $3
GoliafUa: folds
Uncalled bet ($3) returned to sir-scrat
sir-scrat collected $11.76 from pot
sir-scrat: doesn't show hand
*** SUMMARY ***
Total pot $12 | Rake $0.24
Board [Th 8h Td]
Seat 2: sir-scrat (button) (small blind) collected ($11.76)
Seat 5: GoliafUa (big blind) folded on the Flop


PokerStars Hand #161249022829:  Hold'em Limit ($3/$6 USD) - 2016/11/11 14:41:46 ET
Table 'Arneb II' 6-max Seat #1 is the button
Seat 1: Ultrafranke ($155.17 in chips)
Seat 2: sir-scrat ($107.75 in chips)
Ultrafranke: posts small blind $1
sir-scrat: posts big blind $3
*** HOLE CARDS ***
Ultrafranke: folds
Uncalled bet ($2) returned to sir-scrat
sir-scrat collected $2 from pot
sir-scrat: doesn't show hand
*** SUMMARY ***
Total pot $2 | Rake $0
Seat 1: Ultrafranke (button) (small blind) folded before Flop
Seat 2: sir-scrat (big blind) collected ($2)


PokerStars Hand #161249018157:  Hold'em Limit ($3/$6 USD) - 2016/11/11 14:41:40 ET
Table 'Arneb II' 6-max Seat #2 is the button
Seat 1: Ultrafranke ($154.17 in chips)
Seat 2: sir-scrat ($108.75 in chips)
sir-scrat: posts small blind $1
GoliafUa: is sitting out
GoliafUa leaves the table
Ultrafranke: posts big blind $3
*** HOLE CARDS ***
sir-scrat: folds
Uncalled bet ($2) returned to Ultrafranke
Ultrafranke collected $2 from pot
*** SUMMARY ***
Total pot $2 | Rake $0
Seat 1: Ultrafranke (big blind) collected ($2)
Seat 2: sir-scrat (button) (small blind) folded before Flop


PokerStars Hand #161249036434:  Hold'em Limit ($3/$6 USD) - 2016/11/11 14:42:02 ET
Table 'Arneb II' 6-max Seat #2 is the button
Seat 1: Ultrafranke ($154.17 in chips)
Seat 2: sir-scrat ($108.75 in chips)
sir-scrat: posts small blind $1
Ultrafranke: posts big blind $3
*** HOLE CARDS ***
sir-scrat: raises $3 to $6
Ultrafranke: calls $3
*** FLOP *** [Qs 7h 9s]
manly70 joins the table at seat #6
Ultrafranke: bets $3
sir-scrat: raises $3 to $6
Ultrafranke: calls $3
*** TURN *** [Qs 7h 9s] [Tc]
Ultrafranke: checks
sir-scrat: checks
*** RIVER *** [Qs 7h 9s Tc] [Kc]
Ultrafranke: bets $6
sir-scrat: raises $6 to $12
Ultrafranke: calls $6
*** SHOW DOWN ***
sir-scrat: shows [Jh As] (a straight, Ten to Ace)
Ultrafranke: mucks hand
sir-scrat collected $47.50 from pot
*** SUMMARY ***
Total pot $48 | Rake $0.50
Board [Qs 7h 9s Tc Kc]
Seat 1: Ultrafranke (big blind) mucked
Seat 2: sir-scrat (button) (small blind) showed [Jh As] and won ($47.50) with a straight, Ten to Ace


PokerStars Hand #161249031380:  Hold'em Limit ($3/$6 USD) - 2016/11/11 14:41:56 ET
Table 'Arneb II' 6-max Seat #1 is the button
Seat 1: Ultrafranke ($151.17 in chips)
Seat 2: sir-scrat ($111.75 in chips)
Ultrafranke: posts small blind $1
sir-scrat: posts big blind $3
*** HOLE CARDS ***
Ultrafranke: raises $3 to $6
sir-scrat: folds
Uncalled bet ($3) returned to Ultrafranke
Ultrafranke collected $6 from pot
*** SUMMARY ***
Total pot $6 | Rake $0
Seat 1: Ultrafranke (button) (small blind) collected ($6)
Seat 2: sir-scrat (big blind) folded before Flop


PokerStars Hand #161249026628:  Hold'em Limit ($3/$6 USD) - 2016/11/11 14:41:50 ET
Table 'Arneb II' 6-max Seat #2 is the button
Seat 1: Ultrafranke ($154.17 in chips)
Seat 2: sir-scrat ($108.75 in chips)
sir-scrat: posts small blind $1
Ultrafranke: posts big blind $3
*** HOLE CARDS ***
sir-scrat: raises $3 to $6
Ultrafranke: folds
Uncalled bet ($3) returned to sir-scrat
sir-scrat collected $6 from pot
sir-scrat: doesn't show hand
*** SUMMARY ***
Total pot $6 | Rake $0
Seat 1: Ultrafranke (big blind) folded before Flop
Seat 2: sir-scrat (button) (small blind) collected ($6)


PokerStars Hand #161249156134:  Hold'em Limit ($3/$6 USD) - 2016/11/11 14:44:23 ET
Table 'Arneb II' 6-max Seat #6 is the button
Seat 2: sir-scrat ($115.63 in chips)
Seat 6: manly70 ($71.44 in chips)
manly70: posts small blind $1
sir-scrat: posts big blind $3
*** HOLE CARDS ***
manly70: folds
Uncalled bet ($2) returned to sir-scrat
sir-scrat collected $2 from pot
sir-scrat: doesn't show hand
*** SUMMARY ***
Total pot $2 | Rake $0
Seat 2: sir-scrat (big blind) collected ($2)
Seat 6: manly70 (button) (small blind) folded before Flop


PokerStars Hand #161249174217:  Hold'em Limit ($3/$6 USD) - 2016/11/11 14:44:45 ET
Table 'Arneb II' 6-max Seat #6 is the button
Seat 2: sir-scrat ($110.63 in chips)
Seat 6: manly70 ($76.20 in chips)
manly70: posts small blind $1
sir-scrat: posts big blind $3
*** HOLE CARDS ***
manly70: folds
Uncalled bet ($2) returned to sir-scrat
sir-scrat collected $2 from pot
sir-scrat: doesn't show hand
*** SUMMARY ***
Total pot $2 | Rake $0
Seat 2: sir-scrat (big blind) collected ($2)
Seat 6: manly70 (button) (small blind) folded before Flop


PokerStars Hand #161249205909:  Hold'em Limit ($3/$6 USD) - 2016/11/11 14:45:23 ET
Table 'Arneb II' 6-max Seat #6 is the button
Seat 2: sir-scrat ($92.63 in chips)
Seat 6: manly70 ($93.70 in chips)
manly70: posts small blind $1
sir-scrat: posts big blind $3
*** HOLE CARDS ***
manly70: raises $3 to $6
sir-scrat: raises $3 to $9
manly70: calls $3
*** FLOP *** [2d 5h Kh]
sir-scrat: bets $3
manly70: calls $3
*** TURN *** [2d 5h Kh] [Jc]
sir-scrat: bets $6
Psynto joins the table at seat #5
manly70: calls $6
*** RIVER *** [2d 5h Kh Jc] [7h]
sir-scrat: bets $6
manly70: folds
Uncalled bet ($6) returned to sir-scrat
sir-scrat collected $35.50 from pot
sir-scrat: doesn't show hand
*** SUMMARY ***
Total pot $36 | Rake $0.50
Board [2d 5h Kh Jc 7h]
Seat 2: sir-scrat (big blind) collected ($35.50)
Seat 6: manly70 (button) (small blind) folded on the River


PokerStars Hand #161249190261:  Hold'em Limit ($3/$6 USD) - 2016/11/11 14:45:04 ET
Table 'Arneb II' 6-max Seat #2 is the button
Seat 2: sir-scrat ($107.63 in chips)
Seat 6: manly70 ($79.20 in chips)
sir-scrat: posts small blind $1
manly70: posts big blind $3
*** HOLE CARDS ***
sir-scrat: raises $3 to $6
manly70: calls $3
*** FLOP *** [Ks 8d 7c]
manly70: checks
sir-scrat: bets $3
manly70: calls $3
*** TURN *** [Ks 8d 7c] [Kh]
manly70: checks
sir-scrat: checks
*** RIVER *** [Ks 8d 7c Kh] [5c]
manly70: bets $6
sir-scrat: calls $6
*** SHOW DOWN ***
manly70: shows [Js 8h] (two pair, Kings and Eights)
sir-scrat: mucks hand
manly70 collected $29.50 from pot
*** SUMMARY ***
Total pot $30 | Rake $0.50
Board [Ks 8d 7c Kh 5c]
Seat 2: sir-scrat (button) (small blind) mucked
Seat 6: manly70 (big blind) showed [Js 8h] and won ($29.50) with two pair, Kings and Eights


PokerStars Hand #161249179695:  Hold'em Limit ($3/$6 USD) - 2016/11/11 14:44:51 ET
Table 'Arneb II' 6-max Seat #2 is the button
Seat 2: sir-scrat ($111.63 in chips)
Seat 6: manly70 ($75.20 in chips)
sir-scrat: posts small blind $1
manly70: posts big blind $3
*** HOLE CARDS ***
sir-scrat: folds
Uncalled bet ($2) returned to manly70
manly70 collected $2 from pot
*** SUMMARY ***
Total pot $2 | Rake $0
Seat 2: sir-scrat (button) (small blind) folded before Flop
Seat 6: manly70 (big blind) collected ($2)


PokerStars Hand #161250342164:  Hold'em Limit ($3/$6 USD) - 2016/11/11 15:08:49 ET
Table 'Arneb II' 6-max Seat #5 is the button
Seat 5: Psynto ($95.50 in chips)
Seat 6: manly70 ($156.32 in chips)
Psynto: posts small blind $1
manly70: posts big blind $3
*** HOLE CARDS ***
Psynto: folds
Uncalled bet ($2) returned to manly70
manly70 collected $2 from pot
*** SUMMARY ***
Total pot $2 | Rake $0
Seat 5: Psynto (button) (small blind) folded before Flop
Seat 6: manly70 (big blind) collected ($2)


PokerStars Hand #161250315015:  Hold'em Limit ($3/$6 USD) - 2016/11/11 15:08:18 ET
Table 'Arneb II' 6-max Seat #6 is the button
Seat 5: Psynto ($72 in chips)
Seat 6: manly70 ($180.32 in chips)
manly70: posts small blind $1
Psynto: posts big blind $3
*** HOLE CARDS ***
manly70: raises $3 to $6
Psynto: calls $3
*** FLOP *** [Tc 9d 2d]
Psynto: checks
manly70: bets $3
Psynto: raises $3 to $6
manly70: calls $3
*** TURN *** [Tc 9d 2d] [Kd]
Psynto: bets $6
manly70: calls $6
*** RIVER *** [Tc 9d 2d Kd] [4h]
Psynto: bets $6
manly70: calls $6
*** SHOW DOWN ***
Psynto: shows [2s Ts] (two pair, Tens and Deuces)
manly70: mucks hand
Psynto collected $47.50 from pot
*** SUMMARY ***
Total pot $48 | Rake $0.50
Board [Tc 9d 2d Kd 4h]
Seat 5: Psynto (big blind) showed [2s Ts] and won ($47.50) with two pair, Tens and Deuces
Seat 6: manly70 (button) (small blind) mucked


PokerStars Hand #161250309337:  Hold'em Limit ($3/$6 USD) - 2016/11/11 15:08:12 ET
Table 'Arneb II' 6-max Seat #5 is the button
Seat 5: Psynto ($72 in chips)
Seat 6: manly70 ($179.32 in chips)
Psynto: posts small blind $1
manly70: posts big blind $3
*** HOLE CARDS ***
Psynto: folds
Uncalled bet ($2) returned to manly70
manly70 collected $2 from pot
*** SUMMARY ***
Total pot $2 | Rake $0
Seat 5: Psynto (button) (small blind) folded before Flop
Seat 6: manly70 (big blind) collected ($2)


PokerStars Hand #161250285940:  Hold'em Limit ($3/$6 USD) - 2016/11/11 15:07:45 ET
Table 'Arneb II' 6-max Seat #6 is the button
Seat 5: Psynto ($72 in chips)
Seat 6: manly70 ($167.80 in chips)
manly70: posts small blind $1
vestimokrec: is sitting out
Psynto: posts big blind $3
*** HOLE CARDS ***
vestimokrec leaves the table
manly70: calls $2
Psynto: raises $3 to $6
manly70: calls $3
*** FLOP *** [7h 2d 5d]
Psynto: bets $3
manly70: raises $3 to $6
Psynto: calls $3
*** TURN *** [7h 2d 5d] [8h]
Psynto: checks
manly70: checks
*** RIVER *** [7h 2d 5d 8h] [4d]
Psynto: checks
manly70: bets $6
Psynto: folds
Uncalled bet ($6) returned to manly70
manly70 collected $23.52 from pot
*** SUMMARY ***
Total pot $24 | Rake $0.48
Board [7h 2d 5d 8h 4d]
Seat 5: Psynto (big blind) folded on the River
Seat 6: manly70 (button) (small blind) collected ($23.52)


PokerStars Hand #161250365697:  Hold'em Limit ($3/$6 USD) - 2016/11/11 15:09:16 ET
Table 'Arneb II' 6-max Seat #6 is the button
Seat 5: Psynto ($90.50 in chips)
Seat 6: manly70 ($161.20 in chips)
manly70: posts small blind $1
Psynto: posts big blind $3
*** HOLE CARDS ***
manly70: raises $3 to $6
Psynto: raises $3 to $9
manly70: calls $3
*** FLOP *** [Ad Ah Tc]
Psynto: bets $3
manly70: calls $3
*** TURN *** [Ad Ah Tc] [Th]
Psynto: bets $6
manly70: folds
Uncalled bet ($6) returned to Psynto
Psynto collected $23.52 from pot
Psynto: doesn't show hand
*** SUMMARY ***
Total pot $24 | Rake $0.48
Board [Ad Ah Tc Th]
Seat 5: Psynto (big blind) collected ($23.52)
Seat 6: manly70 (button) (small blind) folded on the Turn


PokerStars Hand #161250361013:  Hold'em Limit ($3/$6 USD) - 2016/11/11 15:09:11 ET
Table 'Arneb II' 6-max Seat #5 is the button
Seat 5: Psynto ($91.50 in chips)
Seat 6: manly70 ($160.20 in chips)
Psynto: posts small blind $1
manly70: posts big blind $3
*** HOLE CARDS ***
Psynto: folds
Uncalled bet ($2) returned to manly70
manly70 collected $2 from pot
*** SUMMARY ***
Total pot $2 | Rake $0
Seat 5: Psynto (button) (small blind) folded before Flop
Seat 6: manly70 (big blind) collected ($2)


PokerStars Hand #161250347821:  Hold'em Limit ($3/$6 USD) - 2016/11/11 15:08:56 ET
Table 'Arneb II' 6-max Seat #6 is the button
Seat 5: Psynto ($94.50 in chips)
Seat 6: manly70 ($157.32 in chips)
manly70: posts small blind $1
Psynto: posts big blind $3
*** HOLE CARDS ***
manly70: calls $2
Psynto: checks
*** FLOP *** [Jh 2s Qd]
Psynto: checks
manly70: bets $3
Psynto: folds
Uncalled bet ($3) returned to manly70
manly70 collected $5.88 from pot
*** SUMMARY ***
Total pot $6 | Rake $0.12
Board [Jh 2s Qd]
Seat 5: Psynto (big blind) folded on the Flop
Seat 6: manly70 (button) (small blind) collected ($5.88)


PokerStars Hand #161250388683:  Hold'em Limit ($3/$6 USD) - 2016/11/11 15:09:43 ET
Table 'Arneb II' 6-max Seat #5 is the button
Seat 5: Psynto ($102.02 in chips)
Seat 6: manly70 ($149.20 in chips)
Psynto: posts small blind $1
manly70: posts big blind $3
*** HOLE CARDS ***
Psynto: raises $3 to $6
manly70: calls $3
*** FLOP *** [4s 3s Ac]
manly70: checks
Psynto: bets $3
manly70: calls $3
*** TURN *** [4s 3s Ac] [8d]
manly70: checks
Psynto: bets $6
manly70: calls $6
*** RIVER *** [4s 3s Ac 8d] [Kh]
manly70: checks
Psynto: checks
*** SHOW DOWN ***
manly70: shows [5s Kd] (a pair of Kings)
Psynto: mucks hand
manly70 collected $29.50 from pot
*** SUMMARY ***
Total pot $30 | Rake $0.50
Board [4s 3s Ac 8d Kh]
Seat 5: Psynto (button) (small blind) mucked
Seat 6: manly70 (big blind) showed [5s Kd] and won ($29.50) with a pair of Kings


PokerStars Hand #161250417425:  Hold'em Limit ($3/$6 USD) - 2016/11/11 15:10:16 ET
Table 'Arneb II' 6-max Seat #6 is the button
Seat 5: Psynto ($87.02 in chips)
Seat 6: manly70 ($163.70 in chips)
manly70: posts small blind $1
Psynto: posts big blind $3
*** HOLE CARDS ***
manly70: calls $2
Psynto: checks
*** FLOP *** [Ks 6c Th]
Psynto: bets $3
manly70: calls $3
*** TURN *** [Ks 6c Th] [9d]
Psynto: bets $6
manly70: folds
Uncalled bet ($6) returned to Psynto
Psynto collected $11.76 from pot
Psynto: doesn't show hand
*** SUMMARY ***
Total pot $12 | Rake $0.24
Board [Ks 6c Th 9d]
Seat 5: Psynto (big blind) collected ($11.76)
Seat 6: manly70 (button) (small blind) folded on the Turn


PokerStars Hand #161250432493:  Hold'em Limit ($3/$6 USD) - 2016/11/11 15:10:33 ET
Table 'Arneb II' 6-max Seat #5 is the button
Seat 5: Psynto ($92.78 in chips)
Seat 6: manly70 ($157.70 in chips)
Psynto: posts small blind $1
manly70: posts big blind $3
*** HOLE CARDS ***
Psynto: raises $3 to $6
manly70: calls $3
*** FLOP *** [5s 9h Th]
manly70: checks
Psynto: bets $3
manly70: calls $3
*** TURN *** [5s 9h Th] [5c]
manly70: checks
Psynto: bets $6
manly70: raises $6 to $12
Psynto: calls $6
*** RIVER *** [5s 9h Th 5c] [7s]
manly70: bets $6
Psynto: calls $6
*** SHOW DOWN ***
manly70: shows [5h Ad] (three of a kind, Fives)
Psynto: mucks hand
manly70 collected $53.50 from pot
*** SUMMARY ***
Total pot $54 | Rake $0.50
Board [5s 9h Th 5c 7s]
Seat 5: Psynto (button) (small blind) mucked
Seat 6: manly70 (big blind) showed [5h Ad] and won ($53.50) with three of a kind, Fives


PokerStars Hand #161254131125:  Hold'em Limit ($3/$6 USD) - 2016/11/11 16:21:42 ET
Table 'Arneb II' 6-max Seat #6 is the button
Seat 5: Psynto ($104.29 in chips)
Seat 6: manly70 ($205.44 in chips)
manly70: posts small blind $1
Psynto: posts big blind $3
*** HOLE CARDS ***
manly70: folds
Uncalled bet ($2) returned to Psynto
Psynto collected $2 from pot
Psynto: doesn't show hand
*** SUMMARY ***
Total pot $2 | Rake $0
Seat 5: Psynto (big blind) collected ($2)
Seat 6: manly70 (button) (small blind) folded before Flop


PokerStars Hand #161254182643:  Hold'em Limit ($3/$6 USD) - 2016/11/11 16:22:41 ET
Table 'Arneb II' 6-max Seat #5 is the button
Seat 5: Psynto ($93.04 in chips)
Seat 6: manly70 ($215.71 in chips)
Psynto: posts small blind $1
manly70: posts big blind $3
*** HOLE CARDS ***
Psynto: raises $3 to $6
manly70: raises $3 to $9
Psynto: calls $3
*** FLOP *** [7d 4d 9c]
manly70: bets $3
Psynto: folds
Uncalled bet ($3) returned to manly70
manly70 collected $17.64 from pot
*** SUMMARY ***
Total pot $18 | Rake $0.36
Board [7d 4d 9c]
Seat 5: Psynto (button) (small blind) folded on the Flop
Seat 6: manly70 (big blind) collected ($17.64)


PokerStars Hand #161254137736:  Hold'em Limit ($3/$6 USD) - 2016/11/11 16:21:50 ET
Table 'Arneb II' 6-max Seat #5 is the button
Seat 5: Psynto ($105.29 in chips)
Seat 6: manly70 ($204.44 in chips)
Psynto: posts small blind $1
manly70: posts big blind $3
*** HOLE CARDS ***
Psynto: raises $3 to $6
manly70: calls $3
*** FLOP *** [4s 8s 7h]
manly70: checks
Psynto: bets $3
manly70: raises $3 to $6
Psynto: calls $3
*** TURN *** [4s 8s 7h] [5s]
manly70: bets $6
Psynto: folds
Uncalled bet ($6) returned to manly70
manly70 collected $23.52 from pot
*** SUMMARY ***
Total pot $24 | Rake $0.48
Board [4s 8s 7h 5s]
Seat 5: Psynto (button) (small blind) folded on the Turn
Seat 6: manly70 (big blind) collected ($23.52)


PokerStars Hand #161254155525:  Hold'em Limit ($3/$6 USD) - 2016/11/11 16:22:10 ET
Table 'Arneb II' 6-max Seat #6 is the button
Seat 5: Psynto ($93.29 in chips)
Seat 6: manly70 ($215.96 in chips)
manly70: posts small blind $1
Psynto: posts big blind $3
*** HOLE CARDS ***
manly70: calls $2
Psynto: checks
*** FLOP *** [6h 9h Td]
Psynto: checks
manly70: bets $3
Psynto: calls $3
*** TURN *** [6h 9h Td] [Js]
Psynto: checks
manly70: bets $6
Psynto: calls $6
*** RIVER *** [6h 9h Td Js] [7s]
Psynto: bets $6
manly70: calls $6
assitoni leaves the table
*** SHOW DOWN ***
Psynto: shows [8s 5s] (a straight, Seven to Jack)
manly70: shows [7c 8h] (a straight, Seven to Jack)
Psynto collected $17.75 from pot
manly70 collected $17.75 from pot
*** SUMMARY ***
Total pot $36 | Rake $0.50
Board [6h 9h Td Js 7s]
Seat 5: Psynto (big blind) showed [8s 5s] and won ($17.75) with a straight, Seven to Jack
Seat 6: manly70 (button) (small blind) showed [7c 8h] and won ($17.75) with a straight, Seven to Jack


