PokerStars Hand #154494598565:  Hold'em Limit ($3/$6 USD) - 2016/06/09 3:54:33 ET
Table 'Arneb' 6-max Seat #4 is the button
Seat 1: chipmover360 ($63.05 in chips)
Seat 4: Agrotait ($66 in chips)
Agrotait: posts small blind $1
chipmover360: posts big blind $3
*** HOLE CARDS ***
Agrotait: raises $3 to $6
chipmover360: raises $3 to $9
Agrotait: calls $3
*** FLOP *** [2c 6c 4h]
chipmover360: bets $3
Agrotait: calls $3
*** TURN *** [2c 6c 4h] [6d]
chipmover360: bets $6
Agrotait: folds
Uncalled bet ($6) returned to chipmover360
chipmover360 collected $23.52 from pot
chipmover360: doesn't show hand
*** SUMMARY ***
Total pot $24 | Rake $0.48
Board [2c 6c 4h 6d]
Seat 1: chipmover360 (big blind) collected ($23.52)
Seat 4: Agrotait (button) (small blind) folded on the Turn


PokerStars Hand #154494609415:  Hold'em Limit ($3/$6 USD) - 2016/06/09 3:55:09 ET
Table 'Arneb' 6-max Seat #4 is the button
Seat 1: chipmover360 ($101.07 in chips)
Seat 4: Agrotait ($72 in chips)
Agrotait: posts small blind $1
chipmover360: posts big blind $3
*** HOLE CARDS ***
Agrotait: raises $3 to $6
chipmover360: calls $3
*** FLOP *** [8h Ad Qs]
chipmover360: checks
Agrotait: bets $3
chipmover360: folds
Uncalled bet ($3) returned to Agrotait
Agrotait collected $11.76 from pot
Agrotait: doesn't show hand
*** SUMMARY ***
Total pot $12 | Rake $0.24
Board [8h Ad Qs]
Seat 1: chipmover360 (big blind) folded on the Flop
Seat 4: Agrotait (button) (small blind) collected ($11.76)


PokerStars Hand #154494603793:  Hold'em Limit ($3/$6 USD) - 2016/06/09 3:54:50 ET
Table 'Arneb' 6-max Seat #1 is the button
Seat 1: chipmover360 ($74.57 in chips)
Seat 4: Agrotait ($72 in chips)
chipmover360: posts small blind $1
Agrotait: posts big blind $3
*** HOLE CARDS ***
chipmover360: raises $3 to $6
Agrotait: raises $3 to $9
chipmover360: calls $3
*** FLOP *** [9d 6h 5h]
Agrotait: checks
chipmover360: checks
*** TURN *** [9d 6h 5h] [Kd]
Agrotait: bets $6
chipmover360: calls $6
*** RIVER *** [9d 6h 5h Kd] [Jd]
Agrotait: bets $6
chipmover360: raises $6 to $12
Agrotait: calls $6
*** SHOW DOWN ***
chipmover360: shows [5d 3d] (a flush, King high)
Agrotait: mucks hand
chipmover360 collected $53.50 from pot
*** SUMMARY ***
Total pot $54 | Rake $0.50
Board [9d 6h 5h Kd Jd]
Seat 1: chipmover360 (button) (small blind) showed [5d 3d] and won ($53.50) with a flush, King high
Seat 4: Agrotait (big blind) mucked


PokerStars Hand #154494615911:  Hold'em Limit ($3/$6 USD) - 2016/06/09 3:55:33 ET
Table 'Arneb' 6-max Seat #4 is the button
Seat 1: chipmover360 ($100.83 in chips)
Seat 4: Agrotait ($71.76 in chips)
Agrotait: posts small blind $1
chipmover360: posts big blind $3
*** HOLE CARDS ***
Agrotait: raises $3 to $6
chipmover360: raises $3 to $9
Agrotait: calls $3
*** FLOP *** [3c 9s 4s]
chipmover360: bets $3
Agrotait: calls $3
*** TURN *** [3c 9s 4s] [8d]
chipmover360: bets $6
Agrotait: raises $6 to $12
chipmover360: raises $6 to $18
Agrotait: calls $6
*** RIVER *** [3c 9s 4s 8d] [8h]
chipmover360: bets $6
Agrotait: calls $6
*** SHOW DOWN ***
chipmover360: shows [Jh Jc] (two pair, Jacks and Eights)
Agrotait: mucks hand
chipmover360 collected $71.50 from pot
*** SUMMARY ***
Total pot $72 | Rake $0.50
Board [3c 9s 4s 8d 8h]
Seat 1: chipmover360 (big blind) showed [Jh Jc] and won ($71.50) with two pair, Jacks and Eights
Seat 4: Agrotait (button) (small blind) mucked


PokerStars Hand #154494633412:  Hold'em Limit ($3/$6 USD) - 2016/06/09 3:56:16 ET
Table 'Arneb' 6-max Seat #4 is the button
Seat 1: chipmover360 ($136.15 in chips)
Seat 4: Agrotait ($71.82 in chips)
Agrotait: posts small blind $1
chipmover360: posts big blind $3
*** HOLE CARDS ***
Agrotait: raises $3 to $6
chipmover360: calls $3
*** FLOP *** [2c 8d Qc]
chipmover360: checks
Agrotait: bets $3
chipmover360: calls $3
*** TURN *** [2c 8d Qc] [Js]
chipmover360: checks
Agrotait: checks
*** RIVER *** [2c 8d Qc Js] [4d]
chipmover360: bets $6
Agrotait: calls $6
*** SHOW DOWN ***
chipmover360: shows [Qs Ts] (a pair of Queens)
Agrotait: mucks hand
chipmover360 collected $29.50 from pot
*** SUMMARY ***
Total pot $30 | Rake $0.50
Board [2c 8d Qc Js 4d]
Seat 1: chipmover360 (big blind) showed [Qs Ts] and won ($29.50) with a pair of Queens
Seat 4: Agrotait (button) (small blind) mucked


PokerStars Hand #154494622717:  Hold'em Limit ($3/$6 USD) - 2016/06/09 3:55:59 ET
Table 'Arneb' 6-max Seat #1 is the button
Seat 1: chipmover360 ($136.33 in chips)
Seat 4: Agrotait ($72 in chips)
chipmover360: posts small blind $1
Agrotait: posts big blind $3
*** HOLE CARDS ***
chipmover360: raises $3 to $6
Agrotait: calls $3
*** FLOP *** [5s 9h 7d]
Agrotait: checks
chipmover360: bets $3
Agrotait: calls $3
*** TURN *** [5s 9h 7d] [7s]
Agrotait: checks
chipmover360: checks
*** RIVER *** [5s 9h 7d 7s] [Jd]
Agrotait: checks
chipmover360: checks
*** SHOW DOWN ***
Agrotait: shows [Ks 4h] (a pair of Sevens)
chipmover360: shows [4s Kd] (a pair of Sevens)
Agrotait collected $8.82 from pot
chipmover360 collected $8.82 from pot
*** SUMMARY ***
Total pot $18 | Rake $0.36
Board [5s 9h 7d 7s Jd]
Seat 1: chipmover360 (button) (small blind) showed [4s Kd] and won ($8.82) with a pair of Sevens
Seat 4: Agrotait (big blind) showed [Ks 4h] and won ($8.82) with a pair of Sevens


PokerStars Hand #154494654719:  Hold'em Limit ($3/$6 USD) - 2016/06/09 3:57:35 ET
Table 'Arneb' 6-max Seat #1 is the button
Seat 1: chipmover360 ($192.91 in chips)
Seat 4: Agrotait ($62 in chips)
chipmover360: posts small blind $1
Agrotait: posts big blind $3
*** HOLE CARDS ***
chipmover360: raises $3 to $6
Agrotait: calls $3
*** FLOP *** [6h Jc Td]
Agrotait: checks
chipmover360: bets $3
Agrotait: raises $3 to $6
chipmover360: folds
Uncalled bet ($3) returned to Agrotait
Agrotait collected $17.64 from pot
Agrotait: doesn't show hand
*** SUMMARY ***
Total pot $18 | Rake $0.36
Board [6h Jc Td]
Seat 1: chipmover360 (button) (small blind) folded on the Flop
Seat 4: Agrotait (big blind) collected ($17.64)


PokerStars Hand #154494644311:  Hold'em Limit ($3/$6 USD) - 2016/06/09 3:56:57 ET
Table 'Arneb' 6-max Seat #4 is the button
Seat 1: chipmover360 ($183.15 in chips)
Seat 4: Agrotait ($72 in chips)
Agrotait: posts small blind $1
chipmover360: posts big blind $3
*** HOLE CARDS ***
Agrotait: folds
Uncalled bet ($2) returned to chipmover360
chipmover360 collected $2 from pot
chipmover360: doesn't show hand
*** SUMMARY ***
Total pot $2 | Rake $0
Seat 1: chipmover360 (big blind) collected ($2)
Seat 4: Agrotait (button) (small blind) folded before Flop


PokerStars Hand #154494637679:  Hold'em Limit ($3/$6 USD) - 2016/06/09 3:56:32 ET
Table 'Arneb' 6-max Seat #1 is the button
Seat 1: chipmover360 ($150.65 in chips)
Seat 4: Agrotait ($72 in chips)
chipmover360: posts small blind $1
Agrotait: posts big blind $3
*** HOLE CARDS ***
chipmover360: raises $3 to $6
Agrotait: calls $3
*** FLOP *** [6s 7c 7h]
Agrotait: checks
chipmover360: bets $3
Agrotait: calls $3
*** TURN *** [6s 7c 7h] [9h]
Agrotait: checks
chipmover360: bets $6
Agrotait: calls $6
*** RIVER *** [6s 7c 7h 9h] [Kc]
Agrotait: checks
chipmover360: bets $6
Agrotait: raises $6 to $12
chipmover360: raises $6 to $18
Agrotait: calls $6
*** SHOW DOWN ***
chipmover360: shows [3d 7d] (three of a kind, Sevens)
Agrotait: mucks hand
chipmover360 collected $65.50 from pot
*** SUMMARY ***
Total pot $66 | Rake $0.50
Board [6s 7c 7h 9h Kc]
Seat 1: chipmover360 (button) (small blind) showed [3d 7d] and won ($65.50) with three of a kind, Sevens
Seat 4: Agrotait (big blind) mucked


PokerStars Hand #154494647719:  Hold'em Limit ($3/$6 USD) - 2016/06/09 3:57:09 ET
Table 'Arneb' 6-max Seat #4 is the button
Seat 1: chipmover360 ($187.15 in chips)
Seat 4: Agrotait ($68 in chips)
Agrotait: posts small blind $1
chipmover360: posts big blind $3
*** HOLE CARDS ***
Agrotait: raises $3 to $6
chipmover360: calls $3
*** FLOP *** [9c Tc 8s]
chipmover360: checks
Agrotait: checks
*** TURN *** [9c Tc 8s] [3h]
chipmover360: checks
Agrotait: checks
*** RIVER *** [9c Tc 8s 3h] [Jc]
chipmover360: bets $6
Agrotait: folds
Uncalled bet ($6) returned to chipmover360
chipmover360 collected $11.76 from pot
chipmover360: doesn't show hand
*** SUMMARY ***
Total pot $12 | Rake $0.24
Board [9c Tc 8s 3h Jc]
Seat 1: chipmover360 (big blind) collected ($11.76)
Seat 4: Agrotait (button) (small blind) folded on the River


PokerStars Hand #154494645815:  Hold'em Limit ($3/$6 USD) - 2016/06/09 3:57:02 ET
Table 'Arneb' 6-max Seat #1 is the button
Seat 1: chipmover360 ($184.15 in chips)
Seat 4: Agrotait ($71 in chips)
chipmover360: posts small blind $1
Agrotait: posts big blind $3
*** HOLE CARDS ***
chipmover360: raises $3 to $6
Agrotait: folds
Uncalled bet ($3) returned to chipmover360
chipmover360 collected $6 from pot
chipmover360: doesn't show hand
*** SUMMARY ***
Total pot $6 | Rake $0
Seat 1: chipmover360 (button) (small blind) collected ($6)
Seat 4: Agrotait (big blind) folded before Flop


PokerStars Hand #154494671976:  Hold'em Limit ($3/$6 USD) - 2016/06/09 3:58:37 ET
Table 'Arneb' 6-max Seat #4 is the button
Seat 1: chipmover360 ($173.43 in chips)
Seat 4: Agrotait ($79.90 in chips)
Agrotait: posts small blind $1
chipmover360: posts big blind $3
*** HOLE CARDS ***
Agrotait: raises $3 to $6
chipmover360: calls $3
*** FLOP *** [9d Tc 7d]
chipmover360: checks
Agrotait: bets $3
chipmover360: calls $3
*** TURN *** [9d Tc 7d] [3d]
chipmover360: checks
Agrotait: checks
*** RIVER *** [9d Tc 7d 3d] [Jd]
chipmover360: checks
Agrotait: checks
*** SHOW DOWN ***
chipmover360: shows [4s Jc] (a pair of Jacks)
Agrotait: mucks hand
chipmover360 collected $17.64 from pot
*** SUMMARY ***
Total pot $18 | Rake $0.36
Board [9d Tc 7d 3d Jd]
Seat 1: chipmover360 (big blind) showed [4s Jc] and won ($17.64) with a pair of Jacks
Seat 4: Agrotait (button) (small blind) mucked


PokerStars Hand #154494661280:  Hold'em Limit ($3/$6 USD) - 2016/06/09 3:57:58 ET
Table 'Arneb' 6-max Seat #1 is the button
Seat 1: chipmover360 ($177.91 in chips)
Seat 4: Agrotait ($76.40 in chips)
chipmover360: posts small blind $1
Agrotait: posts big blind $3
*** HOLE CARDS ***
chipmover360: folds
Uncalled bet ($2) returned to Agrotait
Agrotait collected $2 from pot
Agrotait: doesn't show hand
*** SUMMARY ***
Total pot $2 | Rake $0
Seat 1: chipmover360 (button) (small blind) folded before Flop
Seat 4: Agrotait (big blind) collected ($2)


PokerStars Hand #154494658153:  Hold'em Limit ($3/$6 USD) - 2016/06/09 3:57:47 ET
Table 'Arneb' 6-max Seat #4 is the button
Seat 1: chipmover360 ($183.91 in chips)
Seat 4: Agrotait ($70.64 in chips)
Agrotait: posts small blind $1
chipmover360: posts big blind $3
*** HOLE CARDS ***
Agrotait: raises $3 to $6
chipmover360: calls $3
*** FLOP *** [9h Ts Ac]
chipmover360: checks
Agrotait: bets $3
chipmover360: folds
Uncalled bet ($3) returned to Agrotait
Agrotait collected $11.76 from pot
Agrotait: doesn't show hand
*** SUMMARY ***
Total pot $12 | Rake $0.24
Board [9h Ts Ac]
Seat 1: chipmover360 (big blind) folded on the Flop
Seat 4: Agrotait (button) (small blind) collected ($11.76)


PokerStars Hand #154494667673:  Hold'em Limit ($3/$6 USD) - 2016/06/09 3:58:22 ET
Table 'Arneb' 6-max Seat #1 is the button
Seat 1: chipmover360 ($188.43 in chips)
Seat 4: Agrotait ($65.40 in chips)
chipmover360: posts small blind $1
Agrotait: posts big blind $3
*** HOLE CARDS ***
chipmover360: raises $3 to $6
Agrotait: calls $3
*** FLOP *** [2d Js Jh]
Agrotait: bets $3
chipmover360: calls $3
*** TURN *** [2d Js Jh] [2h]
Agrotait: checks
chipmover360: checks
*** RIVER *** [2d Js Jh 2h] [5d]
Agrotait: bets $6
chipmover360: calls $6
*** SHOW DOWN ***
Agrotait: shows [5s Ad] (two pair, Jacks and Fives)
chipmover360: mucks hand
Agrotait collected $29.50 from pot
*** SUMMARY ***
Total pot $30 | Rake $0.50
Board [2d Js Jh 2h 5d]
Seat 1: chipmover360 (button) (small blind) mucked
Seat 4: Agrotait (big blind) showed [5s Ad] and won ($29.50) with two pair, Jacks and Fives


PokerStars Hand #154494662631:  Hold'em Limit ($3/$6 USD) - 2016/06/09 3:58:03 ET
Table 'Arneb' 6-max Seat #4 is the button
Seat 1: chipmover360 ($176.91 in chips)
Seat 4: Agrotait ($77.40 in chips)
Agrotait: posts small blind $1
chipmover360: posts big blind $3
*** HOLE CARDS ***
Agrotait: raises $3 to $6
chipmover360: calls $3
*** FLOP *** [Qs 6s 8d]
chipmover360: checks
Agrotait: bets $3
chipmover360: raises $3 to $6
Agrotait: calls $3
*** TURN *** [Qs 6s 8d] [2s]
chipmover360: bets $6
Agrotait: folds
Uncalled bet ($6) returned to chipmover360
chipmover360 collected $23.52 from pot
chipmover360: doesn't show hand
*** SUMMARY ***
Total pot $24 | Rake $0.48
Board [Qs 6s 8d 2s]
Seat 1: chipmover360 (big blind) collected ($23.52)
Seat 4: Agrotait (button) (small blind) folded on the Turn


PokerStars Hand #154494679210:  Hold'em Limit ($3/$6 USD) - 2016/06/09 3:59:04 ET
Table 'Arneb' 6-max Seat #4 is the button
Seat 1: chipmover360 ($185.07 in chips)
Seat 4: Agrotait ($67.90 in chips)
Agrotait: posts small blind $1
chipmover360: posts big blind $3
*** HOLE CARDS ***
Agrotait: folds
Uncalled bet ($2) returned to chipmover360
chipmover360 collected $2 from pot
chipmover360: doesn't show hand
*** SUMMARY ***
Total pot $2 | Rake $0
Seat 1: chipmover360 (big blind) collected ($2)
Seat 4: Agrotait (button) (small blind) folded before Flop


PokerStars Hand #154494676204:  Hold'em Limit ($3/$6 USD) - 2016/06/09 3:58:53 ET
Table 'Arneb' 6-max Seat #1 is the button
Seat 1: chipmover360 ($182.07 in chips)
Seat 4: Agrotait ($70.90 in chips)
chipmover360: posts small blind $1
Agrotait: posts big blind $3
*** HOLE CARDS ***
chipmover360: raises $3 to $6
Agrotait: folds
Uncalled bet ($3) returned to chipmover360
chipmover360 collected $6 from pot
chipmover360: doesn't show hand
*** SUMMARY ***
Total pot $6 | Rake $0
Seat 1: chipmover360 (button) (small blind) collected ($6)
Seat 4: Agrotait (big blind) folded before Flop


PokerStars Hand #154494681616:  Hold'em Limit ($3/$6 USD) - 2016/06/09 3:59:12 ET
Table 'Arneb' 6-max Seat #1 is the button
Seat 1: chipmover360 ($186.07 in chips)
Seat 4: Agrotait ($66.90 in chips)
chipmover360: posts small blind $1
Agrotait: posts big blind $3
*** HOLE CARDS ***
chipmover360: raises $3 to $6
Agrotait: calls $3
*** FLOP *** [5d 7h 2h]
Agrotait: checks
chipmover360: bets $3
Agrotait: raises $3 to $6
chipmover360: calls $3
*** TURN *** [5d 7h 2h] [Qh]
Agrotait: bets $6
chipmover360: folds
Uncalled bet ($6) returned to Agrotait
Agrotait collected $23.52 from pot
Agrotait: doesn't show hand
*** SUMMARY ***
Total pot $24 | Rake $0.48
Board [5d 7h 2h Qh]
Seat 1: chipmover360 (button) (small blind) folded on the Turn
Seat 4: Agrotait (big blind) collected ($23.52)


PokerStars Hand #154494687162:  Hold'em Limit ($3/$6 USD) - 2016/06/09 3:59:33 ET
Table 'Arneb' 6-max Seat #4 is the button
Seat 1: chipmover360 ($174.07 in chips)
Seat 4: Agrotait ($78.42 in chips)
Agrotait: posts small blind $1
chipmover360: posts big blind $3
*** HOLE CARDS ***
Agrotait: folds
Uncalled bet ($2) returned to chipmover360
chipmover360 collected $2 from pot
chipmover360: doesn't show hand
*** SUMMARY ***
Total pot $2 | Rake $0
Seat 1: chipmover360 (big blind) collected ($2)
Seat 4: Agrotait (button) (small blind) folded before Flop


PokerStars Hand #154494700190:  Hold'em Limit ($3/$6 USD) - 2016/06/09 4:00:20 ET
Table 'Arneb' 6-max Seat #1 is the button
Seat 1: chipmover360 ($192.35 in chips)
Seat 4: Agrotait ($72 in chips)
chipmover360: posts small blind $1
Agrotait: posts big blind $3
*** HOLE CARDS ***
chipmover360: raises $3 to $6
Agrotait: calls $3
*** FLOP *** [3c 9c As]
Agrotait: checks
chipmover360: bets $3
Agrotait: folds
Uncalled bet ($3) returned to chipmover360
chipmover360 collected $11.76 from pot
chipmover360: doesn't show hand
*** SUMMARY ***
Total pot $12 | Rake $0.24
Board [3c 9c As]
Seat 1: chipmover360 (button) (small blind) collected ($11.76)
Seat 4: Agrotait (big blind) folded on the Flop


PokerStars Hand #154494693043:  Hold'em Limit ($3/$6 USD) - 2016/06/09 3:59:54 ET
Table 'Arneb' 6-max Seat #4 is the button
Seat 1: chipmover360 ($180.83 in chips)
Seat 4: Agrotait ($71.42 in chips)
Agrotait: posts small blind $1
chipmover360: posts big blind $3
*** HOLE CARDS ***
Agrotait: raises $3 to $6
chipmover360: calls $3
*** FLOP *** [3s 6c Qd]
chipmover360: checks
Agrotait: bets $3
chipmover360: raises $3 to $6
Agrotait: calls $3
*** TURN *** [3s 6c Qd] [Jd]
chipmover360: bets $6
Agrotait: folds
Uncalled bet ($6) returned to chipmover360
chipmover360 collected $23.52 from pot
chipmover360: doesn't show hand
*** SUMMARY ***
Total pot $24 | Rake $0.48
Board [3s 6c Qd Jd]
Seat 1: chipmover360 (big blind) collected ($23.52)
Seat 4: Agrotait (button) (small blind) folded on the Turn


