PokerStars Hand #144687918757:  Hold'em Limit ($3/$6 USD) - 2015/12/01 19:17:25 ET
Table 'Arnica II' 2-max Seat #2 is the button
Seat 1: Schorle93 ($105.76 in chips)
Seat 2: TinaTurner72 ($133.50 in chips)
TinaTurner72: posts small blind $1
Schorle93: posts big blind $3
*** HOLE CARDS ***
TinaTurner72: raises $3 to $6
Schorle93: raises $3 to $9
TinaTurner72: calls $3
*** FLOP *** [Ks 9d 4c]
Schorle93: bets $3
TinaTurner72: calls $3
*** TURN *** [Ks 9d 4c] [3s]
Schorle93: checks
TinaTurner72: bets $6
Schorle93: calls $6
*** RIVER *** [Ks 9d 4c 3s] [3d]
Schorle93: checks
TinaTurner72: checks
*** SHOW DOWN ***
Schorle93: shows [Ac Qs] (a pair of Threes)
TinaTurner72: mucks hand
Schorle93 collected $35.50 from pot
*** SUMMARY ***
Total pot $36 | Rake $0.50
Board [Ks 9d 4c 3s 3d]
Seat 1: Schorle93 (big blind) showed [Ac Qs] and won ($35.50) with a pair of Threes
Seat 2: TinaTurner72 (button) (small blind) mucked


PokerStars Hand #144687945535:  Hold'em Limit ($3/$6 USD) - 2015/12/01 19:18:06 ET
Table 'Arnica II' 2-max Seat #2 is the button
Seat 1: Schorle93 ($99.26 in chips)
Seat 2: TinaTurner72 ($139 in chips)
TinaTurner72: posts small blind $1
Schorle93: posts big blind $3
*** HOLE CARDS ***
TinaTurner72: folds
Uncalled bet ($2) returned to Schorle93
Schorle93 collected $2 from pot
*** SUMMARY ***
Total pot $2 | Rake $0
Seat 1: Schorle93 (big blind) collected ($2)
Seat 2: TinaTurner72 (button) (small blind) folded before Flop


PokerStars Hand #144687948260:  Hold'em Limit ($3/$6 USD) - 2015/12/01 19:18:10 ET
Table 'Arnica II' 2-max Seat #1 is the button
Seat 1: Schorle93 ($100.26 in chips)
Seat 2: TinaTurner72 ($138 in chips)
Schorle93: posts small blind $1
TinaTurner72: posts big blind $3
*** HOLE CARDS ***
Schorle93: raises $3 to $6
TinaTurner72: calls $3
*** FLOP *** [Td 3s 9s]
TinaTurner72: checks
Schorle93: bets $3
TinaTurner72: folds
Uncalled bet ($3) returned to Schorle93
Schorle93 collected $11.76 from pot
Schorle93: doesn't show hand
*** SUMMARY ***
Total pot $12 | Rake $0.24
Board [Td 3s 9s]
Seat 1: Schorle93 (button) (small blind) collected ($11.76)
Seat 2: TinaTurner72 (big blind) folded on the Flop


PokerStars Hand #144687933388:  Hold'em Limit ($3/$6 USD) - 2015/12/01 19:17:47 ET
Table 'Arnica II' 2-max Seat #1 is the button
Seat 1: Schorle93 ($123.26 in chips)
Seat 2: TinaTurner72 ($115.50 in chips)
Schorle93: posts small blind $1
TinaTurner72: posts big blind $3
*** HOLE CARDS ***
Schorle93: raises $3 to $6
TinaTurner72: calls $3
*** FLOP *** [Qh Jh Qc]
TinaTurner72: checks
Schorle93: bets $3
TinaTurner72: raises $3 to $6
Schorle93: calls $3
*** TURN *** [Qh Jh Qc] [7c]
TinaTurner72: bets $6
Schorle93: calls $6
*** RIVER *** [Qh Jh Qc 7c] [4d]
TinaTurner72: bets $6
Schorle93: calls $6
*** SHOW DOWN ***
TinaTurner72: shows [Qs 5c] (three of a kind, Queens)
Schorle93: mucks hand
TinaTurner72 collected $47.50 from pot
*** SUMMARY ***
Total pot $48 | Rake $0.50
Board [Qh Jh Qc 7c 4d]
Seat 1: Schorle93 (button) (small blind) mucked
Seat 2: TinaTurner72 (big blind) showed [Qs 5c] and won ($47.50) with three of a kind, Queens


PokerStars Hand #144687960995:  Hold'em Limit ($3/$6 USD) - 2015/12/01 19:18:30 ET
Table 'Arnica II' 2-max Seat #2 is the button
Seat 1: Schorle93 ($106.02 in chips)
Seat 2: TinaTurner72 ($132 in chips)
TinaTurner72: posts small blind $1
Schorle93: posts big blind $3
*** HOLE CARDS ***
TinaTurner72: raises $3 to $6
Schorle93: calls $3
*** FLOP *** [7d 3d Tc]
Schorle93: checks
TinaTurner72: bets $3
Schorle93: raises $3 to $6
TinaTurner72: calls $3
*** TURN *** [7d 3d Tc] [5s]
Schorle93: bets $6
TinaTurner72: calls $6
*** RIVER *** [7d 3d Tc 5s] [5h]
Schorle93: bets $6
TinaTurner72: folds
Uncalled bet ($6) returned to Schorle93
Schorle93 collected $35.50 from pot
*** SUMMARY ***
Total pot $36 | Rake $0.50
Board [7d 3d Tc 5s 5h]
Seat 1: Schorle93 (big blind) collected ($35.50)
Seat 2: TinaTurner72 (button) (small blind) folded on the River


PokerStars Hand #144687987348:  Hold'em Limit ($3/$6 USD) - 2015/12/01 19:19:10 ET
Table 'Arnica II' 2-max Seat #1 is the button
Seat 1: Schorle93 ($123.52 in chips)
Seat 2: TinaTurner72 ($114 in chips)
Schorle93: posts small blind $1
TinaTurner72: posts big blind $3
*** HOLE CARDS ***
Schorle93: raises $3 to $6
TinaTurner72: calls $3
*** FLOP *** [Ks 5d 4c]
TinaTurner72: checks
Schorle93: bets $3
TinaTurner72: folds
Uncalled bet ($3) returned to Schorle93
Schorle93 collected $11.76 from pot
*** SUMMARY ***
Total pot $12 | Rake $0.24
Board [Ks 5d 4c]
Seat 1: Schorle93 (button) (small blind) collected ($11.76)
Seat 2: TinaTurner72 (big blind) folded on the Flop


PokerStars Hand #144688020252:  Hold'em Limit ($3/$6 USD) - 2015/12/01 19:20:01 ET
Table 'Arnica II' 2-max Seat #1 is the button
Seat 1: Schorle93 ($93.28 in chips)
Seat 2: TinaTurner72 ($143.50 in chips)
Schorle93: posts small blind $1
TinaTurner72: posts big blind $3
*** HOLE CARDS ***
Schorle93: raises $3 to $6
TinaTurner72: calls $3
*** FLOP *** [6c Qs Td]
TinaTurner72: checks
Schorle93: bets $3
TinaTurner72: raises $3 to $6
Schorle93: calls $3
*** TURN *** [6c Qs Td] [2h]
TinaTurner72: bets $6
Schorle93: calls $6
*** RIVER *** [6c Qs Td 2h] [3h]
TinaTurner72: bets $6
Schorle93: calls $6
*** SHOW DOWN ***
TinaTurner72: shows [Qd 5c] (a pair of Queens)
Schorle93: mucks hand
TinaTurner72 collected $47.50 from pot
*** SUMMARY ***
Total pot $48 | Rake $0.50
Board [6c Qs Td 2h 3h]
Seat 1: Schorle93 (button) (small blind) mucked
Seat 2: TinaTurner72 (big blind) showed [Qd 5c] and won ($47.50) with a pair of Queens


PokerStars Hand #144688036375:  Hold'em Limit ($3/$6 USD) - 2015/12/01 19:20:27 ET
Table 'Arnica II' 2-max Seat #2 is the button
Seat 1: Schorle93 ($69.28 in chips)
Seat 2: TinaTurner72 ($167 in chips)
TinaTurner72: posts small blind $1
Schorle93: posts big blind $3
*** HOLE CARDS ***
TinaTurner72: raises $3 to $6
Schorle93: raises $3 to $9
TinaTurner72: calls $3
*** FLOP *** [8s 5d Kd]
Schorle93: bets $3
TinaTurner72: calls $3
*** TURN *** [8s 5d Kd] [3d]
Schorle93: bets $6
TinaTurner72: calls $6
*** RIVER *** [8s 5d Kd 3d] [7d]
Schorle93: bets $6
TinaTurner72: folds
Uncalled bet ($6) returned to Schorle93
Schorle93 collected $35.50 from pot
*** SUMMARY ***
Total pot $36 | Rake $0.50
Board [8s 5d Kd 3d 7d]
Seat 1: Schorle93 (big blind) collected ($35.50)
Seat 2: TinaTurner72 (button) (small blind) folded on the River


PokerStars Hand #144688002189:  Hold'em Limit ($3/$6 USD) - 2015/12/01 19:19:33 ET
Table 'Arnica II' 2-max Seat #2 is the button
Seat 1: Schorle93 ($129.28 in chips)
Seat 2: TinaTurner72 ($108 in chips)
TinaTurner72: posts small blind $1
Schorle93: posts big blind $3
*** HOLE CARDS ***
TinaTurner72: raises $3 to $6
Schorle93: raises $3 to $9
TinaTurner72: calls $3
*** FLOP *** [2c 8d 6c]
Schorle93: bets $3
TinaTurner72: calls $3
*** TURN *** [2c 8d 6c] [4s]
Schorle93: bets $6
TinaTurner72: raises $6 to $12
Schorle93: raises $6 to $18
TinaTurner72: calls $6
*** RIVER *** [2c 8d 6c 4s] [Qc]
Schorle93: checks
TinaTurner72: bets $6
Schorle93: calls $6
*** SHOW DOWN ***
TinaTurner72: shows [6h 8c] (two pair, Eights and Sixes)
Schorle93: mucks hand
TinaTurner72 collected $71.50 from pot
*** SUMMARY ***
Total pot $72 | Rake $0.50
Board [2c 8d 6c 4s Qc]
Seat 1: Schorle93 (big blind) mucked
Seat 2: TinaTurner72 (button) (small blind) showed [6h 8c] and won ($71.50) with two pair, Eights and Sixes


PokerStars Hand #144688055653:  Hold'em Limit ($3/$6 USD) - 2015/12/01 19:20:57 ET
Table 'Arnica II' 2-max Seat #1 is the button
Seat 1: Schorle93 ($118.72 in chips)
Seat 2: TinaTurner72 ($149 in chips)
Schorle93: posts small blind $1
TinaTurner72: posts big blind $3
*** HOLE CARDS ***
Schorle93: raises $3 to $6
TinaTurner72: calls $3
*** FLOP *** [9d 5d 7h]
TinaTurner72: checks
Schorle93: bets $3
TinaTurner72: folds
Uncalled bet ($3) returned to Schorle93
Schorle93 collected $11.76 from pot
*** SUMMARY ***
Total pot $12 | Rake $0.24
Board [9d 5d 7h]
Seat 1: Schorle93 (button) (small blind) collected ($11.76)
Seat 2: TinaTurner72 (big blind) folded on the Flop


PokerStars Hand #144688065536:  Hold'em Limit ($3/$6 USD) - 2015/12/01 19:21:12 ET
Table 'Arnica II' 2-max Seat #2 is the button
Seat 1: Schorle93 ($124.48 in chips)
Seat 2: TinaTurner72 ($143 in chips)
TinaTurner72: posts small blind $1
Schorle93: posts big blind $3
*** HOLE CARDS ***
TinaTurner72: raises $3 to $6
Schorle93: raises $3 to $9
TinaTurner72: calls $3
*** FLOP *** [Td 2c Qh]
Schorle93: bets $3
TinaTurner72: calls $3
*** TURN *** [Td 2c Qh] [6h]
Schorle93: bets $6
TinaTurner72: raises $6 to $12
Schorle93: calls $6
*** RIVER *** [Td 2c Qh 6h] [6c]
Schorle93: checks
TinaTurner72: bets $6
Schorle93: calls $6
*** SHOW DOWN ***
TinaTurner72: shows [Qs 4c] (two pair, Queens and Sixes)
Schorle93: mucks hand
TinaTurner72 collected $59.50 from pot
*** SUMMARY ***
Total pot $60 | Rake $0.50
Board [Td 2c Qh 6h 6c]
Seat 1: Schorle93 (big blind) mucked
Seat 2: TinaTurner72 (button) (small blind) showed [Qs 4c] and won ($59.50) with two pair, Queens and Sixes


