PokerStars Hand #151834581332:  Hold'em Limit ($3/$6 USD) - 2016/04/12 19:04:12 ET
Table 'Arosa II' 6-max Seat #4 is the button
Seat 4: AzureCaper ($92.14 in chips)
Seat 6: stiflerkk ($14.46 in chips)
AzureCaper: posts small blind $1
stiflerkk: posts big blind $3
*** HOLE CARDS ***
AzureCaper: raises $3 to $6
stiflerkk: calls $3
*** FLOP *** [Qc 6c Jd]
stiflerkk: checks
AzureCaper: bets $3
stiflerkk: folds
Uncalled bet ($3) returned to AzureCaper
AzureCaper collected $11.76 from pot
AzureCaper: doesn't show hand
*** SUMMARY ***
Total pot $12 | Rake $0.24
Board [Qc 6c Jd]
Seat 4: AzureCaper (button) (small blind) collected ($11.76)
Seat 6: stiflerkk (big blind) folded on the Flop


PokerStars Hand #151834577668:  Hold'em Limit ($3/$6 USD) - 2016/04/12 19:04:06 ET
Table 'Arosa II' 6-max Seat #6 is the button
Seat 4: AzureCaper ($91.14 in chips)
Seat 6: stiflerkk ($15.46 in chips)
stiflerkk: posts small blind $1
AzureCaper: posts big blind $3
*** HOLE CARDS ***
stiflerkk: folds
Uncalled bet ($2) returned to AzureCaper
AzureCaper collected $2 from pot
AzureCaper: doesn't show hand
*** SUMMARY ***
Total pot $2 | Rake $0
Seat 4: AzureCaper (big blind) collected ($2)
Seat 6: stiflerkk (button) (small blind) folded before Flop


PokerStars Hand #151834573012:  Hold'em Limit ($3/$6 USD) - 2016/04/12 19:03:59 ET
Table 'Arosa II' 6-max Seat #4 is the button
Seat 4: AzureCaper ($92.14 in chips)
Seat 6: stiflerkk ($14.46 in chips)
AzureCaper: posts small blind $1
stiflerkk: posts big blind $3
*** HOLE CARDS ***
AzureCaper: folds
Uncalled bet ($2) returned to stiflerkk
stiflerkk collected $2 from pot
stiflerkk: doesn't show hand
*** SUMMARY ***
Total pot $2 | Rake $0
Seat 4: AzureCaper (button) (small blind) folded before Flop
Seat 6: stiflerkk (big blind) collected ($2)


PokerStars Hand #151834569419:  Hold'em Limit ($3/$6 USD) - 2016/04/12 19:03:54 ET
Table 'Arosa II' 6-max Seat #6 is the button
Seat 4: AzureCaper ($95.14 in chips)
Seat 6: stiflerkk ($11.46 in chips)
stiflerkk: posts small blind $1
AzureCaper: posts big blind $3
*** HOLE CARDS ***
stiflerkk: raises $3 to $6
AzureCaper: folds
Uncalled bet ($3) returned to stiflerkk
stiflerkk collected $6 from pot
stiflerkk: doesn't show hand
*** SUMMARY ***
Total pot $6 | Rake $0
Seat 4: AzureCaper (big blind) folded before Flop
Seat 6: stiflerkk (button) (small blind) collected ($6)


PokerStars Hand #151834559281:  Hold'em Limit ($3/$6 USD) - 2016/04/12 19:03:38 ET
Table 'Arosa II' 6-max Seat #4 is the button
Seat 4: AzureCaper ($86.50 in chips)
Seat 6: stiflerkk ($20.46 in chips)
AzureCaper: posts small blind $1
stiflerkk: posts big blind $3
*** HOLE CARDS ***
AzureCaper: raises $3 to $6
stiflerkk: calls $3
*** FLOP *** [8s Qs 3d]
stiflerkk: checks
AzureCaper: bets $3
stiflerkk: calls $3
*** TURN *** [8s Qs 3d] [Jd]
stiflerkk: checks
AzureCaper: bets $6
stiflerkk: folds
Uncalled bet ($6) returned to AzureCaper
AzureCaper collected $17.64 from pot
AzureCaper: doesn't show hand
*** SUMMARY ***
Total pot $18 | Rake $0.36
Board [8s Qs 3d Jd]
Seat 4: AzureCaper (button) (small blind) collected ($17.64)
Seat 6: stiflerkk (big blind) folded on the Turn


PokerStars Hand #151834546979:  Hold'em Limit ($3/$6 USD) - 2016/04/12 19:03:19 ET
Table 'Arosa II' 6-max Seat #6 is the button
Seat 4: AzureCaper ($72 in chips)
Seat 6: stiflerkk ($35.46 in chips)
stiflerkk: posts small blind $1
AzureCaper: posts big blind $3
*** HOLE CARDS ***
stiflerkk: raises $3 to $6
AzureCaper: calls $3
*** FLOP *** [Kd Ah 3s]
AzureCaper: checks
stiflerkk: bets $3
AzureCaper: calls $3
*** TURN *** [Kd Ah 3s] [Ac]
AzureCaper: checks
stiflerkk: bets $6
AzureCaper: calls $6
*** RIVER *** [Kd Ah 3s Ac] [Ks]
AzureCaper: checks
stiflerkk: checks
*** SHOW DOWN ***
AzureCaper: shows [Qh Jh] (two pair, Aces and Kings)
stiflerkk: mucks hand
AzureCaper collected $29.50 from pot
*** SUMMARY ***
Total pot $30 | Rake $0.50
Board [Kd Ah 3s Ac Ks]
Seat 4: AzureCaper (big blind) showed [Qh Jh] and won ($29.50) with two pair, Aces and Kings
Seat 6: stiflerkk (button) (small blind) mucked


PokerStars Hand #151834618862:  Hold'em Limit ($3/$6 USD) - 2016/04/12 19:05:10 ET
Table 'Arosa II' 6-max Seat #4 is the button
Seat 4: AzureCaper ($84.62 in chips)
Seat 6: stiflerkk ($20.74 in chips)
AzureCaper: posts small blind $1
stiflerkk: posts big blind $3
*** HOLE CARDS ***
AzureCaper: raises $3 to $6
stiflerkk: calls $3
*** FLOP *** [Kh 6h 4c]
stiflerkk: checks
AzureCaper: bets $3
stiflerkk: raises $3 to $6
AzureCaper: folds
Uncalled bet ($3) returned to stiflerkk
stiflerkk collected $17.64 from pot
stiflerkk: doesn't show hand
*** SUMMARY ***
Total pot $18 | Rake $0.36
Board [Kh 6h 4c]
Seat 4: AzureCaper (button) (small blind) folded on the Flop
Seat 6: stiflerkk (big blind) collected ($17.64)


PokerStars Hand #151834615125:  Hold'em Limit ($3/$6 USD) - 2016/04/12 19:05:04 ET
Table 'Arosa II' 6-max Seat #6 is the button
Seat 4: AzureCaper ($83.62 in chips)
Seat 6: stiflerkk ($21.74 in chips)
stiflerkk: posts small blind $1
AzureCaper: posts big blind $3
*** HOLE CARDS ***
stiflerkk: folds
Uncalled bet ($2) returned to AzureCaper
AzureCaper collected $2 from pot
AzureCaper: doesn't show hand
*** SUMMARY ***
Total pot $2 | Rake $0
Seat 4: AzureCaper (big blind) collected ($2)
Seat 6: stiflerkk (button) (small blind) folded before Flop


PokerStars Hand #151834612328:  Hold'em Limit ($3/$6 USD) - 2016/04/12 19:05:00 ET
Table 'Arosa II' 6-max Seat #4 is the button
Seat 4: AzureCaper ($84.62 in chips)
Seat 6: stiflerkk ($20.74 in chips)
AzureCaper: posts small blind $1
stiflerkk: posts big blind $3
*** HOLE CARDS ***
AzureCaper: folds
Uncalled bet ($2) returned to stiflerkk
stiflerkk collected $2 from pot
stiflerkk: doesn't show hand
*** SUMMARY ***
Total pot $2 | Rake $0
Seat 4: AzureCaper (button) (small blind) folded before Flop
Seat 6: stiflerkk (big blind) collected ($2)


PokerStars Hand #151834600618:  Hold'em Limit ($3/$6 USD) - 2016/04/12 19:04:42 ET
Table 'Arosa II' 6-max Seat #6 is the button
Seat 4: AzureCaper ($95.20 in chips)
Seat 6: stiflerkk ($10.58 in chips)
stiflerkk: posts small blind $1
AzureCaper: posts big blind $3
*** HOLE CARDS ***
stiflerkk: raises $3 to $6
AzureCaper: calls $3
*** FLOP *** [Td 5c 2c]
AzureCaper: checks
stiflerkk: bets $3
AzureCaper: raises $3 to $6
stiflerkk: calls $1.58 and is all-in
Uncalled bet ($1.42) returned to AzureCaper
*** TURN *** [Td 5c 2c] [Qh]
*** RIVER *** [Td 5c 2c Qh] [Jh]
*** SHOW DOWN ***
AzureCaper: shows [2h As] (a pair of Deuces)
stiflerkk: shows [Qs 7c] (a pair of Queens)
stiflerkk collected $20.74 from pot
*** SUMMARY ***
Total pot $21.16 | Rake $0.42
Board [Td 5c 2c Qh Jh]
Seat 4: AzureCaper (big blind) showed [2h As] and lost with a pair of Deuces
Seat 6: stiflerkk (button) (small blind) showed [Qs 7c] and won ($20.74) with a pair of Queens


PokerStars Hand #151834595334:  Hold'em Limit ($3/$6 USD) - 2016/04/12 19:04:34 ET
Table 'Arosa II' 6-max Seat #4 is the button
Seat 4: AzureCaper ($89.44 in chips)
Seat 6: stiflerkk ($16.58 in chips)
AzureCaper: posts small blind $1
stiflerkk: posts big blind $3
*** HOLE CARDS ***
AzureCaper: raises $3 to $6
stiflerkk: calls $3
*** FLOP *** [Qc Jd Th]
stiflerkk: checks
AzureCaper: bets $3
stiflerkk: folds
Uncalled bet ($3) returned to AzureCaper
AzureCaper collected $11.76 from pot
AzureCaper: doesn't show hand
*** SUMMARY ***
Total pot $12 | Rake $0.24
Board [Qc Jd Th]
Seat 4: AzureCaper (button) (small blind) collected ($11.76)
Seat 6: stiflerkk (big blind) folded on the Flop


PokerStars Hand #151834586559:  Hold'em Limit ($3/$6 USD) - 2016/04/12 19:04:20 ET
Table 'Arosa II' 6-max Seat #6 is the button
Seat 4: AzureCaper ($97.90 in chips)
Seat 6: stiflerkk ($8.46 in chips)
stiflerkk: posts small blind $1
AzureCaper: posts big blind $3
*** HOLE CARDS ***
stiflerkk: raises $3 to $6
AzureCaper: calls $3
*** FLOP *** [Td 7c Jc]
AzureCaper: checks
stiflerkk: bets $2.46 and is all-in
AzureCaper: calls $2.46
*** TURN *** [Td 7c Jc] [5h]
*** RIVER *** [Td 7c Jc 5h] [2h]
*** SHOW DOWN ***
AzureCaper: shows [Qh 9c] (high card Queen)
stiflerkk: shows [Kh 4d] (high card King)
stiflerkk collected $16.58 from pot
*** SUMMARY ***
Total pot $16.92 | Rake $0.34
Board [Td 7c Jc 5h 2h]
Seat 4: AzureCaper (big blind) showed [Qh 9c] and lost with high card Queen
Seat 6: stiflerkk (button) (small blind) showed [Kh 4d] and won ($16.58) with high card King


PokerStars Hand #151834640993:  Hold'em Limit ($3/$6 USD) - 2016/04/12 19:05:45 ET
Table 'Arosa II' 6-max Seat #4 is the button
Seat 4: AzureCaper ($72.62 in chips)
Seat 6: stiflerkk ($32.26 in chips)
AzureCaper: posts small blind $1
stiflerkk: posts big blind $3
*** HOLE CARDS ***
AzureCaper: raises $3 to $6
stiflerkk: calls $3
*** FLOP *** [Ac 3s Ah]
stiflerkk: bets $3
AzureCaper: raises $3 to $6
stiflerkk: calls $3
*** TURN *** [Ac 3s Ah] [4s]
stiflerkk: checks
AzureCaper: bets $6
stiflerkk: folds
Uncalled bet ($6) returned to AzureCaper
AzureCaper collected $23.52 from pot
AzureCaper: doesn't show hand
*** SUMMARY ***
Total pot $24 | Rake $0.48
Board [Ac 3s Ah 4s]
Seat 4: AzureCaper (button) (small blind) collected ($23.52)
Seat 6: stiflerkk (big blind) folded on the Turn


PokerStars Hand #151834631498:  Hold'em Limit ($3/$6 USD) - 2016/04/12 19:05:30 ET
Table 'Arosa II' 6-max Seat #6 is the button
Seat 4: AzureCaper ($75.62 in chips)
Seat 6: stiflerkk ($29.38 in chips)
stiflerkk: posts small blind $1
AzureCaper: posts big blind $3
*** HOLE CARDS ***
stiflerkk: calls $2
AzureCaper: checks
*** FLOP *** [6s As Ks]
AzureCaper: checks
stiflerkk: bets $3
AzureCaper: folds
Uncalled bet ($3) returned to stiflerkk
stiflerkk collected $5.88 from pot
stiflerkk: doesn't show hand
*** SUMMARY ***
Total pot $6 | Rake $0.12
Board [6s As Ks]
Seat 4: AzureCaper (big blind) folded on the Flop
Seat 6: stiflerkk (button) (small blind) collected ($5.88)


PokerStars Hand #151834705490:  Hold'em Limit ($3/$6 USD) - 2016/04/12 19:07:24 ET
Table 'Arosa II' 6-max Seat #4 is the button
Seat 4: AzureCaper ($83.52 in chips)
Seat 6: stiflerkk ($31.52 in chips)
MissEKAmouse joins the table at seat #1
AzureCaper: posts small blind $1
stiflerkk: posts big blind $3
*** HOLE CARDS ***
AzureCaper: folds
Uncalled bet ($2) returned to stiflerkk
stiflerkk collected $2 from pot
stiflerkk: doesn't show hand
*** SUMMARY ***
Total pot $2 | Rake $0
Seat 4: AzureCaper (button) (small blind) folded before Flop
Seat 6: stiflerkk (big blind) collected ($2)


PokerStars Hand #151834687802:  Hold'em Limit ($3/$6 USD) - 2016/04/12 19:06:57 ET
Table 'Arosa II' 6-max Seat #6 is the button
Seat 4: AzureCaper ($72 in chips)
Seat 6: stiflerkk ($43.52 in chips)
stiflerkk: posts small blind $1
AzureCaper: posts big blind $3
*** HOLE CARDS ***
stiflerkk: calls $2
AzureCaper: checks
*** FLOP *** [Ts Tc 9s]
AzureCaper: checks
stiflerkk: bets $3
AzureCaper: calls $3
*** TURN *** [Ts Tc 9s] [9d]
AzureCaper: checks
stiflerkk: checks
*** RIVER *** [Ts Tc 9s 9d] [2h]
AzureCaper: checks
stiflerkk: bets $6
AzureCaper: calls $6
*** SHOW DOWN ***
stiflerkk: shows [6s 7d] (two pair, Tens and Nines)
AzureCaper: shows [Kd Jc] (two pair, Tens and Nines - King kicker)
AzureCaper collected $23.52 from pot
*** SUMMARY ***
Total pot $24 | Rake $0.48
Board [Ts Tc 9s 9d 2h]
Seat 4: AzureCaper (big blind) showed [Kd Jc] and won ($23.52) with two pair, Tens and Nines
Seat 6: stiflerkk (button) (small blind) showed [6s 7d] and lost with two pair, Tens and Nines


PokerStars Hand #151834666273:  Hold'em Limit ($3/$6 USD) - 2016/04/12 19:06:24 ET
Table 'Arosa II' 6-max Seat #6 is the button
Seat 4: AzureCaper ($84.14 in chips)
Seat 6: stiflerkk ($20.26 in chips)
stiflerkk: posts small blind $1
AzureCaper: posts big blind $3
*** HOLE CARDS ***
stiflerkk: raises $3 to $6
AzureCaper: calls $3
*** FLOP *** [5c 6c Kc]
AzureCaper: checks
stiflerkk: bets $3
AzureCaper: folds
Uncalled bet ($3) returned to stiflerkk
stiflerkk collected $11.76 from pot
stiflerkk: doesn't show hand
*** SUMMARY ***
Total pot $12 | Rake $0.24
Board [5c 6c Kc]
Seat 4: AzureCaper (big blind) folded on the Flop
Seat 6: stiflerkk (button) (small blind) collected ($11.76)


PokerStars Hand #151834673326:  Hold'em Limit ($3/$6 USD) - 2016/04/12 19:06:35 ET
Table 'Arosa II' 6-max Seat #4 is the button
Seat 4: AzureCaper ($78.14 in chips)
Seat 6: stiflerkk ($26.02 in chips)
AzureCaper: posts small blind $1
stiflerkk: posts big blind $3
*** HOLE CARDS ***
AzureCaper: raises $3 to $6
stiflerkk: calls $3
*** FLOP *** [Ts Jc 2s]
stiflerkk: checks
AzureCaper: bets $3
stiflerkk: raises $3 to $6
AzureCaper: calls $3
*** TURN *** [Ts Jc 2s] [3c]
stiflerkk: bets $6
AzureCaper: calls $6
*** RIVER *** [Ts Jc 2s 3c] [9d]
stiflerkk: bets $6
AzureCaper: folds
Uncalled bet ($6) returned to stiflerkk
stiflerkk collected $35.50 from pot
stiflerkk: doesn't show hand
*** SUMMARY ***
Total pot $36 | Rake $0.50
Board [Ts Jc 2s 3c 9d]
Seat 4: AzureCaper (button) (small blind) folded on the River
Seat 6: stiflerkk (big blind) collected ($35.50)


