PokerStars Hand #161232606376:  Hold'em Limit ($3/$6 USD) - 2016/11/11 8:22:34 ET
Table 'Arosa II' 6-max Seat #4 is the button
Seat 3: TinaTurner72 ($108 in chips)
Seat 4: Bassie830 ($131.52 in chips)
Bassie830: posts small blind $1
TinaTurner72: posts big blind $3
*** HOLE CARDS ***
Bassie830: calls $2
TinaTurner72: checks
*** FLOP *** [As Qs 9d]
TinaTurner72: checks
Bassie830: bets $3
TinaTurner72: folds
Uncalled bet ($3) returned to Bassie830
Bassie830 collected $5.88 from pot
Bassie830: doesn't show hand
*** SUMMARY ***
Total pot $6 | Rake $0.12
Board [As Qs 9d]
Seat 3: TinaTurner72 (big blind) folded on the Flop
Seat 4: Bassie830 (button) (small blind) collected ($5.88)


PokerStars Hand #161232611777:  Hold'em Limit ($3/$6 USD) - 2016/11/11 8:22:43 ET
Table 'Arosa II' 6-max Seat #3 is the button
Seat 3: TinaTurner72 ($105 in chips)
Seat 4: Bassie830 ($134.40 in chips)
TinaTurner72: posts small blind $1
Bassie830: posts big blind $3
*** HOLE CARDS ***
TinaTurner72: raises $3 to $6
Bassie830: folds
Uncalled bet ($3) returned to TinaTurner72
TinaTurner72 collected $6 from pot
TinaTurner72: doesn't show hand
*** SUMMARY ***
Total pot $6 | Rake $0
Seat 3: TinaTurner72 (button) (small blind) collected ($6)
Seat 4: Bassie830 (big blind) folded before Flop


PokerStars Hand #161232615809:  Hold'em Limit ($3/$6 USD) - 2016/11/11 8:22:50 ET
Table 'Arosa II' 6-max Seat #4 is the button
Seat 3: TinaTurner72 ($108 in chips)
Seat 4: Bassie830 ($131.40 in chips)
Bassie830: posts small blind $1
TinaTurner72: posts big blind $3
*** HOLE CARDS ***
Bassie830: raises $3 to $6
TinaTurner72: calls $3
*** FLOP *** [8c 5c 2c]
TinaTurner72: checks
Bassie830: bets $3
TinaTurner72: folds
Uncalled bet ($3) returned to Bassie830
Bassie830 collected $11.76 from pot
Bassie830: doesn't show hand
*** SUMMARY ***
Total pot $12 | Rake $0.24
Board [8c 5c 2c]
Seat 3: TinaTurner72 (big blind) folded on the Flop
Seat 4: Bassie830 (button) (small blind) collected ($11.76)


PokerStars Hand #161232597429:  Hold'em Limit ($3/$6 USD) - 2016/11/11 8:22:18 ET
Table 'Arosa II' 6-max Seat #3 is the button
Seat 3: TinaTurner72 ($120 in chips)
Seat 4: Bassie830 ($120 in chips)
TinaTurner72: posts small blind $1
Bassie830: posts big blind $3
*** HOLE CARDS ***
TinaTurner72: raises $3 to $6
Bassie830: calls $3
*** FLOP *** [Kd 5h As]
Bassie830: checks
TinaTurner72: bets $3
Bassie830: raises $3 to $6
TinaTurner72: calls $3
*** TURN *** [Kd 5h As] [6c]
Bassie830: bets $6
TinaTurner72: folds
Uncalled bet ($6) returned to Bassie830
Bassie830 collected $23.52 from pot
Bassie830: doesn't show hand
*** SUMMARY ***
Total pot $24 | Rake $0.48
Board [Kd 5h As 6c]
Seat 3: TinaTurner72 (button) (small blind) folded on the Turn
Seat 4: Bassie830 (big blind) collected ($23.52)


PokerStars Hand #161237065659:  Hold'em Limit ($3/$6 USD) - 2016/11/11 10:22:40 ET
Table 'Arosa II' 6-max Seat #2 is the button
Seat 1: FUN234 ($214.27 in chips)
Seat 2: kolaz03 ($84.04 in chips)
kolaz03: posts small blind $1
ABATAPP: is sitting out
FUN234: posts big blind $3
*** HOLE CARDS ***
kolaz03: raises $3 to $6
FUN234: calls $3
*** FLOP *** [5s 3c 2s]
FUN234: checks
kolaz03: bets $3
ABATAPP leaves the table
FUN234: folds
Uncalled bet ($3) returned to kolaz03
kolaz03 collected $11.76 from pot
kolaz03: doesn't show hand
*** SUMMARY ***
Total pot $12 | Rake $0.24
Board [5s 3c 2s]
Seat 1: FUN234 (big blind) folded on the Flop
Seat 2: kolaz03 (button) (small blind) collected ($11.76)


