PokerStars Hand #174293094782:  Hold'em Limit ($3/$6 USD) - 2017/08/13 15:18:40 ET
Table 'Arosa' 6-max Seat #6 is the button
Seat 2: DECAlpha ($240.47 in chips)
Seat 6: Carl1891 ($63.20 in chips)
Carl1891: posts small blind $1
DECAlpha: posts big blind $3
*** HOLE CARDS ***
Carl1891: folds
Uncalled bet ($2) returned to DECAlpha
DECAlpha collected $2 from pot
DECAlpha: doesn't show hand
*** SUMMARY ***
Total pot $2 | Rake $0
Seat 2: DECAlpha (big blind) collected ($2)
Seat 6: Carl1891 (button) (small blind) folded before Flop


PokerStars Hand #174293077490:  Hold'em Limit ($3/$6 USD) - 2017/08/13 15:18:20 ET
Table 'Arosa' 6-max Seat #2 is the button
Seat 2: DECAlpha ($249.47 in chips)
Seat 6: Carl1891 ($54.56 in chips)
DECAlpha: posts small blind $1
vestimokrec leaves the table
Carl1891: posts big blind $3
*** HOLE CARDS ***
DECAlpha: raises $3 to $6
Carl1891: calls $3
*** FLOP *** [2c 4d 9d]
Carl1891: checks
DECAlpha: bets $3
Carl1891: calls $3
*** TURN *** [2c 4d 9d] [7c]
FeelinGuilty joins the table at seat #3
Carl1891: checks
DECAlpha: checks
*** RIVER *** [2c 4d 9d 7c] [2s]
Carl1891: checks
vestimokrec joins the table at seat #4
DECAlpha: checks
*** SHOW DOWN ***
Carl1891: shows [Ad 5s] (a pair of Deuces)
DECAlpha: mucks hand
Carl1891 collected $17.64 from pot
*** SUMMARY ***
Total pot $18 | Rake $0.36
Board [2c 4d 9d 7c 2s]
Seat 2: DECAlpha (button) (small blind) mucked
Seat 6: Carl1891 (big blind) showed [Ad 5s] and won ($17.64) with a pair of Deuces


PokerStars Hand #174293073083:  Hold'em Limit ($3/$6 USD) - 2017/08/13 15:18:16 ET
Table 'Arosa' 6-max Seat #6 is the button
Seat 2: DECAlpha ($248.47 in chips)
Seat 6: Carl1891 ($55.56 in chips)
Carl1891: posts small blind $1
masterblstr8: is sitting out
DECAlpha: posts big blind $3
*** HOLE CARDS ***
Carl1891: folds
Uncalled bet ($2) returned to DECAlpha
DECAlpha collected $2 from pot
DECAlpha: doesn't show hand
*** SUMMARY ***
Total pot $2 | Rake $0
Seat 2: DECAlpha (big blind) collected ($2)
Seat 6: Carl1891 (button) (small blind) folded before Flop


PokerStars Hand #174294335649:  Hold'em Limit ($3/$6 USD) - 2017/08/13 15:42:03 ET
Table 'Arosa' 6-max Seat #6 is the button
Seat 4: vestimokrec ($177.85 in chips)
Seat 6: Carl1891 ($90.59 in chips)
Carl1891: posts small blind $1
vestimokrec: posts big blind $3
*** HOLE CARDS ***
Carl1891: folds
Uncalled bet ($2) returned to vestimokrec
FeelinGuilty leaves the table
vestimokrec collected $2 from pot
vestimokrec: doesn't show hand
*** SUMMARY ***
Total pot $2 | Rake $0
Seat 4: vestimokrec (big blind) collected ($2)
Seat 6: Carl1891 (button) (small blind) folded before Flop


PokerStars Hand #174294340138:  Hold'em Limit ($3/$6 USD) - 2017/08/13 15:42:09 ET
Table 'Arosa' 6-max Seat #4 is the button
Seat 4: vestimokrec ($178.85 in chips)
Seat 6: Carl1891 ($89.59 in chips)
vestimokrec: posts small blind $1
Carl1891: posts big blind $3
*** HOLE CARDS ***
vestimokrec: raises $3 to $6
Carl1891: raises $3 to $9
vestimokrec: calls $3
*** FLOP *** [Td 7d 6s]
Carl1891: bets $3
yamaxerm joins the table at seat #3
vestimokrec: calls $3
*** TURN *** [Td 7d 6s] [Th]
Carl1891: bets $6
vestimokrec: folds
Uncalled bet ($6) returned to Carl1891
Carl1891 collected $23.52 from pot
Carl1891: doesn't show hand
*** SUMMARY ***
Total pot $24 | Rake $0.48
Board [Td 7d 6s Th]
Seat 4: vestimokrec (button) (small blind) folded on the Turn
Seat 6: Carl1891 (big blind) collected ($23.52)


PokerStars Hand #174294394006:  Hold'em Limit ($3/$6 USD) - 2017/08/13 15:43:10 ET
Table 'Arosa' 6-max Seat #3 is the button
Seat 3: yamaxerm ($117 in chips)
Seat 6: Carl1891 ($89.11 in chips)
UNABELIEVE will be allowed to play after the button
yamaxerm: posts small blind $1
vestimokrec: is sitting out
Carl1891: posts big blind $3
*** HOLE CARDS ***
vestimokrec leaves the table
yamaxerm: folds
Uncalled bet ($2) returned to Carl1891
Carl1891 collected $2 from pot
Carl1891: doesn't show hand
*** SUMMARY ***
Total pot $2 | Rake $0
Seat 3: yamaxerm (button) (small blind) folded before Flop
Seat 6: Carl1891 (big blind) collected ($2)


