PokerStars Hand #164001198081:  Hold'em Limit ($3/$6 USD) - 2017/01/03 21:35:43 ET
Table 'Arpola' 6-max Seat #6 is the button
Seat 5: Brama Br ($120 in chips)
Seat 6: Scheubi88 ($120 in chips)
Scheubi88: posts small blind $1
Brama Br: posts big blind $3
*** HOLE CARDS ***
Scheubi88: raises $3 to $6
Brama Br: calls $3
*** FLOP *** [2d 7c 6c]
Brama Br: checks
Scheubi88: bets $3
Brama Br: calls $3
*** TURN *** [2d 7c 6c] [4s]
Brama Br: checks
Scheubi88: checks
*** RIVER *** [2d 7c 6c 4s] [3s]
Brama Br: checks
sismos404 joins the table at seat #3
Scheubi88: checks
*** SHOW DOWN ***
Brama Br: shows [Kh 9d] (high card King)
Scheubi88: shows [4d Ad] (a pair of Fours)
Scheubi88 collected $17.64 from pot
*** SUMMARY ***
Total pot $18 | Rake $0.36
Board [2d 7c 6c 4s 3s]
Seat 5: Brama Br (big blind) showed [Kh 9d] and lost with high card King
Seat 6: Scheubi88 (button) (small blind) showed [4d Ad] and won ($17.64) with a pair of Fours


PokerStars Hand #164001215152:  Hold'em Limit ($3/$6 USD) - 2017/01/03 21:36:19 ET
Table 'Arpola' 6-max Seat #5 is the button
Seat 5: Brama Br ($111 in chips)
Seat 6: Scheubi88 ($128.64 in chips)
Brama Br: posts small blind $1
Scheubi88: posts big blind $3
*** HOLE CARDS ***
Brama Br: raises $3 to $6
Scheubi88: calls $3
*** FLOP *** [8s Qd 6c]
Scheubi88: checks
Brama Br: bets $3
Scheubi88: calls $3
*** TURN *** [8s Qd 6c] [5c]
Scheubi88: checks
Brama Br: bets $6
Scheubi88: calls $6
*** RIVER *** [8s Qd 6c 5c] [3s]
Scheubi88: checks
Brama Br: bets $6
Scheubi88: calls $6
*** SHOW DOWN ***
Brama Br: shows [3c Tc] (a pair of Threes)
Scheubi88: shows [8d Jh] (a pair of Eights)
Scheubi88 collected $41.50 from pot
*** SUMMARY ***
Total pot $42 | Rake $0.50
Board [8s Qd 6c 5c 3s]
Seat 5: Brama Br (button) (small blind) showed [3c Tc] and lost with a pair of Threes
Seat 6: Scheubi88 (big blind) showed [8d Jh] and won ($41.50) with a pair of Eights


PokerStars Hand #164001566117:  Hold'em Limit ($3/$6 USD) - 2017/01/03 21:48:53 ET
Table 'Arpola' 6-max Seat #5 is the button
Seat 5: Brama Br ($111.09 in chips)
Seat 6: Scheubi88 ($158.77 in chips)
Brama Br: posts small blind $1
Scheubi88: posts big blind $3
*** HOLE CARDS ***
Brama Br: raises $3 to $6
Scheubi88: calls $3
*** FLOP *** [Kc 2d 4h]
Scheubi88: checks
Brama Br: checks
*** TURN *** [Kc 2d 4h] [Qd]
Scheubi88: checks
Brama Br: bets $6
Scheubi88: calls $6
*** RIVER *** [Kc 2d 4h Qd] [3h]
Scheubi88: checks
Brama Br: bets $6
Scheubi88: calls $6
*** SHOW DOWN ***
Brama Br: shows [Jh Td] (high card King)
Scheubi88: shows [9h 4c] (a pair of Fours)
Scheubi88 collected $35.50 from pot
*** SUMMARY ***
Total pot $36 | Rake $0.50
Board [Kc 2d 4h Qd 3h]
Seat 5: Brama Br (button) (small blind) showed [Jh Td] and lost with high card King
Seat 6: Scheubi88 (big blind) showed [9h 4c] and won ($35.50) with a pair of Fours


PokerStars Hand #164001558749:  Hold'em Limit ($3/$6 USD) - 2017/01/03 21:48:37 ET
Table 'Arpola' 6-max Seat #6 is the button
Seat 5: Brama Br ($114.09 in chips)
Seat 6: Scheubi88 ($155.77 in chips)
Scheubi88: posts small blind $1
sismos404: is sitting out
Brama Br: posts big blind $3
*** HOLE CARDS ***
sismos404 leaves the table
Scheubi88: raises $3 to $6
Brama Br: folds
Uncalled bet ($3) returned to Scheubi88
Scheubi88 collected $6 from pot
Scheubi88: doesn't show hand
*** SUMMARY ***
Total pot $6 | Rake $0
Seat 5: Brama Br (big blind) folded before Flop
Seat 6: Scheubi88 (button) (small blind) collected ($6)


PokerStars Hand #164001594128:  Hold'em Limit ($3/$6 USD) - 2017/01/03 21:49:55 ET
Table 'Arpola' 6-max Seat #5 is the button
Seat 5: Brama Br ($87.09 in chips)
Seat 6: Scheubi88 ($182.03 in chips)
Brama Br: posts small blind $1
Scheubi88: posts big blind $3
*** HOLE CARDS ***
Brama Br: folds
Uncalled bet ($2) returned to Scheubi88
Scheubi88 collected $2 from pot
Scheubi88: doesn't show hand
*** SUMMARY ***
Total pot $2 | Rake $0
Seat 5: Brama Br (button) (small blind) folded before Flop
Seat 6: Scheubi88 (big blind) collected ($2)


PokerStars Hand #164001578573:  Hold'em Limit ($3/$6 USD) - 2017/01/03 21:49:20 ET
Table 'Arpola' 6-max Seat #6 is the button
Seat 5: Brama Br ($93.09 in chips)
Seat 6: Scheubi88 ($176.27 in chips)
Scheubi88: posts small blind $1
Brama Br: posts big blind $3
*** HOLE CARDS ***
Scheubi88: raises $3 to $6
Brama Br: calls $3
*** FLOP *** [2h Qh 8s]
Brama Br: checks
Scheubi88: checks
*** TURN *** [2h Qh 8s] [5d]
Brama Br: checks
Scheubi88: checks
*** RIVER *** [2h Qh 8s 5d] [2c]
Brama Br: checks
Scheubi88: checks
*** SHOW DOWN ***
Brama Br: shows [7h Ks] (a pair of Deuces)
Scheubi88: shows [8h 7c] (two pair, Eights and Deuces)
Scheubi88 collected $11.76 from pot
*** SUMMARY ***
Total pot $12 | Rake $0.24
Board [2h Qh 8s 5d 2c]
Seat 5: Brama Br (big blind) showed [7h Ks] and lost with a pair of Deuces
Seat 6: Scheubi88 (button) (small blind) showed [8h 7c] and won ($11.76) with two pair, Eights and Deuces


PokerStars Hand #164001624331:  Hold'em Limit ($3/$6 USD) - 2017/01/03 21:50:54 ET
Table 'Arpola' 6-max Seat #6 is the button
Seat 5: Brama Br ($82.97 in chips)
Seat 6: Scheubi88 ($185.79 in chips)
Scheubi88: posts small blind $1
Brama Br: posts big blind $3
*** HOLE CARDS ***
Scheubi88: raises $3 to $6
Brama Br: raises $3 to $9
Scheubi88: calls $3
*** FLOP *** [9h Ts 7h]
Brama Br: bets $3
Scheubi88: calls $3
*** TURN *** [9h Ts 7h] [4h]
Brama Br: checks
Scheubi88: bets $6
Brama Br: calls $6
*** RIVER *** [9h Ts 7h 4h] [8s]
Brama Br: bets $6
Scheubi88: raises $6 to $12
Brama Br: folds
Uncalled bet ($6) returned to Scheubi88
Scheubi88 collected $47.50 from pot
Scheubi88: doesn't show hand
*** SUMMARY ***
Total pot $48 | Rake $0.50
Board [9h Ts 7h 4h 8s]
Seat 5: Brama Br (big blind) folded on the River
Seat 6: Scheubi88 (button) (small blind) collected ($47.50)


PokerStars Hand #164001611496:  Hold'em Limit ($3/$6 USD) - 2017/01/03 21:50:25 ET
Table 'Arpola' 6-max Seat #5 is the button
Seat 5: Brama Br ($80.09 in chips)
Seat 6: Scheubi88 ($188.79 in chips)
Brama Br: posts small blind $1
Scheubi88: posts big blind $3
*** HOLE CARDS ***
Brama Br: calls $2
Scheubi88: checks
*** FLOP *** [4d 7s Ad]
Scheubi88: checks
Brama Br: checks
*** TURN *** [4d 7s Ad] [Jc]
Scheubi88: checks
Brama Br: bets $6
Scheubi88: folds
Uncalled bet ($6) returned to Brama Br
Brama Br collected $5.88 from pot
Brama Br: doesn't show hand
*** SUMMARY ***
Total pot $6 | Rake $0.12
Board [4d 7s Ad Jc]
Seat 5: Brama Br (button) (small blind) collected ($5.88)
Seat 6: Scheubi88 (big blind) folded on the Turn


PokerStars Hand #164001596976:  Hold'em Limit ($3/$6 USD) - 2017/01/03 21:50:01 ET
Table 'Arpola' 6-max Seat #6 is the button
Seat 5: Brama Br ($86.09 in chips)
Seat 6: Scheubi88 ($183.03 in chips)
Scheubi88: posts small blind $1
Brama Br: posts big blind $3
*** HOLE CARDS ***
Scheubi88: raises $3 to $6
Brama Br: calls $3
*** FLOP *** [2h Ad 7h]
Brama Br: checks
Scheubi88: bets $3
Brama Br: folds
Uncalled bet ($3) returned to Scheubi88
Scheubi88 collected $11.76 from pot
Scheubi88: doesn't show hand
*** SUMMARY ***
Total pot $12 | Rake $0.24
Board [2h Ad 7h]
Seat 5: Brama Br (big blind) folded on the Flop
Seat 6: Scheubi88 (button) (small blind) collected ($11.76)


PokerStars Hand #164001646928:  Hold'em Limit ($3/$6 USD) - 2017/01/03 21:51:43 ET
Table 'Arpola' 6-max Seat #5 is the button
Seat 5: Brama Br ($54.97 in chips)
Seat 6: Scheubi88 ($213.29 in chips)
Brama Br: posts small blind $1
Scheubi88: posts big blind $3
*** HOLE CARDS ***
Brama Br: raises $3 to $6
Scheubi88: folds
Uncalled bet ($3) returned to Brama Br
Brama Br collected $6 from pot
Brama Br: doesn't show hand
*** SUMMARY ***
Total pot $6 | Rake $0
Seat 5: Brama Br (button) (small blind) collected ($6)
Seat 6: Scheubi88 (big blind) folded before Flop


PokerStars Hand #164001643508:  Hold'em Limit ($3/$6 USD) - 2017/01/03 21:51:36 ET
Table 'Arpola' 6-max Seat #6 is the button
Seat 5: Brama Br ($57.97 in chips)
Seat 6: Scheubi88 ($210.29 in chips)
Scheubi88: posts small blind $1
Brama Br: posts big blind $3
*** HOLE CARDS ***
Scheubi88: raises $3 to $6
Brama Br: folds
Uncalled bet ($3) returned to Scheubi88
Scheubi88 collected $6 from pot
Scheubi88: doesn't show hand
*** SUMMARY ***
Total pot $6 | Rake $0
Seat 5: Brama Br (big blind) folded before Flop
Seat 6: Scheubi88 (button) (small blind) collected ($6)


PokerStars Hand #164001637738:  Hold'em Limit ($3/$6 USD) - 2017/01/03 21:51:23 ET
Table 'Arpola' 6-max Seat #5 is the button
Seat 5: Brama Br ($58.97 in chips)
Seat 6: Scheubi88 ($209.29 in chips)
Brama Br: posts small blind $1
Scheubi88: posts big blind $3
*** HOLE CARDS ***
Brama Br: folds
Uncalled bet ($2) returned to Scheubi88
Scheubi88 collected $2 from pot
Scheubi88: doesn't show hand
*** SUMMARY ***
Total pot $2 | Rake $0
Seat 5: Brama Br (button) (small blind) folded before Flop
Seat 6: Scheubi88 (big blind) collected ($2)


PokerStars Hand #164001680020:  Hold'em Limit ($3/$6 USD) - 2017/01/03 21:52:58 ET
Table 'Arpola' 6-max Seat #5 is the button
Seat 5: Brama Br ($69.25 in chips)
Seat 6: Scheubi88 ($198.05 in chips)
Brama Br: posts small blind $1
Scheubi88: posts big blind $3
*** HOLE CARDS ***
Brama Br: folds
Uncalled bet ($2) returned to Scheubi88
Scheubi88 collected $2 from pot
Scheubi88: doesn't show hand
*** SUMMARY ***
Total pot $2 | Rake $0
Seat 5: Brama Br (button) (small blind) folded before Flop
Seat 6: Scheubi88 (big blind) collected ($2)


PokerStars Hand #164001673461:  Hold'em Limit ($3/$6 USD) - 2017/01/03 21:52:43 ET
Table 'Arpola' 6-max Seat #6 is the button
Seat 5: Brama Br ($75.25 in chips)
Seat 6: Scheubi88 ($192.29 in chips)
Scheubi88: posts small blind $1
Brama Br: posts big blind $3
*** HOLE CARDS ***
Scheubi88: raises $3 to $6
Brama Br: calls $3
*** FLOP *** [Qs Qh 7s]
Brama Br: checks
Scheubi88: checks
*** TURN *** [Qs Qh 7s] [Jd]
Rallye666 joins the table at seat #2
Brama Br: checks
Scheubi88: bets $6
Brama Br: folds
Uncalled bet ($6) returned to Scheubi88
Scheubi88 collected $11.76 from pot
Scheubi88: doesn't show hand
*** SUMMARY ***
Total pot $12 | Rake $0.24
Board [Qs Qh 7s Jd]
Seat 5: Brama Br (big blind) folded on the Turn
Seat 6: Scheubi88 (button) (small blind) collected ($11.76)


PokerStars Hand #164001665684:  Hold'em Limit ($3/$6 USD) - 2017/01/03 21:52:25 ET
Table 'Arpola' 6-max Seat #5 is the button
Seat 5: Brama Br ($69.49 in chips)
Seat 6: Scheubi88 ($198.29 in chips)
Brama Br: posts small blind $1
Scheubi88: posts big blind $3
*** HOLE CARDS ***
Brama Br: raises $3 to $6
Scheubi88: calls $3
*** FLOP *** [4h Qd 4s]
Scheubi88: checks
Brama Br: checks
*** TURN *** [4h Qd 4s] [Qc]
Scheubi88: checks
Brama Br: bets $6
Scheubi88: folds
Uncalled bet ($6) returned to Brama Br
Brama Br collected $11.76 from pot
Brama Br: doesn't show hand
*** SUMMARY ***
Total pot $12 | Rake $0.24
Board [4h Qd 4s Qc]
Seat 5: Brama Br (button) (small blind) collected ($11.76)
Seat 6: Scheubi88 (big blind) folded on the Turn


PokerStars Hand #164001652728:  Hold'em Limit ($3/$6 USD) - 2017/01/03 21:51:56 ET
Table 'Arpola' 6-max Seat #6 is the button
Seat 5: Brama Br ($57.97 in chips)
Seat 6: Scheubi88 ($210.29 in chips)
Scheubi88: posts small blind $1
Brama Br: posts big blind $3
*** HOLE CARDS ***
Scheubi88: raises $3 to $6
Brama Br: raises $3 to $9
Scheubi88: calls $3
*** FLOP *** [As 2s 2c]
Brama Br: bets $3
Scheubi88: calls $3
*** TURN *** [As 2s 2c] [9s]
Brama Br: bets $6
Scheubi88: folds
Uncalled bet ($6) returned to Brama Br
Brama Br collected $23.52 from pot
Brama Br: doesn't show hand
*** SUMMARY ***
Total pot $24 | Rake $0.48
Board [As 2s 2c 9s]
Seat 5: Brama Br (big blind) collected ($23.52)
Seat 6: Scheubi88 (button) (small blind) folded on the Turn


PokerStars Hand #164002897571:  Hold'em Limit ($3/$6 USD) - 2017/01/03 22:42:41 ET
Table 'Arpola' 6-max Seat #1 is the button
Seat 1: Fabulous108 ($53.69 in chips)
Seat 6: Scheubi88 ($231.86 in chips)
Fabulous108: posts small blind $1
Scheubi88: posts big blind $3
*** HOLE CARDS ***
Fabulous108: raises $3 to $6
brittonm leaves the table
Scheubi88: folds
Uncalled bet ($3) returned to Fabulous108
Fabulous108 collected $6 from pot
Fabulous108: doesn't show hand
*** SUMMARY ***
Total pot $6 | Rake $0
Seat 1: Fabulous108 (button) (small blind) collected ($6)
Seat 6: Scheubi88 (big blind) folded before Flop


