PokerStars Hand #157044054823:  Hold'em Limit ($3/$6 USD) - 2016/08/08 21:36:28 ET
Table 'Arrakis II' 6-max Seat #3 is the button
Seat 2: F1l1p3 ($234.31 in chips)
Seat 3: RJF1943 ($144.89 in chips)
RJF1943: posts small blind $1
F1l1p3: posts big blind $3
*** HOLE CARDS ***
RJF1943: folds
Uncalled bet ($2) returned to F1l1p3
F1l1p3 collected $2 from pot
*** SUMMARY ***
Total pot $2 | Rake $0
Seat 2: F1l1p3 (big blind) collected ($2)
Seat 3: RJF1943 (button) (small blind) folded before Flop


PokerStars Hand #157044032422:  Hold'em Limit ($3/$6 USD) - 2016/08/08 21:35:28 ET
Table 'Arrakis II' 6-max Seat #3 is the button
Seat 2: F1l1p3 ($217.03 in chips)
Seat 3: RJF1943 ($162.89 in chips)
RJF1943: posts small blind $1
Chessnok: is sitting out
MissEKAmouse: is sitting out
F1l1p3: posts big blind $3
*** HOLE CARDS ***
MissEKAmouse leaves the table
RJF1943: raises $3 to $6
F1l1p3: calls $3
*** FLOP *** [2h 6d 3s]
F1l1p3: checks
RJF1943: checks
*** TURN *** [2h 6d 3s] [7s]
F1l1p3: bets $6
RJF1943: folds
Uncalled bet ($6) returned to F1l1p3
F1l1p3 collected $11.76 from pot
*** SUMMARY ***
Total pot $12 | Rake $0.24
Board [2h 6d 3s 7s]
Seat 2: F1l1p3 (big blind) collected ($11.76)
Seat 3: RJF1943 (button) (small blind) folded on the Turn


PokerStars Hand #157044039106:  Hold'em Limit ($3/$6 USD) - 2016/08/08 21:35:46 ET
Table 'Arrakis II' 6-max Seat #2 is the button
Seat 2: F1l1p3 ($222.79 in chips)
Seat 3: RJF1943 ($156.89 in chips)
F1l1p3: posts small blind $1
RJF1943: posts big blind $3
*** HOLE CARDS ***
F1l1p3: raises $3 to $6
RJF1943: calls $3
*** FLOP *** [Kc As 4d]
RJF1943: bets $3
F1l1p3: raises $3 to $6
Chessnok leaves the table
RJF1943: calls $3
*** TURN *** [Kc As 4d] [8h]
RJF1943: checks
F1l1p3: bets $6
RJF1943: folds
Uncalled bet ($6) returned to F1l1p3
F1l1p3 collected $23.52 from pot
*** SUMMARY ***
Total pot $24 | Rake $0.48
Board [Kc As 4d 8h]
Seat 2: F1l1p3 (button) (small blind) collected ($23.52)
Seat 3: RJF1943 (big blind) folded on the Turn


PokerStars Hand #157044070054:  Hold'em Limit ($3/$6 USD) - 2016/08/08 21:37:09 ET
Table 'Arrakis II' 6-max Seat #3 is the button
Seat 2: F1l1p3 ($226.31 in chips)
Seat 3: RJF1943 ($152.53 in chips)
RJF1943: posts small blind $1
F1l1p3: posts big blind $3
*** HOLE CARDS ***
RJF1943: calls $2
F1l1p3: checks
*** FLOP *** [9h Kd 8d]
F1l1p3: bets $3
RJF1943: folds
Uncalled bet ($3) returned to F1l1p3
F1l1p3 collected $5.88 from pot
*** SUMMARY ***
Total pot $6 | Rake $0.12
Board [9h Kd 8d]
Seat 2: F1l1p3 (big blind) collected ($5.88)
Seat 3: RJF1943 (button) (small blind) folded on the Flop


PokerStars Hand #157044059088:  Hold'em Limit ($3/$6 USD) - 2016/08/08 21:36:40 ET
Table 'Arrakis II' 6-max Seat #2 is the button
Seat 2: F1l1p3 ($235.31 in chips)
Seat 3: RJF1943 ($143.89 in chips)
F1l1p3: posts small blind $1
RJF1943: posts big blind $3
*** HOLE CARDS ***
F1l1p3: raises $3 to $6
RJF1943: calls $3
*** FLOP *** [4d Jh 5h]
RJF1943: bets $3
F1l1p3: calls $3
*** TURN *** [4d Jh 5h] [7c]
RJF1943: bets $6
F1l1p3: folds
Uncalled bet ($6) returned to RJF1943
RJF1943 collected $17.64 from pot
RJF1943: doesn't show hand
*** SUMMARY ***
Total pot $18 | Rake $0.36
Board [4d Jh 5h 7c]
Seat 2: F1l1p3 (button) (small blind) folded on the Turn
Seat 3: RJF1943 (big blind) collected ($17.64)


PokerStars Hand #157044089830:  Hold'em Limit ($3/$6 USD) - 2016/08/08 21:38:02 ET
Table 'Arrakis II' 6-max Seat #3 is the button
Seat 2: F1l1p3 ($223.19 in chips)
Seat 3: RJF1943 ($155.29 in chips)
RJF1943: posts small blind $1
F1l1p3: posts big blind $3
*** HOLE CARDS ***
RJF1943: folds
Uncalled bet ($2) returned to F1l1p3
F1l1p3 collected $2 from pot
*** SUMMARY ***
Total pot $2 | Rake $0
Seat 2: F1l1p3 (big blind) collected ($2)
Seat 3: RJF1943 (button) (small blind) folded before Flop


PokerStars Hand #157044076971:  Hold'em Limit ($3/$6 USD) - 2016/08/08 21:37:28 ET
Table 'Arrakis II' 6-max Seat #2 is the button
Seat 2: F1l1p3 ($229.19 in chips)
Seat 3: RJF1943 ($149.53 in chips)
F1l1p3: posts small blind $1
RJF1943: posts big blind $3
*** HOLE CARDS ***
F1l1p3: raises $3 to $6
RJF1943: calls $3
*** FLOP *** [As 2s 7c]
RJF1943: checks
F1l1p3: checks
*** TURN *** [As 2s 7c] [Th]
RJF1943: bets $6
F1l1p3: folds
Uncalled bet ($6) returned to RJF1943
RJF1943 collected $11.76 from pot
RJF1943: doesn't show hand
*** SUMMARY ***
Total pot $12 | Rake $0.24
Board [As 2s 7c Th]
Seat 2: F1l1p3 (button) (small blind) folded on the Turn
Seat 3: RJF1943 (big blind) collected ($11.76)


