PokerStars Hand #157019388901:  Hold'em Limit ($3/$6 USD) - 2016/08/08 10:42:15 ET
Table 'Arrakis II' 6-max Seat #4 is the button
Seat 3: fugu82 ($72.64 in chips)
Seat 4: Agrotait ($69 in chips)
Agrotait: posts small blind $1
fugu82: posts big blind $3
*** HOLE CARDS ***
Agrotait: raises $3 to $6
fugu82: calls $3
*** FLOP *** [8s 5c 3c]
fugu82: checks
Agrotait: bets $3
fugu82: calls $3
*** TURN *** [8s 5c 3c] [2c]
fugu82: checks
Agrotait: checks
*** RIVER *** [8s 5c 3c 2c] [7c]
fugu82: bets $6
gertjan75 joins the table at seat #2
Agrotait: raises $6 to $12
fugu82: folds
Uncalled bet ($6) returned to Agrotait
Agrotait collected $29.50 from pot
Agrotait: doesn't show hand
*** SUMMARY ***
Total pot $30 | Rake $0.50
Board [8s 5c 3c 2c 7c]
Seat 3: fugu82 (big blind) folded on the River
Seat 4: Agrotait (button) (small blind) collected ($29.50)


PokerStars Hand #157019404444:  Hold'em Limit ($3/$6 USD) - 2016/08/08 10:42:43 ET
Table 'Arrakis II' 6-max Seat #3 is the button
Seat 3: fugu82 ($57.64 in chips)
Seat 4: Agrotait ($83.50 in chips)
fugu82: posts small blind $1
Agrotait: posts big blind $3
*** HOLE CARDS ***
fugu82: raises $3 to $6
Agrotait: calls $3
*** FLOP *** [Kc 2c 3h]
Agrotait: checks
fugu82: bets $3
Chessnok joins the table at seat #5
Agrotait: folds
Uncalled bet ($3) returned to fugu82
fugu82 collected $11.76 from pot
*** SUMMARY ***
Total pot $12 | Rake $0.24
Board [Kc 2c 3h]
Seat 3: fugu82 (button) (small blind) collected ($11.76)
Seat 4: Agrotait (big blind) folded on the Flop


PokerStars Hand #157019988256:  Hold'em Limit ($3/$6 USD) - 2016/08/08 11:01:08 ET
Table 'Arrakis II' 6-max Seat #2 is the button
Seat 2: gertjan75 ($32.37 in chips)
Seat 5: Chessnok ($100.98 in chips)
gertjan75: posts small blind $1
Chessnok: posts big blind $3
*** HOLE CARDS ***
gertjan75: raises $3 to $6
Chessnok: calls $3
*** FLOP *** [2c 7d 2h]
Chessnok: checks
gertjan75: bets $3
Chessnok: calls $3
*** TURN *** [2c 7d 2h] [5d]
Chessnok: checks
gertjan75: bets $6
Chessnok: calls $6
*** RIVER *** [2c 7d 2h 5d] [Ac]
Chessnok: checks
gertjan75: bets $6
Chessnok: calls $6
*** SHOW DOWN ***
gertjan75: shows [As 3d] (two pair, Aces and Deuces)
Chessnok: mucks hand
gertjan75 collected $41.50 from pot
*** SUMMARY ***
Total pot $42 | Rake $0.50
Board [2c 7d 2h 5d Ac]
Seat 2: gertjan75 (button) (small blind) showed [As 3d] and won ($41.50) with two pair, Aces and Deuces
Seat 5: Chessnok (big blind) mucked


PokerStars Hand #157020001107:  Hold'em Limit ($3/$6 USD) - 2016/08/08 11:01:31 ET
Table 'Arrakis II' 6-max Seat #5 is the button
Seat 2: gertjan75 ($52.87 in chips)
Seat 5: Chessnok ($79.98 in chips)
Chessnok: posts small blind $1
gertjan75: posts big blind $3
*** HOLE CARDS ***
Chessnok: raises $3 to $6
gertjan75: calls $3
*** FLOP *** [4d 7h 3d]
gertjan75: checks
Chessnok: bets $3
gertjan75: calls $3
*** TURN *** [4d 7h 3d] [3s]
gertjan75: checks
Chessnok: bets $6
gertjan75: calls $6
*** RIVER *** [4d 7h 3d 3s] [4c]
gertjan75: bets $6
Chessnok: calls $6
*** SHOW DOWN ***
gertjan75: shows [6s Ks] (two pair, Fours and Threes)
Chessnok: shows [Kc Td] (two pair, Fours and Threes)
gertjan75 collected $20.75 from pot
Chessnok collected $20.75 from pot
*** SUMMARY ***
Total pot $42 | Rake $0.50
Board [4d 7h 3d 3s 4c]
Seat 2: gertjan75 (big blind) showed [6s Ks] and won ($20.75) with two pair, Fours and Threes
Seat 5: Chessnok (button) (small blind) showed [Kc Td] and won ($20.75) with two pair, Fours and Threes


PokerStars Hand #157032488607:  Hold'em Limit ($3/$6 USD) - 2016/08/08 16:12:33 ET
Table 'Arrakis II' 6-max Seat #5 is the button
Seat 3: RaisemyNut$ ($79.45 in chips)
Seat 5: ValeryRon ($132.28 in chips)
ValeryRon: posts small blind $1
RaisemyNut$: posts big blind $3
*** HOLE CARDS ***
ValeryRon: raises $3 to $6
RaisemyNut$: calls $3
*** FLOP *** [Kc 5d Jd]
RaisemyNut$: checks
ValeryRon: bets $3
RaisemyNut$: calls $3
*** TURN *** [Kc 5d Jd] [3d]
RaisemyNut$: bets $6
ValeryRon: folds
Uncalled bet ($6) returned to RaisemyNut$
RaisemyNut$ collected $17.64 from pot
RaisemyNut$: doesn't show hand
*** SUMMARY ***
Total pot $18 | Rake $0.36
Board [Kc 5d Jd 3d]
Seat 3: RaisemyNut$ (big blind) collected ($17.64)
Seat 5: ValeryRon (button) (small blind) folded on the Turn


PokerStars Hand #157032473321:  Hold'em Limit ($3/$6 USD) - 2016/08/08 16:12:14 ET
Table 'Arrakis II' 6-max Seat #3 is the button
Seat 3: RaisemyNut$ ($73.69 in chips)
Seat 5: ValeryRon ($138.28 in chips)
RaisemyNut$: posts small blind $1
crash19867: is sitting out
ValeryRon: posts big blind $3
*** HOLE CARDS ***
crash19867 leaves the table
RaisemyNut$: raises $3 to $6
ValeryRon: calls $3
*** FLOP *** [6d Js 3c]
ValeryRon: checks
RaisemyNut$: bets $3
ValeryRon: folds
Uncalled bet ($3) returned to RaisemyNut$
RaisemyNut$ collected $11.76 from pot
RaisemyNut$: doesn't show hand
*** SUMMARY ***
Total pot $12 | Rake $0.24
Board [6d Js 3c]
Seat 3: RaisemyNut$ (button) (small blind) collected ($11.76)
Seat 5: ValeryRon (big blind) folded on the Flop


PokerStars Hand #157034214497:  Hold'em Limit ($3/$6 USD) - 2016/08/08 16:48:53 ET
Table 'Arrakis II' 6-max Seat #3 is the button
Seat 1: vestimokrec ($61.37 in chips)
Seat 3: RaisemyNut$ ($77.31 in chips)
RaisemyNut$: posts small blind $1
LordBorzi II: is sitting out
Wurst2000: is sitting out
vestimokrec: posts big blind $3
*** HOLE CARDS ***
RaisemyNut$: raises $3 to $6
Wurst2000 leaves the table
vestimokrec: calls $3
*** FLOP *** [5h 5c 2d]
vestimokrec: checks
RaisemyNut$: bets $3
vestimokrec: folds
Uncalled bet ($3) returned to RaisemyNut$
RaisemyNut$ collected $11.76 from pot
RaisemyNut$: doesn't show hand
*** SUMMARY ***
Total pot $12 | Rake $0.24
Board [5h 5c 2d]
Seat 1: vestimokrec (big blind) folded on the Flop
Seat 3: RaisemyNut$ (button) (small blind) collected ($11.76)


PokerStars Hand #157034236382:  Hold'em Limit ($3/$6 USD) - 2016/08/08 16:49:21 ET
Table 'Arrakis II' 6-max Seat #1 is the button
Seat 1: vestimokrec ($120 in chips)
Seat 3: RaisemyNut$ ($83.07 in chips)
vestimokrec: posts small blind $1
RaisemyNut$: posts big blind $3
*** HOLE CARDS ***
vestimokrec: raises $3 to $6
RaisemyNut$: folds
Uncalled bet ($3) returned to vestimokrec
vestimokrec collected $6 from pot
vestimokrec: doesn't show hand
*** SUMMARY ***
Total pot $6 | Rake $0
Seat 1: vestimokrec (button) (small blind) collected ($6)
Seat 3: RaisemyNut$ (big blind) folded before Flop


