PokerStars Hand #157785387193:  Hold'em Limit ($3/$6 USD) - 2016/08/26 20:53:27 ET
Table 'Arrakis' 6-max Seat #4 is the button
Seat 3: FabronxRJ ($194.21 in chips)
Seat 4: AzureCaper ($77.76 in chips)
AzureCaper: posts small blind $1
FabronxRJ: posts big blind $3
*** HOLE CARDS ***
AzureCaper: raises $3 to $6
FabronxRJ: raises $3 to $9
AzureCaper: calls $3
*** FLOP *** [2c Kd 9c]
FabronxRJ: bets $3
AzureCaper: calls $3
*** TURN *** [2c Kd 9c] [8d]
FabronxRJ: bets $6
AzureCaper: calls $6
*** RIVER *** [2c Kd 9c 8d] [9d]
FabronxRJ: checks
AzureCaper: checks
*** SHOW DOWN ***
FabronxRJ: shows [Td 2d] (a flush, King high)
AzureCaper: mucks hand
FabronxRJ collected $35.50 from pot
*** SUMMARY ***
Total pot $36 | Rake $0.50
Board [2c Kd 9c 8d 9d]
Seat 3: FabronxRJ (big blind) showed [Td 2d] and won ($35.50) with a flush, King high
Seat 4: AzureCaper (button) (small blind) mucked


PokerStars Hand #157785407807:  Hold'em Limit ($3/$6 USD) - 2016/08/26 20:54:16 ET
Table 'Arrakis' 6-max Seat #3 is the button
Seat 3: FabronxRJ ($211.47 in chips)
Seat 4: AzureCaper ($77.76 in chips)
FabronxRJ: posts small blind $1
AzureCaper: posts big blind $3
*** HOLE CARDS ***
FabronxRJ: folds
Uncalled bet ($2) returned to AzureCaper
AzureCaper collected $2 from pot
AzureCaper: doesn't show hand
*** SUMMARY ***
Total pot $2 | Rake $0
Seat 3: FabronxRJ (button) (small blind) folded before Flop
Seat 4: AzureCaper (big blind) collected ($2)


PokerStars Hand #157785403019:  Hold'em Limit ($3/$6 USD) - 2016/08/26 20:54:05 ET
Table 'Arrakis' 6-max Seat #4 is the button
Seat 3: FabronxRJ ($217.47 in chips)
Seat 4: AzureCaper ($72 in chips)
AzureCaper: posts small blind $1
FabronxRJ: posts big blind $3
*** HOLE CARDS ***
AzureCaper: raises $3 to $6
FabronxRJ: calls $3
*** FLOP *** [4c Th 5c]
FabronxRJ: checks
AzureCaper: bets $3
FabronxRJ: folds
Uncalled bet ($3) returned to AzureCaper
AzureCaper collected $11.76 from pot
AzureCaper: doesn't show hand
*** SUMMARY ***
Total pot $12 | Rake $0.24
Board [4c Th 5c]
Seat 3: FabronxRJ (big blind) folded on the Flop
Seat 4: AzureCaper (button) (small blind) collected ($11.76)


PokerStars Hand #157785395168:  Hold'em Limit ($3/$6 USD) - 2016/08/26 20:53:46 ET
Table 'Arrakis' 6-max Seat #3 is the button
Seat 3: FabronxRJ ($211.71 in chips)
Seat 4: AzureCaper ($72 in chips)
FabronxRJ: posts small blind $1
AzureCaper: posts big blind $3
*** HOLE CARDS ***
FabronxRJ: raises $3 to $6
AzureCaper: calls $3
*** FLOP *** [Js 8h 8s]
AzureCaper: checks
FabronxRJ: checks
*** TURN *** [Js 8h 8s] [Jc]
AzureCaper: checks
FabronxRJ: checks
*** RIVER *** [Js 8h 8s Jc] [3h]
AzureCaper: checks
FabronxRJ: checks
*** SHOW DOWN ***
AzureCaper: shows [5c 4s] (two pair, Jacks and Eights)
FabronxRJ: shows [Kc 5d] (two pair, Jacks and Eights - King kicker)
FabronxRJ collected $11.76 from pot
*** SUMMARY ***
Total pot $12 | Rake $0.24
Board [Js 8h 8s Jc 3h]
Seat 3: FabronxRJ (button) (small blind) showed [Kc 5d] and won ($11.76) with two pair, Jacks and Eights
Seat 4: AzureCaper (big blind) showed [5c 4s] and lost with two pair, Jacks and Eights


PokerStars Hand #157785375907:  Hold'em Limit ($3/$6 USD) - 2016/08/26 20:53:00 ET
Table 'Arrakis' 6-max Seat #3 is the button
Seat 3: FabronxRJ ($200.21 in chips)
Seat 4: AzureCaper ($72 in chips)
FabronxRJ: posts small blind $1
AzureCaper: posts big blind $3
*** HOLE CARDS ***
FabronxRJ: calls $2
AzureCaper: raises $3 to $6
FabronxRJ: calls $3
*** FLOP *** [Ks 2d Kd]
AzureCaper: bets $3
FabronxRJ: folds
Uncalled bet ($3) returned to AzureCaper
AzureCaper collected $11.76 from pot
AzureCaper: doesn't show hand
*** SUMMARY ***
Total pot $12 | Rake $0.24
Board [Ks 2d Kd]
Seat 3: FabronxRJ (button) (small blind) folded on the Flop
Seat 4: AzureCaper (big blind) collected ($11.76)


PokerStars Hand #157785425570:  Hold'em Limit ($3/$6 USD) - 2016/08/26 20:54:58 ET
Table 'Arrakis' 6-max Seat #3 is the button
Seat 3: FabronxRJ ($236.97 in chips)
Seat 4: AzureCaper ($72 in chips)
FabronxRJ: posts small blind $1
AzureCaper: posts big blind $3
*** HOLE CARDS ***
FabronxRJ: calls $2
AzureCaper: checks
*** FLOP *** [9d 8h 6s]
AzureCaper: bets $3
FabronxRJ: raises $3 to $6
AzureCaper: calls $3
*** TURN *** [9d 8h 6s] [5h]
AzureCaper: checks
FabronxRJ: bets $6
AzureCaper: folds
Uncalled bet ($6) returned to FabronxRJ
FabronxRJ collected $17.64 from pot
*** SUMMARY ***
Total pot $18 | Rake $0.36
Board [9d 8h 6s 5h]
Seat 3: FabronxRJ (button) (small blind) collected ($17.64)
Seat 4: AzureCaper (big blind) folded on the Turn


PokerStars Hand #157785415165:  Hold'em Limit ($3/$6 USD) - 2016/08/26 20:54:34 ET
Table 'Arrakis' 6-max Seat #4 is the button
Seat 3: FabronxRJ ($210.47 in chips)
Seat 4: AzureCaper ($78.76 in chips)
AzureCaper: posts small blind $1
FabronxRJ: posts big blind $3
*** HOLE CARDS ***
AzureCaper: raises $3 to $6
FabronxRJ: calls $3
*** FLOP *** [Kd 4h 4d]
FabronxRJ: checks
AzureCaper: bets $3
FabronxRJ: raises $3 to $6
AzureCaper: raises $3 to $9
FabronxRJ: calls $3
*** TURN *** [Kd 4h 4d] [8c]
FabronxRJ: checks
AzureCaper: bets $6
FabronxRJ: raises $6 to $12
AzureCaper: calls $6
*** RIVER *** [Kd 4h 4d 8c] [3d]
FabronxRJ: bets $6
AzureCaper: folds
Uncalled bet ($6) returned to FabronxRJ
FabronxRJ collected $53.50 from pot
FabronxRJ: doesn't show hand
*** SUMMARY ***
Total pot $54 | Rake $0.50
Board [Kd 4h 4d 8c 3d]
Seat 3: FabronxRJ (big blind) collected ($53.50)
Seat 4: AzureCaper (button) (small blind) folded on the River


PokerStars Hand #157785412568:  Hold'em Limit ($3/$6 USD) - 2016/08/26 20:54:27 ET
Table 'Arrakis' 6-max Seat #3 is the button
Seat 3: FabronxRJ ($211.47 in chips)
Seat 4: AzureCaper ($77.76 in chips)
FabronxRJ: posts small blind $1
AzureCaper: posts big blind $3
*** HOLE CARDS ***
FabronxRJ: folds
Uncalled bet ($2) returned to AzureCaper
AzureCaper collected $2 from pot
AzureCaper: doesn't show hand
*** SUMMARY ***
Total pot $2 | Rake $0
Seat 3: FabronxRJ (button) (small blind) folded before Flop
Seat 4: AzureCaper (big blind) collected ($2)


PokerStars Hand #157785410312:  Hold'em Limit ($3/$6 USD) - 2016/08/26 20:54:22 ET
Table 'Arrakis' 6-max Seat #4 is the button
Seat 3: FabronxRJ ($210.47 in chips)
Seat 4: AzureCaper ($78.76 in chips)
AzureCaper: posts small blind $1
FabronxRJ: posts big blind $3
*** HOLE CARDS ***
AzureCaper: folds
Uncalled bet ($2) returned to FabronxRJ
FabronxRJ collected $2 from pot
FabronxRJ: doesn't show hand
*** SUMMARY ***
Total pot $2 | Rake $0
Seat 3: FabronxRJ (big blind) collected ($2)
Seat 4: AzureCaper (button) (small blind) folded before Flop


PokerStars Hand #157785436342:  Hold'em Limit ($3/$6 USD) - 2016/08/26 20:55:27 ET
Table 'Arrakis' 6-max Seat #3 is the button
Seat 3: FabronxRJ ($246.61 in chips)
Seat 4: AzureCaper ($72 in chips)
FabronxRJ: posts small blind $1
AzureCaper: posts big blind $3
*** HOLE CARDS ***
FabronxRJ: calls $2
AzureCaper: checks
*** FLOP *** [7c Kc Ac]
AzureCaper: checks
FabronxRJ: checks
*** TURN *** [7c Kc Ac] [2s]
AzureCaper: checks
FabronxRJ: checks
*** RIVER *** [7c Kc Ac 2s] [4c]
AzureCaper: checks
FabronxRJ: bets $6
AzureCaper: folds
Uncalled bet ($6) returned to FabronxRJ
FabronxRJ collected $5.88 from pot
FabronxRJ: doesn't show hand
*** SUMMARY ***
Total pot $6 | Rake $0.12
Board [7c Kc Ac 2s 4c]
Seat 3: FabronxRJ (button) (small blind) collected ($5.88)
Seat 4: AzureCaper (big blind) folded on the River


PokerStars Hand #157785449792:  Hold'em Limit ($3/$6 USD) - 2016/08/26 20:56:04 ET
Table 'Arrakis' 6-max Seat #4 is the button
Seat 3: FabronxRJ ($249.49 in chips)
Seat 4: AzureCaper ($72 in chips)
AzureCaper: posts small blind $1
FabronxRJ: posts big blind $3
*** HOLE CARDS ***
AzureCaper: folds
Uncalled bet ($2) returned to FabronxRJ
FabronxRJ collected $2 from pot
FabronxRJ: doesn't show hand
*** SUMMARY ***
Total pot $2 | Rake $0
Seat 3: FabronxRJ (big blind) collected ($2)
Seat 4: AzureCaper (button) (small blind) folded before Flop


PokerStars Hand #157785433851:  Hold'em Limit ($3/$6 USD) - 2016/08/26 20:55:20 ET
Table 'Arrakis' 6-max Seat #4 is the button
Seat 3: FabronxRJ ($245.61 in chips)
Seat 4: AzureCaper ($72 in chips)
AzureCaper: posts small blind $1
FabronxRJ: posts big blind $3
*** HOLE CARDS ***
AzureCaper: folds
Uncalled bet ($2) returned to FabronxRJ
FabronxRJ collected $2 from pot
*** SUMMARY ***
Total pot $2 | Rake $0
Seat 3: FabronxRJ (big blind) collected ($2)
Seat 4: AzureCaper (button) (small blind) folded before Flop


PokerStars Hand #157785472832:  Hold'em Limit ($3/$6 USD) - 2016/08/26 20:57:08 ET
Table 'Arrakis' 6-max Seat #4 is the button
Seat 3: FabronxRJ ($256.25 in chips)
Seat 4: AzureCaper ($72 in chips)
AzureCaper: posts small blind $1
FabronxRJ: posts big blind $3
*** HOLE CARDS ***
AzureCaper: folds
Uncalled bet ($2) returned to FabronxRJ
FabronxRJ collected $2 from pot
*** SUMMARY ***
Total pot $2 | Rake $0
Seat 3: FabronxRJ (big blind) collected ($2)
Seat 4: AzureCaper (button) (small blind) folded before Flop


PokerStars Hand #157785452095:  Hold'em Limit ($3/$6 USD) - 2016/08/26 20:56:11 ET
Table 'Arrakis' 6-max Seat #3 is the button
Seat 3: FabronxRJ ($250.49 in chips)
Seat 4: AzureCaper ($72 in chips)
FabronxRJ: posts small blind $1
AzureCaper: posts big blind $3
*** HOLE CARDS ***
FabronxRJ: calls $2
AzureCaper: checks
*** FLOP *** [7s 2d Qc]
AzureCaper: bets $3
FabronxRJ: calls $3
*** TURN *** [7s 2d Qc] [2s]
AzureCaper: checks
FabronxRJ: checks
*** RIVER *** [7s 2d Qc 2s] [3d]
AzureCaper: checks
FabronxRJ is disconnected
FabronxRJ is connected
FabronxRJ: checks
*** SHOW DOWN ***
AzureCaper: shows [5c 8c] (a pair of Deuces)
FabronxRJ: shows [Td Ad] (a pair of Deuces - Ace kicker)
FabronxRJ collected $11.76 from pot
*** SUMMARY ***
Total pot $12 | Rake $0.24
Board [7s 2d Qc 2s 3d]
Seat 3: FabronxRJ (button) (small blind) showed [Td Ad] and won ($11.76) with a pair of Deuces
Seat 4: AzureCaper (big blind) showed [5c 8c] and lost with a pair of Deuces


PokerStars Hand #157785497213:  Hold'em Limit ($3/$6 USD) - 2016/08/26 20:58:15 ET
Table 'Arrakis' 6-max Seat #3 is the button
Seat 3: FabronxRJ ($261.13 in chips)
Seat 4: AzureCaper ($72 in chips)
FabronxRJ: posts small blind $1
AzureCaper: posts big blind $3
*** HOLE CARDS ***
FabronxRJ: folds
Uncalled bet ($2) returned to AzureCaper
AzureCaper collected $2 from pot
AzureCaper: doesn't show hand
*** SUMMARY ***
Total pot $2 | Rake $0
Seat 3: FabronxRJ (button) (small blind) folded before Flop
Seat 4: AzureCaper (big blind) collected ($2)


PokerStars Hand #157785495327:  Hold'em Limit ($3/$6 USD) - 2016/08/26 20:58:10 ET
Table 'Arrakis' 6-max Seat #4 is the button
Seat 3: FabronxRJ ($260.13 in chips)
Seat 4: AzureCaper ($72 in chips)
AzureCaper: posts small blind $1
FabronxRJ: posts big blind $3
*** HOLE CARDS ***
AzureCaper: folds
Uncalled bet ($2) returned to FabronxRJ
FabronxRJ collected $2 from pot
FabronxRJ: doesn't show hand
*** SUMMARY ***
Total pot $2 | Rake $0
Seat 3: FabronxRJ (big blind) collected ($2)
Seat 4: AzureCaper (button) (small blind) folded before Flop


PokerStars Hand #157785475412:  Hold'em Limit ($3/$6 USD) - 2016/08/26 20:57:15 ET
Table 'Arrakis' 6-max Seat #3 is the button
Seat 3: FabronxRJ ($257.25 in chips)
Seat 4: AzureCaper ($72 in chips)
FabronxRJ is disconnected
FabronxRJ is connected
FabronxRJ: posts small blind $1
AzureCaper: posts big blind $3
*** HOLE CARDS ***
FabronxRJ: calls $2
AzureCaper: checks
*** FLOP *** [Tc Qc 8h]
AzureCaper: checks
FabronxRJ: checks
*** TURN *** [Tc Qc 8h] [Jh]
AzureCaper: checks
FabronxRJ: bets $6
AzureCaper: folds
Uncalled bet ($6) returned to FabronxRJ
FabronxRJ collected $5.88 from pot
FabronxRJ: doesn't show hand
*** SUMMARY ***
Total pot $6 | Rake $0.12
Board [Tc Qc 8h Jh]
Seat 3: FabronxRJ (button) (small blind) collected ($5.88)
Seat 4: AzureCaper (big blind) folded on the Turn


PokerStars Hand #157785504770:  Hold'em Limit ($3/$6 USD) - 2016/08/26 20:58:40 ET
Table 'Arrakis' 6-max Seat #4 is the button
Seat 3: FabronxRJ ($260.13 in chips)
Seat 4: AzureCaper ($73 in chips)
AzureCaper: posts small blind $1
FabronxRJ: posts big blind $3
*** HOLE CARDS ***
AzureCaper: raises $3 to $6
FabronxRJ: calls $3
*** FLOP *** [5d 3s 8c]
FabronxRJ: checks
AzureCaper: bets $3
FabronxRJ: folds
Uncalled bet ($3) returned to AzureCaper
AzureCaper collected $11.76 from pot
AzureCaper: doesn't show hand
*** SUMMARY ***
Total pot $12 | Rake $0.24
Board [5d 3s 8c]
Seat 3: FabronxRJ (big blind) folded on the Flop
Seat 4: AzureCaper (button) (small blind) collected ($11.76)


PokerStars Hand #157785519081:  Hold'em Limit ($3/$6 USD) - 2016/08/26 20:59:09 ET
Table 'Arrakis' 6-max Seat #4 is the button
Seat 3: FabronxRJ ($253.13 in chips)
Seat 4: AzureCaper ($79.76 in chips)
AzureCaper: posts small blind $1
FabronxRJ: posts big blind $3
*** HOLE CARDS ***
AzureCaper: folds
Uncalled bet ($2) returned to FabronxRJ
FabronxRJ collected $2 from pot
FabronxRJ: doesn't show hand
*** SUMMARY ***
Total pot $2 | Rake $0
Seat 3: FabronxRJ (big blind) collected ($2)
Seat 4: AzureCaper (button) (small blind) folded before Flop


PokerStars Hand #157785516328:  Hold'em Limit ($3/$6 USD) - 2016/08/26 20:59:01 ET
Table 'Arrakis' 6-max Seat #3 is the button
Seat 3: FabronxRJ ($254.13 in chips)
Seat 4: AzureCaper ($78.76 in chips)
FabronxRJ: posts small blind $1
AzureCaper: posts big blind $3
*** HOLE CARDS ***
FabronxRJ: folds
Uncalled bet ($2) returned to AzureCaper
AzureCaper collected $2 from pot
AzureCaper: doesn't show hand
*** SUMMARY ***
Total pot $2 | Rake $0
Seat 3: FabronxRJ (button) (small blind) folded before Flop
Seat 4: AzureCaper (big blind) collected ($2)


PokerStars Hand #157785499765:  Hold'em Limit ($3/$6 USD) - 2016/08/26 20:58:22 ET
Table 'Arrakis' 6-max Seat #4 is the button
Seat 3: FabronxRJ ($260.13 in chips)
Seat 4: AzureCaper ($73 in chips)
AzureCaper: posts small blind $1
FabronxRJ: posts big blind $3
*** HOLE CARDS ***
AzureCaper: folds
Uncalled bet ($2) returned to FabronxRJ
FabronxRJ collected $2 from pot
FabronxRJ: doesn't show hand
*** SUMMARY ***
Total pot $2 | Rake $0
Seat 3: FabronxRJ (big blind) collected ($2)
Seat 4: AzureCaper (button) (small blind) folded before Flop


PokerStars Hand #157785502017:  Hold'em Limit ($3/$6 USD) - 2016/08/26 20:58:29 ET
Table 'Arrakis' 6-max Seat #3 is the button
Seat 3: FabronxRJ ($261.13 in chips)
Seat 4: AzureCaper ($72 in chips)
FabronxRJ: posts small blind $1
AzureCaper: posts big blind $3
*** HOLE CARDS ***
FabronxRJ: folds
Uncalled bet ($2) returned to AzureCaper
AzureCaper collected $2 from pot
AzureCaper: doesn't show hand
*** SUMMARY ***
Total pot $2 | Rake $0
Seat 3: FabronxRJ (button) (small blind) folded before Flop
Seat 4: AzureCaper (big blind) collected ($2)


PokerStars Hand #157785530422:  Hold'em Limit ($3/$6 USD) - 2016/08/26 20:59:40 ET
Table 'Arrakis' 6-max Seat #4 is the button
Seat 3: FabronxRJ ($233.13 in chips)
Seat 4: AzureCaper ($99.26 in chips)
AzureCaper: posts small blind $1
FabronxRJ: posts big blind $3
*** HOLE CARDS ***
AzureCaper: folds
Uncalled bet ($2) returned to FabronxRJ
FabronxRJ collected $2 from pot
FabronxRJ: doesn't show hand
*** SUMMARY ***
Total pot $2 | Rake $0
Seat 3: FabronxRJ (big blind) collected ($2)
Seat 4: AzureCaper (button) (small blind) folded before Flop


PokerStars Hand #157785533135:  Hold'em Limit ($3/$6 USD) - 2016/08/26 20:59:48 ET
Table 'Arrakis' 6-max Seat #3 is the button
Seat 3: FabronxRJ ($234.13 in chips)
Seat 4: AzureCaper ($98.26 in chips)
FabronxRJ: posts small blind $1
AzureCaper: posts big blind $3
*** HOLE CARDS ***
FabronxRJ: raises $3 to $6
AzureCaper: calls $3
*** FLOP *** [Qc 7s 9h]
AzureCaper: checks
FabronxRJ: bets $3
AzureCaper: calls $3
*** TURN *** [Qc 7s 9h] [6c]
AzureCaper: checks
FabronxRJ: bets $6
AzureCaper: calls $6
*** RIVER *** [Qc 7s 9h 6c] [Qd]
AzureCaper: checks
FabronxRJ: bets $6
AzureCaper: folds
Uncalled bet ($6) returned to FabronxRJ
FabronxRJ collected $29.50 from pot
FabronxRJ: doesn't show hand
*** SUMMARY ***
Total pot $30 | Rake $0.50
Board [Qc 7s 9h 6c Qd]
Seat 3: FabronxRJ (button) (small blind) collected ($29.50)
Seat 4: AzureCaper (big blind) folded on the River


PokerStars Hand #157785520944:  Hold'em Limit ($3/$6 USD) - 2016/08/26 20:59:14 ET
Table 'Arrakis' 6-max Seat #3 is the button
Seat 3: FabronxRJ ($254.13 in chips)
Seat 4: AzureCaper ($78.76 in chips)
FabronxRJ: posts small blind $1
AzureCaper: posts big blind $3
*** HOLE CARDS ***
FabronxRJ: calls $2
AzureCaper: raises $3 to $6
FabronxRJ: calls $3
*** FLOP *** [Ah Qc Kc]
AzureCaper: bets $3
FabronxRJ: calls $3
*** TURN *** [Ah Qc Kc] [4s]
AzureCaper: bets $6
FabronxRJ: calls $6
*** RIVER *** [Ah Qc Kc 4s] [8c]
AzureCaper: bets $6
FabronxRJ: calls $6
*** SHOW DOWN ***
AzureCaper: shows [Td Jh] (a straight, Ten to Ace)
FabronxRJ: mucks hand
AzureCaper collected $41.50 from pot
*** SUMMARY ***
Total pot $42 | Rake $0.50
Board [Ah Qc Kc 4s 8c]
Seat 3: FabronxRJ (button) (small blind) mucked
Seat 4: AzureCaper (big blind) showed [Td Jh] and won ($41.50) with a straight, Ten to Ace


PokerStars Hand #157785541899:  Hold'em Limit ($3/$6 USD) - 2016/08/26 21:00:12 ET
Table 'Arrakis' 6-max Seat #4 is the button
Seat 3: FabronxRJ ($248.63 in chips)
Seat 4: AzureCaper ($83.26 in chips)
AzureCaper: posts small blind $1
FabronxRJ: posts big blind $3
*** HOLE CARDS ***
AzureCaper: raises $3 to $6
FabronxRJ: calls $3
*** FLOP *** [Kd 6s Tc]
FabronxRJ: checks
AzureCaper: bets $3
FabronxRJ: raises $3 to $6
AzureCaper: folds
Uncalled bet ($3) returned to FabronxRJ
FabronxRJ collected $17.64 from pot
FabronxRJ: doesn't show hand
*** SUMMARY ***
Total pot $18 | Rake $0.36
Board [Kd 6s Tc]
Seat 3: FabronxRJ (big blind) collected ($17.64)
Seat 4: AzureCaper (button) (small blind) folded on the Flop


PokerStars Hand #157785548649:  Hold'em Limit ($3/$6 USD) - 2016/08/26 21:00:30 ET
Table 'Arrakis' 6-max Seat #3 is the button
Seat 3: FabronxRJ ($257.27 in chips)
Seat 4: AzureCaper ($74.26 in chips)
FabronxRJ: posts small blind $1
AzureCaper: posts big blind $3
*** HOLE CARDS ***
FabronxRJ: raises $3 to $6
AzureCaper: calls $3
*** FLOP *** [2h 9c 2c]
AzureCaper: checks
FabronxRJ: bets $3
AzureCaper: raises $3 to $6
FabronxRJ: calls $3
*** TURN *** [2h 9c 2c] [3c]
AzureCaper: bets $6
FabronxRJ: raises $6 to $12
AzureCaper: calls $6
*** RIVER *** [2h 9c 2c 3c] [2s]
AzureCaper: checks
FabronxRJ: bets $6
AzureCaper: calls $6
*** SHOW DOWN ***
FabronxRJ: shows [Kc Ks] (a full house, Deuces full of Kings)
AzureCaper: mucks hand
FabronxRJ collected $59.50 from pot
*** SUMMARY ***
Total pot $60 | Rake $0.50
Board [2h 9c 2c 3c 2s]
Seat 3: FabronxRJ (button) (small blind) showed [Kc Ks] and won ($59.50) with a full house, Deuces full of Kings
Seat 4: AzureCaper (big blind) mucked


PokerStars Hand #157785588039:  Hold'em Limit ($3/$6 USD) - 2016/08/26 21:02:08 ET
Table 'Arrakis' 6-max Seat #3 is the button
Seat 3: FabronxRJ ($284.65 in chips)
Seat 4: AzureCaper ($73.76 in chips)
FabronxRJ: posts small blind $1
AzureCaper: posts big blind $3
*** HOLE CARDS ***
FabronxRJ: folds
Uncalled bet ($2) returned to AzureCaper
AzureCaper collected $2 from pot
AzureCaper: doesn't show hand
*** SUMMARY ***
Total pot $2 | Rake $0
Seat 3: FabronxRJ (button) (small blind) folded before Flop
Seat 4: AzureCaper (big blind) collected ($2)


PokerStars Hand #157785583210:  Hold'em Limit ($3/$6 USD) - 2016/08/26 21:01:57 ET
Table 'Arrakis' 6-max Seat #4 is the button
Seat 3: FabronxRJ ($283.65 in chips)
Seat 4: AzureCaper ($74.76 in chips)
AzureCaper: posts small blind $1
FabronxRJ: posts big blind $3
*** HOLE CARDS ***
AzureCaper: folds
Uncalled bet ($2) returned to FabronxRJ
FabronxRJ collected $2 from pot
FabronxRJ: doesn't show hand
*** SUMMARY ***
Total pot $2 | Rake $0
Seat 3: FabronxRJ (big blind) collected ($2)
Seat 4: AzureCaper (button) (small blind) folded before Flop


PokerStars Hand #157785573043:  Hold'em Limit ($3/$6 USD) - 2016/08/26 21:01:32 ET
Table 'Arrakis' 6-max Seat #3 is the button
Seat 3: FabronxRJ ($280.77 in chips)
Seat 4: AzureCaper ($77.76 in chips)
FabronxRJ: posts small blind $1
AzureCaper: posts big blind $3
*** HOLE CARDS ***
FabronxRJ: calls $2
AzureCaper: checks
*** FLOP *** [3c Tc 6s]
AzureCaper: checks
FabronxRJ: bets $3
AzureCaper: folds
Uncalled bet ($3) returned to FabronxRJ
FabronxRJ collected $5.88 from pot
FabronxRJ: doesn't show hand
*** SUMMARY ***
Total pot $6 | Rake $0.12
Board [3c Tc 6s]
Seat 3: FabronxRJ (button) (small blind) collected ($5.88)
Seat 4: AzureCaper (big blind) folded on the Flop


PokerStars Hand #157785562135:  Hold'em Limit ($3/$6 USD) - 2016/08/26 21:01:05 ET
Table 'Arrakis' 6-max Seat #4 is the button
Seat 3: FabronxRJ ($286.77 in chips)
Seat 4: AzureCaper ($72 in chips)
AzureCaper: posts small blind $1
FabronxRJ: posts big blind $3
*** HOLE CARDS ***
AzureCaper: raises $3 to $6
FabronxRJ: calls $3
*** FLOP *** [Jd 5s 9c]
FabronxRJ: checks
AzureCaper: bets $3
FabronxRJ: folds
Uncalled bet ($3) returned to AzureCaper
AzureCaper collected $11.76 from pot
AzureCaper: doesn't show hand
*** SUMMARY ***
Total pot $12 | Rake $0.24
Board [Jd 5s 9c]
Seat 3: FabronxRJ (big blind) folded on the Flop
Seat 4: AzureCaper (button) (small blind) collected ($11.76)


PokerStars Hand #157785606266:  Hold'em Limit ($3/$6 USD) - 2016/08/26 21:02:53 ET
Table 'Arrakis' 6-max Seat #4 is the button
Seat 3: FabronxRJ ($273.65 in chips)
Seat 4: AzureCaper ($84.40 in chips)
AzureCaper: posts small blind $1
FabronxRJ: posts big blind $3
*** HOLE CARDS ***
AzureCaper: raises $3 to $6
FabronxRJ: calls $3
*** FLOP *** [Qd 2s 6c]
FabronxRJ: checks
AzureCaper: bets $3
FabronxRJ: raises $3 to $6
AzureCaper: calls $3
*** TURN *** [Qd 2s 6c] [7d]
FabronxRJ: bets $6
AzureCaper: folds
Uncalled bet ($6) returned to FabronxRJ
FabronxRJ collected $23.52 from pot
FabronxRJ: doesn't show hand
*** SUMMARY ***
Total pot $24 | Rake $0.48
Board [Qd 2s 6c 7d]
Seat 3: FabronxRJ (big blind) collected ($23.52)
Seat 4: AzureCaper (button) (small blind) folded on the Turn


PokerStars Hand #157785590930:  Hold'em Limit ($3/$6 USD) - 2016/08/26 21:02:15 ET
Table 'Arrakis' 6-max Seat #4 is the button
Seat 3: FabronxRJ ($283.65 in chips)
Seat 4: AzureCaper ($74.76 in chips)
AzureCaper: posts small blind $1
FabronxRJ: posts big blind $3
*** HOLE CARDS ***
AzureCaper: raises $3 to $6
FabronxRJ: calls $3
*** FLOP *** [Ad Ah Td]
FabronxRJ: checks
AzureCaper: bets $3
FabronxRJ: calls $3
*** TURN *** [Ad Ah Td] [3s]
FabronxRJ: checks
AzureCaper: checks
*** RIVER *** [Ad Ah Td 3s] [3d]
FabronxRJ: checks
AzureCaper: checks
*** SHOW DOWN ***
FabronxRJ: shows [Js Qs] (two pair, Aces and Threes)
AzureCaper: shows [2s Ks] (two pair, Aces and Threes - King kicker)
AzureCaper collected $17.64 from pot
*** SUMMARY ***
Total pot $18 | Rake $0.36
Board [Ad Ah Td 3s 3d]
Seat 3: FabronxRJ (big blind) showed [Js Qs] and lost with two pair, Aces and Threes
Seat 4: AzureCaper (button) (small blind) showed [2s Ks] and won ($17.64) with two pair, Aces and Threes


PokerStars Hand #157785603271:  Hold'em Limit ($3/$6 USD) - 2016/08/26 21:02:46 ET
Table 'Arrakis' 6-max Seat #3 is the button
Seat 3: FabronxRJ ($274.65 in chips)
Seat 4: AzureCaper ($83.40 in chips)
FabronxRJ: posts small blind $1
AzureCaper: posts big blind $3
*** HOLE CARDS ***
FabronxRJ: folds
Uncalled bet ($2) returned to AzureCaper
AzureCaper collected $2 from pot
AzureCaper: doesn't show hand
*** SUMMARY ***
Total pot $2 | Rake $0
Seat 3: FabronxRJ (button) (small blind) folded before Flop
Seat 4: AzureCaper (big blind) collected ($2)


PokerStars Hand #157785619701:  Hold'em Limit ($3/$6 USD) - 2016/08/26 21:03:26 ET
Table 'Arrakis' 6-max Seat #3 is the button
Seat 3: FabronxRJ ($285.17 in chips)
Seat 4: AzureCaper ($72.40 in chips)
FabronxRJ: posts small blind $1
AzureCaper: posts big blind $3
*** HOLE CARDS ***
FabronxRJ: calls $2
AzureCaper: raises $3 to $6
FabronxRJ: calls $3
*** FLOP *** [Qs 8c 9h]
AzureCaper: bets $3
Holla-eller? joins the table at seat #6
FabronxRJ: folds
Uncalled bet ($3) returned to AzureCaper
AzureCaper collected $11.76 from pot
AzureCaper: doesn't show hand
*** SUMMARY ***
Total pot $12 | Rake $0.24
Board [Qs 8c 9h]
Seat 3: FabronxRJ (button) (small blind) folded on the Flop
Seat 4: AzureCaper (big blind) collected ($11.76)


PokerStars Hand #157785774623:  Hold'em Limit ($3/$6 USD) - 2016/08/26 21:09:28 ET
Table 'Arrakis' 6-max Seat #4 is the button
Seat 1: RaisemyNut$ ($120.68 in chips)
Seat 4: AzureCaper ($86.10 in chips)
AzureCaper: posts small blind $1
Holla-eller?: is sitting out
RaisemyNut$: posts big blind $3
*** HOLE CARDS ***
AzureCaper: raises $3 to $6
RaisemyNut$: calls $3
*** FLOP *** [Qs Jc 3c]
RaisemyNut$: checks
AzureCaper: bets $3
RaisemyNut$: raises $3 to $6
AzureCaper: calls $3
*** TURN *** [Qs Jc 3c] [Th]
RaisemyNut$: bets $6
AzureCaper: raises $6 to $12
RaisemyNut$: calls $6
*** RIVER *** [Qs Jc 3c Th] [8c]
RaisemyNut$: checks
AzureCaper: checks
*** SHOW DOWN ***
RaisemyNut$: shows [Qc 7d] (a pair of Queens)
AzureCaper: shows [Kd Kc] (a pair of Kings)
AzureCaper collected $47.50 from pot
*** SUMMARY ***
Total pot $48 | Rake $0.50
Board [Qs Jc 3c Th 8c]
Seat 1: RaisemyNut$ (big blind) showed [Qc 7d] and lost with a pair of Queens
Seat 4: AzureCaper (button) (small blind) showed [Kd Kc] and won ($47.50) with a pair of Kings


