PokerStars Hand #149891787142:  Hold'em Limit ($3/$6 USD) - 2016/03/05 15:35:31 ET
Table 'Arsinoe' 6-max Seat #2 is the button
Seat 2: Eklund_1891 ($118.64 in chips)
Seat 3: Mudager ($120.76 in chips)
Eklund_1891: posts small blind $1
Mudager: posts big blind $3
*** HOLE CARDS ***
Eklund_1891: raises $3 to $6
Mudager: calls $3
*** FLOP *** [9c Jc Qc]
Mudager: checks
Eklund_1891: bets $3
Mudager: folds
Uncalled bet ($3) returned to Eklund_1891
Eklund_1891 collected $11.76 from pot
Eklund_1891: doesn't show hand
*** SUMMARY ***
Total pot $12 | Rake $0.24
Board [9c Jc Qc]
Seat 2: Eklund_1891 (button) (small blind) collected ($11.76)
Seat 3: Mudager (big blind) folded on the Flop


PokerStars Hand #149891764424:  Hold'em Limit ($3/$6 USD) - 2016/03/05 15:35:07 ET
Table 'Arsinoe' 6-max Seat #3 is the button
Seat 2: Eklund_1891 ($110 in chips)
Seat 3: Mudager ($129.76 in chips)
Mudager: posts small blind $1
Eklund_1891: posts big blind $3
*** HOLE CARDS ***
Mudager: raises $3 to $6
Eklund_1891: calls $3
*** FLOP *** [4h 2c 2d]
Eklund_1891: checks
Mudager: bets $3
Eklund_1891: calls $3
*** TURN *** [4h 2c 2d] [5c]
Eklund_1891: checks
Mudager: checks
*** RIVER *** [4h 2c 2d 5c] [Kc]
Eklund_1891: bets $6
Mudager: folds
Uncalled bet ($6) returned to Eklund_1891
Eklund_1891 collected $17.64 from pot
Eklund_1891: doesn't show hand
*** SUMMARY ***
Total pot $18 | Rake $0.36
Board [4h 2c 2d 5c Kc]
Seat 2: Eklund_1891 (big blind) collected ($17.64)
Seat 3: Mudager (button) (small blind) folded on the River


PokerStars Hand #149891755430:  Hold'em Limit ($3/$6 USD) - 2016/03/05 15:34:57 ET
Table 'Arsinoe' 6-max Seat #3 is the button
Seat 2: Eklund_1891 ($110 in chips)
Seat 3: Mudager ($129.76 in chips)
Mudager: posts small blind $1
Eklund_1891: posts big blind $3
*** HOLE CARDS ***
Mudager: folds
Uncalled bet ($2) returned to Eklund_1891
Eklund_1891 collected $2 from pot
Eklund_1891: doesn't show hand
*** SUMMARY ***
Total pot $2 | Rake $0
Seat 2: Eklund_1891 (big blind) collected ($2)
Seat 3: Mudager (button) (small blind) folded before Flop


PokerStars Hand #149891737437:  Hold'em Limit ($3/$6 USD) - 2016/03/05 15:34:39 ET
Table 'Arsinoe' 6-max Seat #2 is the button
Seat 2: Eklund_1891 ($116 in chips)
Seat 3: Mudager ($124 in chips)
Eklund_1891: posts small blind $1
Mudager: posts big blind $3
*** HOLE CARDS ***
Eklund_1891: raises $3 to $6
Mudager: calls $3
*** FLOP *** [Ac 8c Jc]
Mudager: checks
Eklund_1891: checks
*** TURN *** [Ac 8c Jc] [5d]
Mudager: checks
Eklund_1891: checks
*** RIVER *** [Ac 8c Jc 5d] [2d]
Mudager: bets $6
Eklund_1891: folds
Uncalled bet ($6) returned to Mudager
Mudager collected $11.76 from pot
Mudager: doesn't show hand
*** SUMMARY ***
Total pot $12 | Rake $0.24
Board [Ac 8c Jc 5d 2d]
Seat 2: Eklund_1891 (button) (small blind) folded on the River
Seat 3: Mudager (big blind) collected ($11.76)


PokerStars Hand #149891795330:  Hold'em Limit ($3/$6 USD) - 2016/03/05 15:35:40 ET
Table 'Arsinoe' 6-max Seat #3 is the button
Seat 2: Eklund_1891 ($124.40 in chips)
Seat 3: Mudager ($120 in chips)
Mudager: posts small blind $1
Eklund_1891: posts big blind $3
*** HOLE CARDS ***
Mudager: raises $3 to $6
Eklund_1891: folds
Uncalled bet ($3) returned to Mudager
Mudager collected $6 from pot
Mudager: doesn't show hand
*** SUMMARY ***
Total pot $6 | Rake $0
Seat 2: Eklund_1891 (big blind) folded before Flop
Seat 3: Mudager (button) (small blind) collected ($6)


PokerStars Hand #149891827070:  Hold'em Limit ($3/$6 USD) - 2016/03/05 15:36:13 ET
Table 'Arsinoe' 6-max Seat #3 is the button
Seat 2: Eklund_1891 ($138.90 in chips)
Seat 3: Mudager ($120 in chips)
Mudager: posts small blind $1
Eklund_1891: posts big blind $3
*** HOLE CARDS ***
Mudager: raises $3 to $6
Eklund_1891: calls $3
*** FLOP *** [5s 8d 7c]
Eklund_1891: bets $3
Mudager: raises $3 to $6
Eklund_1891: calls $3
*** TURN *** [5s 8d 7c] [2s]
Eklund_1891: checks
Mudager: bets $6
Eklund_1891: calls $6
*** RIVER *** [5s 8d 7c 2s] [Ac]
Eklund_1891: checks
Mudager: bets $6
Eklund_1891: calls $6
*** SHOW DOWN ***
Mudager: shows [8c Ah] (two pair, Aces and Eights)
Eklund_1891: mucks hand
Mudager collected $47.50 from pot
*** SUMMARY ***
Total pot $48 | Rake $0.50
Board [5s 8d 7c 2s Ac]
Seat 2: Eklund_1891 (big blind) mucked
Seat 3: Mudager (button) (small blind) showed [8c Ah] and won ($47.50) with two pair, Aces and Eights


PokerStars Hand #149891801888:  Hold'em Limit ($3/$6 USD) - 2016/03/05 15:35:46 ET
Table 'Arsinoe' 6-max Seat #2 is the button
Seat 2: Eklund_1891 ($121.40 in chips)
Seat 3: Mudager ($123 in chips)
Eklund_1891: posts small blind $1
Mudager: posts big blind $3
*** HOLE CARDS ***
Eklund_1891: raises $3 to $6
Mudager: calls $3
*** FLOP *** [9h Td Qd]
Mudager: checks
Eklund_1891: bets $3
Mudager: raises $3 to $6
Eklund_1891: calls $3
*** TURN *** [9h Td Qd] [Ad]
Mudager: checks
Eklund_1891: bets $6
Mudager: calls $6
*** RIVER *** [9h Td Qd Ad] [Kh]
Mudager: checks
Eklund_1891: bets $6
Mudager: folds
Uncalled bet ($6) returned to Eklund_1891
Eklund_1891 collected $35.50 from pot
Eklund_1891: doesn't show hand
*** SUMMARY ***
Total pot $36 | Rake $0.50
Board [9h Td Qd Ad Kh]
Seat 2: Eklund_1891 (button) (small blind) collected ($35.50)
Seat 3: Mudager (big blind) folded on the River


PokerStars Hand #149891850685:  Hold'em Limit ($3/$6 USD) - 2016/03/05 15:36:38 ET
Table 'Arsinoe' 6-max Seat #2 is the button
Seat 2: Eklund_1891 ($114.90 in chips)
Seat 3: Mudager ($143.50 in chips)
Eklund_1891: posts small blind $1
Mudager: posts big blind $3
*** HOLE CARDS ***
Eklund_1891: folds
Uncalled bet ($2) returned to Mudager
Mudager collected $2 from pot
Mudager: doesn't show hand
*** SUMMARY ***
Total pot $2 | Rake $0
Seat 2: Eklund_1891 (button) (small blind) folded before Flop
Seat 3: Mudager (big blind) collected ($2)


PokerStars Hand #149891881390:  Hold'em Limit ($3/$6 USD) - 2016/03/05 15:37:10 ET
Table 'Arsinoe' 6-max Seat #2 is the button
Seat 2: Eklund_1891 ($137.40 in chips)
Seat 3: Mudager ($120.50 in chips)
Eklund_1891: posts small blind $1
Mudager: posts big blind $3
*** HOLE CARDS ***
Eklund_1891: raises $3 to $6
Mudager: calls $3
*** FLOP *** [4h Td 6c]
Mudager: checks
Eklund_1891: bets $3
Mudager: calls $3
*** TURN *** [4h Td 6c] [9d]
Mudager: checks
Eklund_1891: bets $6
Mudager: calls $6
*** RIVER *** [4h Td 6c 9d] [3s]
Mudager: checks
Eklund_1891: bets $6
Mudager: calls $6
*** SHOW DOWN ***
Eklund_1891: shows [9s Ad] (a pair of Nines)
Mudager: mucks hand
Eklund_1891 collected $41.50 from pot
*** SUMMARY ***
Total pot $42 | Rake $0.50
Board [4h Td 6c 9d 3s]
Seat 2: Eklund_1891 (button) (small blind) showed [9s Ad] and won ($41.50) with a pair of Nines
Seat 3: Mudager (big blind) mucked


PokerStars Hand #149891859050:  Hold'em Limit ($3/$6 USD) - 2016/03/05 15:36:47 ET
Table 'Arsinoe' 6-max Seat #3 is the button
Seat 2: Eklund_1891 ($113.90 in chips)
Seat 3: Mudager ($144.50 in chips)
Mudager: posts small blind $1
Eklund_1891: posts big blind $3
*** HOLE CARDS ***
Mudager: raises $3 to $6
Eklund_1891: raises $3 to $9
Mudager: calls $3
*** FLOP *** [3c Kh 9s]
Eklund_1891: bets $3
Mudager: calls $3
*** TURN *** [3c Kh 9s] [Jc]
Eklund_1891: bets $6
Mudager: calls $6
*** RIVER *** [3c Kh 9s Jc] [8h]
Eklund_1891: bets $6
Mudager: calls $6
*** SHOW DOWN ***
Eklund_1891: shows [Qs Ts] (a straight, Nine to King)
Mudager: mucks hand
Eklund_1891 collected $47.50 from pot
*** SUMMARY ***
Total pot $48 | Rake $0.50
Board [3c Kh 9s Jc 8h]
Seat 2: Eklund_1891 (big blind) showed [Qs Ts] and won ($47.50) with a straight, Nine to King
Seat 3: Mudager (button) (small blind) mucked


PokerStars Hand #149891927161:  Hold'em Limit ($3/$6 USD) - 2016/03/05 15:37:59 ET
Table 'Arsinoe' 6-max Seat #2 is the button
Seat 2: Eklund_1891 ($181.40 in chips)
Seat 3: Mudager ($120 in chips)
Eklund_1891: posts small blind $1
Mudager: posts big blind $3
*** HOLE CARDS ***
Eklund_1891: calls $2
Mudager: raises $3 to $6
Eklund_1891: calls $3
*** FLOP *** [8c Tc 7s]
Mudager: bets $3
Eklund_1891: calls $3
*** TURN *** [8c Tc 7s] [9h]
Mudager: bets $6
Eklund_1891: raises $6 to $12
Mudager: raises $6 to $18
Eklund_1891: raises $6 to $24
Betting is capped
Mudager: calls $6
*** RIVER *** [8c Tc 7s 9h] [Jc]
Mudager: checks
Eklund_1891: checks
*** SHOW DOWN ***
Mudager: shows [Jh 9s] (a straight, Seven to Jack)
Eklund_1891: shows [6s 2s] (a straight, Seven to Jack)
Mudager collected $32.75 from pot
Eklund_1891 collected $32.75 from pot
*** SUMMARY ***
Total pot $66 | Rake $0.50
Board [8c Tc 7s 9h Jc]
Seat 2: Eklund_1891 (button) (small blind) showed [6s 2s] and won ($32.75) with a straight, Seven to Jack
Seat 3: Mudager (big blind) showed [Jh 9s] and won ($32.75) with a straight, Seven to Jack


PokerStars Hand #149891907063:  Hold'em Limit ($3/$6 USD) - 2016/03/05 15:37:37 ET
Table 'Arsinoe' 6-max Seat #3 is the button
Seat 2: Eklund_1891 ($157.90 in chips)
Seat 3: Mudager ($120 in chips)
Mudager: posts small blind $1
Eklund_1891: posts big blind $3
*** HOLE CARDS ***
Mudager: raises $3 to $6
Eklund_1891: calls $3
*** FLOP *** [Js Jc 9h]
Eklund_1891: checks
Mudager: bets $3
Eklund_1891: raises $3 to $6
Mudager: calls $3
*** TURN *** [Js Jc 9h] [Qd]
Eklund_1891: bets $6
Mudager: calls $6
*** RIVER *** [Js Jc 9h Qd] [8d]
Eklund_1891: bets $6
Mudager: calls $6
*** SHOW DOWN ***
Eklund_1891: shows [Jd 8c] (a full house, Jacks full of Eights)
Mudager: mucks hand
Eklund_1891 collected $47.50 from pot
*** SUMMARY ***
Total pot $48 | Rake $0.50
Board [Js Jc 9h Qd 8d]
Seat 2: Eklund_1891 (big blind) showed [Jd 8c] and won ($47.50) with a full house, Jacks full of Eights
Seat 3: Mudager (button) (small blind) mucked


PokerStars Hand #149891987410:  Hold'em Limit ($3/$6 USD) - 2016/03/05 15:39:02 ET
Table 'Arsinoe' 6-max Seat #3 is the button
Seat 2: Eklund_1891 ($215.65 in chips)
Seat 3: Mudager ($121 in chips)
Mudager: posts small blind $1
Eklund_1891: posts big blind $3
*** HOLE CARDS ***
Mudager: raises $3 to $6
Eklund_1891: calls $3
*** FLOP *** [Qs Ah 2c]
Eklund_1891: bets $3
Mudager: calls $3
*** TURN *** [Qs Ah 2c] [Ks]
Eklund_1891: bets $6
Mudager: calls $6
*** RIVER *** [Qs Ah 2c Ks] [Qc]
Eklund_1891: bets $6
Mudager: calls $6
*** SHOW DOWN ***
Eklund_1891: shows [6h As] (two pair, Aces and Queens)
Mudager: shows [Ac Jd] (two pair, Aces and Queens)
Eklund_1891 collected $20.75 from pot
Mudager collected $20.75 from pot
*** SUMMARY ***
Total pot $42 | Rake $0.50
Board [Qs Ah 2c Ks Qc]
Seat 2: Eklund_1891 (big blind) showed [6h As] and won ($20.75) with two pair, Aces and Queens
Seat 3: Mudager (button) (small blind) showed [Ac Jd] and won ($20.75) with two pair, Aces and Queens


PokerStars Hand #149891959726:  Hold'em Limit ($3/$6 USD) - 2016/03/05 15:38:33 ET
Table 'Arsinoe' 6-max Seat #3 is the button
Seat 2: Eklund_1891 ($181.15 in chips)
Seat 3: Mudager ($120 in chips)
Mudager: posts small blind $1
Eklund_1891: posts big blind $3
*** HOLE CARDS ***
Mudager: raises $3 to $6
Eklund_1891: raises $3 to $9
Mudager: calls $3
*** FLOP *** [9d 2s 4s]
Eklund_1891: bets $3
Mudager: calls $3
*** TURN *** [9d 2s 4s] [9s]
Eklund_1891: bets $6
Mudager: raises $6 to $12
Eklund_1891: raises $6 to $18
Mudager: calls $6
*** RIVER *** [9d 2s 4s 9s] [6d]
Eklund_1891: bets $6
Mudager: calls $6
*** SHOW DOWN ***
Eklund_1891: shows [Ac 9h] (three of a kind, Nines)
Mudager: mucks hand
Eklund_1891 collected $71.50 from pot
*** SUMMARY ***
Total pot $72 | Rake $0.50
Board [9d 2s 4s 9s 6d]
Seat 2: Eklund_1891 (big blind) showed [Ac 9h] and won ($71.50) with three of a kind, Nines
Seat 3: Mudager (button) (small blind) mucked


PokerStars Hand #149892008903:  Hold'em Limit ($3/$6 USD) - 2016/03/05 15:39:25 ET
Table 'Arsinoe' 6-max Seat #2 is the button
Seat 2: Eklund_1891 ($215.40 in chips)
Seat 3: Mudager ($120.75 in chips)
Eklund_1891: posts small blind $1
Mudager: posts big blind $3
*** HOLE CARDS ***
Eklund_1891: calls $2
Mudager: checks
*** FLOP *** [2h 8c 9s]
Eklund_1891 is disconnected
Mudager: bets $3
Eklund_1891 has timed out while disconnected
Eklund_1891: folds
Uncalled bet ($3) returned to Mudager
Mudager collected $5.88 from pot
Mudager: doesn't show hand
*** SUMMARY ***
Total pot $6 | Rake $0.12
Board [2h 8c 9s]
Seat 2: Eklund_1891 (button) (small blind) folded on the Flop
Seat 3: Mudager (big blind) collected ($5.88)


PokerStars Hand #149892098799:  Hold'em Limit ($3/$6 USD) - 2016/03/05 15:41:01 ET
Table 'Arsinoe' 6-max Seat #3 is the button
Seat 2: Eklund_1891 ($212.40 in chips)
Seat 3: ValeryRon ($96 in chips)
ValeryRon: posts small blind $1
Eklund_1891 is connected
Eklund_1891: posts big blind $3
*** HOLE CARDS ***
ValeryRon: raises $3 to $6
Eklund_1891: calls $3
*** FLOP *** [7d 9s Kd]
Eklund_1891: bets $3
ValeryRon: folds
Uncalled bet ($3) returned to Eklund_1891
Eklund_1891 collected $11.76 from pot
Eklund_1891: doesn't show hand
*** SUMMARY ***
Total pot $12 | Rake $0.24
Board [7d 9s Kd]
Seat 2: Eklund_1891 (big blind) collected ($11.76)
Seat 3: ValeryRon (button) (small blind) folded on the Flop


PokerStars Hand #149892117388:  Hold'em Limit ($3/$6 USD) - 2016/03/05 15:41:20 ET
Table 'Arsinoe' 6-max Seat #2 is the button
Seat 2: Eklund_1891 ($218.16 in chips)
Seat 3: ValeryRon ($90 in chips)
Eklund_1891: posts small blind $1
ValeryRon: posts big blind $3
*** HOLE CARDS ***
Eklund_1891: folds
Uncalled bet ($2) returned to ValeryRon
ValeryRon collected $2 from pot
*** SUMMARY ***
Total pot $2 | Rake $0
Seat 2: Eklund_1891 (button) (small blind) folded before Flop
Seat 3: ValeryRon (big blind) collected ($2)


PokerStars Hand #149892152051:  Hold'em Limit ($3/$6 USD) - 2016/03/05 15:41:57 ET
Table 'Arsinoe' 6-max Seat #2 is the button
Seat 2: Eklund_1891 ($202.16 in chips)
Seat 3: ValeryRon ($105.50 in chips)
Eklund_1891: posts small blind $1
ValeryRon: posts big blind $3
*** HOLE CARDS ***
Eklund_1891: raises $3 to $6
ValeryRon: calls $3
*** FLOP *** [Ts Jh 5h]
ValeryRon: bets $3
Eklund_1891: calls $3
*** TURN *** [Ts Jh 5h] [7s]
ValeryRon: bets $6
Eklund_1891: calls $6
*** RIVER *** [Ts Jh 5h 7s] [4s]
ValeryRon: bets $6
Eklund_1891: calls $6
*** SHOW DOWN ***
ValeryRon: shows [3d Jc] (a pair of Jacks)
Eklund_1891: mucks hand
ValeryRon collected $41.50 from pot
*** SUMMARY ***
Total pot $42 | Rake $0.50
Board [Ts Jh 5h 7s 4s]
Seat 2: Eklund_1891 (button) (small blind) mucked
Seat 3: ValeryRon (big blind) showed [3d Jc] and won ($41.50) with a pair of Jacks


PokerStars Hand #149892121418:  Hold'em Limit ($3/$6 USD) - 2016/03/05 15:41:25 ET
Table 'Arsinoe' 6-max Seat #3 is the button
Seat 2: Eklund_1891 ($217.16 in chips)
Seat 3: ValeryRon ($91 in chips)
ValeryRon: posts small blind $1
Eklund_1891: posts big blind $3
*** HOLE CARDS ***
ValeryRon: raises $3 to $6
Eklund_1891: calls $3
*** FLOP *** [5c 3c Ks]
Eklund_1891: bets $3
ValeryRon: calls $3
*** TURN *** [5c 3c Ks] [As]
Eklund_1891: bets $6
ValeryRon: calls $6
*** RIVER *** [5c 3c Ks As] [7h]
Eklund_1891: checks
ValeryRon: bets $6
Eklund_1891: folds
Uncalled bet ($6) returned to ValeryRon
ValeryRon collected $29.50 from pot
*** SUMMARY ***
Total pot $30 | Rake $0.50
Board [5c 3c Ks As 7h]
Seat 2: Eklund_1891 (big blind) folded on the River
Seat 3: ValeryRon (button) (small blind) collected ($29.50)


PokerStars Hand #149892172082:  Hold'em Limit ($3/$6 USD) - 2016/03/05 15:42:18 ET
Table 'Arsinoe' 6-max Seat #3 is the button
Seat 2: Eklund_1891 ($181.16 in chips)
Seat 3: ValeryRon ($126 in chips)
ValeryRon: posts small blind $1
Eklund_1891: posts big blind $3
*** HOLE CARDS ***
ValeryRon: raises $3 to $6
Eklund_1891: calls $3
*** FLOP *** [Td Kc 4s]
Eklund_1891: bets $3
ValeryRon: calls $3
*** TURN *** [Td Kc 4s] [6s]
Eklund_1891: bets $6
ValeryRon: calls $6
*** RIVER *** [Td Kc 4s 6s] [3c]
Eklund_1891: checks
ValeryRon: checks
*** SHOW DOWN ***
Eklund_1891: shows [6d Jc] (a pair of Sixes)
ValeryRon: shows [Ac 6h] (a pair of Sixes - Ace kicker)
ValeryRon collected $29.50 from pot
*** SUMMARY ***
Total pot $30 | Rake $0.50
Board [Td Kc 4s 6s 3c]
Seat 2: Eklund_1891 (big blind) showed [6d Jc] and lost with a pair of Sixes
Seat 3: ValeryRon (button) (small blind) showed [Ac 6h] and won ($29.50) with a pair of Sixes


PokerStars Hand #149892204694:  Hold'em Limit ($3/$6 USD) - 2016/03/05 15:42:53 ET
Table 'Arsinoe' 6-max Seat #3 is the button
Seat 2: Eklund_1891 ($171.92 in chips)
Seat 3: ValeryRon ($134.50 in chips)
ValeryRon: posts small blind $1
Eklund_1891: posts big blind $3
*** HOLE CARDS ***
ValeryRon: raises $3 to $6
Eklund_1891: folds
Uncalled bet ($3) returned to ValeryRon
ValeryRon collected $6 from pot
*** SUMMARY ***
Total pot $6 | Rake $0
Seat 2: Eklund_1891 (big blind) folded before Flop
Seat 3: ValeryRon (button) (small blind) collected ($6)


PokerStars Hand #149892194215:  Hold'em Limit ($3/$6 USD) - 2016/03/05 15:42:42 ET
Table 'Arsinoe' 6-max Seat #2 is the button
Seat 2: Eklund_1891 ($166.16 in chips)
Seat 3: ValeryRon ($140.50 in chips)
Eklund_1891: posts small blind $1
ValeryRon: posts big blind $3
*** HOLE CARDS ***
Eklund_1891: raises $3 to $6
ValeryRon: calls $3
*** FLOP *** [Tc Jc 2d]
ValeryRon: checks
Eklund_1891: bets $3
ValeryRon: folds
Uncalled bet ($3) returned to Eklund_1891
Eklund_1891 collected $11.76 from pot
Eklund_1891: doesn't show hand
*** SUMMARY ***
Total pot $12 | Rake $0.24
Board [Tc Jc 2d]
Seat 2: Eklund_1891 (button) (small blind) collected ($11.76)
Seat 3: ValeryRon (big blind) folded on the Flop


PokerStars Hand #149892211336:  Hold'em Limit ($3/$6 USD) - 2016/03/05 15:43:00 ET
Table 'Arsinoe' 6-max Seat #2 is the button
Seat 2: Eklund_1891 ($168.92 in chips)
Seat 3: ValeryRon ($137.50 in chips)
Eklund_1891: posts small blind $1
ValeryRon: posts big blind $3
*** HOLE CARDS ***
Eklund_1891: calls $2
ValeryRon: raises $3 to $6
Eklund_1891: calls $3
*** FLOP *** [8d 6s 2h]
ValeryRon: bets $3
Eklund_1891: calls $3
*** TURN *** [8d 6s 2h] [5c]
ValeryRon: bets $6
Eklund_1891: calls $6
*** RIVER *** [8d 6s 2h 5c] [Qs]
ValeryRon: bets $6
Eklund_1891: folds
Uncalled bet ($6) returned to ValeryRon
ValeryRon collected $29.50 from pot
*** SUMMARY ***
Total pot $30 | Rake $0.50
Board [8d 6s 2h 5c Qs]
Seat 2: Eklund_1891 (button) (small blind) folded on the River
Seat 3: ValeryRon (big blind) collected ($29.50)


PokerStars Hand #149892284244:  Hold'em Limit ($3/$6 USD) - 2016/03/05 15:44:18 ET
Table 'Arsinoe' 6-max Seat #3 is the button
Seat 2: Eklund_1891 ($162.42 in chips)
Seat 3: ValeryRon ($142.64 in chips)
ValeryRon: posts small blind $1
Eklund_1891: posts big blind $3
*** HOLE CARDS ***
ValeryRon: raises $3 to $6
Eklund_1891: folds
Uncalled bet ($3) returned to ValeryRon
ValeryRon collected $6 from pot
*** SUMMARY ***
Total pot $6 | Rake $0
Seat 2: Eklund_1891 (big blind) folded before Flop
Seat 3: ValeryRon (button) (small blind) collected ($6)


PokerStars Hand #149892258281:  Hold'em Limit ($3/$6 USD) - 2016/03/05 15:43:51 ET
Table 'Arsinoe' 6-max Seat #2 is the button
Seat 2: Eklund_1891 ($144.92 in chips)
Seat 3: ValeryRon ($160.64 in chips)
Eklund_1891: posts small blind $1
ValeryRon: posts big blind $3
*** HOLE CARDS ***
Eklund_1891: raises $3 to $6
ValeryRon: calls $3
*** FLOP *** [6c 8s 6s]
ValeryRon: bets $3
Eklund_1891: raises $3 to $6
ValeryRon: calls $3
*** TURN *** [6c 8s 6s] [9d]
ValeryRon: checks
Eklund_1891: bets $6
ValeryRon: calls $6
*** RIVER *** [6c 8s 6s 9d] [4s]
ValeryRon: checks
Eklund_1891: checks
*** SHOW DOWN ***
ValeryRon: shows [7s 8h] (two pair, Eights and Sixes)
Eklund_1891: shows [Js 9c] (two pair, Nines and Sixes)
Eklund_1891 collected $35.50 from pot
*** SUMMARY ***
Total pot $36 | Rake $0.50
Board [6c 8s 6s 9d 4s]
Seat 2: Eklund_1891 (button) (small blind) showed [Js 9c] and won ($35.50) with two pair, Nines and Sixes
Seat 3: ValeryRon (big blind) showed [7s 8h] and lost with two pair, Eights and Sixes


PokerStars Hand #149892291696:  Hold'em Limit ($3/$6 USD) - 2016/03/05 15:44:26 ET
Table 'Arsinoe' 6-max Seat #2 is the button
Seat 2: Eklund_1891 ($159.42 in chips)
Seat 3: ValeryRon ($145.64 in chips)
Eklund_1891: posts small blind $1
ValeryRon: posts big blind $3
*** HOLE CARDS ***
Eklund_1891: raises $3 to $6
ValeryRon: calls $3
*** FLOP *** [2c 8c Ac]
ValeryRon: bets $3
Eklund_1891: calls $3
*** TURN *** [2c 8c Ac] [4c]
ValeryRon: bets $6
Eklund_1891: raises $6 to $12
ValeryRon: calls $6
*** RIVER *** [2c 8c Ac 4c] [8d]
ValeryRon: checks
Eklund_1891: bets $6
ValeryRon: calls $6
*** SHOW DOWN ***
Eklund_1891: shows [Kc 7d] (a flush, Ace high)
ValeryRon: mucks hand
Eklund_1891 collected $53.50 from pot
7 Huligan 7 joins the table at seat #4
*** SUMMARY ***
Total pot $54 | Rake $0.50
Board [2c 8c Ac 4c 8d]
Seat 2: Eklund_1891 (button) (small blind) showed [Kc 7d] and won ($53.50) with a flush, Ace high
Seat 3: ValeryRon (big blind) mucked


PokerStars Hand #149892412254:  Hold'em Limit ($3/$6 USD) - 2016/03/05 15:46:34 ET
Table 'Arsinoe' 6-max Seat #3 is the button
Seat 2: Eklund_1891 ($196.63 in chips)
Seat 3: ValeryRon ($134.69 in chips)
ValeryRon: posts small blind $1
Eklund_1891: posts big blind $3
*** HOLE CARDS ***
ValeryRon: raises $3 to $6
Eklund_1891: raises $3 to $9
ValeryRon: calls $3
*** FLOP *** [5d Kc 8s]
Eklund_1891: bets $3
ValeryRon: calls $3
*** TURN *** [5d Kc 8s] [Ts]
Eklund_1891: bets $6
ValeryRon: folds
Uncalled bet ($6) returned to Eklund_1891
Eklund_1891 collected $23.52 from pot
Eklund_1891: doesn't show hand
*** SUMMARY ***
Total pot $24 | Rake $0.48
Board [5d Kc 8s Ts]
Seat 2: Eklund_1891 (big blind) collected ($23.52)
Seat 3: ValeryRon (button) (small blind) folded on the Turn


PokerStars Hand #149892429032:  Hold'em Limit ($3/$6 USD) - 2016/03/05 15:46:51 ET
Table 'Arsinoe' 6-max Seat #2 is the button
Seat 2: Eklund_1891 ($208.15 in chips)
Seat 3: ValeryRon ($122.69 in chips)
Eklund_1891: posts small blind $1
ValeryRon: posts big blind $3
*** HOLE CARDS ***
Eklund_1891: raises $3 to $6
ValeryRon: raises $3 to $9
Eklund_1891: raises $3 to $12
Betting is capped
ValeryRon: calls $3
*** FLOP *** [As 5d 2s]
ValeryRon: checks
Eklund_1891: bets $3
ValeryRon: calls $3
*** TURN *** [As 5d 2s] [Ts]
ValeryRon: checks
Eklund_1891: checks
*** RIVER *** [As 5d 2s Ts] [Kc]
ValeryRon: bets $6
Eklund_1891: folds
Uncalled bet ($6) returned to ValeryRon
ValeryRon collected $29.50 from pot
*** SUMMARY ***
Total pot $30 | Rake $0.50
Board [As 5d 2s Ts Kc]
Seat 2: Eklund_1891 (button) (small blind) folded on the River
Seat 3: ValeryRon (big blind) collected ($29.50)


