PokerStars Hand #162972667988:  Hold'em Limit ($3/$6 USD) - 2016/12/15 5:45:43 ET
Table 'Arsinoe' 6-max Seat #1 is the button
Seat 1: Ale4o ($120 in chips)
Seat 6: ManuelSikora ($46.04 in chips)
Agrotait has timed out
Agrotait: is sitting out
Ale4o: posts small blind $1
ManuelSikora: posts big blind $3
*** HOLE CARDS ***
Ale4o: raises $3 to $6
ManuelSikora: calls $3
*** FLOP *** [4s Kc Tc]
ManuelSikora: checks
Ale4o: bets $3
ToDaFelt joins the table at seat #2
ManuelSikora: folds
Uncalled bet ($3) returned to Ale4o
Ale4o collected $11.76 from pot
Ale4o: doesn't show hand
*** SUMMARY ***
Total pot $12 | Rake $0.24
Board [4s Kc Tc]
Seat 1: Ale4o (button) (small blind) collected ($11.76)
Seat 6: ManuelSikora (big blind) folded on the Flop


PokerStars Hand #162972679375:  Hold'em Limit ($3/$6 USD) - 2016/12/15 5:46:10 ET
Table 'Arsinoe' 6-max Seat #6 is the button
Seat 1: Ale4o ($125.76 in chips)
Seat 6: ManuelSikora ($40.04 in chips)
ManuelSikora: posts small blind $1
Ale4o: posts big blind $3
*** HOLE CARDS ***
ManuelSikora: raises $3 to $6
Ale4o: calls $3
*** FLOP *** [3h 5h 3s]
Ale4o: bets $3
ManuelSikora: raises $3 to $6
Ale4o: raises $3 to $9
ManuelSikora: raises $3 to $12
Betting is capped
Ale4o: calls $3
*** TURN *** [3h 5h 3s] [Ah]
Ale4o: checks
ManuelSikora: bets $6
Ale4o: calls $6
*** RIVER *** [3h 5h 3s Ah] [9c]
Ale4o: checks
ManuelSikora: checks
*** SHOW DOWN ***
Ale4o: shows [Kh 5s] (two pair, Fives and Threes)
ManuelSikora: shows [5d Jd] (two pair, Fives and Threes)
Ale4o collected $23.75 from pot
ManuelSikora collected $23.75 from pot
*** SUMMARY ***
Total pot $48 | Rake $0.50
Board [3h 5h 3s Ah 9c]
Seat 1: Ale4o (big blind) showed [Kh 5s] and won ($23.75) with two pair, Fives and Threes
Seat 6: ManuelSikora (button) (small blind) showed [5d Jd] and won ($23.75) with two pair, Fives and Threes


