PokerStars Hand #157041632732:  Hold'em Limit ($3/$6 USD) - 2016/08/08 20:00:55 ET
Table 'Arsinoe' 6-max Seat #1 is the button
Seat 1: F1l1p3 ($56.70 in chips)
Seat 3: RaisemyNut$ ($72.65 in chips)
F1l1p3: posts small blind $1
RaisemyNut$: posts big blind $3
*** HOLE CARDS ***
F1l1p3: folds
Uncalled bet ($2) returned to RaisemyNut$
RaisemyNut$ collected $2 from pot
RaisemyNut$: doesn't show hand
*** SUMMARY ***
Total pot $2 | Rake $0
Seat 1: F1l1p3 (button) (small blind) folded before Flop
Seat 3: RaisemyNut$ (big blind) collected ($2)


PokerStars Hand #157041624983:  Hold'em Limit ($3/$6 USD) - 2016/08/08 20:00:37 ET
Table 'Arsinoe' 6-max Seat #3 is the button
Seat 1: F1l1p3 ($59.70 in chips)
Seat 3: RaisemyNut$ ($69.65 in chips)
RaisemyNut$: posts small blind $1
Hannibal2211: is sitting out
F1l1p3: posts big blind $3
*** HOLE CARDS ***
RaisemyNut$: raises $3 to $6
F1l1p3: folds
Uncalled bet ($3) returned to RaisemyNut$
RaisemyNut$ collected $6 from pot
RaisemyNut$: doesn't show hand
*** SUMMARY ***
Total pot $6 | Rake $0
Seat 1: F1l1p3 (big blind) folded before Flop
Seat 3: RaisemyNut$ (button) (small blind) collected ($6)


PokerStars Hand #157041652377:  Hold'em Limit ($3/$6 USD) - 2016/08/08 20:01:37 ET
Table 'Arsinoe' 6-max Seat #3 is the button
Seat 1: F1l1p3 ($32.70 in chips)
Seat 3: RaisemyNut$ ($96.15 in chips)
RaisemyNut$: posts small blind $1
F1l1p3: posts big blind $3
*** HOLE CARDS ***
RaisemyNut$: folds
Uncalled bet ($2) returned to F1l1p3
F1l1p3 collected $2 from pot
*** SUMMARY ***
Total pot $2 | Rake $0
Seat 1: F1l1p3 (big blind) collected ($2)
Seat 3: RaisemyNut$ (button) (small blind) folded before Flop


PokerStars Hand #157041637511:  Hold'em Limit ($3/$6 USD) - 2016/08/08 20:01:05 ET
Table 'Arsinoe' 6-max Seat #1 is the button
Seat 1: F1l1p3 ($56.70 in chips)
Seat 3: RaisemyNut$ ($72.65 in chips)
F1l1p3: posts small blind $1
RaisemyNut$: posts big blind $3
*** HOLE CARDS ***
F1l1p3: raises $3 to $6
RaisemyNut$: raises $3 to $9
F1l1p3: calls $3
*** FLOP *** [Jh Jc Kc]
RaisemyNut$: checks
F1l1p3: bets $3
Hannibal2211 joins the table at seat #2
RaisemyNut$: calls $3
*** TURN *** [Jh Jc Kc] [6h]
RaisemyNut$: checks
F1l1p3: bets $6
RaisemyNut$: calls $6
*** RIVER *** [Jh Jc Kc 6h] [Ks]
RaisemyNut$: checks
F1l1p3: bets $6
RaisemyNut$: calls $6
*** SHOW DOWN ***
F1l1p3: shows [4c 8c] (two pair, Kings and Jacks)
RaisemyNut$: shows [Ah Ts] (two pair, Kings and Jacks - Ace kicker)
RaisemyNut$ collected $47.50 from pot
*** SUMMARY ***
Total pot $48 | Rake $0.50
Board [Jh Jc Kc 6h Ks]
Seat 1: F1l1p3 (button) (small blind) showed [4c 8c] and lost with two pair, Kings and Jacks
Seat 3: RaisemyNut$ (big blind) showed [Ah Ts] and won ($47.50) with two pair, Kings and Jacks


PokerStars Hand #157041634700:  Hold'em Limit ($3/$6 USD) - 2016/08/08 20:00:59 ET
Table 'Arsinoe' 6-max Seat #3 is the button
Seat 1: F1l1p3 ($55.70 in chips)
Seat 3: RaisemyNut$ ($73.65 in chips)
RaisemyNut$: posts small blind $1
F1l1p3: posts big blind $3
*** HOLE CARDS ***
RaisemyNut$: folds
Uncalled bet ($2) returned to F1l1p3
Hannibal2211 leaves the table
F1l1p3 collected $2 from pot
*** SUMMARY ***
Total pot $2 | Rake $0
Seat 1: F1l1p3 (big blind) collected ($2)
Seat 3: RaisemyNut$ (button) (small blind) folded before Flop


PokerStars Hand #157041716833:  Hold'em Limit ($3/$6 USD) - 2016/08/08 20:03:51 ET
Table 'Arsinoe' 6-max Seat #3 is the button
Seat 2: Hannibal2211 ($101.90 in chips)
Seat 3: RaisemyNut$ ($107.47 in chips)
RaisemyNut$: posts small blind $1
Hannibal2211: posts big blind $3
*** HOLE CARDS ***
RaisemyNut$: raises $3 to $6
F1l1p3 leaves the table
Hannibal2211: calls $3
*** FLOP *** [5h 5c Ks]
Hannibal2211: checks
RaisemyNut$: bets $3
Hannibal2211: folds
Uncalled bet ($3) returned to RaisemyNut$
RaisemyNut$ collected $11.76 from pot
RaisemyNut$: doesn't show hand
*** SUMMARY ***
Total pot $12 | Rake $0.24
Board [5h 5c Ks]
Seat 2: Hannibal2211 (big blind) folded on the Flop
Seat 3: RaisemyNut$ (button) (small blind) collected ($11.76)


PokerStars Hand #157041727485:  Hold'em Limit ($3/$6 USD) - 2016/08/08 20:04:13 ET
Table 'Arsinoe' 6-max Seat #2 is the button
Seat 2: Hannibal2211 ($95.90 in chips)
Seat 3: RaisemyNut$ ($113.23 in chips)
Hannibal2211: posts small blind $1
RaisemyNut$: posts big blind $3
*** HOLE CARDS ***
Hannibal2211: raises $3 to $6
RaisemyNut$: raises $3 to $9
Hannibal2211: raises $3 to $12
Betting is capped
RaisemyNut$: calls $3
*** FLOP *** [4c 4h 8d]
RaisemyNut$: checks
Hannibal2211: bets $3
RaisemyNut$: calls $3
*** TURN *** [4c 4h 8d] [Ac]
RaisemyNut$: checks
Hannibal2211: bets $6
RaisemyNut$: calls $6
*** RIVER *** [4c 4h 8d Ac] [Kd]
RaisemyNut$: checks
Hannibal2211: bets $6
RaisemyNut$: folds
Uncalled bet ($6) returned to Hannibal2211
Hannibal2211 collected $41.50 from pot
*** SUMMARY ***
Total pot $42 | Rake $0.50
Board [4c 4h 8d Ac Kd]
Seat 2: Hannibal2211 (button) (small blind) collected ($41.50)
Seat 3: RaisemyNut$ (big blind) folded on the River


PokerStars Hand #157043019262:  Hold'em Limit ($3/$6 USD) - 2016/08/08 20:52:10 ET
Table 'Arsinoe' 6-max Seat #1 is the button
Seat 1: Chessnok ($120 in chips)
Seat 2: Brama Br ($120 in chips)
Chessnok: posts small blind $1
Brama Br: posts big blind $3
*** HOLE CARDS ***
Chessnok: raises $3 to $6
Brama Br: calls $3
*** FLOP *** [Kh 4c Qc]
Brama Br: checks
Chessnok: bets $3
Brama Br: calls $3
*** TURN *** [Kh 4c Qc] [Jc]
Brama Br: checks
Chessnok: checks
*** RIVER *** [Kh 4c Qc Jc] [4h]
Brama Br: bets $6
Chessnok: calls $6
*** SHOW DOWN ***
Brama Br: shows [3c 5c] (a flush, Queen high)
Chessnok: mucks hand
Brama Br collected $29.50 from pot
*** SUMMARY ***
Total pot $30 | Rake $0.50
Board [Kh 4c Qc Jc 4h]
Seat 1: Chessnok (button) (small blind) mucked
Seat 2: Brama Br (big blind) showed [3c 5c] and won ($29.50) with a flush, Queen high


PokerStars Hand #157043029112:  Hold'em Limit ($3/$6 USD) - 2016/08/08 20:52:34 ET
Table 'Arsinoe' 6-max Seat #2 is the button
Seat 1: Chessnok ($105 in chips)
Seat 2: Brama Br ($134.50 in chips)
Brama Br: posts small blind $1
Chessnok: posts big blind $3
*** HOLE CARDS ***
Brama Br: raises $3 to $6
MissEKAmouse joins the table at seat #3
Chessnok: calls $3
*** FLOP *** [3c 8h Kd]
Chessnok: checks
Brama Br: bets $3
Chessnok: folds
Uncalled bet ($3) returned to Brama Br
Brama Br collected $11.76 from pot
Brama Br: doesn't show hand
*** SUMMARY ***
Total pot $12 | Rake $0.24
Board [3c 8h Kd]
Seat 1: Chessnok (big blind) folded on the Flop
Seat 2: Brama Br (button) (small blind) collected ($11.76)


PokerStars Hand #157043033741:  Hold'em Limit ($3/$6 USD) - 2016/08/08 20:52:45 ET
Table 'Arsinoe' 6-max Seat #1 is the button
Seat 1: Chessnok ($99 in chips)
Seat 2: Brama Br ($140.26 in chips)
Chessnok: posts small blind $1
Brama Br: posts big blind $3
*** HOLE CARDS ***
Chessnok: raises $3 to $6
Brama Br: raises $3 to $9
Chessnok: calls $3
*** FLOP *** [4h Jc Qc]
B_loJkl joins the table at seat #4
Brama Br: bets $3
Chessnok: calls $3
*** TURN *** [4h Jc Qc] [8c]
Brama Br: bets $6
Chessnok: calls $6
*** RIVER *** [4h Jc Qc 8c] [9s]
Brama Br: checks
Chessnok: checks
*** SHOW DOWN ***
Brama Br: shows [Ad Qh] (a pair of Queens)
Chessnok: mucks hand
Brama Br collected $35.50 from pot
*** SUMMARY ***
Total pot $36 | Rake $0.50
Board [4h Jc Qc 8c 9s]
Seat 1: Chessnok (button) (small blind) mucked
Seat 2: Brama Br (big blind) showed [Ad Qh] and won ($35.50) with a pair of Queens


PokerStars Hand #157044060069:  Hold'em Limit ($3/$6 USD) - 2016/08/08 21:36:42 ET
Table 'Arsinoe' 6-max Seat #6 is the button
Seat 5: RJF1943 ($287.50 in chips)
Seat 6: Necromadx ($149.17 in chips)
Necromadx: posts small blind $1
Chessnok: is sitting out
RJF1943: posts big blind $3
*** HOLE CARDS ***
Chessnok leaves the table
Necromadx: raises $3 to $6
RJF1943: calls $3
*** FLOP *** [Jd 7d 7c]
RJF1943: checks
Necromadx: bets $3
Brama Br leaves the table
RJF1943: folds
Uncalled bet ($3) returned to Necromadx
Necromadx collected $11.76 from pot
Necromadx: doesn't show hand
*** SUMMARY ***
Total pot $12 | Rake $0.24
Board [Jd 7d 7c]
Seat 5: RJF1943 (big blind) folded on the Flop
Seat 6: Necromadx (button) (small blind) collected ($11.76)


PokerStars Hand #157044064851:  Hold'em Limit ($3/$6 USD) - 2016/08/08 21:36:55 ET
Table 'Arsinoe' 6-max Seat #5 is the button
Seat 5: RJF1943 ($281.50 in chips)
Seat 6: Necromadx ($154.93 in chips)
RJF1943: posts small blind $1
Necromadx: posts big blind $3
*** HOLE CARDS ***
RJF1943: raises $3 to $6
Necromadx: calls $3
*** FLOP *** [7d Jh Jd]
Necromadx: checks
RJF1943: bets $3
Necromadx: raises $3 to $6
RJF1943: calls $3
*** TURN *** [7d Jh Jd] [Ks]
Necromadx: bets $6
RJF1943: calls $6
*** RIVER *** [7d Jh Jd Ks] [5d]
Necromadx: bets $6
RJF1943: calls $6
*** SHOW DOWN ***
Necromadx: shows [Td 8s] (a pair of Jacks)
RJF1943: shows [As 2d] (a pair of Jacks - Ace kicker)
RJF1943 collected $47.50 from pot
*** SUMMARY ***
Total pot $48 | Rake $0.50
Board [7d Jh Jd Ks 5d]
Seat 5: RJF1943 (button) (small blind) showed [As 2d] and won ($47.50) with a pair of Jacks
Seat 6: Necromadx (big blind) showed [Td 8s] and lost with a pair of Jacks


