PokerStars Hand #158558144070:  Hold'em Limit ($3/$6 USD) - 2016/09/13 14:14:41 ET
Table 'Arsinoe' 6-max Seat #3 is the button
Seat 3: danholthe ($28 in chips)
Seat 5: GoliafUa ($131.64 in chips)
danholthe: posts small blind $1
GoliafUa: posts big blind $3
*** HOLE CARDS ***
danholthe: raises $3 to $6
GoliafUa: raises $3 to $9
danholthe: calls $3
*** FLOP *** [Qh Qc 3h]
GoliafUa: bets $3
danholthe: calls $3
*** TURN *** [Qh Qc 3h] [Jc]
GoliafUa: bets $6
danholthe: raises $6 to $12
GoliafUa: raises $6 to $18
danholthe: calls $4 and is all-in
Uncalled bet ($2) returned to GoliafUa
*** RIVER *** [Qh Qc 3h Jc] [9s]
*** SHOW DOWN ***
GoliafUa: shows [Ts Tc] (two pair, Queens and Tens)
danholthe: shows [As 5h] (a pair of Queens)
GoliafUa collected $55.50 from pot
*** SUMMARY ***
Total pot $56 | Rake $0.50
Board [Qh Qc 3h Jc 9s]
Seat 3: danholthe (button) (small blind) showed [As 5h] and lost with a pair of Queens
Seat 5: GoliafUa (big blind) showed [Ts Tc] and won ($55.50) with two pair, Queens and Tens


PokerStars Hand #158558139369:  Hold'em Limit ($3/$6 USD) - 2016/09/13 14:14:35 ET
Table 'Arsinoe' 6-max Seat #5 is the button
Seat 3: danholthe ($31 in chips)
Seat 5: GoliafUa ($128.64 in chips)
GoliafUa: posts small blind $1
danholthe: posts big blind $3
*** HOLE CARDS ***
GoliafUa: raises $3 to $6
danholthe: folds
Uncalled bet ($3) returned to GoliafUa
GoliafUa collected $6 from pot
GoliafUa: doesn't show hand
*** SUMMARY ***
Total pot $6 | Rake $0
Seat 3: danholthe (big blind) folded before Flop
Seat 5: GoliafUa (button) (small blind) collected ($6)


PokerStars Hand #158558189077:  Hold'em Limit ($3/$6 USD) - 2016/09/13 14:15:38 ET
Table 'Arsinoe' 6-max Seat #3 is the button
Seat 3: danholthe ($38.64 in chips)
Seat 5: GoliafUa ($150.14 in chips)
danholthe: posts small blind $1
GoliafUa: posts big blind $3
*** HOLE CARDS ***
danholthe: raises $3 to $6
GoliafUa: raises $3 to $9
danholthe: calls $3
*** FLOP *** [4c Jc 7h]
Apanage joins the table at seat #4
GoliafUa: bets $3
danholthe: calls $3
*** TURN *** [4c Jc 7h] [9h]
GoliafUa: checks
danholthe: bets $6
GoliafUa: calls $6
*** RIVER *** [4c Jc 7h 9h] [8h]
GoliafUa: checks
danholthe: bets $6
GoliafUa: calls $6
*** SHOW DOWN ***
danholthe: shows [Js Kh] (a pair of Jacks)
GoliafUa: mucks hand
danholthe collected $47.50 from pot
*** SUMMARY ***
Total pot $48 | Rake $0.50
Board [4c Jc 7h 9h 8h]
Seat 3: danholthe (button) (small blind) showed [Js Kh] and won ($47.50) with a pair of Jacks
Seat 5: GoliafUa (big blind) mucked


PokerStars Hand #158558179079:  Hold'em Limit ($3/$6 USD) - 2016/09/13 14:15:25 ET
Table 'Arsinoe' 6-max Seat #5 is the button
Seat 3: danholthe ($30 in chips)
Seat 5: GoliafUa ($159.14 in chips)
GoliafUa: posts small blind $1
danholthe: posts big blind $3
*** HOLE CARDS ***
GoliafUa: raises $3 to $6
danholthe: calls $3
*** FLOP *** [Qd 7s Td]
danholthe: checks
GoliafUa: bets $3
danholthe: raises $3 to $6
GoliafUa: folds
Uncalled bet ($3) returned to danholthe
danholthe collected $17.64 from pot
danholthe: doesn't show hand
*** SUMMARY ***
Total pot $18 | Rake $0.36
Board [Qd 7s Td]
Seat 3: danholthe (big blind) collected ($17.64)
Seat 5: GoliafUa (button) (small blind) folded on the Flop


PokerStars Hand #158558203983:  Hold'em Limit ($3/$6 USD) - 2016/09/13 14:15:57 ET
Table 'Arsinoe' 6-max Seat #5 is the button
Seat 3: danholthe ($62.14 in chips)
Seat 5: GoliafUa ($126.14 in chips)
GoliafUa: posts small blind $1
danholthe: posts big blind $3
*** HOLE CARDS ***
GoliafUa: raises $3 to $6
danholthe: calls $3
*** FLOP *** [7h 2d 3s]
danholthe: checks
GoliafUa: bets $3
danholthe: raises $3 to $6
GoliafUa: raises $3 to $9
danholthe: calls $3
*** TURN *** [7h 2d 3s] [2c]
danholthe: checks
GoliafUa: bets $6
danholthe: folds
Uncalled bet ($6) returned to GoliafUa
yoyoma7777 joins the table at seat #6
GoliafUa collected $29.50 from pot
GoliafUa: doesn't show hand
*** SUMMARY ***
Total pot $30 | Rake $0.50
Board [7h 2d 3s 2c]
Seat 3: danholthe (big blind) folded on the Turn
Seat 5: GoliafUa (button) (small blind) collected ($29.50)


PokerStars Hand #158568654052:  Hold'em Limit ($3/$6 USD) - 2016/09/13 17:50:40 ET
Table 'Arsinoe' 6-max Seat #1 is the button
Seat 1: jackRizzar ($517.83 in chips)
Seat 2: sokol-max-PS ($96.16 in chips)
jackRizzar: posts small blind $1
sokol-max-PS: posts big blind $3
*** HOLE CARDS ***
jackRizzar: raises $3 to $6
sokol-max-PS: folds
Uncalled bet ($3) returned to jackRizzar
jackRizzar collected $6 from pot
jackRizzar: doesn't show hand
*** SUMMARY ***
Total pot $6 | Rake $0
Seat 1: jackRizzar (button) (small blind) collected ($6)
Seat 2: sokol-max-PS (big blind) folded before Flop


PokerStars Hand #158568621389:  Hold'em Limit ($3/$6 USD) - 2016/09/13 17:49:57 ET
Table 'Arsinoe' 6-max Seat #2 is the button
Seat 1: jackRizzar ($532.83 in chips)
Seat 2: sokol-max-PS ($81.66 in chips)
sokol-max-PS: posts small blind $1
andban20: is sitting out
jackRizzar: posts big blind $3
*** HOLE CARDS ***
andban20 leaves the table
sokol-max-PS: raises $3 to $6
jackRizzar: calls $3
*** FLOP *** [6d Ts 5d]
jackRizzar: checks
sokol-max-PS: bets $3
jackRizzar: calls $3
*** TURN *** [6d Ts 5d] [Ks]
jackRizzar: checks
sokol-max-PS: checks
*** RIVER *** [6d Ts 5d Ks] [7h]
jackRizzar: bets $6
sokol-max-PS: calls $6
*** SHOW DOWN ***
jackRizzar: shows [2h 2s] (a pair of Deuces)
sokol-max-PS: shows [8s 8d] (a pair of Eights)
sokol-max-PS collected $29.50 from pot
*** SUMMARY ***
Total pot $30 | Rake $0.50
Board [6d Ts 5d Ks 7h]
Seat 1: jackRizzar (big blind) showed [2h 2s] and lost with a pair of Deuces
Seat 2: sokol-max-PS (button) (small blind) showed [8s 8d] and won ($29.50) with a pair of Eights


