PokerStars Hand #162183688291:  Hold'em Limit ($3/$6 USD) - 2016/11/30 8:43:39 ET
Table 'Arsinoe' 6-max Seat #2 is the button
Seat 2: pöci9 ($145.50 in chips)
Seat 3: vestimokrec ($128.53 in chips)
pöci9: posts small blind $1
vestimokrec: posts big blind $3
*** HOLE CARDS ***
pöci9: folds
Uncalled bet ($2) returned to vestimokrec
vestimokrec collected $2 from pot
vestimokrec: doesn't show hand
*** SUMMARY ***
Total pot $2 | Rake $0
Seat 2: pöci9 (button) (small blind) folded before Flop
Seat 3: vestimokrec (big blind) collected ($2)


PokerStars Hand #162183649435:  Hold'em Limit ($3/$6 USD) - 2016/11/30 8:42:36 ET
Table 'Arsinoe' 6-max Seat #3 is the button
Seat 2: pöci9 ($131 in chips)
Seat 3: vestimokrec ($143.53 in chips)
vestimokrec: posts small blind $1
assitoni: is sitting out
pöci9: posts big blind $3
*** HOLE CARDS ***
vestimokrec: raises $3 to $6
assitoni leaves the table
pöci9: raises $3 to $9
vestimokrec: calls $3
*** FLOP *** [6c 5s Kd]
pöci9: checks
vestimokrec: checks
*** TURN *** [6c 5s Kd] [3d]
pöci9: bets $6
vestimokrec: calls $6
*** RIVER *** [6c 5s Kd 3d] [6d]
pöci9: bets $6
vestimokrec: folds
Uncalled bet ($6) returned to pöci9
pöci9 collected $29.50 from pot
pöci9: doesn't show hand
*** SUMMARY ***
Total pot $30 | Rake $0.50
Board [6c 5s Kd 3d 6d]
Seat 2: pöci9 (big blind) collected ($29.50)
Seat 3: vestimokrec (button) (small blind) folded on the River


PokerStars Hand #162183691097:  Hold'em Limit ($3/$6 USD) - 2016/11/30 8:43:44 ET
Table 'Arsinoe' 6-max Seat #3 is the button
Seat 2: pöci9 ($144.50 in chips)
Seat 3: vestimokrec ($129.53 in chips)
vestimokrec: posts small blind $1
pöci9: posts big blind $3
*** HOLE CARDS ***
vestimokrec: raises $3 to $6
pöci9: calls $3
*** FLOP *** [8s 2s 7c]
pöci9: checks
vestimokrec: checks
*** TURN *** [8s 2s 7c] [6d]
pöci9: checks
vestimokrec: bets $6
pöci9: folds
Uncalled bet ($6) returned to vestimokrec
vestimokrec collected $11.76 from pot
vestimokrec: doesn't show hand
*** SUMMARY ***
Total pot $12 | Rake $0.24
Board [8s 2s 7c 6d]
Seat 2: pöci9 (big blind) folded on the Turn
Seat 3: vestimokrec (button) (small blind) collected ($11.76)


PokerStars Hand #162183711311:  Hold'em Limit ($3/$6 USD) - 2016/11/30 8:44:17 ET
Table 'Arsinoe' 6-max Seat #2 is the button
Seat 2: pöci9 ($138.50 in chips)
Seat 3: vestimokrec ($135.29 in chips)
pöci9: posts small blind $1
vestimokrec: posts big blind $3
*** HOLE CARDS ***
pöci9: raises $3 to $6
vestimokrec: calls $3
*** FLOP *** [9d 2s 6c]
vestimokrec: bets $3
pöci9: calls $3
*** TURN *** [9d 2s 6c] [5d]
vestimokrec: bets $6
pöci9: calls $6
*** RIVER *** [9d 2s 6c 5d] [9h]
vestimokrec: bets $6
pöci9: calls $6
*** SHOW DOWN ***
vestimokrec: shows [6h 4h] (two pair, Nines and Sixes)
pöci9: mucks hand
vestimokrec collected $41.50 from pot
*** SUMMARY ***
Total pot $42 | Rake $0.50
Board [9d 2s 6c 5d 9h]
Seat 2: pöci9 (button) (small blind) mucked
Seat 3: vestimokrec (big blind) showed [6h 4h] and won ($41.50) with two pair, Nines and Sixes


PokerStars Hand #162183734538:  Hold'em Limit ($3/$6 USD) - 2016/11/30 8:44:55 ET
Table 'Arsinoe' 6-max Seat #3 is the button
Seat 2: pöci9 ($117.50 in chips)
Seat 3: vestimokrec ($155.79 in chips)
vestimokrec: posts small blind $1
pöci9: posts big blind $3
*** HOLE CARDS ***
vestimokrec: folds
Uncalled bet ($2) returned to pöci9
pöci9 collected $2 from pot
pöci9: doesn't show hand
*** SUMMARY ***
Total pot $2 | Rake $0
Seat 2: pöci9 (big blind) collected ($2)
Seat 3: vestimokrec (button) (small blind) folded before Flop


PokerStars Hand #162183742145:  Hold'em Limit ($3/$6 USD) - 2016/11/30 8:45:08 ET
Table 'Arsinoe' 6-max Seat #2 is the button
Seat 2: pöci9 ($118.50 in chips)
Seat 3: vestimokrec ($154.79 in chips)
pöci9: posts small blind $1
vestimokrec: posts big blind $3
*** HOLE CARDS ***
pöci9: folds
Uncalled bet ($2) returned to vestimokrec
vestimokrec collected $2 from pot
vestimokrec: doesn't show hand
*** SUMMARY ***
Total pot $2 | Rake $0
Seat 2: pöci9 (button) (small blind) folded before Flop
Seat 3: vestimokrec (big blind) collected ($2)


PokerStars Hand #162183758349:  Hold'em Limit ($3/$6 USD) - 2016/11/30 8:45:34 ET
Table 'Arsinoe' 6-max Seat #2 is the button
Seat 2: pöci9 ($126.14 in chips)
Seat 3: vestimokrec ($146.79 in chips)
pöci9: posts small blind $1
vestimokrec: posts big blind $3
*** HOLE CARDS ***
pöci9: raises $3 to $6
vestimokrec: calls $3
*** FLOP *** [2c 3d Qh]
vestimokrec: checks
pöci9: checks
*** TURN *** [2c 3d Qh] [8h]
vestimokrec: checks
pöci9: bets $6
vestimokrec: folds
Uncalled bet ($6) returned to pöci9
pöci9 collected $11.76 from pot
pöci9: doesn't show hand
*** SUMMARY ***
Total pot $12 | Rake $0.24
Board [2c 3d Qh 8h]
Seat 2: pöci9 (button) (small blind) collected ($11.76)
Seat 3: vestimokrec (big blind) folded on the Turn


PokerStars Hand #162183745266:  Hold'em Limit ($3/$6 USD) - 2016/11/30 8:45:13 ET
Table 'Arsinoe' 6-max Seat #3 is the button
Seat 2: pöci9 ($117.50 in chips)
Seat 3: vestimokrec ($155.79 in chips)
vestimokrec: posts small blind $1
pöci9: posts big blind $3
*** HOLE CARDS ***
vestimokrec: raises $3 to $6
pöci9: raises $3 to $9
vestimokrec: calls $3
*** FLOP *** [Ac 3h 6c]
pöci9: bets $3
vestimokrec: folds
Uncalled bet ($3) returned to pöci9
pöci9 collected $17.64 from pot
pöci9: doesn't show hand
*** SUMMARY ***
Total pot $18 | Rake $0.36
Board [Ac 3h 6c]
Seat 2: pöci9 (big blind) collected ($17.64)
Seat 3: vestimokrec (button) (small blind) folded on the Flop


PokerStars Hand #162183779105:  Hold'em Limit ($3/$6 USD) - 2016/11/30 8:46:09 ET
Table 'Arsinoe' 6-max Seat #3 is the button
Seat 2: pöci9 ($131.90 in chips)
Seat 3: vestimokrec ($140.79 in chips)
vestimokrec: posts small blind $1
pöci9: posts big blind $3
*** HOLE CARDS ***
vestimokrec: raises $3 to $6
pöci9: folds
Uncalled bet ($3) returned to vestimokrec
vestimokrec collected $6 from pot
vestimokrec: doesn't show hand
*** SUMMARY ***
Total pot $6 | Rake $0
Seat 2: pöci9 (big blind) folded before Flop
Seat 3: vestimokrec (button) (small blind) collected ($6)


PokerStars Hand #162183785375:  Hold'em Limit ($3/$6 USD) - 2016/11/30 8:46:19 ET
Table 'Arsinoe' 6-max Seat #2 is the button
Seat 2: pöci9 ($128.90 in chips)
Seat 3: vestimokrec ($143.79 in chips)
pöci9: posts small blind $1
vestimokrec: posts big blind $3
*** HOLE CARDS ***
pöci9: raises $3 to $6
vestimokrec: calls $3
*** FLOP *** [6d 4c 3c]
vestimokrec: checks
pöci9: bets $3
vestimokrec: folds
Uncalled bet ($3) returned to pöci9
pöci9 collected $11.76 from pot
pöci9: doesn't show hand
*** SUMMARY ***
Total pot $12 | Rake $0.24
Board [6d 4c 3c]
Seat 2: pöci9 (button) (small blind) collected ($11.76)
Seat 3: vestimokrec (big blind) folded on the Flop


PokerStars Hand #162183826454:  Hold'em Limit ($3/$6 USD) - 2016/11/30 8:47:26 ET
Table 'Arsinoe' 6-max Seat #2 is the button
Seat 2: pöci9 ($113.66 in chips)
Seat 3: vestimokrec ($158.29 in chips)
pöci9: posts small blind $1
vestimokrec: posts big blind $3
*** HOLE CARDS ***
pöci9: folds
Uncalled bet ($2) returned to vestimokrec
vestimokrec collected $2 from pot
vestimokrec: doesn't show hand
*** SUMMARY ***
Total pot $2 | Rake $0
Seat 2: pöci9 (button) (small blind) folded before Flop
Seat 3: vestimokrec (big blind) collected ($2)


PokerStars Hand #162183858071:  Hold'em Limit ($3/$6 USD) - 2016/11/30 8:48:17 ET
Table 'Arsinoe' 6-max Seat #2 is the button
Seat 2: pöci9 ($136.16 in chips)
Seat 3: vestimokrec ($135.29 in chips)
pöci9: posts small blind $1
vestimokrec: posts big blind $3
*** HOLE CARDS ***
pöci9: folds
Uncalled bet ($2) returned to vestimokrec
vestimokrec collected $2 from pot
vestimokrec: doesn't show hand
*** SUMMARY ***
Total pot $2 | Rake $0
Seat 2: pöci9 (button) (small blind) folded before Flop
Seat 3: vestimokrec (big blind) collected ($2)


PokerStars Hand #162183830184:  Hold'em Limit ($3/$6 USD) - 2016/11/30 8:47:32 ET
Table 'Arsinoe' 6-max Seat #3 is the button
Seat 2: pöci9 ($112.66 in chips)
Seat 3: vestimokrec ($159.29 in chips)
vestimokrec: posts small blind $1
pöci9: posts big blind $3
*** HOLE CARDS ***
vestimokrec: raises $3 to $6
pöci9: raises $3 to $9
vestimokrec: calls $3
*** FLOP *** [6d 7d 5s]
pöci9: checks
vestimokrec: bets $3
pöci9: calls $3
*** TURN *** [6d 7d 5s] [6s]
pöci9: checks
vestimokrec: bets $6
pöci9: calls $6
*** RIVER *** [6d 7d 5s 6s] [Kh]
pöci9: bets $6
vestimokrec: calls $6
*** SHOW DOWN ***
pöci9: shows [Kd As] (two pair, Kings and Sixes)
vestimokrec: mucks hand
pöci9 collected $47.50 from pot
*** SUMMARY ***
Total pot $48 | Rake $0.50
Board [6d 7d 5s 6s Kh]
Seat 2: pöci9 (big blind) showed [Kd As] and won ($47.50) with two pair, Kings and Sixes
Seat 3: vestimokrec (button) (small blind) mucked


PokerStars Hand #162183808117:  Hold'em Limit ($3/$6 USD) - 2016/11/30 8:46:56 ET
Table 'Arsinoe' 6-max Seat #3 is the button
Seat 2: pöci9 ($134.66 in chips)
Seat 3: vestimokrec ($137.79 in chips)
vestimokrec: posts small blind $1
pöci9: posts big blind $3
*** HOLE CARDS ***
vestimokrec: raises $3 to $6
pöci9: calls $3
*** FLOP *** [3d 9c Qd]
pöci9: bets $3
vestimokrec: calls $3
*** TURN *** [3d 9c Qd] [5c]
pöci9: bets $6
vestimokrec: raises $6 to $12
pöci9: calls $6
*** RIVER *** [3d 9c Qd 5c] [Kc]
pöci9: checks
vestimokrec: bets $6
pöci9: folds
Uncalled bet ($6) returned to vestimokrec
vestimokrec collected $41.50 from pot
vestimokrec: doesn't show hand
*** SUMMARY ***
Total pot $42 | Rake $0.50
Board [3d 9c Qd 5c Kc]
Seat 2: pöci9 (big blind) folded on the River
Seat 3: vestimokrec (button) (small blind) collected ($41.50)


PokerStars Hand #162183861107:  Hold'em Limit ($3/$6 USD) - 2016/11/30 8:48:22 ET
Table 'Arsinoe' 6-max Seat #3 is the button
Seat 2: pöci9 ($135.16 in chips)
Seat 3: vestimokrec ($136.29 in chips)
vestimokrec: posts small blind $1
pöci9: posts big blind $3
*** HOLE CARDS ***
vestimokrec: raises $3 to $6
pöci9: calls $3
*** FLOP *** [8s Jc Td]
pöci9: checks
vestimokrec: bets $3
pöci9: calls $3
*** TURN *** [8s Jc Td] [9c]
pöci9: checks
vestimokrec: bets $6
pöci9: folds
Uncalled bet ($6) returned to vestimokrec
vestimokrec collected $17.64 from pot
vestimokrec: doesn't show hand
*** SUMMARY ***
Total pot $18 | Rake $0.36
Board [8s Jc Td 9c]
Seat 2: pöci9 (big blind) folded on the Turn
Seat 3: vestimokrec (button) (small blind) collected ($17.64)


PokerStars Hand #162183881592:  Hold'em Limit ($3/$6 USD) - 2016/11/30 8:48:55 ET
Table 'Arsinoe' 6-max Seat #2 is the button
Seat 2: pöci9 ($126.16 in chips)
Seat 3: vestimokrec ($144.93 in chips)
pöci9: posts small blind $1
vestimokrec: posts big blind $3
*** HOLE CARDS ***
pöci9: raises $3 to $6
vestimokrec: calls $3
*** FLOP *** [Ah 3c 4d]
vestimokrec: checks
pöci9: bets $3
vestimokrec: calls $3
*** TURN *** [Ah 3c 4d] [9s]
vestimokrec: checks
pöci9: checks
*** RIVER *** [Ah 3c 4d 9s] [As]
vestimokrec: bets $6
pöci9: folds
Uncalled bet ($6) returned to vestimokrec
vestimokrec collected $17.64 from pot
vestimokrec: doesn't show hand
*** SUMMARY ***
Total pot $18 | Rake $0.36
Board [Ah 3c 4d 9s As]
Seat 2: pöci9 (button) (small blind) folded on the River
Seat 3: vestimokrec (big blind) collected ($17.64)


PokerStars Hand #162183901714:  Hold'em Limit ($3/$6 USD) - 2016/11/30 8:49:27 ET
Table 'Arsinoe' 6-max Seat #3 is the button
Seat 2: pöci9 ($117.16 in chips)
Seat 3: vestimokrec ($153.57 in chips)
vestimokrec: posts small blind $1
pöci9: posts big blind $3
*** HOLE CARDS ***
vestimokrec: raises $3 to $6
pöci9: raises $3 to $9
vestimokrec: calls $3
*** FLOP *** [6d 8c Qd]
pöci9: bets $3
vestimokrec: calls $3
*** TURN *** [6d 8c Qd] [4c]
pöci9: bets $6
vestimokrec: calls $6
*** RIVER *** [6d 8c Qd 4c] [Qh]
pöci9: bets $6
vestimokrec: raises $6 to $12
pöci9: folds
Uncalled bet ($6) returned to vestimokrec
vestimokrec collected $47.50 from pot
vestimokrec: doesn't show hand
*** SUMMARY ***
Total pot $48 | Rake $0.50
Board [6d 8c Qd 4c Qh]
Seat 2: pöci9 (big blind) folded on the River
Seat 3: vestimokrec (button) (small blind) collected ($47.50)


PokerStars Hand #162183924966:  Hold'em Limit ($3/$6 USD) - 2016/11/30 8:50:04 ET
Table 'Arsinoe' 6-max Seat #2 is the button
Seat 2: pöci9 ($93.16 in chips)
Seat 3: vestimokrec ($177.07 in chips)
pöci9: posts small blind $1
vestimokrec: posts big blind $3
*** HOLE CARDS ***
pöci9: raises $3 to $6
vestimokrec: calls $3
*** FLOP *** [Qs 3s 8s]
vestimokrec: checks
pöci9: checks
*** TURN *** [Qs 3s 8s] [4d]
vestimokrec: checks
pöci9: checks
*** RIVER *** [Qs 3s 8s 4d] [Td]
vestimokrec: checks
pöci9: checks
*** SHOW DOWN ***
vestimokrec: shows [9h 5h] (high card Queen)
pöci9: shows [Ac 6c] (high card Ace)
pöci9 collected $11.76 from pot
*** SUMMARY ***
Total pot $12 | Rake $0.24
Board [Qs 3s 8s 4d Td]
Seat 2: pöci9 (button) (small blind) showed [Ac 6c] and won ($11.76) with high card Ace
Seat 3: vestimokrec (big blind) showed [9h 5h] and lost with high card Queen


PokerStars Hand #162183950649:  Hold'em Limit ($3/$6 USD) - 2016/11/30 8:50:46 ET
Table 'Arsinoe' 6-max Seat #3 is the button
Seat 2: pöci9 ($98.92 in chips)
Seat 3: vestimokrec ($171.07 in chips)
vestimokrec: posts small blind $1
pöci9: posts big blind $3
*** HOLE CARDS ***
vestimokrec: raises $3 to $6
pöci9: calls $3
*** FLOP *** [3h 9c 8h]
pöci9: checks
vestimokrec: checks
*** TURN *** [3h 9c 8h] [3c]
pöci9: bets $6
vestimokrec: calls $6
*** RIVER *** [3h 9c 8h 3c] [Jh]
pöci9: checks
vestimokrec: bets $6
pöci9: folds
Uncalled bet ($6) returned to vestimokrec
vestimokrec collected $23.52 from pot
vestimokrec: doesn't show hand
*** SUMMARY ***
Total pot $24 | Rake $0.48
Board [3h 9c 8h 3c Jh]
Seat 2: pöci9 (big blind) folded on the River
Seat 3: vestimokrec (button) (small blind) collected ($23.52)


PokerStars Hand #162183965069:  Hold'em Limit ($3/$6 USD) - 2016/11/30 8:51:09 ET
Table 'Arsinoe' 6-max Seat #2 is the button
Seat 2: pöci9 ($86.92 in chips)
Seat 3: vestimokrec ($182.59 in chips)
pöci9: posts small blind $1
vestimokrec: posts big blind $3
*** HOLE CARDS ***
pöci9: folds
Uncalled bet ($2) returned to vestimokrec
vestimokrec collected $2 from pot
vestimokrec: doesn't show hand
*** SUMMARY ***
Total pot $2 | Rake $0
Seat 2: pöci9 (button) (small blind) folded before Flop
Seat 3: vestimokrec (big blind) collected ($2)


PokerStars Hand #162183967797:  Hold'em Limit ($3/$6 USD) - 2016/11/30 8:51:14 ET
Table 'Arsinoe' 6-max Seat #3 is the button
Seat 2: pöci9 ($85.92 in chips)
Seat 3: vestimokrec ($183.59 in chips)
vestimokrec: posts small blind $1
pöci9: posts big blind $3
*** HOLE CARDS ***
vestimokrec: raises $3 to $6
pöci9: calls $3
*** FLOP *** [Ts 7c 9h]
pöci9: checks
vestimokrec: checks
*** TURN *** [Ts 7c 9h] [4s]
pöci9: bets $6
vestimokrec: raises $6 to $12
pöci9: calls $6
*** RIVER *** [Ts 7c 9h 4s] [Th]
pöci9: checks
vestimokrec: checks
*** SHOW DOWN ***
pöci9: shows [4h 3d] (two pair, Tens and Fours)
vestimokrec: shows [4d 8s] (two pair, Tens and Fours)
pöci9 collected $17.75 from pot
vestimokrec collected $17.75 from pot
*** SUMMARY ***
Total pot $36 | Rake $0.50
Board [Ts 7c 9h 4s Th]
Seat 2: pöci9 (big blind) showed [4h 3d] and won ($17.75) with two pair, Tens and Fours
Seat 3: vestimokrec (button) (small blind) showed [4d 8s] and won ($17.75) with two pair, Tens and Fours


PokerStars Hand #162183985396:  Hold'em Limit ($3/$6 USD) - 2016/11/30 8:51:42 ET
Table 'Arsinoe' 6-max Seat #2 is the button
Seat 2: pöci9 ($85.67 in chips)
Seat 3: vestimokrec ($183.34 in chips)
pöci9: posts small blind $1
vestimokrec: posts big blind $3
*** HOLE CARDS ***
pöci9: calls $2
vestimokrec: checks
*** FLOP *** [Ks Qs 5c]
sinsadir joins the table at seat #4
vestimokrec: checks
pöci9: checks
*** TURN *** [Ks Qs 5c] [Js]
vestimokrec: bets $6
pöci9: folds
Uncalled bet ($6) returned to vestimokrec
vestimokrec collected $5.88 from pot
vestimokrec: doesn't show hand
*** SUMMARY ***
Total pot $6 | Rake $0.12
Board [Ks Qs 5c Js]
Seat 2: pöci9 (button) (small blind) folded on the Turn
Seat 3: vestimokrec (big blind) collected ($5.88)


PokerStars Hand #162184316662:  Hold'em Limit ($3/$6 USD) - 2016/11/30 9:00:55 ET
Table 'Arsinoe' 6-max Seat #3 is the button
Seat 3: vestimokrec ($109.75 in chips)
Seat 5: gkas71 ($184.30 in chips)
vestimokrec: posts small blind $1
gkas71: posts big blind $3
pöci9 leaves the table
*** HOLE CARDS ***
vestimokrec: raises $3 to $6
gkas71: calls $3
*** FLOP *** [Th Qh 4c]
gkas71: bets $3
vestimokrec: calls $3
*** TURN *** [Th Qh 4c] [Js]
gkas71: checks
vestimokrec: bets $6
gkas71: calls $6
*** RIVER *** [Th Qh 4c Js] [9d]
gkas71: bets $6
vestimokrec: calls $6
*** SHOW DOWN ***
gkas71: shows [2d Kd] (a straight, Nine to King)
vestimokrec: mucks hand
gkas71 collected $41.50 from pot
*** SUMMARY ***
Total pot $42 | Rake $0.50
Board [Th Qh 4c Js 9d]
Seat 3: vestimokrec (button) (small blind) mucked
Seat 5: gkas71 (big blind) showed [2d Kd] and won ($41.50) with a straight, Nine to King


PokerStars Hand #162184333550:  Hold'em Limit ($3/$6 USD) - 2016/11/30 9:01:22 ET
Table 'Arsinoe' 6-max Seat #5 is the button
Seat 3: vestimokrec ($88.75 in chips)
Seat 5: gkas71 ($204.80 in chips)
gkas71: posts small blind $1
vestimokrec: posts big blind $3
*** HOLE CARDS ***
gkas71: raises $3 to $6
vestimokrec: calls $3
*** FLOP *** [3h 9h 2d]
vestimokrec: checks
gkas71: bets $3
assitoni leaves the table
vestimokrec: calls $3
*** TURN *** [3h 9h 2d] [2c]
vestimokrec: checks
gkas71: bets $6
vestimokrec: calls $6
*** RIVER *** [3h 9h 2d 2c] [4c]
vestimokrec: checks
gkas71: bets $6
vestimokrec: folds
Uncalled bet ($6) returned to gkas71
gkas71 collected $29.50 from pot
gkas71: doesn't show hand
*** SUMMARY ***
Total pot $30 | Rake $0.50
Board [3h 9h 2d 2c 4c]
Seat 3: vestimokrec (big blind) folded on the River
Seat 5: gkas71 (button) (small blind) collected ($29.50)


PokerStars Hand #162184357098:  Hold'em Limit ($3/$6 USD) - 2016/11/30 9:02:00 ET
Table 'Arsinoe' 6-max Seat #3 is the button
Seat 3: vestimokrec ($73.75 in chips)
Seat 5: gkas71 ($219.30 in chips)
vestimokrec: posts small blind $1
gkas71: posts big blind $3
*** HOLE CARDS ***
vestimokrec: raises $3 to $6
gkas71: folds
Uncalled bet ($3) returned to vestimokrec
vestimokrec collected $6 from pot
vestimokrec: doesn't show hand
*** SUMMARY ***
Total pot $6 | Rake $0
Seat 3: vestimokrec (button) (small blind) collected ($6)
Seat 5: gkas71 (big blind) folded before Flop


PokerStars Hand #162184376108:  Hold'em Limit ($3/$6 USD) - 2016/11/30 9:02:30 ET
Table 'Arsinoe' 6-max Seat #3 is the button
Seat 3: vestimokrec ($100.25 in chips)
Seat 5: gkas71 ($192.30 in chips)
vestimokrec: posts small blind $1
gkas71: posts big blind $3
*** HOLE CARDS ***
vestimokrec: raises $3 to $6
gkas71: calls $3
*** FLOP *** [Jd Kh 9d]
gkas71: bets $3
vestimokrec: folds
Uncalled bet ($3) returned to gkas71
gkas71 collected $11.76 from pot
gkas71: doesn't show hand
*** SUMMARY ***
Total pot $12 | Rake $0.24
Board [Jd Kh 9d]
Seat 3: vestimokrec (button) (small blind) folded on the Flop
Seat 5: gkas71 (big blind) collected ($11.76)


PokerStars Hand #162184361562:  Hold'em Limit ($3/$6 USD) - 2016/11/30 9:02:07 ET
Table 'Arsinoe' 6-max Seat #5 is the button
Seat 3: vestimokrec ($76.75 in chips)
Seat 5: gkas71 ($216.30 in chips)
gkas71: posts small blind $1
vestimokrec: posts big blind $3
*** HOLE CARDS ***
gkas71: raises $3 to $6
vestimokrec: raises $3 to $9
gkas71: calls $3
*** FLOP *** [Jh 5d 5c]
vestimokrec: bets $3
gkas71: calls $3
*** TURN *** [Jh 5d 5c] [9h]
vestimokrec: bets $6
gkas71: calls $6
*** RIVER *** [Jh 5d 5c 9h] [5h]
vestimokrec: bets $6
gkas71: calls $6
*** SHOW DOWN ***
vestimokrec: shows [Qd Qc] (a full house, Fives full of Queens)
gkas71: mucks hand
vestimokrec collected $47.50 from pot
*** SUMMARY ***
Total pot $48 | Rake $0.50
Board [Jh 5d 5c 9h 5h]
Seat 3: vestimokrec (big blind) showed [Qd Qc] and won ($47.50) with a full house, Fives full of Queens
Seat 5: gkas71 (button) (small blind) mucked


PokerStars Hand #162184429133:  Hold'em Limit ($3/$6 USD) - 2016/11/30 9:03:52 ET
Table 'Arsinoe' 6-max Seat #3 is the button
Seat 3: vestimokrec ($73.25 in chips)
Seat 5: gkas71 ($218.56 in chips)
vestimokrec: posts small blind $1
gkas71: posts big blind $3
*** HOLE CARDS ***
vestimokrec: folds
Uncalled bet ($2) returned to gkas71
gkas71 collected $2 from pot
gkas71: doesn't show hand
*** SUMMARY ***
Total pot $2 | Rake $0
Seat 3: vestimokrec (button) (small blind) folded before Flop
Seat 5: gkas71 (big blind) collected ($2)


PokerStars Hand #162184386207:  Hold'em Limit ($3/$6 USD) - 2016/11/30 9:02:46 ET
Table 'Arsinoe' 6-max Seat #5 is the button
Seat 3: vestimokrec ($94.25 in chips)
Seat 5: gkas71 ($198.06 in chips)
gkas71: posts small blind $1
vestimokrec: posts big blind $3
*** HOLE CARDS ***
gkas71: raises $3 to $6
vestimokrec: calls $3
*** FLOP *** [9h 6h Jd]
vestimokrec: checks
gkas71: bets $3
Great_Kang joins the table at seat #6
vestimokrec: calls $3
*** TURN *** [9h 6h Jd] [8c]
vestimokrec: checks
gkas71: bets $6
vestimokrec: calls $6
*** RIVER *** [9h 6h Jd 8c] [3d]
vestimokrec: checks
gkas71: bets $6
vestimokrec: calls $6
*** SHOW DOWN ***
gkas71: shows [Tc 7h] (a straight, Seven to Jack)
vestimokrec: mucks hand
gkas71 collected $41.50 from pot
*** SUMMARY ***
Total pot $42 | Rake $0.50
Board [9h 6h Jd 8c 3d]
Seat 3: vestimokrec (big blind) mucked
Seat 5: gkas71 (button) (small blind) showed [Tc 7h] and won ($41.50) with a straight, Seven to Jack


PokerStars Hand #162184540605:  Hold'em Limit ($3/$6 USD) - 2016/11/30 9:06:42 ET
Table 'Arsinoe' 6-max Seat #6 is the button
Seat 5: gkas71 ($273.23 in chips)
Seat 6: Great_Kang ($120 in chips)
Great_Kang: posts small blind $1
vestimokrec: is sitting out
gkas71: posts big blind $3
*** HOLE CARDS ***
vestimokrec leaves the table
Great_Kang: folds
Uncalled bet ($2) returned to gkas71
gkas71 collected $2 from pot
gkas71: doesn't show hand
*** SUMMARY ***
Total pot $2 | Rake $0
Seat 5: gkas71 (big blind) collected ($2)
Seat 6: Great_Kang (button) (small blind) folded before Flop


PokerStars Hand #162184581530:  Hold'em Limit ($3/$6 USD) - 2016/11/30 9:07:44 ET
Table 'Arsinoe' 6-max Seat #6 is the button
Seat 5: gkas71 ($282.87 in chips)
Seat 6: Great_Kang ($120 in chips)
Great_Kang: posts small blind $1
gkas71: posts big blind $3
*** HOLE CARDS ***
Great_Kang: raises $3 to $6
gkas71: folds
Uncalled bet ($3) returned to Great_Kang
Great_Kang collected $6 from pot
Great_Kang: doesn't show hand
*** SUMMARY ***
Total pot $6 | Rake $0
Seat 5: gkas71 (big blind) folded before Flop
Seat 6: Great_Kang (button) (small blind) collected ($6)


PokerStars Hand #162184546670:  Hold'em Limit ($3/$6 USD) - 2016/11/30 9:06:51 ET
Table 'Arsinoe' 6-max Seat #5 is the button
Seat 5: gkas71 ($274.23 in chips)
Seat 6: Great_Kang ($120 in chips)
gkas71: posts small blind $1
Great_Kang: posts big blind $3
*** HOLE CARDS ***
gkas71: raises $3 to $6
Great_Kang: calls $3
*** FLOP *** [6s 9s 5s]
Great_Kang: checks
gkas71: bets $3
Great_Kang: calls $3
*** TURN *** [6s 9s 5s] [Kh]
Great_Kang: checks
gkas71: bets $6
Great_Kang: folds
Uncalled bet ($6) returned to gkas71
gkas71 collected $17.64 from pot
gkas71: doesn't show hand
*** SUMMARY ***
Total pot $18 | Rake $0.36
Board [6s 9s 5s Kh]
Seat 5: gkas71 (button) (small blind) collected ($17.64)
Seat 6: Great_Kang (big blind) folded on the Turn


PokerStars Hand #162184585610:  Hold'em Limit ($3/$6 USD) - 2016/11/30 9:07:50 ET
Table 'Arsinoe' 6-max Seat #5 is the button
Seat 5: gkas71 ($279.87 in chips)
Seat 6: Great_Kang ($123 in chips)
gkas71: posts small blind $1
Great_Kang: posts big blind $3
*** HOLE CARDS ***
gkas71: raises $3 to $6
Great_Kang: calls $3
*** FLOP *** [8d Kc 6h]
Great_Kang: checks
gkas71: bets $3
Great_Kang: calls $3
*** TURN *** [8d Kc 6h] [Js]
Great_Kang: checks
gkas71: bets $6
Great_Kang: raises $6 to $12
gkas71: calls $6
*** RIVER *** [8d Kc 6h Js] [4d]
Great_Kang: bets $6
gkas71: folds
Uncalled bet ($6) returned to Great_Kang
gkas71 leaves the table
Great_Kang collected $41.50 from pot
Great_Kang: doesn't show hand
*** SUMMARY ***
Total pot $42 | Rake $0.50
Board [8d Kc 6h Js 4d]
Seat 5: gkas71 (button) (small blind) folded on the River
Seat 6: Great_Kang (big blind) collected ($41.50)


