PokerStars Hand #164935545090:  Hold'em Limit ($3/$6 USD) - 2017/01/21 11:06:56 ET
Table 'Artemis III' 6-max Seat #6 is the button
Seat 2: AzureCaper ($269.25 in chips)
Seat 6: tedros404 ($136.27 in chips)
iupeli will be allowed to play after the button
tedros404: posts small blind $1
AzureCaper: posts big blind $3
*** HOLE CARDS ***
tedros404: raises $3 to $6
AzureCaper: folds
Uncalled bet ($3) returned to tedros404
tedros404 collected $6 from pot
tedros404: doesn't show hand
*** SUMMARY ***
Total pot $6 | Rake $0
Seat 2: AzureCaper (big blind) folded before Flop
Seat 6: tedros404 (button) (small blind) collected ($6)


PokerStars Hand #164945207808:  Hold'em Limit ($3/$6 USD) - 2017/01/21 14:09:33 ET
Table 'Artemis III' 6-max Seat #3 is the button
Seat 3: supersjakie ($36 in chips)
Seat 6: DePokeraap ($90 in chips)
supersjakie: posts small blind $1
Great_Kang: is sitting out
DePokeraap: posts big blind $3
*** HOLE CARDS ***
supersjakie: raises $3 to $6
DePokeraap: calls $3
*** FLOP *** [9s Qc Kd]
DePokeraap: checks
supersjakie: bets $3
DePokeraap: folds
Uncalled bet ($3) returned to supersjakie
supersjakie collected $11.76 from pot
supersjakie: doesn't show hand
*** SUMMARY ***
Total pot $12 | Rake $0.24
Board [9s Qc Kd]
Seat 3: supersjakie (button) (small blind) collected ($11.76)
Seat 6: DePokeraap (big blind) folded on the Flop


PokerStars Hand #164945222003:  Hold'em Limit ($3/$6 USD) - 2017/01/21 14:09:48 ET
Table 'Artemis III' 6-max Seat #6 is the button
Seat 3: supersjakie ($41.76 in chips)
Seat 6: DePokeraap ($84 in chips)
DePokeraap: posts small blind $1
supersjakie: posts big blind $3
*** HOLE CARDS ***
DePokeraap: raises $3 to $6
supersjakie: raises $3 to $9
DePokeraap: calls $3
*** FLOP *** [2s 5s Jc]
supersjakie: bets $3
DePokeraap: raises $3 to $6
supersjakie: calls $3
*** TURN *** [2s 5s Jc] [2h]
supersjakie: checks
DePokeraap: bets $6
supersjakie: calls $6
*** RIVER *** [2s 5s Jc 2h] [9c]
supersjakie: checks
DePokeraap: bets $6
gustavoqz joins the table at seat #1
supersjakie: calls $6
*** SHOW DOWN ***
DePokeraap: shows [2c Ad] (three of a kind, Deuces)
supersjakie: mucks hand
DePokeraap collected $53.50 from pot
*** SUMMARY ***
Total pot $54 | Rake $0.50
Board [2s 5s Jc 2h 9c]
Seat 3: supersjakie (big blind) mucked
Seat 6: DePokeraap (button) (small blind) showed [2c Ad] and won ($53.50) with three of a kind, Deuces


PokerStars Hand #164954652221:  Hold'em Limit ($3/$6 USD) - 2017/01/21 16:59:52 ET
Table 'Artemis III' 6-max Seat #5 is the button
Seat 3: Chessnok ($156.84 in chips)
Seat 5: buk87 ($141.20 in chips)
buk87: posts small blind $1
grabaz: is sitting out
Spriysugen: is sitting out
Chessnok: posts big blind $3
*** HOLE CARDS ***
Spriysugen leaves the table
zzxonez leaves the table
buk87: folds
Uncalled bet ($2) returned to Chessnok
Chessnok collected $2 from pot
Murrrr_@T joins the table at seat #1
Chessnok: doesn't show hand
*** SUMMARY ***
Total pot $2 | Rake $0
Seat 3: Chessnok (big blind) collected ($2)
Seat 5: buk87 (button) (small blind) folded before Flop


PokerStars Hand #164954678947:  Hold'em Limit ($3/$6 USD) - 2017/01/21 17:00:27 ET
Table 'Artemis III' 6-max Seat #1 is the button
Seat 1: Murrrr_@T ($108.64 in chips)
Seat 3: Chessnok ($148.84 in chips)
Murrrr_@T: posts small blind $1
Chessnok: posts big blind $3
*** HOLE CARDS ***
Murrrr_@T: raises $3 to $6
Chessnok: calls $3
*** FLOP *** [Kc Kh 9s]
Chessnok: bets $3
buk87 leaves the table
nikosha8 joins the table at seat #2
Murrrr_@T: folds
Uncalled bet ($3) returned to Chessnok
Chessnok collected $11.76 from pot
Chessnok: doesn't show hand
*** SUMMARY ***
Total pot $12 | Rake $0.24
Board [Kc Kh 9s]
Seat 1: Murrrr_@T (button) (small blind) folded on the Flop
Seat 3: Chessnok (big blind) collected ($11.76)


PokerStars Hand #164954665925:  Hold'em Limit ($3/$6 USD) - 2017/01/21 17:00:11 ET
Table 'Artemis III' 6-max Seat #3 is the button
Seat 1: Murrrr_@T ($100 in chips)
Seat 3: Chessnok ($157.84 in chips)
Chessnok: posts small blind $1
Murrrr_@T: posts big blind $3
*** HOLE CARDS ***
Chessnok: raises $3 to $6
Murrrr_@T: raises $3 to $9
Chessnok: calls $3
*** FLOP *** [7s 9h 3s]
Murrrr_@T: bets $3
Chessnok: folds
Uncalled bet ($3) returned to Murrrr_@T
Murrrr_@T collected $17.64 from pot
Murrrr_@T: doesn't show hand
*** SUMMARY ***
Total pot $18 | Rake $0.36
Board [7s 9h 3s]
Seat 1: Murrrr_@T (big blind) collected ($17.64)
Seat 3: Chessnok (button) (small blind) folded on the Flop


PokerStars Hand #164954738378:  Hold'em Limit ($3/$6 USD) - 2017/01/21 17:01:39 ET
Table 'Artemis III' 6-max Seat #2 is the button
Seat 2: nikosha8 ($134.50 in chips)
Seat 3: Chessnok ($139.60 in chips)
nikosha8: posts small blind $1
Chessnok: posts big blind $3
*** HOLE CARDS ***
nikosha8: raises $3 to $6
Chessnok: folds
Uncalled bet ($3) returned to nikosha8
nikosha8 collected $6 from pot
*** SUMMARY ***
Total pot $6 | Rake $0
Seat 2: nikosha8 (button) (small blind) collected ($6)
Seat 3: Chessnok (big blind) folded before Flop


PokerStars Hand #164954705706:  Hold'em Limit ($3/$6 USD) - 2017/01/21 17:01:00 ET
Table 'Artemis III' 6-max Seat #3 is the button
Seat 2: nikosha8 ($120 in chips)
Seat 3: Chessnok ($154.60 in chips)
Chessnok: posts small blind $1
nikosha8: posts big blind $3
*** HOLE CARDS ***
Chessnok: raises $3 to $6
nikosha8: calls $3
*** FLOP *** [Th Kc 9c]
nikosha8: checks
Chessnok: bets $3
nikosha8: calls $3
*** TURN *** [Th Kc 9c] [5h]
nikosha8: checks
Chessnok: checks
*** RIVER *** [Th Kc 9c 5h] [9h]
nikosha8: checks
Chessnok: bets $6
nikosha8: calls $6
*** SHOW DOWN ***
Chessnok: shows [7s 6d] (a pair of Nines)
nikosha8: shows [7d Qc] (a pair of Nines - King+Queen kicker)
nikosha8 collected $29.50 from pot
*** SUMMARY ***
Total pot $30 | Rake $0.50
Board [Th Kc 9c 5h 9h]
Seat 2: nikosha8 (big blind) showed [7d Qc] and won ($29.50) with a pair of Nines
Seat 3: Chessnok (button) (small blind) showed [7s 6d] and lost with a pair of Nines


