PokerStars Hand #160786969008:  Hold'em Limit ($3/$6 USD) - 2016/11/02 9:58:37 ET
Table 'Artemis II' 6-max Seat #1 is the button
Seat 1: NLXXX1980 ($120 in chips)
Seat 2: Mordnilap ($72 in chips)
NLXXX1980: posts small blind $1
Mordnilap: posts big blind $3
*** HOLE CARDS ***
NLXXX1980: calls $2
Mordnilap: checks
*** FLOP *** [Kd Js 9c]
Mordnilap: checks
NLXXX1980: checks
*** TURN *** [Kd Js 9c] [4c]
Mordnilap: bets $6
NLXXX1980: folds
Uncalled bet ($6) returned to Mordnilap
Mordnilap collected $5.88 from pot
Mordnilap: doesn't show hand
*** SUMMARY ***
Total pot $6 | Rake $0.12
Board [Kd Js 9c 4c]
Seat 1: NLXXX1980 (button) (small blind) folded on the Turn
Seat 2: Mordnilap (big blind) collected ($5.88)


PokerStars Hand #160787004310:  Hold'em Limit ($3/$6 USD) - 2016/11/02 9:59:43 ET
Table 'Artemis II' 6-max Seat #2 is the button
Seat 1: NLXXX1980 ($117 in chips)
Seat 2: Mordnilap ($74.88 in chips)
Mordnilap: posts small blind $1
NLXXX1980: posts big blind $3
*** HOLE CARDS ***
Mordnilap: raises $3 to $6
NLXXX1980: folds
Uncalled bet ($3) returned to Mordnilap
Mordnilap collected $6 from pot
Mordnilap: doesn't show hand
*** SUMMARY ***
Total pot $6 | Rake $0
Seat 1: NLXXX1980 (big blind) folded before Flop
Seat 2: Mordnilap (button) (small blind) collected ($6)


PokerStars Hand #160787007799:  Hold'em Limit ($3/$6 USD) - 2016/11/02 9:59:50 ET
Table 'Artemis II' 6-max Seat #1 is the button
Seat 1: NLXXX1980 ($114 in chips)
Seat 2: Mordnilap ($77.88 in chips)
NLXXX1980: posts small blind $1
Mordnilap: posts big blind $3
*** HOLE CARDS ***
NLXXX1980: calls $2
Mordnilap: checks
*** FLOP *** [3c 7h 8c]
Mordnilap: bets $3
NLXXX1980: raises $3 to $6
Mordnilap: calls $3
*** TURN *** [3c 7h 8c] [Tc]
Mordnilap: checks
NLXXX1980: bets $6
Mordnilap: calls $6
*** RIVER *** [3c 7h 8c Tc] [5d]
Mordnilap: checks
NLXXX1980: bets $6
Mordnilap: calls $6
*** SHOW DOWN ***
NLXXX1980: shows [7c Td] (two pair, Tens and Sevens)
Mordnilap: mucks hand
NLXXX1980 collected $41.50 from pot
*** SUMMARY ***
Total pot $42 | Rake $0.50
Board [3c 7h 8c Tc 5d]
Seat 1: NLXXX1980 (button) (small blind) showed [7c Td] and won ($41.50) with two pair, Tens and Sevens
Seat 2: Mordnilap (big blind) mucked


PokerStars Hand #160787024070:  Hold'em Limit ($3/$6 USD) - 2016/11/02 10:00:20 ET
Table 'Artemis II' 6-max Seat #2 is the button
Seat 1: NLXXX1980 ($134.50 in chips)
Seat 2: Mordnilap ($72 in chips)
Mordnilap: posts small blind $1
NLXXX1980: posts big blind $3
*** HOLE CARDS ***
Mordnilap: raises $3 to $6
NLXXX1980: calls $3
*** FLOP *** [Th Ts Kd]
NLXXX1980: checks
Mordnilap: bets $3
NLXXX1980: calls $3
*** TURN *** [Th Ts Kd] [Jh]
NLXXX1980: checks
Mordnilap: checks
*** RIVER *** [Th Ts Kd Jh] [5s]
NLXXX1980: checks
Mordnilap: checks
*** SHOW DOWN ***
NLXXX1980: shows [2h 2c] (two pair, Tens and Deuces)
Mordnilap: mucks hand
NLXXX1980 collected $17.64 from pot
*** SUMMARY ***
Total pot $18 | Rake $0.36
Board [Th Ts Kd Jh 5s]
Seat 1: NLXXX1980 (big blind) showed [2h 2c] and won ($17.64) with two pair, Tens and Deuces
Seat 2: Mordnilap (button) (small blind) mucked


PokerStars Hand #160787044965:  Hold'em Limit ($3/$6 USD) - 2016/11/02 10:00:57 ET
Table 'Artemis II' 6-max Seat #2 is the button
Seat 1: NLXXX1980 ($142.14 in chips)
Seat 2: Mordnilap ($73 in chips)
Mordnilap: posts small blind $1
NLXXX1980: posts big blind $3
*** HOLE CARDS ***
Mordnilap: folds
Uncalled bet ($2) returned to NLXXX1980
NLXXX1980 collected $2 from pot
*** SUMMARY ***
Total pot $2 | Rake $0
Seat 1: NLXXX1980 (big blind) collected ($2)
Seat 2: Mordnilap (button) (small blind) folded before Flop


PokerStars Hand #160787041777:  Hold'em Limit ($3/$6 USD) - 2016/11/02 10:00:52 ET
Table 'Artemis II' 6-max Seat #1 is the button
Seat 1: NLXXX1980 ($143.14 in chips)
Seat 2: Mordnilap ($72 in chips)
NLXXX1980: posts small blind $1
Mordnilap: posts big blind $3
*** HOLE CARDS ***
NLXXX1980: folds
Uncalled bet ($2) returned to Mordnilap
Mordnilap collected $2 from pot
Mordnilap: doesn't show hand
*** SUMMARY ***
Total pot $2 | Rake $0
Seat 1: NLXXX1980 (button) (small blind) folded before Flop
Seat 2: Mordnilap (big blind) collected ($2)


PokerStars Hand #160787048234:  Hold'em Limit ($3/$6 USD) - 2016/11/02 10:01:03 ET
Table 'Artemis II' 6-max Seat #1 is the button
Seat 1: NLXXX1980 ($143.14 in chips)
Seat 2: Mordnilap ($72 in chips)
NLXXX1980: posts small blind $1
Mordnilap: posts big blind $3
*** HOLE CARDS ***
NLXXX1980: calls $2
Mordnilap: raises $3 to $6
NLXXX1980: calls $3
*** FLOP *** [Ts 5h 6s]
Mordnilap: checks
NLXXX1980: bets $3
Mordnilap: folds
Uncalled bet ($3) returned to NLXXX1980
NLXXX1980 collected $11.76 from pot
*** SUMMARY ***
Total pot $12 | Rake $0.24
Board [Ts 5h 6s]
Seat 1: NLXXX1980 (button) (small blind) collected ($11.76)
Seat 2: Mordnilap (big blind) folded on the Flop


PokerStars Hand #160787060262:  Hold'em Limit ($3/$6 USD) - 2016/11/02 10:01:23 ET
Table 'Artemis II' 6-max Seat #2 is the button
Seat 1: NLXXX1980 ($148.90 in chips)
Seat 2: Mordnilap ($72 in chips)
Mordnilap: posts small blind $1
NLXXX1980: posts big blind $3
*** HOLE CARDS ***
Mordnilap: raises $3 to $6
NLXXX1980: folds
Uncalled bet ($3) returned to Mordnilap
Mordnilap collected $6 from pot
Mordnilap: doesn't show hand
*** SUMMARY ***
Total pot $6 | Rake $0
Seat 1: NLXXX1980 (big blind) folded before Flop
Seat 2: Mordnilap (button) (small blind) collected ($6)


PokerStars Hand #160787064475:  Hold'em Limit ($3/$6 USD) - 2016/11/02 10:01:30 ET
Table 'Artemis II' 6-max Seat #1 is the button
Seat 1: NLXXX1980 ($145.90 in chips)
Seat 2: Mordnilap ($75 in chips)
NLXXX1980: posts small blind $1
Mordnilap: posts big blind $3
*** HOLE CARDS ***
NLXXX1980: calls $2
Mordnilap: checks
*** FLOP *** [6s 4c Ts]
Mordnilap: checks
NLXXX1980: checks
*** TURN *** [6s 4c Ts] [5h]
Mordnilap: bets $6
NLXXX1980: folds
Uncalled bet ($6) returned to Mordnilap
Mordnilap collected $5.88 from pot
Mordnilap: doesn't show hand
*** SUMMARY ***
Total pot $6 | Rake $0.12
Board [6s 4c Ts 5h]
Seat 1: NLXXX1980 (button) (small blind) folded on the Turn
Seat 2: Mordnilap (big blind) collected ($5.88)


PokerStars Hand #160787074332:  Hold'em Limit ($3/$6 USD) - 2016/11/02 10:01:47 ET
Table 'Artemis II' 6-max Seat #2 is the button
Seat 1: NLXXX1980 ($142.90 in chips)
Seat 2: Mordnilap ($77.88 in chips)
Mordnilap: posts small blind $1
NLXXX1980: posts big blind $3
*** HOLE CARDS ***
Mordnilap: raises $3 to $6
NLXXX1980: calls $3
*** FLOP *** [2d 4d As]
NLXXX1980: checks
Mordnilap: bets $3
NLXXX1980: calls $3
*** TURN *** [2d 4d As] [Jc]
NLXXX1980: checks
Mordnilap: bets $6
NLXXX1980: calls $6
*** RIVER *** [2d 4d As Jc] [Ad]
NLXXX1980: checks
Mordnilap: checks
*** SHOW DOWN ***
NLXXX1980: shows [Qs Qh] (two pair, Aces and Queens)
Mordnilap: mucks hand
NLXXX1980 collected $29.50 from pot
*** SUMMARY ***
Total pot $30 | Rake $0.50
Board [2d 4d As Jc Ad]
Seat 1: NLXXX1980 (big blind) showed [Qs Qh] and won ($29.50) with two pair, Aces and Queens
Seat 2: Mordnilap (button) (small blind) mucked


PokerStars Hand #160787089058:  Hold'em Limit ($3/$6 USD) - 2016/11/02 10:02:11 ET
Table 'Artemis II' 6-max Seat #1 is the button
Seat 1: NLXXX1980 ($157.40 in chips)
Seat 2: Mordnilap ($72 in chips)
NLXXX1980: posts small blind $1
Mordnilap: posts big blind $3
*** HOLE CARDS ***
NLXXX1980: calls $2
Mordnilap: checks
*** FLOP *** [7h 3c 3s]
Mordnilap: bets $3
NLXXX1980: folds
Uncalled bet ($3) returned to Mordnilap
Mordnilap collected $5.88 from pot
Mordnilap: doesn't show hand
*** SUMMARY ***
Total pot $6 | Rake $0.12
Board [7h 3c 3s]
Seat 1: NLXXX1980 (button) (small blind) folded on the Flop
Seat 2: Mordnilap (big blind) collected ($5.88)


PokerStars Hand #160787097864:  Hold'em Limit ($3/$6 USD) - 2016/11/02 10:02:25 ET
Table 'Artemis II' 6-max Seat #2 is the button
Seat 1: NLXXX1980 ($154.40 in chips)
Seat 2: Mordnilap ($74.88 in chips)
Mordnilap: posts small blind $1
NLXXX1980: posts big blind $3
*** HOLE CARDS ***
Mordnilap: raises $3 to $6
NLXXX1980: calls $3
*** FLOP *** [Qh Kd Qd]
NLXXX1980: checks
Mordnilap: bets $3
NLXXX1980: calls $3
*** TURN *** [Qh Kd Qd] [5h]
NLXXX1980: checks
Mordnilap: bets $6
NLXXX1980: folds
Uncalled bet ($6) returned to Mordnilap
Mordnilap collected $17.64 from pot
Mordnilap: doesn't show hand
*** SUMMARY ***
Total pot $18 | Rake $0.36
Board [Qh Kd Qd 5h]
Seat 1: NLXXX1980 (big blind) folded on the Turn
Seat 2: Mordnilap (button) (small blind) collected ($17.64)


PokerStars Hand #160787114881:  Hold'em Limit ($3/$6 USD) - 2016/11/02 10:02:53 ET
Table 'Artemis II' 6-max Seat #1 is the button
Seat 1: NLXXX1980 ($145.40 in chips)
Seat 2: Mordnilap ($83.52 in chips)
NLXXX1980: posts small blind $1
Mordnilap: posts big blind $3
*** HOLE CARDS ***
NLXXX1980: calls $2
Mordnilap: checks
*** FLOP *** [8s 5c Jh]
Mordnilap: checks
NLXXX1980: bets $3
Mordnilap: folds
Uncalled bet ($3) returned to NLXXX1980
NLXXX1980 collected $5.88 from pot
*** SUMMARY ***
Total pot $6 | Rake $0.12
Board [8s 5c Jh]
Seat 1: NLXXX1980 (button) (small blind) collected ($5.88)
Seat 2: Mordnilap (big blind) folded on the Flop


PokerStars Hand #160787125336:  Hold'em Limit ($3/$6 USD) - 2016/11/02 10:03:10 ET
Table 'Artemis II' 6-max Seat #2 is the button
Seat 1: NLXXX1980 ($148.28 in chips)
Seat 2: Mordnilap ($80.52 in chips)
Mordnilap: posts small blind $1
NLXXX1980: posts big blind $3
*** HOLE CARDS ***
Mordnilap: raises $3 to $6
NLXXX1980: calls $3
*** FLOP *** [Tc 3d Ts]
NLXXX1980: checks
Mordnilap: bets $3
NLXXX1980: raises $3 to $6
Mordnilap: calls $3
*** TURN *** [Tc 3d Ts] [2h]
NLXXX1980: bets $6
Mordnilap: calls $6
*** RIVER *** [Tc 3d Ts 2h] [5c]
NLXXX1980: bets $6
Mordnilap: calls $6
*** SHOW DOWN ***
NLXXX1980: shows [3s Qc] (two pair, Tens and Threes)
Mordnilap: mucks hand
NLXXX1980 collected $47.50 from pot
*** SUMMARY ***
Total pot $48 | Rake $0.50
Board [Tc 3d Ts 2h 5c]
Seat 1: NLXXX1980 (big blind) showed [3s Qc] and won ($47.50) with two pair, Tens and Threes
Seat 2: Mordnilap (button) (small blind) mucked


PokerStars Hand #160787139296:  Hold'em Limit ($3/$6 USD) - 2016/11/02 10:03:33 ET
Table 'Artemis II' 6-max Seat #1 is the button
Seat 1: NLXXX1980 ($171.78 in chips)
Seat 2: Mordnilap ($72 in chips)
NLXXX1980: posts small blind $1
Mordnilap: posts big blind $3
*** HOLE CARDS ***
NLXXX1980: folds
Uncalled bet ($2) returned to Mordnilap
Mordnilap collected $2 from pot
Mordnilap: doesn't show hand
*** SUMMARY ***
Total pot $2 | Rake $0
Seat 1: NLXXX1980 (button) (small blind) folded before Flop
Seat 2: Mordnilap (big blind) collected ($2)


PokerStars Hand #160787142657:  Hold'em Limit ($3/$6 USD) - 2016/11/02 10:03:39 ET
Table 'Artemis II' 6-max Seat #2 is the button
Seat 1: NLXXX1980 ($170.78 in chips)
Seat 2: Mordnilap ($73 in chips)
Mordnilap: posts small blind $1
NLXXX1980: posts big blind $3
*** HOLE CARDS ***
Mordnilap: raises $3 to $6
NLXXX1980: calls $3
*** FLOP *** [2s Td Kd]
NLXXX1980: checks
Mordnilap: bets $3
NLXXX1980: calls $3
*** TURN *** [2s Td Kd] [7c]
NLXXX1980: checks
Mordnilap: checks
*** RIVER *** [2s Td Kd 7c] [8h]
NLXXX1980: bets $6
Mordnilap: folds
Uncalled bet ($6) returned to NLXXX1980
NLXXX1980 collected $17.64 from pot
*** SUMMARY ***
Total pot $18 | Rake $0.36
Board [2s Td Kd 7c 8h]
Seat 1: NLXXX1980 (big blind) collected ($17.64)
Seat 2: Mordnilap (button) (small blind) folded on the River


PokerStars Hand #160787160361:  Hold'em Limit ($3/$6 USD) - 2016/11/02 10:04:08 ET
Table 'Artemis II' 6-max Seat #1 is the button
Seat 1: NLXXX1980 ($179.42 in chips)
Seat 2: Mordnilap ($72 in chips)
NLXXX1980: posts small blind $1
Mordnilap: posts big blind $3
*** HOLE CARDS ***
NLXXX1980: calls $2
Mordnilap: raises $3 to $6
NLXXX1980: calls $3
*** FLOP *** [Tc Kd 6c]
Mordnilap: bets $3
NLXXX1980: calls $3
*** TURN *** [Tc Kd 6c] [Qh]
Mordnilap: bets $6
NLXXX1980: calls $6
*** RIVER *** [Tc Kd 6c Qh] [8h]
Mordnilap: bets $6
NLXXX1980: folds
Uncalled bet ($6) returned to Mordnilap
Mordnilap collected $29.50 from pot
Mordnilap: doesn't show hand
*** SUMMARY ***
Total pot $30 | Rake $0.50
Board [Tc Kd 6c Qh 8h]
Seat 1: NLXXX1980 (button) (small blind) folded on the River
Seat 2: Mordnilap (big blind) collected ($29.50)


PokerStars Hand #160787176311:  Hold'em Limit ($3/$6 USD) - 2016/11/02 10:04:34 ET
Table 'Artemis II' 6-max Seat #2 is the button
Seat 1: NLXXX1980 ($164.42 in chips)
Seat 2: Mordnilap ($86.50 in chips)
Mordnilap: posts small blind $1
NLXXX1980: posts big blind $3
*** HOLE CARDS ***
Mordnilap: folds
Uncalled bet ($2) returned to NLXXX1980
NLXXX1980 collected $2 from pot
*** SUMMARY ***
Total pot $2 | Rake $0
Seat 1: NLXXX1980 (big blind) collected ($2)
Seat 2: Mordnilap (button) (small blind) folded before Flop


PokerStars Hand #160787179387:  Hold'em Limit ($3/$6 USD) - 2016/11/02 10:04:39 ET
Table 'Artemis II' 6-max Seat #1 is the button
Seat 1: NLXXX1980 ($165.42 in chips)
Seat 2: Mordnilap ($85.50 in chips)
NLXXX1980: posts small blind $1
Mordnilap: posts big blind $3
*** HOLE CARDS ***
NLXXX1980: calls $2
Mordnilap: checks
*** FLOP *** [5c 8h Ks]
Mordnilap: bets $3
NLXXX1980: raises $3 to $6
Mordnilap: calls $3
*** TURN *** [5c 8h Ks] [Kc]
Mordnilap: checks
NLXXX1980: bets $6
Mordnilap: calls $6
*** RIVER *** [5c 8h Ks Kc] [2d]
Mordnilap: checks
NLXXX1980: bets $6
Mordnilap: calls $6
*** SHOW DOWN ***
NLXXX1980: shows [Kh Qs] (three of a kind, Kings)
Mordnilap: mucks hand
NLXXX1980 collected $41.50 from pot
*** SUMMARY ***
Total pot $42 | Rake $0.50
Board [5c 8h Ks Kc 2d]
Seat 1: NLXXX1980 (button) (small blind) showed [Kh Qs] and won ($41.50) with three of a kind, Kings
Seat 2: Mordnilap (big blind) mucked


PokerStars Hand #160787196327:  Hold'em Limit ($3/$6 USD) - 2016/11/02 10:05:06 ET
Table 'Artemis II' 6-max Seat #2 is the button
Seat 1: NLXXX1980 ($185.92 in chips)
Seat 2: Mordnilap ($72 in chips)
Mordnilap: posts small blind $1
NLXXX1980: posts big blind $3
*** HOLE CARDS ***
Mordnilap: raises $3 to $6
NLXXX1980: folds
Uncalled bet ($3) returned to Mordnilap
Mordnilap collected $6 from pot
Mordnilap: doesn't show hand
*** SUMMARY ***
Total pot $6 | Rake $0
Seat 1: NLXXX1980 (big blind) folded before Flop
Seat 2: Mordnilap (button) (small blind) collected ($6)


PokerStars Hand #160787202485:  Hold'em Limit ($3/$6 USD) - 2016/11/02 10:05:17 ET
Table 'Artemis II' 6-max Seat #1 is the button
Seat 1: NLXXX1980 ($182.92 in chips)
Seat 2: Mordnilap ($75 in chips)
NLXXX1980: posts small blind $1
Mordnilap: posts big blind $3
*** HOLE CARDS ***
NLXXX1980: folds
Uncalled bet ($2) returned to Mordnilap
Mordnilap collected $2 from pot
Psynto joins the table at seat #3
Mordnilap: doesn't show hand
*** SUMMARY ***
Total pot $2 | Rake $0
Seat 1: NLXXX1980 (button) (small blind) folded before Flop
Seat 2: Mordnilap (big blind) collected ($2)


PokerStars Hand #160789389125:  Hold'em Limit ($3/$6 USD) - 2016/11/02 11:03:48 ET
Table 'Artemis II' 6-max Seat #6 is the button
Seat 4: kasa575 ($65.66 in chips)
Seat 6: glina2009 ($51.04 in chips)
glina2009: posts small blind $1
kolaz03: is sitting out
kasa575: posts big blind $3
*** HOLE CARDS ***
kolaz03 leaves the table
glina2009: raises $3 to $6
kasa575: calls $3
*** FLOP *** [3c 6s 9s]
kasa575: checks
glina2009: checks
*** TURN *** [3c 6s 9s] [6h]
kasa575: bets $6
glina2009: folds
Uncalled bet ($6) returned to kasa575
kasa575 collected $11.76 from pot
kasa575: doesn't show hand
*** SUMMARY ***
Total pot $12 | Rake $0.24
Board [3c 6s 9s 6h]
Seat 4: kasa575 (big blind) collected ($11.76)
Seat 6: glina2009 (button) (small blind) folded on the Turn


