PokerStars Hand #150725273980:  Hold'em Limit ($3/$6 USD) - 2016/03/21 17:22:08 ET
Table 'Artemis' 6-max Seat #4 is the button
Seat 4: Zubasa07 ($500 in chips)
Seat 5: perten ($94.92 in chips)
Zubasa07: posts small blind $1
perten: posts big blind $3
*** HOLE CARDS ***
Zubasa07: raises $3 to $6
perten: raises $3 to $9
Zubasa07: calls $3
*** FLOP *** [8h 8d 4c]
perten: bets $3
Zubasa07: calls $3
*** TURN *** [8h 8d 4c] [As]
perten: bets $6
Zubasa07: calls $6
*** RIVER *** [8h 8d 4c As] [9h]
perten: checks
Zubasa07: bets $6
perten: folds
Uncalled bet ($6) returned to Zubasa07
Zubasa07 collected $35.50 from pot
Zubasa07: doesn't show hand
*** SUMMARY ***
Total pot $36 | Rake $0.50
Board [8h 8d 4c As 9h]
Seat 4: Zubasa07 (button) (small blind) collected ($35.50)
Seat 5: perten (big blind) folded on the River


PokerStars Hand #150725362058:  Hold'em Limit ($3/$6 USD) - 2016/03/21 17:23:36 ET
Table 'Artemis' 6-max Seat #5 is the button
Seat 4: Zubasa07 ($540.76 in chips)
Seat 5: perten ($52.92 in chips)
perten: posts small blind $1
Zubasa07: posts big blind $3
*** HOLE CARDS ***
perten: folds
Uncalled bet ($2) returned to Zubasa07
Zubasa07 collected $2 from pot
Zubasa07: doesn't show hand
*** SUMMARY ***
Total pot $2 | Rake $0
Seat 4: Zubasa07 (big blind) collected ($2)
Seat 5: perten (button) (small blind) folded before Flop


PokerStars Hand #150725350428:  Hold'em Limit ($3/$6 USD) - 2016/03/21 17:23:25 ET
Table 'Artemis' 6-max Seat #4 is the button
Seat 4: Zubasa07 ($535 in chips)
Seat 5: perten ($58.92 in chips)
Zubasa07: posts small blind $1
perten: posts big blind $3
*** HOLE CARDS ***
Zubasa07: raises $3 to $6
perten: calls $3
*** FLOP *** [Js 2c Jh]
perten: checks
Zubasa07: bets $3
perten: folds
Uncalled bet ($3) returned to Zubasa07
Zubasa07 collected $11.76 from pot
Zubasa07: doesn't show hand
*** SUMMARY ***
Total pot $12 | Rake $0.24
Board [Js 2c Jh]
Seat 4: Zubasa07 (button) (small blind) collected ($11.76)
Seat 5: perten (big blind) folded on the Flop


PokerStars Hand #150725318707:  Hold'em Limit ($3/$6 USD) - 2016/03/21 17:22:53 ET
Table 'Artemis' 6-max Seat #5 is the button
Seat 4: Zubasa07 ($517.50 in chips)
Seat 5: perten ($76.92 in chips)
perten: posts small blind $1
Zubasa07: posts big blind $3
*** HOLE CARDS ***
perten: raises $3 to $6
Zubasa07: raises $3 to $9
perten: raises $3 to $12
Betting is capped
Zubasa07: calls $3
*** FLOP *** [7h 3c Qc]
Zubasa07: checks
perten: bets $3
Zubasa07: raises $3 to $6
perten: calls $3
*** TURN *** [7h 3c Qc] [2c]
Zubasa07: bets $6
perten: folds
Uncalled bet ($6) returned to Zubasa07
Zubasa07 collected $35.50 from pot
Zubasa07: doesn't show hand
*** SUMMARY ***
Total pot $36 | Rake $0.50
Board [7h 3c Qc 2c]
Seat 4: Zubasa07 (big blind) collected ($35.50)
Seat 5: perten (button) (small blind) folded on the Turn


PokerStars Hand #150725367342:  Hold'em Limit ($3/$6 USD) - 2016/03/21 17:23:41 ET
Table 'Artemis' 6-max Seat #4 is the button
Seat 4: Zubasa07 ($541.76 in chips)
Seat 5: perten ($51.92 in chips)
Zubasa07: posts small blind $1
perten: posts big blind $3
*** HOLE CARDS ***
Zubasa07: raises $3 to $6
perten: calls $3
*** FLOP *** [Td 4h 7d]
perten: bets $3
Zubasa07: calls $3
*** TURN *** [Td 4h 7d] [Ts]
perten: bets $6
Zubasa07: raises $6 to $12
perten: calls $6
*** RIVER *** [Td 4h 7d Ts] [9s]
perten: checks
Zubasa07: checks
*** SHOW DOWN ***
perten: shows [7h Qc] (two pair, Tens and Sevens)
Zubasa07: mucks hand
perten collected $41.50 from pot
*** SUMMARY ***
Total pot $42 | Rake $0.50
Board [Td 4h 7d Ts 9s]
Seat 4: Zubasa07 (button) (small blind) mucked
Seat 5: perten (big blind) showed [7h Qc] and won ($41.50) with two pair, Tens and Sevens


