PokerStars Hand #145522035274:  Hold'em Limit ($3/$6 USD) - 2015/12/18 5:25:46 ET
Table 'Artek' 6-max Seat #1 is the button
Seat 1: parnishka11 ($40 in chips)
Seat 4: Actionni13 ($150 in chips)
parnishka11: posts small blind $1
Actionni13: posts big blind $3
*** HOLE CARDS ***
parnishka11: raises $3 to $6
Actionni13: raises $3 to $9
parnishka11: calls $3
*** FLOP *** [3h 9h Kd]
Actionni13: bets $3
parnishka11: raises $3 to $6
Hywong joins the table at seat #2
Actionni13: raises $3 to $9
parnishka11: calls $3
*** TURN *** [3h 9h Kd] [Ts]
Actionni13: bets $6
parnishka11: raises $6 to $12
TbIP-TbIP 88 joins the table at seat #3
Actionni13: calls $6
*** RIVER *** [3h 9h Kd Ts] [2s]
Actionni13: checks
parnishka11: bets $6
Actionni13: folds
Uncalled bet ($6) returned to parnishka11
parnishka11 collected $59.50 from pot
parnishka11: doesn't show hand
*** SUMMARY ***
Total pot $60 | Rake $0.50
Board [3h 9h Kd Ts 2s]
Seat 1: parnishka11 (button) (small blind) collected ($59.50)
Seat 4: Actionni13 (big blind) folded on the River


PokerStars Hand #145522046013:  Hold'em Limit ($3/$6 USD) - 2015/12/18 5:26:10 ET
Table 'Artek' 6-max Seat #4 is the button
Seat 1: parnishka11 ($75.34 in chips)
Seat 4: Actionni13 ($150 in chips)
Actionni13: posts small blind $1
parnishka11: posts big blind $3
*** HOLE CARDS ***
Actionni13: raises $3 to $6
parnishka11: folds
Uncalled bet ($3) returned to Actionni13
Actionni13 collected $6 from pot
Actionni13: doesn't show hand
*** SUMMARY ***
Total pot $6 | Rake $0
Seat 1: parnishka11 (big blind) folded before Flop
Seat 4: Actionni13 (button) (small blind) collected ($6)


PokerStars Hand #145525599642:  Hold'em Limit ($3/$6 USD) - 2015/12/18 7:34:51 ET
Table 'Artek' 6-max Seat #1 is the button
Seat 1: julenchu ($51.75 in chips)
Seat 6: dmitry_smoke ($324.64 in chips)
julenchu: posts small blind $1
pokkermon: is sitting out
dmitry_smoke: posts big blind $3
*** HOLE CARDS ***
julenchu: calls $2
pokkermon leaves the table
dmitry_smoke: raises $3 to $6
julenchu: calls $3
*** FLOP *** [4c 7h 8s]
dmitry_smoke: checks
julenchu: checks
*** TURN *** [4c 7h 8s] [Tc]
dmitry_smoke: bets $6
julenchu: calls $6
*** RIVER *** [4c 7h 8s Tc] [5h]
dmitry_smoke: checks
julenchu: checks
*** SHOW DOWN ***
dmitry_smoke: shows [Ks Jc] (high card King)
julenchu: mucks hand
dmitry_smoke collected $23.52 from pot
*** SUMMARY ***
Total pot $24 | Rake $0.48
Board [4c 7h 8s Tc 5h]
Seat 1: julenchu (button) (small blind) mucked
Seat 6: dmitry_smoke (big blind) showed [Ks Jc] and won ($23.52) with high card King


PokerStars Hand #145525608830:  Hold'em Limit ($3/$6 USD) - 2015/12/18 7:35:08 ET
Table 'Artek' 6-max Seat #6 is the button
Seat 1: julenchu ($39.75 in chips)
Seat 6: dmitry_smoke ($336.16 in chips)
dmitry_smoke: posts small blind $1
julenchu: posts big blind $3
*** HOLE CARDS ***
dmitry_smoke: calls $2
julenchu: checks
*** FLOP *** [4h 8s 8c]
julenchu: checks
dmitry_smoke: bets $3
julenchu: folds
Uncalled bet ($3) returned to dmitry_smoke
dmitry_smoke collected $5.88 from pot
dmitry_smoke: doesn't show hand
*** SUMMARY ***
Total pot $6 | Rake $0.12
Board [4h 8s 8c]
Seat 1: julenchu (big blind) folded on the Flop
Seat 6: dmitry_smoke (button) (small blind) collected ($5.88)


PokerStars Hand #145528858275:  Hold'em Limit ($3/$6 USD) - 2015/12/18 9:11:33 ET
Table 'Artek' 6-max Seat #6 is the button
Seat 4: korrnel ($109.44 in chips)
Seat 6: Spiviren ($121 in chips)
Spiviren: posts small blind $1
MellivoraSto: is sitting out
korrnel: posts big blind $3
*** HOLE CARDS ***
Spiviren: folds
Uncalled bet ($2) returned to korrnel
korrnel collected $2 from pot
korrnel: doesn't show hand
*** SUMMARY ***
Total pot $2 | Rake $0
Seat 4: korrnel (big blind) collected ($2)
Seat 6: Spiviren (button) (small blind) folded before Flop


