PokerStars Hand #158648218899:  Hold'em Limit ($3/$6 USD) - 2016/09/15 15:52:02 ET
Table 'Aruna' 6-max Seat #2 is the button
Seat 2: Humtum81 ($30 in chips)
Seat 3: simper11 ($120 in chips)
Humtum81: posts small blind $1
simper11: posts big blind $3
*** HOLE CARDS ***
Humtum81: raises $3 to $6
simper11: calls $3
*** FLOP *** [5s 2s 3c]
simper11: checks
Humtum81: checks
*** TURN *** [5s 2s 3c] [3s]
simper11: bets $6
Humtum81: folds
Uncalled bet ($6) returned to simper11
simper11 collected $11.76 from pot
simper11: doesn't show hand
*** SUMMARY ***
Total pot $12 | Rake $0.24
Board [5s 2s 3c 3s]
Seat 2: Humtum81 (button) (small blind) folded on the Turn
Seat 3: simper11 (big blind) collected ($11.76)


PokerStars Hand #158648253450:  Hold'em Limit ($3/$6 USD) - 2016/09/15 15:52:44 ET
Table 'Aruna' 6-max Seat #3 is the button
Seat 2: Humtum81 ($50.50 in chips)
Seat 3: simper11 ($120 in chips)
simper11: posts small blind $1
Humtum81: posts big blind $3
*** HOLE CARDS ***
simper11: raises $3 to $6
Humtum81: calls $3
*** FLOP *** [7c 8s Ks]
Humtum81: checks
simper11: bets $3
Humtum81: folds
Uncalled bet ($3) returned to simper11
simper11 collected $11.76 from pot
simper11: doesn't show hand
*** SUMMARY ***
Total pot $12 | Rake $0.24
Board [7c 8s Ks]
Seat 2: Humtum81 (big blind) folded on the Flop
Seat 3: simper11 (button) (small blind) collected ($11.76)


PokerStars Hand #158648242790:  Hold'em Limit ($3/$6 USD) - 2016/09/15 15:52:31 ET
Table 'Aruna' 6-max Seat #2 is the button
Seat 2: Humtum81 ($47.50 in chips)
Seat 3: simper11 ($120 in chips)
Humtum81: posts small blind $1
simper11: posts big blind $3
*** HOLE CARDS ***
Humtum81: raises $3 to $6
simper11 said, "ahahahah"
simper11 said, "ahahaha"
simper11 said, "hahahahah"
simper11 said, "ahahah"
simper11: folds
Uncalled bet ($3) returned to Humtum81
Humtum81 collected $6 from pot
Humtum81: doesn't show hand
*** SUMMARY ***
Total pot $6 | Rake $0
Seat 2: Humtum81 (button) (small blind) collected ($6)
Seat 3: simper11 (big blind) folded before Flop


PokerStars Hand #158648231258:  Hold'em Limit ($3/$6 USD) - 2016/09/15 15:52:17 ET
Table 'Aruna' 6-max Seat #3 is the button
Seat 2: Humtum81 ($24 in chips)
Seat 3: simper11 ($125.76 in chips)
simper11: posts small blind $1
Humtum81: posts big blind $3
*** HOLE CARDS ***
simper11: raises $3 to $6
Humtum81: raises $3 to $9
simper11: calls $3
*** FLOP *** [Kh Jh 8d]
Humtum81: bets $3
simper11: calls $3
*** TURN *** [Kh Jh 8d] [Qc]
Humtum81: bets $6
simper11: raises $6 to $12
Humtum81: calls $6 and is all-in
*** RIVER *** [Kh Jh 8d Qc] [2s]
*** SHOW DOWN ***
Humtum81: shows [Qd 2d] (two pair, Queens and Deuces)
simper11: shows [Kc Ts] (a pair of Kings)
Humtum81 collected $47.50 from pot
*** SUMMARY ***
Total pot $48 | Rake $0.50
Board [Kh Jh 8d Qc 2s]
Seat 2: Humtum81 (big blind) showed [Qd 2d] and won ($47.50) with two pair, Queens and Deuces
Seat 3: simper11 (button) (small blind) showed [Kc Ts] and lost with a pair of Kings


PokerStars Hand #158648272637:  Hold'em Limit ($3/$6 USD) - 2016/09/15 15:53:07 ET
Table 'Aruna' 6-max Seat #2 is the button
Seat 2: Humtum81 ($44.50 in chips)
Seat 3: simper11 ($125.76 in chips)
Humtum81: posts small blind $1
simper11: posts big blind $3
*** HOLE CARDS ***
Humtum81: raises $3 to $6
simper11: calls $3
*** FLOP *** [Js Ks Ad]
simper11: checks
Humtum81: bets $3
simper11: calls $3
*** TURN *** [Js Ks Ad] [7h]
simper11: checks
Humtum81: bets $6
simper11: folds
Uncalled bet ($6) returned to Humtum81
Humtum81 collected $17.64 from pot
Humtum81: doesn't show hand
*** SUMMARY ***
Total pot $18 | Rake $0.36
Board [Js Ks Ad 7h]
Seat 2: Humtum81 (button) (small blind) collected ($17.64)
Seat 3: simper11 (big blind) folded on the Turn


PokerStars Hand #158648294345:  Hold'em Limit ($3/$6 USD) - 2016/09/15 15:53:33 ET
Table 'Aruna' 6-max Seat #2 is the button
Seat 2: Humtum81 ($44.14 in chips)
Seat 3: simper11 ($128.64 in chips)
Humtum81: posts small blind $1
simper11: posts big blind $3
*** HOLE CARDS ***
Humtum81: raises $3 to $6
simper11: calls $3
*** FLOP *** [Js 6c Tc]
simper11: checks
Humtum81: checks
*** TURN *** [Js 6c Tc] [8c]
simper11: checks
Humtum81: checks
*** RIVER *** [Js 6c Tc 8c] [2s]
TheU10 joins the table at seat #4
simper11: checks
Humtum81: bets $6
simper11: folds
Uncalled bet ($6) returned to Humtum81
Humtum81 collected $11.76 from pot
Humtum81: doesn't show hand
*** SUMMARY ***
Total pot $12 | Rake $0.24
Board [Js 6c Tc 8c 2s]
Seat 2: Humtum81 (button) (small blind) collected ($11.76)
Seat 3: simper11 (big blind) folded on the River


PokerStars Hand #158648282756:  Hold'em Limit ($3/$6 USD) - 2016/09/15 15:53:19 ET
Table 'Aruna' 6-max Seat #3 is the button
Seat 2: Humtum81 ($53.14 in chips)
Seat 3: simper11 ($120 in chips)
simper11: posts small blind $1
Humtum81: posts big blind $3
*** HOLE CARDS ***
simper11: raises $3 to $6
Humtum81: calls $3
*** FLOP *** [5h 3s 2h]
Humtum81: checks
simper11: bets $3
Humtum81: calls $3
*** TURN *** [5h 3s 2h] [Qc]
Humtum81: checks
simper11: bets $6
Humtum81: folds
Uncalled bet ($6) returned to simper11
simper11 collected $17.64 from pot
simper11: doesn't show hand
*** SUMMARY ***
Total pot $18 | Rake $0.36
Board [5h 3s 2h Qc]
Seat 2: Humtum81 (big blind) folded on the Turn
Seat 3: simper11 (button) (small blind) collected ($17.64)


PokerStars Hand #158648362534:  Hold'em Limit ($3/$6 USD) - 2016/09/15 15:54:55 ET
Table 'Aruna' 6-max Seat #4 is the button
Seat 2: Humtum81 ($40.94 in chips)
Seat 4: TheU10 ($114.66 in chips)
TheU10: posts small blind $1
Humtum81: posts big blind $3
*** HOLE CARDS ***
TheU10: raises $3 to $6
Humtum81: calls $3
*** FLOP *** [6c 2c 6s]
Humtum81: checks
TheU10: bets $3
Humtum81: calls $3
*** TURN *** [6c 2c 6s] [Jc]
Humtum81: checks
TheU10: bets $6
Humtum81: folds
Uncalled bet ($6) returned to TheU10
TheU10 collected $17.64 from pot
TheU10: doesn't show hand
*** SUMMARY ***
Total pot $18 | Rake $0.36
Board [6c 2c 6s Jc]
Seat 2: Humtum81 (big blind) folded on the Turn
Seat 4: TheU10 (button) (small blind) collected ($17.64)


PokerStars Hand #158648344160:  Hold'em Limit ($3/$6 USD) - 2016/09/15 15:54:33 ET
Table 'Aruna' 6-max Seat #4 is the button
Seat 2: Humtum81 ($33.30 in chips)
Seat 4: TheU10 ($122.66 in chips)
TheU10: posts small blind $1
Humtum81: posts big blind $3
*** HOLE CARDS ***
TheU10: folds
Uncalled bet ($2) returned to Humtum81
Humtum81 collected $2 from pot
Humtum81: doesn't show hand
*** SUMMARY ***
Total pot $2 | Rake $0
Seat 2: Humtum81 (big blind) collected ($2)
Seat 4: TheU10 (button) (small blind) folded before Flop


PokerStars Hand #158648331688:  Hold'em Limit ($3/$6 USD) - 2016/09/15 15:54:18 ET
Table 'Aruna' 6-max Seat #2 is the button
Seat 2: Humtum81 ($16.90 in chips)
Seat 4: TheU10 ($139.56 in chips)
Humtum81: posts small blind $1
simper11: is sitting out
TheU10: posts big blind $3
*** HOLE CARDS ***
Humtum81: raises $3 to $6
TheU10: calls $3
*** FLOP *** [7s Ac Jc]
TheU10: checks
Humtum81: bets $3
TheU10: raises $3 to $6
Humtum81: raises $3 to $9
simper11 leaves the table
TheU10: raises $3 to $12
Betting is capped
Humtum81: calls $1.90 and is all-in
Uncalled bet ($1.10) returned to TheU10
*** TURN *** [7s Ac Jc] [8h]
*** RIVER *** [7s Ac Jc 8h] [As]
*** SHOW DOWN ***
TheU10: shows [8c 9s] (two pair, Aces and Eights)
Humtum81: shows [9c Jh] (two pair, Aces and Jacks)
Humtum81 collected $33.30 from pot
*** SUMMARY ***
Total pot $33.80 | Rake $0.50
Board [7s Ac Jc 8h As]
Seat 2: Humtum81 (button) (small blind) showed [9c Jh] and won ($33.30) with two pair, Aces and Jacks
Seat 4: TheU10 (big blind) showed [8c 9s] and lost with two pair, Aces and Eights


PokerStars Hand #158648352360:  Hold'em Limit ($3/$6 USD) - 2016/09/15 15:54:42 ET
Table 'Aruna' 6-max Seat #4 is the button
Seat 2: Humtum81 ($33.30 in chips)
Seat 4: TheU10 ($122.66 in chips)
TheU10: posts small blind $1
Humtum81: posts big blind $3
*** HOLE CARDS ***
TheU10: raises $3 to $6
Humtum81: raises $3 to $9
TheU10: calls $3
*** FLOP *** [Ad 4d 7s]
Humtum81: bets $3
TheU10: folds
Uncalled bet ($3) returned to Humtum81
Humtum81 collected $17.64 from pot
Humtum81: doesn't show hand
*** SUMMARY ***
Total pot $18 | Rake $0.36
Board [Ad 4d 7s]
Seat 2: Humtum81 (big blind) collected ($17.64)
Seat 4: TheU10 (button) (small blind) folded on the Flop


PokerStars Hand #158648374347:  Hold'em Limit ($3/$6 USD) - 2016/09/15 15:55:11 ET
Table 'Aruna' 6-max Seat #2 is the button
Seat 2: Humtum81 ($31.94 in chips)
Seat 4: TheU10 ($123.30 in chips)
Humtum81: posts small blind $1
TheU10: posts big blind $3
*** HOLE CARDS ***
Humtum81: raises $3 to $6
TheU10: raises $3 to $9
Humtum81: raises $3 to $12
Betting is capped
TheU10: calls $3
*** FLOP *** [Ac 4h Jc]
TheU10: checks
Humtum81: bets $3
TheU10: calls $3
*** TURN *** [Ac 4h Jc] [6s]
TheU10: checks
Humtum81: checks
*** RIVER *** [Ac 4h Jc 6s] [6d]
TheU10: checks
Humtum81: bets $6
TheU10: calls $6
*** SHOW DOWN ***
Humtum81: shows [Th 8s] (a pair of Sixes)
TheU10: shows [9d Kd] (a pair of Sixes - Ace+King kicker)
TheU10 collected $41.50 from pot
*** SUMMARY ***
Total pot $42 | Rake $0.50
Board [Ac 4h Jc 6s 6d]
Seat 2: Humtum81 (button) (small blind) showed [Th 8s] and lost with a pair of Sixes
Seat 4: TheU10 (big blind) showed [9d Kd] and won ($41.50) with a pair of Sixes


PokerStars Hand #158648384288:  Hold'em Limit ($3/$6 USD) - 2016/09/15 15:55:26 ET
Table 'Aruna' 6-max Seat #4 is the button
Seat 2: Humtum81 ($10.94 in chips)
Seat 4: TheU10 ($143.80 in chips)
TheU10: posts small blind $1
Humtum81: posts big blind $3
*** HOLE CARDS ***
TheU10: folds
Uncalled bet ($2) returned to Humtum81
Humtum81 collected $2 from pot
Humtum81: doesn't show hand
*** SUMMARY ***
Total pot $2 | Rake $0
Seat 2: Humtum81 (big blind) collected ($2)
Seat 4: TheU10 (button) (small blind) folded before Flop


PokerStars Hand #158648387297:  Hold'em Limit ($3/$6 USD) - 2016/09/15 15:55:31 ET
Table 'Aruna' 6-max Seat #2 is the button
Seat 2: Humtum81 ($11.94 in chips)
Seat 4: TheU10 ($142.80 in chips)
Humtum81: posts small blind $1
TheU10: posts big blind $3
*** HOLE CARDS ***
Humtum81: raises $3 to $6
TheU10: calls $3
*** FLOP *** [Ts 4c 8c]
TheU10: checks
Humtum81: checks
*** TURN *** [Ts 4c 8c] [2c]
TheU10: bets $6
Humtum81: calls $5.94 and is all-in
Uncalled bet ($0.06) returned to TheU10
*** RIVER *** [Ts 4c 8c 2c] [2s]
*** SHOW DOWN ***
TheU10: shows [5s 9c] (a pair of Deuces)
Humtum81: shows [2h Kd] (three of a kind, Deuces)
Humtum81 collected $23.40 from pot
*** SUMMARY ***
Total pot $23.88 | Rake $0.48
Board [Ts 4c 8c 2c 2s]
Seat 2: Humtum81 (button) (small blind) showed [2h Kd] and won ($23.40) with three of a kind, Deuces
Seat 4: TheU10 (big blind) showed [5s 9c] and lost with a pair of Deuces


PokerStars Hand #158648405501:  Hold'em Limit ($3/$6 USD) - 2016/09/15 15:55:59 ET
Table 'Aruna' 6-max Seat #2 is the button
Seat 2: Humtum81 ($23.15 in chips)
Seat 4: TheU10 ($130.61 in chips)
Humtum81: posts small blind $1
TheU10: posts big blind $3
*** HOLE CARDS ***
Humtum81: raises $3 to $6
TheU10: calls $3
*** FLOP *** [6d Th 2s]
TheU10: checks
Humtum81: bets $3
TheU10: folds
Uncalled bet ($3) returned to Humtum81
Humtum81 collected $11.76 from pot
Humtum81: doesn't show hand
*** SUMMARY ***
Total pot $12 | Rake $0.24
Board [6d Th 2s]
Seat 2: Humtum81 (button) (small blind) collected ($11.76)
Seat 4: TheU10 (big blind) folded on the Flop


PokerStars Hand #158648395260:  Hold'em Limit ($3/$6 USD) - 2016/09/15 15:55:43 ET
Table 'Aruna' 6-max Seat #4 is the button
Seat 2: Humtum81 ($23.40 in chips)
Seat 4: TheU10 ($130.86 in chips)
TheU10: posts small blind $1
Humtum81: posts big blind $3
*** HOLE CARDS ***
TheU10: raises $3 to $6
Humtum81: calls $3
*** FLOP *** [7h Qd 7c]
Humtum81: bets $3
TheU10: raises $3 to $6
Humtum81: raises $3 to $9
TheU10: raises $3 to $12
Betting is capped
Humtum81: calls $3
*** TURN *** [7h Qd 7c] [7s]
Humtum81: bets $5.40 and is all-in
TheU10: calls $5.40
*** RIVER *** [7h Qd 7c 7s] [Td]
*** SHOW DOWN ***
Humtum81: shows [Kh 2c] (three of a kind, Sevens)
TheU10: shows [Kc 6d] (three of a kind, Sevens)
Humtum81 collected $23.15 from pot
TheU10 collected $23.15 from pot
*** SUMMARY ***
Total pot $46.80 | Rake $0.50
Board [7h Qd 7c 7s Td]
Seat 2: Humtum81 (big blind) showed [Kh 2c] and won ($23.15) with three of a kind, Sevens
Seat 4: TheU10 (button) (small blind) showed [Kc 6d] and won ($23.15) with three of a kind, Sevens


PokerStars Hand #158648410864:  Hold'em Limit ($3/$6 USD) - 2016/09/15 15:56:07 ET
Table 'Aruna' 6-max Seat #4 is the button
Seat 2: Humtum81 ($28.91 in chips)
Seat 4: TheU10 ($124.61 in chips)
TheU10: posts small blind $1
Humtum81: posts big blind $3
*** HOLE CARDS ***
TheU10: raises $3 to $6
Humtum81: folds
Uncalled bet ($3) returned to TheU10
TheU10 collected $6 from pot
TheU10: doesn't show hand
*** SUMMARY ***
Total pot $6 | Rake $0
Seat 2: Humtum81 (big blind) folded before Flop
Seat 4: TheU10 (button) (small blind) collected ($6)


PokerStars Hand #158648424940:  Hold'em Limit ($3/$6 USD) - 2016/09/15 15:56:29 ET
Table 'Aruna' 6-max Seat #4 is the button
Seat 4: TheU10 ($153.02 in chips)
Seat 6: gkas71 ($120 in chips)
TheU10: posts small blind $1
gkas71: posts big blind $3
*** HOLE CARDS ***
TheU10: raises $3 to $6
gkas71: calls $3
*** FLOP *** [4d Jh As]
ToDaFelt joins the table at seat #1
gkas71: checks
TheU10: checks
*** TURN *** [4d Jh As] [Th]
gkas71: checks
TheU10: checks
*** RIVER *** [4d Jh As Th] [2d]
gkas71: bets $6
TheU10: folds
Uncalled bet ($6) returned to gkas71
gkas71 collected $11.76 from pot
gkas71: doesn't show hand
*** SUMMARY ***
Total pot $12 | Rake $0.24
Board [4d Jh As Th 2d]
Seat 4: TheU10 (button) (small blind) folded on the River
Seat 6: gkas71 (big blind) collected ($11.76)


PokerStars Hand #158653282594:  Hold'em Limit ($3/$6 USD) - 2016/09/15 17:36:10 ET
Table 'Aruna' 6-max Seat #4 is the button
Seat 4: MLSB124 ($353.03 in chips)
Seat 6: Ag3r0n ($115.72 in chips)
MLSB124: posts small blind $1
Ag3r0n: posts big blind $3
*** HOLE CARDS ***
MLSB124: calls $2
Ag3r0n: checks
*** FLOP *** [7s 6h 3h]
Ag3r0n: checks
MLSB124: bets $3
Ag3r0n: folds
Uncalled bet ($3) returned to MLSB124
MLSB124 collected $5.88 from pot
*** SUMMARY ***
Total pot $6 | Rake $0.12
Board [7s 6h 3h]
Seat 4: MLSB124 (button) (small blind) collected ($5.88)
Seat 6: Ag3r0n (big blind) folded on the Flop


PokerStars Hand #158653263818:  Hold'em Limit ($3/$6 USD) - 2016/09/15 17:35:47 ET
Table 'Aruna' 6-max Seat #6 is the button
Seat 4: MLSB124 ($353.28 in chips)
Seat 6: Ag3r0n ($115.97 in chips)
Ag3r0n: posts small blind $1
MLSB124: posts big blind $3
*** HOLE CARDS ***
Ag3r0n: raises $3 to $6
GRAILKO leaves the table
MLSB124: calls $3
*** FLOP *** [9d 2s 3h]
MLSB124: checks
Ag3r0n: checks
*** TURN *** [9d 2s 3h] [Ah]
MLSB124: checks
Ag3r0n: checks
*** RIVER *** [9d 2s 3h Ah] [4s]
MLSB124: bets $6
Ag3r0n: raises $6 to $12
MLSB124: raises $6 to $18
Ag3r0n: raises $6 to $24
Betting is capped
MLSB124: calls $6
*** SHOW DOWN ***
Ag3r0n: shows [5c Qh] (a straight, Ace to Five)
MLSB124: shows [5s Th] (a straight, Ace to Five)
MLSB124 collected $29.75 from pot
Ag3r0n collected $29.75 from pot
*** SUMMARY ***
Total pot $60 | Rake $0.50
Board [9d 2s 3h Ah 4s]
Seat 4: MLSB124 (big blind) showed [5s Th] and won ($29.75) with a straight, Ace to Five
Seat 6: Ag3r0n (button) (small blind) showed [5c Qh] and won ($29.75) with a straight, Ace to Five


PokerStars Hand #158653292854:  Hold'em Limit ($3/$6 USD) - 2016/09/15 17:36:24 ET
Table 'Aruna' 6-max Seat #6 is the button
Seat 4: MLSB124 ($355.91 in chips)
Seat 6: Ag3r0n ($112.72 in chips)
Ag3r0n: posts small blind $1
MLSB124: posts big blind $3
*** HOLE CARDS ***
Ag3r0n: folds
Uncalled bet ($2) returned to MLSB124
MLSB124 collected $2 from pot
*** SUMMARY ***
Total pot $2 | Rake $0
Seat 4: MLSB124 (big blind) collected ($2)
Seat 6: Ag3r0n (button) (small blind) folded before Flop


PokerStars Hand #158653247393:  Hold'em Limit ($3/$6 USD) - 2016/09/15 17:35:26 ET
Table 'Aruna' 6-max Seat #4 is the button
Seat 4: MLSB124 ($326.78 in chips)
Seat 6: Ag3r0n ($142.97 in chips)
MLSB124: posts small blind $1
GRAILKO: is sitting out
Ag3r0n: posts big blind $3
*** HOLE CARDS ***
MLSB124: raises $3 to $6
Ag3r0n: calls $3
*** FLOP *** [8c 4c 4h]
Ag3r0n: checks
MLSB124: bets $3
Ag3r0n: raises $3 to $6
MLSB124: raises $3 to $9
Ag3r0n: calls $3
*** TURN *** [8c 4c 4h] [6s]
Ag3r0n: checks
MLSB124: bets $6
Ag3r0n: calls $6
*** RIVER *** [8c 4c 4h 6s] [4s]
Ag3r0n: checks
MLSB124: bets $6
Ag3r0n: calls $6
*** SHOW DOWN ***
MLSB124: shows [Td Th] (a full house, Fours full of Tens)
Ag3r0n: mucks hand
MLSB124 collected $53.50 from pot
*** SUMMARY ***
Total pot $54 | Rake $0.50
Board [8c 4c 4h 6s 4s]
Seat 4: MLSB124 (button) (small blind) showed [Td Th] and won ($53.50) with a full house, Fours full of Tens
Seat 6: Ag3r0n (big blind) mucked


PokerStars Hand #158653305848:  Hold'em Limit ($3/$6 USD) - 2016/09/15 17:36:40 ET
Table 'Aruna' 6-max Seat #6 is the button
Seat 4: MLSB124 ($359.79 in chips)
Seat 6: Ag3r0n ($108.72 in chips)
Ag3r0n: posts small blind $1
MLSB124: posts big blind $3
*** HOLE CARDS ***
Ag3r0n: raises $3 to $6
MLSB124: calls $3
*** FLOP *** [Kd Jh Ks]
MLSB124: checks
Ag3r0n: bets $3
MLSB124: calls $3
*** TURN *** [Kd Jh Ks] [8c]
MLSB124: checks
Ag3r0n: bets $6
MLSB124: calls $6
*** RIVER *** [Kd Jh Ks 8c] [5d]
MLSB124: checks
Ag3r0n: bets $6
MLSB124: folds
Uncalled bet ($6) returned to Ag3r0n
Ag3r0n collected $29.50 from pot
*** SUMMARY ***
Total pot $30 | Rake $0.50
Board [Kd Jh Ks 8c 5d]
Seat 4: MLSB124 (big blind) folded on the River
Seat 6: Ag3r0n (button) (small blind) collected ($29.50)


PokerStars Hand #158653296486:  Hold'em Limit ($3/$6 USD) - 2016/09/15 17:36:28 ET
Table 'Aruna' 6-max Seat #4 is the button
Seat 4: MLSB124 ($356.91 in chips)
Seat 6: Ag3r0n ($111.72 in chips)
MLSB124: posts small blind $1
Ag3r0n: posts big blind $3
*** HOLE CARDS ***
MLSB124: calls $2
Ag3r0n: checks
*** FLOP *** [Kc 2c As]
Ag3r0n: checks
MLSB124: bets $3
Ag3r0n: folds
Uncalled bet ($3) returned to MLSB124
MLSB124 collected $5.88 from pot
*** SUMMARY ***
Total pot $6 | Rake $0.12
Board [Kc 2c As]
Seat 4: MLSB124 (button) (small blind) collected ($5.88)
Seat 6: Ag3r0n (big blind) folded on the Flop


PokerStars Hand #158653332845:  Hold'em Limit ($3/$6 USD) - 2016/09/15 17:37:15 ET
Table 'Aruna' 6-max Seat #4 is the button
Seat 4: MLSB124 ($344.79 in chips)
Seat 6: Ag3r0n ($123.22 in chips)
MLSB124: posts small blind $1
Ag3r0n: posts big blind $3
*** HOLE CARDS ***
MLSB124: calls $2
Ag3r0n: checks
*** FLOP *** [5c 4s Kd]
Ag3r0n: checks
MLSB124: checks
*** TURN *** [5c 4s Kd] [As]
Ag3r0n: checks
MLSB124: checks
*** RIVER *** [5c 4s Kd As] [8s]
Ag3r0n: checks
MLSB124: bets $6
Ag3r0n: folds
Uncalled bet ($6) returned to MLSB124
MLSB124 collected $5.88 from pot
*** SUMMARY ***
Total pot $6 | Rake $0.12
Board [5c 4s Kd As 8s]
Seat 4: MLSB124 (button) (small blind) collected ($5.88)
Seat 6: Ag3r0n (big blind) folded on the River


PokerStars Hand #158653344771:  Hold'em Limit ($3/$6 USD) - 2016/09/15 17:37:30 ET
Table 'Aruna' 6-max Seat #6 is the button
Seat 4: MLSB124 ($347.67 in chips)
Seat 6: Ag3r0n ($120.22 in chips)
Ag3r0n: posts small blind $1
MLSB124: posts big blind $3
*** HOLE CARDS ***
Ag3r0n: raises $3 to $6
MLSB124: calls $3
*** FLOP *** [Qd Th Ah]
MLSB124: checks
Ag3r0n: bets $3
MLSB124: folds
Uncalled bet ($3) returned to Ag3r0n
Ag3r0n collected $11.76 from pot
*** SUMMARY ***
Total pot $12 | Rake $0.24
Board [Qd Th Ah]
Seat 4: MLSB124 (big blind) folded on the Flop
Seat 6: Ag3r0n (button) (small blind) collected ($11.76)


PokerStars Hand #158653358767:  Hold'em Limit ($3/$6 USD) - 2016/09/15 17:37:49 ET
Table 'Aruna' 6-max Seat #4 is the button
Seat 4: MLSB124 ($341.67 in chips)
Seat 6: Ag3r0n ($125.98 in chips)
MLSB124: posts small blind $1
Ag3r0n: posts big blind $3
*** HOLE CARDS ***
MLSB124: raises $3 to $6
Ag3r0n: calls $3
*** FLOP *** [Tc 9c 7h]
Ag3r0n: checks
MLSB124: bets $3
Ag3r0n: calls $3
*** TURN *** [Tc 9c 7h] [4c]
Ag3r0n: checks
MLSB124: bets $6
Ag3r0n: folds
Uncalled bet ($6) returned to MLSB124
MLSB124 collected $17.64 from pot
*** SUMMARY ***
Total pot $18 | Rake $0.36
Board [Tc 9c 7h 4c]
Seat 4: MLSB124 (button) (small blind) collected ($17.64)
Seat 6: Ag3r0n (big blind) folded on the Turn


PokerStars Hand #158653370282:  Hold'em Limit ($3/$6 USD) - 2016/09/15 17:38:04 ET
Table 'Aruna' 6-max Seat #6 is the button
Seat 4: MLSB124 ($350.31 in chips)
Seat 6: Ag3r0n ($116.98 in chips)
Ag3r0n: posts small blind $1
MLSB124: posts big blind $3
*** HOLE CARDS ***
Ag3r0n: raises $3 to $6
MLSB124: calls $3
*** FLOP *** [Jc Qd 4s]
MLSB124: checks
Ag3r0n: bets $3
MLSB124: calls $3
*** TURN *** [Jc Qd 4s] [As]
MLSB124: checks
Ag3r0n: checks
*** RIVER *** [Jc Qd 4s As] [7s]
MLSB124: checks
Ag3r0n: checks
*** SHOW DOWN ***
MLSB124: shows [Kd 8s] (high card Ace)
Ag3r0n: mucks hand
MLSB124 collected $17.64 from pot
*** SUMMARY ***
Total pot $18 | Rake $0.36
Board [Jc Qd 4s As 7s]
Seat 4: MLSB124 (big blind) showed [Kd 8s] and won ($17.64) with high card Ace
Seat 6: Ag3r0n (button) (small blind) mucked


PokerStars Hand #158653402528:  Hold'em Limit ($3/$6 USD) - 2016/09/15 17:38:46 ET
Table 'Aruna' 6-max Seat #4 is the button
Seat 4: MLSB124 ($361.59 in chips)
Seat 6: Ag3r0n ($104.74 in chips)
MLSB124: posts small blind $1
Ag3r0n: posts big blind $3
*** HOLE CARDS ***
MLSB124: raises $3 to $6
Ag3r0n: calls $3
*** FLOP *** [Td 6c 5c]
Ag3r0n: checks
MLSB124: bets $3
Ag3r0n: folds
Uncalled bet ($3) returned to MLSB124
MLSB124 collected $11.76 from pot
*** SUMMARY ***
Total pot $12 | Rake $0.24
Board [Td 6c 5c]
Seat 4: MLSB124 (button) (small blind) collected ($11.76)
Seat 6: Ag3r0n (big blind) folded on the Flop


PokerStars Hand #158653395809:  Hold'em Limit ($3/$6 USD) - 2016/09/15 17:38:37 ET
Table 'Aruna' 6-max Seat #6 is the button
Seat 4: MLSB124 ($367.59 in chips)
Seat 6: Ag3r0n ($98.98 in chips)
Ag3r0n: posts small blind $1
MLSB124: posts big blind $3
*** HOLE CARDS ***
Ag3r0n: raises $3 to $6
MLSB124: calls $3
*** FLOP *** [5d Th 9s]
MLSB124: checks
Ag3r0n: bets $3
MLSB124: folds
Uncalled bet ($3) returned to Ag3r0n
Ag3r0n collected $11.76 from pot
*** SUMMARY ***
Total pot $12 | Rake $0.24
Board [5d Th 9s]
Seat 4: MLSB124 (big blind) folded on the Flop
Seat 6: Ag3r0n (button) (small blind) collected ($11.76)


PokerStars Hand #158653381344:  Hold'em Limit ($3/$6 USD) - 2016/09/15 17:38:18 ET
Table 'Aruna' 6-max Seat #4 is the button
Seat 4: MLSB124 ($358.95 in chips)
Seat 6: Ag3r0n ($107.98 in chips)
MLSB124: posts small blind $1
Ag3r0n: posts big blind $3
*** HOLE CARDS ***
MLSB124: raises $3 to $6
Ag3r0n: calls $3
*** FLOP *** [5d Ks 6s]
Ag3r0n: checks
MLSB124: bets $3
Ag3r0n: calls $3
*** TURN *** [5d Ks 6s] [Ad]
Ag3r0n: checks
MLSB124: bets $6
Ag3r0n: folds
Uncalled bet ($6) returned to MLSB124
MLSB124 collected $17.64 from pot
*** SUMMARY ***
Total pot $18 | Rake $0.36
Board [5d Ks 6s Ad]
Seat 4: MLSB124 (button) (small blind) collected ($17.64)
Seat 6: Ag3r0n (big blind) folded on the Turn


PokerStars Hand #158653413234:  Hold'em Limit ($3/$6 USD) - 2016/09/15 17:39:00 ET
Table 'Aruna' 6-max Seat #4 is the button
Seat 4: MLSB124 ($364.35 in chips)
Seat 6: Ag3r0n ($101.74 in chips)
MLSB124: posts small blind $1
Ag3r0n: posts big blind $3
*** HOLE CARDS ***
MLSB124: raises $3 to $6
Ag3r0n: calls $3
*** FLOP *** [5d 6s Jd]
Ag3r0n: checks
MLSB124: bets $3
Ag3r0n: calls $3
*** TURN *** [5d 6s Jd] [5s]
Ag3r0n: checks
MLSB124: bets $6
Ag3r0n: raises $6 to $12
MLSB124: calls $6
*** RIVER *** [5d 6s Jd 5s] [9c]
Ag3r0n: bets $6
MLSB124: calls $6
*** SHOW DOWN ***
Ag3r0n: shows [5c Js] (a full house, Fives full of Jacks)
MLSB124: mucks hand
Ag3r0n collected $53.50 from pot
*** SUMMARY ***
Total pot $54 | Rake $0.50
Board [5d 6s Jd 5s 9c]
Seat 4: MLSB124 (button) (small blind) mucked
Seat 6: Ag3r0n (big blind) showed [5c Js] and won ($53.50) with a full house, Fives full of Jacks


PokerStars Hand #158653409341:  Hold'em Limit ($3/$6 USD) - 2016/09/15 17:38:55 ET
Table 'Aruna' 6-max Seat #6 is the button
Seat 4: MLSB124 ($367.35 in chips)
Seat 6: Ag3r0n ($98.74 in chips)
Ag3r0n: posts small blind $1
MLSB124: posts big blind $3
*** HOLE CARDS ***
Ag3r0n: raises $3 to $6
MLSB124: folds
Uncalled bet ($3) returned to Ag3r0n
Ag3r0n collected $6 from pot
*** SUMMARY ***
Total pot $6 | Rake $0
Seat 4: MLSB124 (big blind) folded before Flop
Seat 6: Ag3r0n (button) (small blind) collected ($6)


PokerStars Hand #158653426586:  Hold'em Limit ($3/$6 USD) - 2016/09/15 17:39:17 ET
Table 'Aruna' 6-max Seat #6 is the button
Seat 4: MLSB124 ($337.35 in chips)
Seat 6: Ag3r0n ($128.24 in chips)
Ag3r0n: posts small blind $1
MLSB124: posts big blind $3
*** HOLE CARDS ***
Ag3r0n: raises $3 to $6
MLSB124: calls $3
*** FLOP *** [7d Qd 5s]
MLSB124: checks
Ag3r0n: checks
*** TURN *** [7d Qd 5s] [4d]
MLSB124: bets $6
Ag3r0n: folds
Uncalled bet ($6) returned to MLSB124
MLSB124 collected $11.76 from pot
*** SUMMARY ***
Total pot $12 | Rake $0.24
Board [7d Qd 5s 4d]
Seat 4: MLSB124 (big blind) collected ($11.76)
Seat 6: Ag3r0n (button) (small blind) folded on the Turn


PokerStars Hand #158653473136:  Hold'em Limit ($3/$6 USD) - 2016/09/15 17:40:18 ET
Table 'Aruna' 6-max Seat #6 is the button
Seat 4: MLSB124 ($383.93 in chips)
Seat 6: Ag3r0n ($80.06 in chips)
Ag3r0n: posts small blind $1
MLSB124: posts big blind $3
*** HOLE CARDS ***
Ag3r0n: raises $3 to $6
MLSB124: calls $3
*** FLOP *** [Td Qs 5c]
MLSB124: checks
Ag3r0n: bets $3
MLSB124: calls $3
*** TURN *** [Td Qs 5c] [Ts]
MLSB124: checks
Ag3r0n: checks
*** RIVER *** [Td Qs 5c Ts] [7d]
MLSB124: bets $6
Ag3r0n: folds
Uncalled bet ($6) returned to MLSB124
MLSB124 collected $17.64 from pot
*** SUMMARY ***
Total pot $18 | Rake $0.36
Board [Td Qs 5c Ts 7d]
Seat 4: MLSB124 (big blind) collected ($17.64)
Seat 6: Ag3r0n (button) (small blind) folded on the River


PokerStars Hand #158653447754:  Hold'em Limit ($3/$6 USD) - 2016/09/15 17:39:45 ET
Table 'Aruna' 6-max Seat #6 is the button
Seat 4: MLSB124 ($363.61 in chips)
Seat 6: Ag3r0n ($101.24 in chips)
Ag3r0n: posts small blind $1
MLSB124: posts big blind $3
*** HOLE CARDS ***
Ag3r0n: raises $3 to $6
MLSB124: calls $3
*** FLOP *** [7d 9d 7c]
MLSB124: checks
Ag3r0n: bets $3
MLSB124: calls $3
*** TURN *** [7d 9d 7c] [7s]
MLSB124: checks
Ag3r0n: checks
*** RIVER *** [7d 9d 7c 7s] [Qs]
MLSB124: checks
Ag3r0n: checks
*** SHOW DOWN ***
MLSB124: shows [4h Kh] (three of a kind, Sevens)
Ag3r0n: shows [Js Kc] (three of a kind, Sevens)
MLSB124 collected $8.82 from pot
Ag3r0n collected $8.82 from pot
*** SUMMARY ***
Total pot $18 | Rake $0.36
Board [7d 9d 7c 7s Qs]
Seat 4: MLSB124 (big blind) showed [4h Kh] and won ($8.82) with three of a kind, Sevens
Seat 6: Ag3r0n (button) (small blind) showed [Js Kc] and won ($8.82) with three of a kind, Sevens


PokerStars Hand #158653458723:  Hold'em Limit ($3/$6 USD) - 2016/09/15 17:39:59 ET
Table 'Aruna' 6-max Seat #4 is the button
Seat 4: MLSB124 ($363.43 in chips)
Seat 6: Ag3r0n ($101.06 in chips)
MLSB124: posts small blind $1
Ag3r0n: posts big blind $3
*** HOLE CARDS ***
MLSB124: calls $2
Ag3r0n: checks
*** FLOP *** [3d Ts 5h]
Ag3r0n: bets $3
MLSB124: raises $3 to $6
Ag3r0n: raises $3 to $9
MLSB124: raises $3 to $12
Betting is capped
Ag3r0n: calls $3
*** TURN *** [3d Ts 5h] [5s]
Ag3r0n: checks
MLSB124: checks
*** RIVER *** [3d Ts 5h 5s] [7d]
Ag3r0n: bets $6
MLSB124: calls $6
*** SHOW DOWN ***
Ag3r0n: shows [8s Tc] (two pair, Tens and Fives)
MLSB124: shows [Kc Kh] (two pair, Kings and Fives)
MLSB124 collected $41.50 from pot
*** SUMMARY ***
Total pot $42 | Rake $0.50
Board [3d Ts 5h 5s 7d]
Seat 4: MLSB124 (button) (small blind) showed [Kc Kh] and won ($41.50) with two pair, Kings and Fives
Seat 6: Ag3r0n (big blind) showed [8s Tc] and lost with two pair, Tens and Fives


PokerStars Hand #158653434425:  Hold'em Limit ($3/$6 USD) - 2016/09/15 17:39:27 ET
Table 'Aruna' 6-max Seat #4 is the button
Seat 4: MLSB124 ($343.11 in chips)
Seat 6: Ag3r0n ($122.24 in chips)
MLSB124: posts small blind $1
Ag3r0n: posts big blind $3
*** HOLE CARDS ***
MLSB124: raises $3 to $6
Ag3r0n: calls $3
*** FLOP *** [5h 7c 8d]
Ag3r0n: checks
MLSB124: bets $3
Ag3r0n: raises $3 to $6
MLSB124: raises $3 to $9
Ag3r0n: calls $3
*** TURN *** [5h 7c 8d] [Qd]
Ag3r0n: checks
MLSB124: bets $6
Ag3r0n: calls $6
*** RIVER *** [5h 7c 8d Qd] [Tc]
Ag3r0n: checks
MLSB124: checks
*** SHOW DOWN ***
Ag3r0n: shows [Kd 8s] (a pair of Eights)
MLSB124: shows [Ah Ad] (a pair of Aces)
MLSB124 collected $41.50 from pot
*** SUMMARY ***
Total pot $42 | Rake $0.50
Board [5h 7c 8d Qd Tc]
Seat 4: MLSB124 (button) (small blind) showed [Ah Ad] and won ($41.50) with a pair of Aces
Seat 6: Ag3r0n (big blind) showed [Kd 8s] and lost with a pair of Eights


PokerStars Hand #158653485844:  Hold'em Limit ($3/$6 USD) - 2016/09/15 17:40:35 ET
Table 'Aruna' 6-max Seat #4 is the button
Seat 4: MLSB124 ($392.57 in chips)
Seat 6: Ag3r0n ($72 in chips)
MLSB124: posts small blind $1
Ag3r0n: posts big blind $3
*** HOLE CARDS ***
MLSB124: calls $2
Ag3r0n: checks
*** FLOP *** [8h 3d 8s]
Ag3r0n: checks
MLSB124: checks
*** TURN *** [8h 3d 8s] [Th]
Ag3r0n: bets $6
MLSB124: folds
Uncalled bet ($6) returned to Ag3r0n
Ag3r0n collected $5.88 from pot
*** SUMMARY ***
Total pot $6 | Rake $0.12
Board [8h 3d 8s Th]
Seat 4: MLSB124 (button) (small blind) folded on the Turn
Seat 6: Ag3r0n (big blind) collected ($5.88)


PokerStars Hand #158653519237:  Hold'em Limit ($3/$6 USD) - 2016/09/15 17:41:19 ET
Table 'Aruna' 6-max Seat #6 is the button
Seat 4: MLSB124 ($377.57 in chips)
Seat 6: Ag3r0n ($86.38 in chips)
Ag3r0n: posts small blind $1
MLSB124: posts big blind $3
*** HOLE CARDS ***
Ag3r0n: raises $3 to $6
MLSB124: calls $3
*** FLOP *** [Jc 9s 2d]
MLSB124: checks
Ag3r0n: checks
*** TURN *** [Jc 9s 2d] [Jh]
MLSB124: bets $6
Ag3r0n: folds
Uncalled bet ($6) returned to MLSB124
MLSB124 collected $11.76 from pot
*** SUMMARY ***
Total pot $12 | Rake $0.24
Board [Jc 9s 2d Jh]
Seat 4: MLSB124 (big blind) collected ($11.76)
Seat 6: Ag3r0n (button) (small blind) folded on the Turn


PokerStars Hand #158653515555:  Hold'em Limit ($3/$6 USD) - 2016/09/15 17:41:14 ET
Table 'Aruna' 6-max Seat #4 is the button
Seat 4: MLSB124 ($378.57 in chips)
Seat 6: Ag3r0n ($85.38 in chips)
MLSB124: posts small blind $1
Ag3r0n: posts big blind $3
*** HOLE CARDS ***
MLSB124: folds
Uncalled bet ($2) returned to Ag3r0n
Ag3r0n collected $2 from pot
*** SUMMARY ***
Total pot $2 | Rake $0
Seat 4: MLSB124 (button) (small blind) folded before Flop
Seat 6: Ag3r0n (big blind) collected ($2)


PokerStars Hand #158653511838:  Hold'em Limit ($3/$6 USD) - 2016/09/15 17:41:09 ET
Table 'Aruna' 6-max Seat #6 is the button
Seat 4: MLSB124 ($377.57 in chips)
Seat 6: Ag3r0n ($86.38 in chips)
Ag3r0n: posts small blind $1
MLSB124: posts big blind $3
*** HOLE CARDS ***
Ag3r0n: folds
Uncalled bet ($2) returned to MLSB124
MLSB124 collected $2 from pot
*** SUMMARY ***
Total pot $2 | Rake $0
Seat 4: MLSB124 (big blind) collected ($2)
Seat 6: Ag3r0n (button) (small blind) folded before Flop


PokerStars Hand #158653505917:  Hold'em Limit ($3/$6 USD) - 2016/09/15 17:41:01 ET
Table 'Aruna' 6-max Seat #4 is the button
Seat 4: MLSB124 ($374.57 in chips)
Seat 6: Ag3r0n ($89.38 in chips)
MLSB124: posts small blind $1
Ag3r0n: posts big blind $3
*** HOLE CARDS ***
MLSB124: raises $3 to $6
Ag3r0n: folds
Uncalled bet ($3) returned to MLSB124
MLSB124 collected $6 from pot
*** SUMMARY ***
Total pot $6 | Rake $0
Seat 4: MLSB124 (button) (small blind) collected ($6)
Seat 6: Ag3r0n (big blind) folded before Flop


PokerStars Hand #158653494500:  Hold'em Limit ($3/$6 USD) - 2016/09/15 17:40:46 ET
Table 'Aruna' 6-max Seat #6 is the button
Seat 4: MLSB124 ($389.57 in chips)
Seat 6: Ag3r0n ($74.88 in chips)
Ag3r0n: posts small blind $1
MLSB124: posts big blind $3
*** HOLE CARDS ***
Ag3r0n: raises $3 to $6
MLSB124: calls $3
*** FLOP *** [As 2d Qs]
MLSB124: checks
Ag3r0n: bets $3
MLSB124: calls $3
*** TURN *** [As 2d Qs] [Jd]
MLSB124: checks
Ag3r0n: checks
*** RIVER *** [As 2d Qs Jd] [Th]
MLSB124: bets $6
Ag3r0n: raises $6 to $12
MLSB124: folds
Uncalled bet ($6) returned to Ag3r0n
Ag3r0n collected $29.50 from pot
*** SUMMARY ***
Total pot $30 | Rake $0.50
Board [As 2d Qs Jd Th]
Seat 4: MLSB124 (big blind) folded on the River
Seat 6: Ag3r0n (button) (small blind) collected ($29.50)


PokerStars Hand #158653527548:  Hold'em Limit ($3/$6 USD) - 2016/09/15 17:41:30 ET
Table 'Aruna' 6-max Seat #4 is the button
Seat 4: MLSB124 ($383.33 in chips)
Seat 6: Ag3r0n ($80.38 in chips)
MLSB124: posts small blind $1
Ag3r0n: posts big blind $3
*** HOLE CARDS ***
MLSB124: calls $2
Ag3r0n: checks
*** FLOP *** [Jh 3h Qs]
Ag3r0n: checks
MLSB124: bets $3
Ag3r0n: folds
Uncalled bet ($3) returned to MLSB124
MLSB124 collected $5.88 from pot
*** SUMMARY ***
Total pot $6 | Rake $0.12
Board [Jh 3h Qs]
Seat 4: MLSB124 (button) (small blind) collected ($5.88)
Seat 6: Ag3r0n (big blind) folded on the Flop


PokerStars Hand #158653556472:  Hold'em Limit ($3/$6 USD) - 2016/09/15 17:42:08 ET
Table 'Aruna' 6-max Seat #6 is the button
Seat 4: MLSB124 ($368.21 in chips)
Seat 6: Ag3r0n ($94.76 in chips)
Ag3r0n: posts small blind $1
MLSB124: posts big blind $3
*** HOLE CARDS ***
Ag3r0n: raises $3 to $6
MLSB124: calls $3
*** FLOP *** [Ad 4d 2d]
MLSB124: checks
Ag3r0n: bets $3
MLSB124: calls $3
*** TURN *** [Ad 4d 2d] [9c]
MLSB124: checks
Ag3r0n: bets $6
MLSB124: calls $6
*** RIVER *** [Ad 4d 2d 9c] [8s]
MLSB124: checks
Ag3r0n: checks
*** SHOW DOWN ***
MLSB124: shows [7h 4s] (a pair of Fours)
Ag3r0n: mucks hand
MLSB124 collected $29.50 from pot
*** SUMMARY ***
Total pot $30 | Rake $0.50
Board [Ad 4d 2d 9c 8s]
Seat 4: MLSB124 (big blind) showed [7h 4s] and won ($29.50) with a pair of Fours
Seat 6: Ag3r0n (button) (small blind) mucked


PokerStars Hand #158653548789:  Hold'em Limit ($3/$6 USD) - 2016/09/15 17:41:58 ET
Table 'Aruna' 6-max Seat #4 is the button
Seat 4: MLSB124 ($371.21 in chips)
Seat 6: Ag3r0n ($91.88 in chips)
MLSB124: posts small blind $1
Ag3r0n: posts big blind $3
*** HOLE CARDS ***
MLSB124: calls $2
Ag3r0n: checks
*** FLOP *** [Th 2c 2d]
Ag3r0n: bets $3
MLSB124: folds
Uncalled bet ($3) returned to Ag3r0n
Ag3r0n collected $5.88 from pot
*** SUMMARY ***
Total pot $6 | Rake $0.12
Board [Th 2c 2d]
Seat 4: MLSB124 (button) (small blind) folded on the Flop
Seat 6: Ag3r0n (big blind) collected ($5.88)


PokerStars Hand #158653535525:  Hold'em Limit ($3/$6 USD) - 2016/09/15 17:41:41 ET
Table 'Aruna' 6-max Seat #6 is the button
Seat 4: MLSB124 ($386.21 in chips)
Seat 6: Ag3r0n ($77.38 in chips)
Ag3r0n: posts small blind $1
MLSB124: posts big blind $3
*** HOLE CARDS ***
Ag3r0n: raises $3 to $6
MLSB124: calls $3
*** FLOP *** [8d Td 9d]
MLSB124: checks
Ag3r0n: bets $3
MLSB124: calls $3
*** TURN *** [8d Td 9d] [4h]
MLSB124: checks
Ag3r0n: bets $6
MLSB124: calls $6
*** RIVER *** [8d Td 9d 4h] [2c]
MLSB124: checks
Ag3r0n: bets $6
MLSB124: folds
Uncalled bet ($6) returned to Ag3r0n
Ag3r0n collected $29.50 from pot
*** SUMMARY ***
Total pot $30 | Rake $0.50
Board [8d Td 9d 4h 2c]
Seat 4: MLSB124 (big blind) folded on the River
Seat 6: Ag3r0n (button) (small blind) collected ($29.50)


PokerStars Hand #158653587239:  Hold'em Limit ($3/$6 USD) - 2016/09/15 17:42:49 ET
Table 'Aruna' 6-max Seat #4 is the button
Seat 4: MLSB124 ($360.71 in chips)
Seat 6: Ag3r0n ($101.26 in chips)
MLSB124: posts small blind $1
Ag3r0n: posts big blind $3
*** HOLE CARDS ***
MLSB124: calls $2
Ag3r0n: raises $3 to $6
MLSB124: calls $3
*** FLOP *** [3d 7h Qh]
Ag3r0n: bets $3
MLSB124: raises $3 to $6
Ag3r0n: calls $3
*** TURN *** [3d 7h Qh] [2h]
Ag3r0n: checks
MLSB124: bets $6
Ag3r0n: folds
Uncalled bet ($6) returned to MLSB124
MLSB124 collected $23.52 from pot
*** SUMMARY ***
Total pot $24 | Rake $0.48
Board [3d 7h Qh 2h]
Seat 4: MLSB124 (button) (small blind) collected ($23.52)
Seat 6: Ag3r0n (big blind) folded on the Turn


PokerStars Hand #158653573001:  Hold'em Limit ($3/$6 USD) - 2016/09/15 17:42:30 ET
Table 'Aruna' 6-max Seat #6 is the button
Seat 4: MLSB124 ($381.71 in chips)
Seat 6: Ag3r0n ($80.76 in chips)
Ag3r0n: posts small blind $1
MLSB124: posts big blind $3
*** HOLE CARDS ***
Ag3r0n: raises $3 to $6
MLSB124: calls $3
*** FLOP *** [Ah Qc 9c]
MLSB124: checks
Ag3r0n: bets $3
MLSB124: calls $3
*** TURN *** [Ah Qc 9c] [9h]
MLSB124: checks
Ag3r0n: bets $6
MLSB124: calls $6
*** RIVER *** [Ah Qc 9c 9h] [5c]
MLSB124: checks
Ag3r0n: bets $6
MLSB124: calls $6
*** SHOW DOWN ***
Ag3r0n: shows [Td 9s] (three of a kind, Nines)
MLSB124: mucks hand
Ag3r0n collected $41.50 from pot
*** SUMMARY ***
Total pot $42 | Rake $0.50
Board [Ah Qc 9c 9h 5c]
Seat 4: MLSB124 (big blind) mucked
Seat 6: Ag3r0n (button) (small blind) showed [Td 9s] and won ($41.50) with three of a kind, Nines


PokerStars Hand #158653611408:  Hold'em Limit ($3/$6 USD) - 2016/09/15 17:43:21 ET
Table 'Aruna' 6-max Seat #4 is the button
Seat 4: MLSB124 ($377.99 in chips)
Seat 6: Ag3r0n ($83.26 in chips)
MLSB124: posts small blind $1
Ag3r0n: posts big blind $3
*** HOLE CARDS ***
MLSB124: folds
Uncalled bet ($2) returned to Ag3r0n
Ag3r0n collected $2 from pot
*** SUMMARY ***
Total pot $2 | Rake $0
Seat 4: MLSB124 (button) (small blind) folded before Flop
Seat 6: Ag3r0n (big blind) collected ($2)


PokerStars Hand #158653599247:  Hold'em Limit ($3/$6 USD) - 2016/09/15 17:43:05 ET
Table 'Aruna' 6-max Seat #6 is the button
Seat 4: MLSB124 ($372.23 in chips)
Seat 6: Ag3r0n ($89.26 in chips)
Ag3r0n: posts small blind $1
MLSB124: posts big blind $3
*** HOLE CARDS ***
Ag3r0n: raises $3 to $6
MLSB124: calls $3
*** FLOP *** [8s 5c 6s]
MLSB124: checks
Ag3r0n: checks
*** TURN *** [8s 5c 6s] [9c]
MLSB124: checks
Ag3r0n: checks
*** RIVER *** [8s 5c 6s 9c] [5s]
MLSB124: checks
Ag3r0n: checks
*** SHOW DOWN ***
MLSB124: shows [4s Ac] (a pair of Fives)
Ag3r0n: mucks hand
MLSB124 collected $11.76 from pot
*** SUMMARY ***
Total pot $12 | Rake $0.24
Board [8s 5c 6s 9c 5s]
Seat 4: MLSB124 (big blind) showed [4s Ac] and won ($11.76) with a pair of Fives
Seat 6: Ag3r0n (button) (small blind) mucked


PokerStars Hand #158653648050:  Hold'em Limit ($3/$6 USD) - 2016/09/15 17:44:10 ET
Table 'Aruna' 6-max Seat #4 is the button
Seat 4: MLSB124 ($403.25 in chips)
Seat 6: Ag3r0n ($77.76 in chips)
MLSB124: posts small blind $1
Ag3r0n: posts big blind $3
*** HOLE CARDS ***
MLSB124: calls $2
Ag3r0n: raises $3 to $6
MLSB124: calls $3
*** FLOP *** [9d Kh 3c]
Ag3r0n: bets $3
MLSB124: folds
Uncalled bet ($3) returned to Ag3r0n
Ag3r0n collected $11.76 from pot
*** SUMMARY ***
Total pot $12 | Rake $0.24
Board [9d Kh 3c]
Seat 4: MLSB124 (button) (small blind) folded on the Flop
Seat 6: Ag3r0n (big blind) collected ($11.76)


PokerStars Hand #158653632990:  Hold'em Limit ($3/$6 USD) - 2016/09/15 17:43:50 ET
Table 'Aruna' 6-max Seat #4 is the button
Seat 4: MLSB124 ($403.49 in chips)
Seat 6: Ag3r0n ($72 in chips)
MLSB124: posts small blind $1
Ag3r0n: posts big blind $3
*** HOLE CARDS ***
MLSB124: calls $2
Ag3r0n: checks
*** FLOP *** [Qs 2h 8h]
Ag3r0n: bets $3
MLSB124: raises $3 to $6
Ag3r0n: folds
Uncalled bet ($3) returned to MLSB124
MLSB124 collected $11.76 from pot
*** SUMMARY ***
Total pot $12 | Rake $0.24
Board [Qs 2h 8h]
Seat 4: MLSB124 (button) (small blind) collected ($11.76)
Seat 6: Ag3r0n (big blind) folded on the Flop


PokerStars Hand #158653641137:  Hold'em Limit ($3/$6 USD) - 2016/09/15 17:44:01 ET
Table 'Aruna' 6-max Seat #6 is the button
Seat 4: MLSB124 ($409.25 in chips)
Seat 6: Ag3r0n ($72 in chips)
Ag3r0n: posts small blind $1
MLSB124: posts big blind $3
*** HOLE CARDS ***
Ag3r0n: raises $3 to $6
MLSB124: calls $3
*** FLOP *** [4s 5d Ks]
MLSB124: checks
Ag3r0n: bets $3
MLSB124: folds
Uncalled bet ($3) returned to Ag3r0n
Ag3r0n collected $11.76 from pot
*** SUMMARY ***
Total pot $12 | Rake $0.24
Board [4s 5d Ks]
Seat 4: MLSB124 (big blind) folded on the Flop
Seat 6: Ag3r0n (button) (small blind) collected ($11.76)


PokerStars Hand #158653618269:  Hold'em Limit ($3/$6 USD) - 2016/09/15 17:43:30 ET
Table 'Aruna' 6-max Seat #6 is the button
Seat 4: MLSB124 ($376.99 in chips)
Seat 6: Ag3r0n ($84.26 in chips)
Ag3r0n: posts small blind $1
MLSB124: posts big blind $3
*** HOLE CARDS ***
Ag3r0n: raises $3 to $6
MLSB124: calls $3
*** FLOP *** [Kh 2d 9c]
MLSB124: checks
Ag3r0n: bets $3
MLSB124: calls $3
*** TURN *** [Kh 2d 9c] [7d]
MLSB124: checks
Ag3r0n: bets $6
MLSB124: raises $6 to $12
Ag3r0n: calls $6
*** RIVER *** [Kh 2d 9c 7d] [6c]
MLSB124: bets $6
Ag3r0n: calls $6
*** SHOW DOWN ***
MLSB124: shows [Kd 8c] (a pair of Kings)
Ag3r0n: mucks hand
MLSB124 collected $53.50 from pot
*** SUMMARY ***
Total pot $54 | Rake $0.50
Board [Kh 2d 9c 7d 6c]
Seat 4: MLSB124 (big blind) showed [Kd 8c] and won ($53.50) with a pair of Kings
Seat 6: Ag3r0n (button) (small blind) mucked


PokerStars Hand #158653655986:  Hold'em Limit ($3/$6 USD) - 2016/09/15 17:44:20 ET
Table 'Aruna' 6-max Seat #6 is the button
Seat 4: MLSB124 ($397.25 in chips)
Seat 6: Ag3r0n ($83.52 in chips)
Ag3r0n: posts small blind $1
MLSB124: posts big blind $3
*** HOLE CARDS ***
Ag3r0n: raises $3 to $6
MLSB124: calls $3
*** FLOP *** [Th 4h Kd]
MLSB124: checks
Ag3r0n: bets $3
MLSB124: calls $3
*** TURN *** [Th 4h Kd] [Qh]
MLSB124: checks
Ag3r0n: checks
*** RIVER *** [Th 4h Kd Qh] [3h]
MLSB124: bets $6
Ag3r0n: folds
Uncalled bet ($6) returned to MLSB124
MLSB124 collected $17.64 from pot
*** SUMMARY ***
Total pot $18 | Rake $0.36
Board [Th 4h Kd Qh 3h]
Seat 4: MLSB124 (big blind) collected ($17.64)
Seat 6: Ag3r0n (button) (small blind) folded on the River


PokerStars Hand #158653668165:  Hold'em Limit ($3/$6 USD) - 2016/09/15 17:44:36 ET
Table 'Aruna' 6-max Seat #4 is the button
Seat 4: MLSB124 ($405.89 in chips)
Seat 6: Ag3r0n ($74.52 in chips)
MLSB124: posts small blind $1
Ag3r0n: posts big blind $3
*** HOLE CARDS ***
MLSB124: raises $3 to $6
Ag3r0n: calls $3
*** FLOP *** [9h 5c 3d]
Ag3r0n: checks
MLSB124: bets $3
Ag3r0n: calls $3
*** TURN *** [9h 5c 3d] [Tc]
Ag3r0n: checks
MLSB124: bets $6
Ag3r0n: calls $6
*** RIVER *** [9h 5c 3d Tc] [Qd]
Ag3r0n: checks
MLSB124: bets $6
Ag3r0n: folds
Uncalled bet ($6) returned to MLSB124
MLSB124 collected $29.50 from pot
*** SUMMARY ***
Total pot $30 | Rake $0.50
Board [9h 5c 3d Tc Qd]
Seat 4: MLSB124 (button) (small blind) collected ($29.50)
Seat 6: Ag3r0n (big blind) folded on the River


PokerStars Hand #158653681767:  Hold'em Limit ($3/$6 USD) - 2016/09/15 17:44:55 ET
Table 'Aruna' 6-max Seat #6 is the button
Seat 4: MLSB124 ($420.39 in chips)
Seat 6: Ag3r0n ($72 in chips)
Ag3r0n: posts small blind $1
MLSB124: posts big blind $3
*** HOLE CARDS ***
Ag3r0n: raises $3 to $6
MLSB124: calls $3
*** FLOP *** [5c 7s 9h]
MLSB124: checks
Ag3r0n: checks
*** TURN *** [5c 7s 9h] [2c]
MLSB124: checks
Ag3r0n: checks
*** RIVER *** [5c 7s 9h 2c] [As]
MLSB124: checks
Ag3r0n: checks
*** SHOW DOWN ***
MLSB124: shows [6s Ts] (high card Ace)
Ag3r0n: shows [4d Qs] (high card Ace - Queen kicker)
Ag3r0n collected $11.76 from pot
*** SUMMARY ***
Total pot $12 | Rake $0.24
Board [5c 7s 9h 2c As]
Seat 4: MLSB124 (big blind) showed [6s Ts] and lost with high card Ace
Seat 6: Ag3r0n (button) (small blind) showed [4d Qs] and won ($11.76) with high card Ace


PokerStars Hand #158653691160:  Hold'em Limit ($3/$6 USD) - 2016/09/15 17:45:07 ET
Table 'Aruna' 6-max Seat #4 is the button
Seat 4: MLSB124 ($414.39 in chips)
Seat 6: Ag3r0n ($77.76 in chips)
MLSB124: posts small blind $1
Ag3r0n: posts big blind $3
*** HOLE CARDS ***
MLSB124: raises $3 to $6
Ag3r0n: folds
Uncalled bet ($3) returned to MLSB124
MLSB124 collected $6 from pot
*** SUMMARY ***
Total pot $6 | Rake $0
Seat 4: MLSB124 (button) (small blind) collected ($6)
Seat 6: Ag3r0n (big blind) folded before Flop


PokerStars Hand #158653740162:  Hold'em Limit ($3/$6 USD) - 2016/09/15 17:46:12 ET
Table 'Aruna' 6-max Seat #6 is the button
Seat 4: MLSB124 ($424.89 in chips)
Seat 6: Ag3r0n ($78.76 in chips)
Ag3r0n: posts small blind $1
MLSB124: posts big blind $3
*** HOLE CARDS ***
Ag3r0n: folds
Uncalled bet ($2) returned to MLSB124
MLSB124 collected $2 from pot
*** SUMMARY ***
Total pot $2 | Rake $0
Seat 4: MLSB124 (big blind) collected ($2)
Seat 6: Ag3r0n (button) (small blind) folded before Flop


PokerStars Hand #158653727884:  Hold'em Limit ($3/$6 USD) - 2016/09/15 17:45:55 ET
Table 'Aruna' 6-max Seat #6 is the button
Seat 4: MLSB124 ($431.89 in chips)
Seat 6: Ag3r0n ($72 in chips)
Ag3r0n: posts small blind $1
MLSB124: posts big blind $3
*** HOLE CARDS ***
Ag3r0n: raises $3 to $6
MLSB124: calls $3
*** FLOP *** [6c Kh 3d]
MLSB124: checks
Ag3r0n: bets $3
MLSB124: folds
Uncalled bet ($3) returned to Ag3r0n
Ag3r0n collected $11.76 from pot
*** SUMMARY ***
Total pot $12 | Rake $0.24
Board [6c Kh 3d]
Seat 4: MLSB124 (big blind) folded on the Flop
Seat 6: Ag3r0n (button) (small blind) collected ($11.76)


PokerStars Hand #158653711254:  Hold'em Limit ($3/$6 USD) - 2016/09/15 17:45:33 ET
Table 'Aruna' 6-max Seat #4 is the button
Seat 4: MLSB124 ($411.39 in chips)
Seat 6: Ag3r0n ($80.52 in chips)
MLSB124: posts small blind $1
Ag3r0n: posts big blind $3
*** HOLE CARDS ***
MLSB124: raises $3 to $6
Ag3r0n: calls $3
*** FLOP *** [5d Kh Ks]
Ag3r0n: checks
MLSB124: bets $3
Ag3r0n: calls $3
*** TURN *** [5d Kh Ks] [2h]
Ag3r0n: checks
MLSB124: bets $6
Ag3r0n: calls $6
*** RIVER *** [5d Kh Ks 2h] [7s]
Ag3r0n: checks
MLSB124: bets $6
Ag3r0n: calls $6
*** SHOW DOWN ***
MLSB124: shows [8c 2c] (two pair, Kings and Deuces)
Ag3r0n: mucks hand
MLSB124 collected $41.50 from pot
*** SUMMARY ***
Total pot $42 | Rake $0.50
Board [5d Kh Ks 2h 7s]
Seat 4: MLSB124 (button) (small blind) showed [8c 2c] and won ($41.50) with two pair, Kings and Deuces
Seat 6: Ag3r0n (big blind) mucked


PokerStars Hand #158653744089:  Hold'em Limit ($3/$6 USD) - 2016/09/15 17:46:17 ET
Table 'Aruna' 6-max Seat #4 is the button
Seat 4: MLSB124 ($425.89 in chips)
Seat 6: Ag3r0n ($77.76 in chips)
MLSB124: posts small blind $1
Ag3r0n: posts big blind $3
*** HOLE CARDS ***
MLSB124: folds
Uncalled bet ($2) returned to Ag3r0n
Ag3r0n collected $2 from pot
*** SUMMARY ***
Total pot $2 | Rake $0
Seat 4: MLSB124 (button) (small blind) folded before Flop
Seat 6: Ag3r0n (big blind) collected ($2)


PokerStars Hand #158653776360:  Hold'em Limit ($3/$6 USD) - 2016/09/15 17:47:00 ET
Table 'Aruna' 6-max Seat #6 is the button
Seat 4: MLSB124 ($433.39 in chips)
Seat 6: Ag3r0n ($77.76 in chips)
Ag3r0n: posts small blind $1
MLSB124: posts big blind $3
*** HOLE CARDS ***
Ag3r0n: raises $3 to $6
MLSB124: raises $3 to $9
Ag3r0n: calls $3
*** FLOP *** [Jc Ac Ks]
MLSB124: bets $3
Ag3r0n: folds
Uncalled bet ($3) returned to MLSB124
MLSB124 collected $17.64 from pot
*** SUMMARY ***
Total pot $18 | Rake $0.36
Board [Jc Ac Ks]
Seat 4: MLSB124 (big blind) collected ($17.64)
Seat 6: Ag3r0n (button) (small blind) folded on the Flop


PokerStars Hand #158653747819:  Hold'em Limit ($3/$6 USD) - 2016/09/15 17:46:22 ET
Table 'Aruna' 6-max Seat #6 is the button
Seat 4: MLSB124 ($424.89 in chips)
Seat 6: Ag3r0n ($78.76 in chips)
Ag3r0n: posts small blind $1
MLSB124: posts big blind $3
*** HOLE CARDS ***
Ag3r0n: raises $3 to $6
MLSB124: calls $3
*** FLOP *** [Ah 8d 4d]
MLSB124: checks
Ag3r0n: bets $3
MLSB124: calls $3
*** TURN *** [Ah 8d 4d] [Jc]
MLSB124: checks
Ag3r0n: checks
*** RIVER *** [Ah 8d 4d Jc] [8c]
MLSB124: bets $6
Ag3r0n: calls $6
*** SHOW DOWN ***
MLSB124: shows [6d Ad] (two pair, Aces and Eights)
Ag3r0n: mucks hand
MLSB124 collected $29.50 from pot
*** SUMMARY ***
Total pot $30 | Rake $0.50
Board [Ah 8d 4d Jc 8c]
Seat 4: MLSB124 (big blind) showed [6d Ad] and won ($29.50) with two pair, Aces and Eights
Seat 6: Ag3r0n (button) (small blind) mucked


PokerStars Hand #158653765222:  Hold'em Limit ($3/$6 USD) - 2016/09/15 17:46:45 ET
Table 'Aruna' 6-max Seat #4 is the button
Seat 4: MLSB124 ($439.39 in chips)
Seat 6: Ag3r0n ($72 in chips)
MLSB124: posts small blind $1
Ag3r0n: posts big blind $3
*** HOLE CARDS ***
MLSB124: calls $2
Ag3r0n: checks
*** FLOP *** [7c 8d Qh]
Ag3r0n: bets $3
MLSB124: calls $3
*** TURN *** [7c 8d Qh] [2c]
Ag3r0n: bets $6
MLSB124: folds
Uncalled bet ($6) returned to Ag3r0n
Ag3r0n collected $11.76 from pot
*** SUMMARY ***
Total pot $12 | Rake $0.24
Board [7c 8d Qh 2c]
Seat 4: MLSB124 (button) (small blind) folded on the Turn
Seat 6: Ag3r0n (big blind) collected ($11.76)


PokerStars Hand #158653820911:  Hold'em Limit ($3/$6 USD) - 2016/09/15 17:48:01 ET
Table 'Aruna' 6-max Seat #6 is the button
Seat 4: MLSB124 ($435.03 in chips)
Seat 6: Ag3r0n ($81.64 in chips)
Ag3r0n: posts small blind $1
MLSB124: posts big blind $3
*** HOLE CARDS ***
Ag3r0n: folds
Uncalled bet ($2) returned to MLSB124
MLSB124 collected $2 from pot
*** SUMMARY ***
Total pot $2 | Rake $0
Seat 4: MLSB124 (big blind) collected ($2)
Seat 6: Ag3r0n (button) (small blind) folded before Flop


PokerStars Hand #158653824371:  Hold'em Limit ($3/$6 USD) - 2016/09/15 17:48:06 ET
Table 'Aruna' 6-max Seat #4 is the button
Seat 4: MLSB124 ($436.03 in chips)
Seat 6: Ag3r0n ($80.64 in chips)
MLSB124: posts small blind $1
Ag3r0n: posts big blind $3
*** HOLE CARDS ***
MLSB124: folds
Uncalled bet ($2) returned to Ag3r0n
Ag3r0n collected $2 from pot
*** SUMMARY ***
Total pot $2 | Rake $0
Seat 4: MLSB124 (button) (small blind) folded before Flop
Seat 6: Ag3r0n (big blind) collected ($2)


PokerStars Hand #158653801509:  Hold'em Limit ($3/$6 USD) - 2016/09/15 17:47:35 ET
Table 'Aruna' 6-max Seat #4 is the button
Seat 4: MLSB124 ($442.03 in chips)
Seat 6: Ag3r0n ($72 in chips)
MLSB124: posts small blind $1
Ag3r0n: posts big blind $3
*** HOLE CARDS ***
MLSB124: raises $3 to $6
Ag3r0n: folds
Uncalled bet ($3) returned to MLSB124
MLSB124 collected $6 from pot
*** SUMMARY ***
Total pot $6 | Rake $0
Seat 4: MLSB124 (button) (small blind) collected ($6)
Seat 6: Ag3r0n (big blind) folded before Flop


PokerStars Hand #158653807337:  Hold'em Limit ($3/$6 USD) - 2016/09/15 17:47:42 ET
Table 'Aruna' 6-max Seat #6 is the button
Seat 4: MLSB124 ($445.03 in chips)
Seat 6: Ag3r0n ($72 in chips)
Ag3r0n: posts small blind $1
MLSB124: posts big blind $3
*** HOLE CARDS ***
Ag3r0n: raises $3 to $6
MLSB124: calls $3
*** FLOP *** [5h 4c 2s]
MLSB124: checks
Ag3r0n: bets $3
MLSB124: calls $3
*** TURN *** [5h 4c 2s] [4s]
MLSB124: checks
Ag3r0n: bets $6
MLSB124: folds
Uncalled bet ($6) returned to Ag3r0n
Ag3r0n collected $17.64 from pot
*** SUMMARY ***
Total pot $18 | Rake $0.36
Board [5h 4c 2s 4s]
Seat 4: MLSB124 (big blind) folded on the Turn
Seat 6: Ag3r0n (button) (small blind) collected ($17.64)


PokerStars Hand #158653858908:  Hold'em Limit ($3/$6 USD) - 2016/09/15 17:48:52 ET
Table 'Aruna' 6-max Seat #6 is the button
Seat 4: MLSB124 ($432.03 in chips)
Seat 6: Ag3r0n ($84.40 in chips)
Ag3r0n: posts small blind $1
MLSB124: posts big blind $3
*** HOLE CARDS ***
Ag3r0n: folds
Uncalled bet ($2) returned to MLSB124
MLSB124 collected $2 from pot
*** SUMMARY ***
Total pot $2 | Rake $0
Seat 4: MLSB124 (big blind) collected ($2)
Seat 6: Ag3r0n (button) (small blind) folded before Flop


PokerStars Hand #158653852931:  Hold'em Limit ($3/$6 USD) - 2016/09/15 17:48:44 ET
Table 'Aruna' 6-max Seat #4 is the button
Seat 4: MLSB124 ($429.03 in chips)
Seat 6: Ag3r0n ($87.40 in chips)
MLSB124: posts small blind $1
Ag3r0n: posts big blind $3
*** HOLE CARDS ***
MLSB124: raises $3 to $6
Ag3r0n: folds
Uncalled bet ($3) returned to MLSB124
MLSB124 collected $6 from pot
*** SUMMARY ***
Total pot $6 | Rake $0
Seat 4: MLSB124 (button) (small blind) collected ($6)
Seat 6: Ag3r0n (big blind) folded before Flop


PokerStars Hand #158653882160:  Hold'em Limit ($3/$6 USD) - 2016/09/15 17:49:24 ET
Table 'Aruna' 6-max Seat #6 is the button
Seat 4: MLSB124 ($448.53 in chips)
Seat 6: Ag3r0n ($73 in chips)
Ag3r0n: posts small blind $1
MLSB124: posts big blind $3
*** HOLE CARDS ***
Ag3r0n: raises $3 to $6
MLSB124: calls $3
*** FLOP *** [9d Ad As]
MLSB124: checks
Ag3r0n: bets $3
MLSB124: folds
Uncalled bet ($3) returned to Ag3r0n
Ag3r0n collected $11.76 from pot
*** SUMMARY ***
Total pot $12 | Rake $0.24
Board [9d Ad As]
Seat 4: MLSB124 (big blind) folded on the Flop
Seat 6: Ag3r0n (button) (small blind) collected ($11.76)


PokerStars Hand #158653878049:  Hold'em Limit ($3/$6 USD) - 2016/09/15 17:49:19 ET
Table 'Aruna' 6-max Seat #4 is the button
Seat 4: MLSB124 ($449.53 in chips)
Seat 6: Ag3r0n ($72 in chips)
MLSB124: posts small blind $1
Ag3r0n: posts big blind $3
*** HOLE CARDS ***
MLSB124: folds
Uncalled bet ($2) returned to Ag3r0n
Ag3r0n collected $2 from pot
*** SUMMARY ***
Total pot $2 | Rake $0
Seat 4: MLSB124 (button) (small blind) folded before Flop
Seat 6: Ag3r0n (big blind) collected ($2)


PokerStars Hand #158653827973:  Hold'em Limit ($3/$6 USD) - 2016/09/15 17:48:10 ET
Table 'Aruna' 6-max Seat #6 is the button
Seat 4: MLSB124 ($435.03 in chips)
Seat 6: Ag3r0n ($81.64 in chips)
Ag3r0n: posts small blind $1
MLSB124: posts big blind $3
*** HOLE CARDS ***
Ag3r0n: raises $3 to $6
MLSB124: calls $3
*** FLOP *** [Ks 4s 4h]
MLSB124: checks
Ag3r0n: bets $3
MLSB124: folds
Uncalled bet ($3) returned to Ag3r0n
Ag3r0n collected $11.76 from pot
*** SUMMARY ***
Total pot $12 | Rake $0.24
Board [Ks 4s 4h]
Seat 4: MLSB124 (big blind) folded on the Flop
Seat 6: Ag3r0n (button) (small blind) collected ($11.76)


PokerStars Hand #158653866247:  Hold'em Limit ($3/$6 USD) - 2016/09/15 17:49:02 ET
Table 'Aruna' 6-max Seat #6 is the button
Seat 4: MLSB124 ($432.03 in chips)
Seat 6: Ag3r0n ($84.40 in chips)
Ag3r0n: posts small blind $1
MLSB124: posts big blind $3
*** HOLE CARDS ***
Ag3r0n: raises $3 to $6
MLSB124: calls $3
*** FLOP *** [4h Ts 8c]
MLSB124: checks
Ag3r0n: checks
*** TURN *** [4h Ts 8c] [2s]
MLSB124: bets $6
Ag3r0n: calls $6
*** RIVER *** [4h Ts 8c 2s] [Jh]
MLSB124: bets $6
Ag3r0n: calls $6
*** SHOW DOWN ***
MLSB124: shows [9h Tc] (a pair of Tens)
Ag3r0n: mucks hand
MLSB124 collected $35.50 from pot
*** SUMMARY ***
Total pot $36 | Rake $0.50
Board [4h Ts 8c 2s Jh]
Seat 4: MLSB124 (big blind) showed [9h Tc] and won ($35.50) with a pair of Tens
Seat 6: Ag3r0n (button) (small blind) mucked


PokerStars Hand #158653862512:  Hold'em Limit ($3/$6 USD) - 2016/09/15 17:48:57 ET
Table 'Aruna' 6-max Seat #4 is the button
Seat 4: MLSB124 ($433.03 in chips)
Seat 6: Ag3r0n ($83.40 in chips)
MLSB124: posts small blind $1
Ag3r0n: posts big blind $3
*** HOLE CARDS ***
MLSB124: folds
Uncalled bet ($2) returned to Ag3r0n
Ag3r0n collected $2 from pot
*** SUMMARY ***
Total pot $2 | Rake $0
Seat 4: MLSB124 (button) (small blind) folded before Flop
Seat 6: Ag3r0n (big blind) collected ($2)


PokerStars Hand #158653889316:  Hold'em Limit ($3/$6 USD) - 2016/09/15 17:49:34 ET
Table 'Aruna' 6-max Seat #4 is the button
Seat 4: MLSB124 ($442.53 in chips)
Seat 6: Ag3r0n ($78.76 in chips)
MLSB124: posts small blind $1
Ag3r0n: posts big blind $3
*** HOLE CARDS ***
MLSB124: raises $3 to $6
Ag3r0n: calls $3
*** FLOP *** [8s Jh 6c]
Ag3r0n: checks
MLSB124: bets $3
Ag3r0n: folds
Uncalled bet ($3) returned to MLSB124
MLSB124 collected $11.76 from pot
*** SUMMARY ***
Total pot $12 | Rake $0.24
Board [8s Jh 6c]
Seat 4: MLSB124 (button) (small blind) collected ($11.76)
Seat 6: Ag3r0n (big blind) folded on the Flop


PokerStars Hand #158653896494:  Hold'em Limit ($3/$6 USD) - 2016/09/15 17:49:43 ET
Table 'Aruna' 6-max Seat #6 is the button
Seat 4: MLSB124 ($448.29 in chips)
Seat 6: Ag3r0n ($72.76 in chips)
Ag3r0n: posts small blind $1
MLSB124: posts big blind $3
*** HOLE CARDS ***
Ag3r0n: raises $3 to $6
MLSB124: folds
Uncalled bet ($3) returned to Ag3r0n
Ag3r0n collected $6 from pot
*** SUMMARY ***
Total pot $6 | Rake $0
Seat 4: MLSB124 (big blind) folded before Flop
Seat 6: Ag3r0n (button) (small blind) collected ($6)


PokerStars Hand #158653914025:  Hold'em Limit ($3/$6 USD) - 2016/09/15 17:50:07 ET
Table 'Aruna' 6-max Seat #4 is the button
Seat 4: MLSB124 ($445.17 in chips)
Seat 6: Ag3r0n ($75.76 in chips)
MLSB124: posts small blind $1
Ag3r0n: posts big blind $3
*** HOLE CARDS ***
MLSB124: calls $2
Ag3r0n: checks
*** FLOP *** [6h Kh 4c]
Ag3r0n: checks
MLSB124: bets $3
Ag3r0n: folds
Uncalled bet ($3) returned to MLSB124
MLSB124 collected $5.88 from pot
*** SUMMARY ***
Total pot $6 | Rake $0.12
Board [6h Kh 4c]
Seat 4: MLSB124 (button) (small blind) collected ($5.88)
Seat 6: Ag3r0n (big blind) folded on the Flop


PokerStars Hand #158653923336:  Hold'em Limit ($3/$6 USD) - 2016/09/15 17:50:20 ET
Table 'Aruna' 6-max Seat #6 is the button
Seat 4: MLSB124 ($448.05 in chips)
Seat 6: Ag3r0n ($72.76 in chips)
Ag3r0n: posts small blind $1
MLSB124: posts big blind $3
*** HOLE CARDS ***
Ag3r0n: raises $3 to $6
MLSB124: calls $3
*** FLOP *** [2s 7s 5s]
MLSB124: checks
Ag3r0n: bets $3
MLSB124: calls $3
*** TURN *** [2s 7s 5s] [5d]
MLSB124: checks
Ag3r0n: bets $6
MLSB124: calls $6
*** RIVER *** [2s 7s 5s 5d] [3h]
MLSB124: bets $6
Ag3r0n: calls $6
*** SHOW DOWN ***
MLSB124: shows [4h 6h] (a straight, Three to Seven)
Ag3r0n: mucks hand
MLSB124 collected $41.50 from pot
*** SUMMARY ***
Total pot $42 | Rake $0.50
Board [2s 7s 5s 5d 3h]
Seat 4: MLSB124 (big blind) showed [4h 6h] and won ($41.50) with a straight, Three to Seven
Seat 6: Ag3r0n (button) (small blind) mucked


PokerStars Hand #158653909052:  Hold'em Limit ($3/$6 USD) - 2016/09/15 17:50:01 ET
Table 'Aruna' 6-max Seat #6 is the button
Seat 4: MLSB124 ($448.17 in chips)
Seat 6: Ag3r0n ($72.76 in chips)
Ag3r0n: posts small blind $1
MLSB124: posts big blind $3
*** HOLE CARDS ***
Ag3r0n: raises $3 to $6
MLSB124: folds
Uncalled bet ($3) returned to Ag3r0n
Ag3r0n collected $6 from pot
*** SUMMARY ***
Total pot $6 | Rake $0
Seat 4: MLSB124 (big blind) folded before Flop
Seat 6: Ag3r0n (button) (small blind) collected ($6)


PokerStars Hand #158653901962:  Hold'em Limit ($3/$6 USD) - 2016/09/15 17:49:51 ET
Table 'Aruna' 6-max Seat #4 is the button
Seat 4: MLSB124 ($445.29 in chips)
Seat 6: Ag3r0n ($75.76 in chips)
MLSB124: posts small blind $1
Ag3r0n: posts big blind $3
*** HOLE CARDS ***
MLSB124: calls $2
Ag3r0n: checks
*** FLOP *** [As 9h 5c]
Ag3r0n: checks
MLSB124: bets $3
Ag3r0n: folds
Uncalled bet ($3) returned to MLSB124
MLSB124 collected $5.88 from pot
*** SUMMARY ***
Total pot $6 | Rake $0.12
Board [As 9h 5c]
Seat 4: MLSB124 (button) (small blind) collected ($5.88)
Seat 6: Ag3r0n (big blind) folded on the Flop


PokerStars Hand #158653937376:  Hold'em Limit ($3/$6 USD) - 2016/09/15 17:50:39 ET
Table 'Aruna' 6-max Seat #4 is the button
Seat 4: MLSB124 ($468.55 in chips)
Seat 6: Ag3r0n ($72 in chips)
MLSB124: posts small blind $1
Ag3r0n: posts big blind $3
*** HOLE CARDS ***
MLSB124: raises $3 to $6
Ag3r0n: calls $3
*** FLOP *** [Jh 8s 7d]
Ag3r0n: checks
MLSB124: bets $3
Ag3r0n: raises $3 to $6
MLSB124: calls $3
*** TURN *** [Jh 8s 7d] [7s]
Ag3r0n: bets $6
MLSB124: calls $6
*** RIVER *** [Jh 8s 7d 7s] [4d]
Ag3r0n: bets $6
MLSB124: calls $6
*** SHOW DOWN ***
Ag3r0n: shows [Th 9d] (a straight, Seven to Jack)
MLSB124: mucks hand
Ag3r0n collected $47.50 from pot
*** SUMMARY ***
Total pot $48 | Rake $0.50
Board [Jh 8s 7d 7s 4d]
Seat 4: MLSB124 (button) (small blind) mucked
Seat 6: Ag3r0n (big blind) showed [Th 9d] and won ($47.50) with a straight, Seven to Jack


PokerStars Hand #158653966170:  Hold'em Limit ($3/$6 USD) - 2016/09/15 17:51:18 ET
Table 'Aruna' 6-max Seat #6 is the button
Seat 4: MLSB124 ($432.55 in chips)
Seat 6: Ag3r0n ($107 in chips)
Ag3r0n: posts small blind $1
MLSB124: posts big blind $3
*** HOLE CARDS ***
Ag3r0n: raises $3 to $6
MLSB124: raises $3 to $9
Ag3r0n: calls $3
*** FLOP *** [Ah 6c Ts]
MLSB124: bets $3
Ag3r0n: calls $3
*** TURN *** [Ah 6c Ts] [Tc]
MLSB124: bets $6
Ag3r0n: calls $6
*** RIVER *** [Ah 6c Ts Tc] [3d]
MLSB124: bets $6
Ag3r0n: calls $6
*** SHOW DOWN ***
MLSB124: shows [Qh Jh] (a pair of Tens)
Ag3r0n: shows [6d 9c] (two pair, Tens and Sixes)
Ag3r0n collected $47.50 from pot
*** SUMMARY ***
Total pot $48 | Rake $0.50
Board [Ah 6c Ts Tc 3d]
Seat 4: MLSB124 (big blind) showed [Qh Jh] and lost with a pair of Tens
Seat 6: Ag3r0n (button) (small blind) showed [6d 9c] and won ($47.50) with two pair, Tens and Sixes


PokerStars Hand #158653961112:  Hold'em Limit ($3/$6 USD) - 2016/09/15 17:51:11 ET
Table 'Aruna' 6-max Seat #4 is the button
Seat 4: MLSB124 ($429.55 in chips)
Seat 6: Ag3r0n ($110 in chips)
MLSB124: posts small blind $1
Ag3r0n: posts big blind $3
*** HOLE CARDS ***
MLSB124: raises $3 to $6
Zubasa07 joins the table at seat #5
Ag3r0n: folds
Uncalled bet ($3) returned to MLSB124
MLSB124 collected $6 from pot
*** SUMMARY ***
Total pot $6 | Rake $0
Seat 4: MLSB124 (button) (small blind) collected ($6)
Seat 6: Ag3r0n (big blind) folded before Flop


PokerStars Hand #158653951404:  Hold'em Limit ($3/$6 USD) - 2016/09/15 17:50:58 ET
Table 'Aruna' 6-max Seat #6 is the button
Seat 4: MLSB124 ($444.55 in chips)
Seat 6: Ag3r0n ($95.50 in chips)
Ag3r0n: posts small blind $1
MLSB124: posts big blind $3
*** HOLE CARDS ***
Ag3r0n: raises $3 to $6
MLSB124: calls $3
*** FLOP *** [Qh 3d 4d]
MLSB124: bets $3
Ag3r0n: calls $3
*** TURN *** [Qh 3d 4d] [Ac]
MLSB124: bets $6
Ag3r0n: raises $6 to $12
MLSB124: folds
Uncalled bet ($6) returned to Ag3r0n
Ag3r0n collected $29.50 from pot
*** SUMMARY ***
Total pot $30 | Rake $0.50
Board [Qh 3d 4d Ac]
Seat 4: MLSB124 (big blind) folded on the Turn
Seat 6: Ag3r0n (button) (small blind) collected ($29.50)


PokerStars Hand #158655137131:  Hold'em Limit ($3/$6 USD) - 2016/09/15 18:19:25 ET
Table 'Aruna' 6-max Seat #4 is the button
Seat 4: MLSB124 ($756.91 in chips)
Seat 5: Nyalya ($193.26 in chips)
MLSB124: posts small blind $1
Nyalya: posts big blind $3
*** HOLE CARDS ***
MLSB124: folds
Uncalled bet ($2) returned to Nyalya
Humtum81 joins the table at seat #2
Nyalya collected $2 from pot
Nyalya: doesn't show hand
*** SUMMARY ***
Total pot $2 | Rake $0
Seat 4: MLSB124 (button) (small blind) folded before Flop
Seat 5: Nyalya (big blind) collected ($2)


PokerStars Hand #158655129231:  Hold'em Limit ($3/$6 USD) - 2016/09/15 18:19:14 ET
Table 'Aruna' 6-max Seat #5 is the button
Seat 4: MLSB124 ($762.91 in chips)
Seat 5: Nyalya ($187.50 in chips)
Nyalya: posts small blind $1
Luanto 14: is sitting out
MLSB124: posts big blind $3
*** HOLE CARDS ***
Luanto 14 leaves the table
Nyalya: raises $3 to $6
MLSB124: calls $3
*** FLOP *** [Jh 8s Jc]
MLSB124: checks
Nyalya: bets $3
MLSB124: folds
Uncalled bet ($3) returned to Nyalya
Nyalya collected $11.76 from pot
Nyalya: doesn't show hand
*** SUMMARY ***
Total pot $12 | Rake $0.24
Board [Jh 8s Jc]
Seat 4: MLSB124 (big blind) folded on the Flop
Seat 5: Nyalya (button) (small blind) collected ($11.76)


PokerStars Hand #158656414872:  Hold'em Limit ($3/$6 USD) - 2016/09/15 18:52:06 ET
Table 'Aruna' 6-max Seat #6 is the button
Seat 3: javel ($203.38 in chips)
Seat 6: TinaTurner72 ($135.99 in chips)
TinaTurner72: posts small blind $1
Zubasa07: is sitting out
javel: posts big blind $3
*** HOLE CARDS ***
TinaTurner72: raises $3 to $6
Zubasa07 leaves the table
javel: raises $3 to $9
TinaTurner72: calls $3
*** FLOP *** [8h 6d Qh]
javel: bets $3
TinaTurner72: raises $3 to $6
javel: raises $3 to $9
TinaTurner72: calls $3
*** TURN *** [8h 6d Qh] [Kc]
javel: bets $6
TinaTurner72: calls $6
*** RIVER *** [8h 6d Qh Kc] [Jc]
javel: checks
TinaTurner72: bets $6
javel: calls $6
*** SHOW DOWN ***
TinaTurner72: shows [9h 9s] (a pair of Nines)
javel: mucks hand
TinaTurner72 collected $59.50 from pot
*** SUMMARY ***
Total pot $60 | Rake $0.50
Board [8h 6d Qh Kc Jc]
Seat 3: javel (big blind) mucked
Seat 6: TinaTurner72 (button) (small blind) showed [9h 9s] and won ($59.50) with a pair of Nines


