PokerStars Hand #172637796192:  Hold'em Limit ($3/$6 USD) - 2017/07/05 11:31:16 ET
Table 'Aruna' 6-max Seat #6 is the button
Seat 1: cojo777 ($63.91 in chips)
Seat 6: SLK500 ($125 in chips)
SLK500: posts small blind $1
cojo777: posts big blind $3
*** HOLE CARDS ***
SLK500: raises $3 to $6
cojo777: raises $3 to $9
SLK500: calls $3
*** FLOP *** [9h 3h 8h]
cojo777: bets $3
SLK500: folds
Uncalled bet ($3) returned to cojo777
cojo777 collected $17.64 from pot
cojo777: doesn't show hand
*** SUMMARY ***
Total pot $18 | Rake $0.36
Board [9h 3h 8h]
Seat 1: cojo777 (big blind) collected ($17.64)
Seat 6: SLK500 (button) (small blind) folded on the Flop


PokerStars Hand #172637793262:  Hold'em Limit ($3/$6 USD) - 2017/07/05 11:31:11 ET
Table 'Aruna' 6-max Seat #1 is the button
Seat 1: cojo777 ($64.91 in chips)
Seat 6: SLK500 ($124 in chips)
cojo777: posts small blind $1
sim5sim5: is sitting out
SLK500: posts big blind $3
*** HOLE CARDS ***
cojo777: folds
Uncalled bet ($2) returned to SLK500
SLK500 collected $2 from pot
SLK500: doesn't show hand
*** SUMMARY ***
Total pot $2 | Rake $0
Seat 1: cojo777 (button) (small blind) folded before Flop
Seat 6: SLK500 (big blind) collected ($2)


PokerStars Hand #172637820783:  Hold'em Limit ($3/$6 USD) - 2017/07/05 11:32:00 ET
Table 'Aruna' 6-max Seat #6 is the button
Seat 1: cojo777 ($63.55 in chips)
Seat 6: SLK500 ($124.64 in chips)
SLK500: posts small blind $1
cojo777: posts big blind $3
*** HOLE CARDS ***
SLK500: folds
Uncalled bet ($2) returned to cojo777
cojo777 collected $2 from pot
cojo777: doesn't show hand
*** SUMMARY ***
Total pot $2 | Rake $0
Seat 1: cojo777 (big blind) collected ($2)
Seat 6: SLK500 (button) (small blind) folded before Flop


PokerStars Hand #172637806740:  Hold'em Limit ($3/$6 USD) - 2017/07/05 11:31:35 ET
Table 'Aruna' 6-max Seat #1 is the button
Seat 1: cojo777 ($72.55 in chips)
Seat 6: SLK500 ($116 in chips)
cojo777: posts small blind $1
SLK500: posts big blind $3
*** HOLE CARDS ***
cojo777: raises $3 to $6
SLK500: calls $3
*** FLOP *** [8c 2h 3h]
B_loJkl joins the table at seat #2
SLK500: bets $3
cojo777: calls $3
*** TURN *** [8c 2h 3h] [4s]
SLK500: bets $6
cojo777: folds
Uncalled bet ($6) returned to SLK500
SLK500 collected $17.64 from pot
SLK500: doesn't show hand
*** SUMMARY ***
Total pot $18 | Rake $0.36
Board [8c 2h 3h 4s]
Seat 1: cojo777 (button) (small blind) folded on the Turn
Seat 6: SLK500 (big blind) collected ($17.64)


PokerStars Hand #172638024258:  Hold'em Limit ($3/$6 USD) - 2017/07/05 11:37:57 ET
Table 'Aruna' 6-max Seat #4 is the button
Seat 2: B_loJkl ($81 in chips)
Seat 4: MIBondiola ($107 in chips)
MIBondiola: posts small blind $1
SLK500: is sitting out
B_loJkl: posts big blind $3
*** HOLE CARDS ***
MIBondiola: raises $3 to $6
SLK500 leaves the table
B_loJkl: calls $3
*** FLOP *** [3s Ah 6h]
B_loJkl: checks
MIBondiola: bets $3
B_loJkl: raises $3 to $6
MIBondiola: calls $3
*** TURN *** [3s Ah 6h] [Kc]
B_loJkl: bets $6
MIBondiola: raises $6 to $12
B_loJkl: calls $6
*** RIVER *** [3s Ah 6h Kc] [8s]
B_loJkl: checks
MIBondiola: bets $6
B_loJkl: folds
Uncalled bet ($6) returned to MIBondiola
MIBondiola collected $47.50 from pot
*** SUMMARY ***
Total pot $48 | Rake $0.50
Board [3s Ah 6h Kc 8s]
Seat 2: B_loJkl (big blind) folded on the River
Seat 4: MIBondiola (button) (small blind) collected ($47.50)


PokerStars Hand #172638066340:  Hold'em Limit ($3/$6 USD) - 2017/07/05 11:39:10 ET
Table 'Aruna' 6-max Seat #2 is the button
Seat 2: B_loJkl ($57 in chips)
Seat 3: FullaMulla ($96.98 in chips)
B_loJkl: posts small blind $1
FullaMulla: posts big blind $3
*** HOLE CARDS ***
B_loJkl: raises $3 to $6
FullaMulla: calls $3
*** FLOP *** [5s As 6h]
FullaMulla: checks
B_loJkl: bets $3
FullaMulla: calls $3
*** TURN *** [5s As 6h] [Ad]
FullaMulla: checks
B_loJkl: bets $6
FullaMulla: calls $6
*** RIVER *** [5s As 6h Ad] [Jc]
FullaMulla: checks
B_loJkl: bets $6
FullaMulla: calls $6
*** SHOW DOWN ***
B_loJkl: shows [Qd Qc] (two pair, Aces and Queens)
FullaMulla: mucks hand
B_loJkl collected $41.50 from pot
*** SUMMARY ***
Total pot $42 | Rake $0.50
Board [5s As 6h Ad Jc]
Seat 2: B_loJkl (button) (small blind) showed [Qd Qc] and won ($41.50) with two pair, Aces and Queens
Seat 3: FullaMulla (big blind) mucked


