PokerStars Hand #158392143354:  Hold'em Limit ($3/$6 USD) - 2016/09/09 18:18:18 ET
Table 'Aruna' 6-max Seat #1 is the button
Seat 1: Zubasa07 ($500 in chips)
Seat 3: AceWiper ($100.88 in chips)
Zubasa07: posts small blind $1
AceWiper: posts big blind $3
*** HOLE CARDS ***
Zubasa07: raises $3 to $6
AceWiper: calls $3
*** FLOP *** [Ts Td 5c]
AceWiper: checks
Zubasa07: bets $3
AceWiper: calls $3
*** TURN *** [Ts Td 5c] [3h]
AceWiper: checks
Zubasa07: bets $6
AceWiper: calls $6
*** RIVER *** [Ts Td 5c 3h] [9c]
AceWiper: checks
Zubasa07: checks
*** SHOW DOWN ***
AceWiper: shows [8s Ah] (a pair of Tens)
Zubasa07: mucks hand
AceWiper collected $29.50 from pot
*** SUMMARY ***
Total pot $30 | Rake $0.50
Board [Ts Td 5c 3h 9c]
Seat 1: Zubasa07 (button) (small blind) mucked
Seat 3: AceWiper (big blind) showed [8s Ah] and won ($29.50) with a pair of Tens


PokerStars Hand #158392164962:  Hold'em Limit ($3/$6 USD) - 2016/09/09 18:18:48 ET
Table 'Aruna' 6-max Seat #3 is the button
Seat 1: Zubasa07 ($485 in chips)
Seat 3: AceWiper ($115.38 in chips)
AceWiper: posts small blind $1
Zubasa07: posts big blind $3
*** HOLE CARDS ***
AceWiper: calls $2
Zubasa07: raises $3 to $6
AceWiper: calls $3
*** FLOP *** [2h Jh 5s]
Zubasa07: bets $3
AceWiper: folds
Uncalled bet ($3) returned to Zubasa07
Zubasa07 collected $11.76 from pot
Zubasa07: doesn't show hand
*** SUMMARY ***
Total pot $12 | Rake $0.24
Board [2h Jh 5s]
Seat 1: Zubasa07 (big blind) collected ($11.76)
Seat 3: AceWiper (button) (small blind) folded on the Flop


PokerStars Hand #158392210116:  Hold'em Limit ($3/$6 USD) - 2016/09/09 18:19:49 ET
Table 'Aruna' 6-max Seat #3 is the button
Seat 1: Zubasa07 ($514.26 in chips)
Seat 3: AceWiper ($85.38 in chips)
AceWiper: posts small blind $1
Zubasa07: posts big blind $3
*** HOLE CARDS ***
AceWiper: folds
Uncalled bet ($2) returned to Zubasa07
Zubasa07 collected $2 from pot
Zubasa07: doesn't show hand
*** SUMMARY ***
Total pot $2 | Rake $0
Seat 1: Zubasa07 (big blind) collected ($2)
Seat 3: AceWiper (button) (small blind) folded before Flop


PokerStars Hand #158392181073:  Hold'em Limit ($3/$6 USD) - 2016/09/09 18:19:10 ET
Table 'Aruna' 6-max Seat #1 is the button
Seat 1: Zubasa07 ($490.76 in chips)
Seat 3: AceWiper ($109.38 in chips)
Zubasa07: posts small blind $1
AceWiper: posts big blind $3
*** HOLE CARDS ***
Zubasa07: raises $3 to $6
AceWiper: raises $3 to $9
Zubasa07: calls $3
*** FLOP *** [6s Qc 4h]
AceWiper: bets $3
Zubasa07: calls $3
*** TURN *** [6s Qc 4h] [Ks]
AceWiper: bets $6
Zubasa07: calls $6
*** RIVER *** [6s Qc 4h Ks] [Jd]
AceWiper: bets $6
Zubasa07: calls $6
*** SHOW DOWN ***
AceWiper: shows [Js Th] (a pair of Jacks)
Zubasa07: shows [Ah Qs] (a pair of Queens)
Zubasa07 collected $47.50 from pot
*** SUMMARY ***
Total pot $48 | Rake $0.50
Board [6s Qc 4h Ks Jd]
Seat 1: Zubasa07 (button) (small blind) showed [Ah Qs] and won ($47.50) with a pair of Queens
Seat 3: AceWiper (big blind) showed [Js Th] and lost with a pair of Jacks


PokerStars Hand #158392241024:  Hold'em Limit ($3/$6 USD) - 2016/09/09 18:20:32 ET
Table 'Aruna' 6-max Seat #3 is the button
Seat 1: Zubasa07 ($529.76 in chips)
Seat 3: AceWiper ($69.38 in chips)
AceWiper: posts small blind $1
Zubasa07: posts big blind $3
*** HOLE CARDS ***
AceWiper: folds
Uncalled bet ($2) returned to Zubasa07
Zubasa07 collected $2 from pot
Zubasa07: doesn't show hand
*** SUMMARY ***
Total pot $2 | Rake $0
Seat 1: Zubasa07 (big blind) collected ($2)
Seat 3: AceWiper (button) (small blind) folded before Flop


PokerStars Hand #158392213948:  Hold'em Limit ($3/$6 USD) - 2016/09/09 18:19:55 ET
Table 'Aruna' 6-max Seat #1 is the button
Seat 1: Zubasa07 ($515.26 in chips)
Seat 3: AceWiper ($84.38 in chips)
Zubasa07: posts small blind $1
AceWiper: posts big blind $3
*** HOLE CARDS ***
Zubasa07: raises $3 to $6
AceWiper: calls $3
*** FLOP *** [Jc 7d 9d]
AceWiper: checks
Zubasa07: bets $3
AceWiper: calls $3
*** TURN *** [Jc 7d 9d] [Jh]
AceWiper: checks
Zubasa07: checks
*** RIVER *** [Jc 7d 9d Jh] [4h]
AceWiper: checks
Zubasa07: bets $6
AceWiper: calls $6
*** SHOW DOWN ***
Zubasa07: shows [Qs 7s] (two pair, Jacks and Sevens)
AceWiper: mucks hand
Zubasa07 collected $29.50 from pot
*** SUMMARY ***
Total pot $30 | Rake $0.50
Board [Jc 7d 9d Jh 4h]
Seat 1: Zubasa07 (button) (small blind) showed [Qs 7s] and won ($29.50) with two pair, Jacks and Sevens
Seat 3: AceWiper (big blind) mucked


PokerStars Hand #158392244864:  Hold'em Limit ($3/$6 USD) - 2016/09/09 18:20:37 ET
Table 'Aruna' 6-max Seat #1 is the button
Seat 1: Zubasa07 ($530.76 in chips)
Seat 3: AceWiper ($68.38 in chips)
Zubasa07: posts small blind $1
AceWiper: posts big blind $3
*** HOLE CARDS ***
Zubasa07: raises $3 to $6
AceWiper: calls $3
*** FLOP *** [5c As 3d]
AceWiper: bets $3
Zubasa07: calls $3
*** TURN *** [5c As 3d] [6c]
AceWiper: bets $6
Zubasa07: calls $6
*** RIVER *** [5c As 3d 6c] [Th]
AceWiper: bets $6
Zubasa07: raises $6 to $12
AceWiper: folds
Uncalled bet ($6) returned to Zubasa07
Zubasa07 collected $41.50 from pot
Zubasa07: doesn't show hand
*** SUMMARY ***
Total pot $42 | Rake $0.50
Board [5c As 3d 6c Th]
Seat 1: Zubasa07 (button) (small blind) collected ($41.50)
Seat 3: AceWiper (big blind) folded on the River


PokerStars Hand #158392270673:  Hold'em Limit ($3/$6 USD) - 2016/09/09 18:21:13 ET
Table 'Aruna' 6-max Seat #3 is the button
Seat 1: Zubasa07 ($551.26 in chips)
Seat 3: AceWiper ($47.38 in chips)
AceWiper: posts small blind $1
Zubasa07: posts big blind $3
*** HOLE CARDS ***
AceWiper: calls $2
Zubasa07: checks
*** FLOP *** [2c Tc Qh]
Zubasa07: checks
AceWiper: checks
*** TURN *** [2c Tc Qh] [Jh]
Zubasa07: bets $6
AceWiper: calls $6
*** RIVER *** [2c Tc Qh Jh] [Jc]
Zubasa07: checks
AceWiper: checks
*** SHOW DOWN ***
Zubasa07: shows [2d Th] (two pair, Jacks and Tens)
AceWiper: mucks hand
Zubasa07 collected $17.64 from pot
*** SUMMARY ***
Total pot $18 | Rake $0.36
Board [2c Tc Qh Jh Jc]
Seat 1: Zubasa07 (big blind) showed [2d Th] and won ($17.64) with two pair, Jacks and Tens
Seat 3: AceWiper (button) (small blind) mucked


PokerStars Hand #158392315279:  Hold'em Limit ($3/$6 USD) - 2016/09/09 18:22:14 ET
Table 'Aruna' 6-max Seat #1 is the button
Seat 1: Zubasa07 ($559.90 in chips)
Seat 3: AceWiper ($38.38 in chips)
Zubasa07: posts small blind $1
AceWiper: posts big blind $3
*** HOLE CARDS ***
Zubasa07: raises $3 to $6
AceWiper: calls $3
*** FLOP *** [7c 4h 4s]
AceWiper: bets $3
Zubasa07: calls $3
*** TURN *** [7c 4h 4s] [Jc]
AceWiper: bets $6
Zubasa07: calls $6
*** RIVER *** [7c 4h 4s Jc] [Jd]
AceWiper: bets $6
Zubasa07: folds
Uncalled bet ($6) returned to AceWiper
AceWiper collected $29.50 from pot
AceWiper: doesn't show hand
*** SUMMARY ***
Total pot $30 | Rake $0.50
Board [7c 4h 4s Jc Jd]
Seat 1: Zubasa07 (button) (small blind) folded on the River
Seat 3: AceWiper (big blind) collected ($29.50)


PokerStars Hand #158392338259:  Hold'em Limit ($3/$6 USD) - 2016/09/09 18:22:46 ET
Table 'Aruna' 6-max Seat #3 is the button
Seat 1: Zubasa07 ($544.90 in chips)
Seat 3: AceWiper ($52.88 in chips)
AceWiper: posts small blind $1
Zubasa07: posts big blind $3
*** HOLE CARDS ***
AceWiper: folds
Uncalled bet ($2) returned to Zubasa07
Zubasa07 collected $2 from pot
Zubasa07: doesn't show hand
*** SUMMARY ***
Total pot $2 | Rake $0
Seat 1: Zubasa07 (big blind) collected ($2)
Seat 3: AceWiper (button) (small blind) folded before Flop


PokerStars Hand #158392341912:  Hold'em Limit ($3/$6 USD) - 2016/09/09 18:22:51 ET
Table 'Aruna' 6-max Seat #1 is the button
Seat 1: Zubasa07 ($545.90 in chips)
Seat 3: AceWiper ($51.88 in chips)
Zubasa07: posts small blind $1
AceWiper: posts big blind $3
*** HOLE CARDS ***
Zubasa07: raises $3 to $6
AceWiper: calls $3
*** FLOP *** [Ah Qc Qd]
AceWiper: bets $3
Zubasa07: raises $3 to $6
AceWiper: calls $3
*** TURN *** [Ah Qc Qd] [5d]
AceWiper: checks
Zubasa07: checks
*** RIVER *** [Ah Qc Qd 5d] [7h]
AceWiper: checks
Zubasa07: checks
*** SHOW DOWN ***
AceWiper: shows [Kc 4s] (a pair of Queens)
Zubasa07: shows [9d 7s] (two pair, Queens and Sevens)
Zubasa07 collected $23.52 from pot
*** SUMMARY ***
Total pot $24 | Rake $0.48
Board [Ah Qc Qd 5d 7h]
Seat 1: Zubasa07 (button) (small blind) showed [9d 7s] and won ($23.52) with two pair, Queens and Sevens
Seat 3: AceWiper (big blind) showed [Kc 4s] and lost with a pair of Queens


PokerStars Hand #158392359979:  Hold'em Limit ($3/$6 USD) - 2016/09/09 18:23:17 ET
Table 'Aruna' 6-max Seat #3 is the button
Seat 1: Zubasa07 ($557.42 in chips)
Seat 3: AceWiper ($39.88 in chips)
AceWiper: posts small blind $1
Zubasa07: posts big blind $3
*** HOLE CARDS ***
AceWiper: raises $3 to $6
Zubasa07: raises $3 to $9
AceWiper: calls $3
*** FLOP *** [7s 6h Jh]
Zubasa07: bets $3
AceWiper: raises $3 to $6
Zubasa07: raises $3 to $9
AceWiper: calls $3
*** TURN *** [7s 6h Jh] [3s]
Zubasa07: bets $6
AceWiper: calls $6
*** RIVER *** [7s 6h Jh 3s] [Qc]
Zubasa07: bets $6
AceWiper: calls $6
*** SHOW DOWN ***
Zubasa07: shows [8h 9h] (high card Queen)
AceWiper: shows [Jd 9s] (a pair of Jacks)
AceWiper collected $59.50 from pot
*** SUMMARY ***
Total pot $60 | Rake $0.50
Board [7s 6h Jh 3s Qc]
Seat 1: Zubasa07 (big blind) showed [8h 9h] and lost with high card Queen
Seat 3: AceWiper (button) (small blind) showed [Jd 9s] and won ($59.50) with a pair of Jacks


PokerStars Hand #158392374786:  Hold'em Limit ($3/$6 USD) - 2016/09/09 18:23:38 ET
Table 'Aruna' 6-max Seat #1 is the button
Seat 1: Zubasa07 ($527.42 in chips)
Seat 3: AceWiper ($69.38 in chips)
Zubasa07: posts small blind $1
AceWiper: posts big blind $3
*** HOLE CARDS ***
Zubasa07: raises $3 to $6
AceWiper: calls $3
*** FLOP *** [9d As 4c]
AceWiper: checks
Zubasa07: bets $3
AceWiper: folds
Uncalled bet ($3) returned to Zubasa07
Zubasa07 collected $11.76 from pot
Zubasa07: doesn't show hand
*** SUMMARY ***
Total pot $12 | Rake $0.24
Board [9d As 4c]
Seat 1: Zubasa07 (button) (small blind) collected ($11.76)
Seat 3: AceWiper (big blind) folded on the Flop


PokerStars Hand #158392384435:  Hold'em Limit ($3/$6 USD) - 2016/09/09 18:23:52 ET
Table 'Aruna' 6-max Seat #3 is the button
Seat 1: Zubasa07 ($533.18 in chips)
Seat 3: AceWiper ($63.38 in chips)
AceWiper: posts small blind $1
Zubasa07: posts big blind $3
*** HOLE CARDS ***
AceWiper: raises $3 to $6
Zubasa07: calls $3
*** FLOP *** [Qh Kh 5c]
Zubasa07: checks
AceWiper: bets $3
Zubasa07: raises $3 to $6
AceWiper: raises $3 to $9
Zubasa07: calls $3
*** TURN *** [Qh Kh 5c] [Js]
Zubasa07: checks
AceWiper: bets $6
Zubasa07: calls $6
*** RIVER *** [Qh Kh 5c Js] [2h]
Zubasa07: checks
AceWiper: checks
*** SHOW DOWN ***
Zubasa07: shows [4h Kd] (a pair of Kings)
AceWiper: mucks hand
Zubasa07 collected $41.50 from pot
*** SUMMARY ***
Total pot $42 | Rake $0.50
Board [Qh Kh 5c Js 2h]
Seat 1: Zubasa07 (big blind) showed [4h Kd] and won ($41.50) with a pair of Kings
Seat 3: AceWiper (button) (small blind) mucked


PokerStars Hand #158392422699:  Hold'em Limit ($3/$6 USD) - 2016/09/09 18:24:47 ET
Table 'Aruna' 6-max Seat #1 is the button
Seat 1: Zubasa07 ($553.68 in chips)
Seat 3: AceWiper ($42.38 in chips)
Zubasa07: posts small blind $1
AceWiper: posts big blind $3
*** HOLE CARDS ***
Zubasa07: raises $3 to $6
AceWiper: folds
Uncalled bet ($3) returned to Zubasa07
Zubasa07 collected $6 from pot
Zubasa07: doesn't show hand
*** SUMMARY ***
Total pot $6 | Rake $0
Seat 1: Zubasa07 (button) (small blind) collected ($6)
Seat 3: AceWiper (big blind) folded before Flop


PokerStars Hand #158392428556:  Hold'em Limit ($3/$6 USD) - 2016/09/09 18:24:55 ET
Table 'Aruna' 6-max Seat #3 is the button
Seat 1: Zubasa07 ($556.68 in chips)
Seat 3: AceWiper ($39.38 in chips)
AceWiper: posts small blind $1
Zubasa07: posts big blind $3
*** HOLE CARDS ***
AceWiper: raises $3 to $6
Zubasa07: raises $3 to $9
AceWiper: calls $3
*** FLOP *** [Jh 6c 5d]
Zubasa07: bets $3
AceWiper: calls $3
*** TURN *** [Jh 6c 5d] [Jc]
Zubasa07: bets $6
AceWiper: calls $6
*** RIVER *** [Jh 6c 5d Jc] [Qc]
Zubasa07: bets $6
AceWiper: calls $6
*** SHOW DOWN ***
Zubasa07: shows [Ac Kd] (a pair of Jacks)
AceWiper: mucks hand
Chessnok joins the table at seat #4
Zubasa07 collected $47.50 from pot
*** SUMMARY ***
Total pot $48 | Rake $0.50
Board [Jh 6c 5d Jc Qc]
Seat 1: Zubasa07 (big blind) showed [Ac Kd] and won ($47.50) with a pair of Jacks
Seat 3: AceWiper (button) (small blind) mucked


PokerStars Hand #158392463649:  Hold'em Limit ($3/$6 USD) - 2016/09/09 18:25:44 ET
Table 'Aruna' 6-max Seat #1 is the button
Seat 1: Zubasa07 ($580.18 in chips)
Seat 3: AceWiper ($15.38 in chips)
Zubasa07: posts small blind $1
AceWiper: posts big blind $3
*** HOLE CARDS ***
Zubasa07: raises $3 to $6
AceWiper: raises $3 to $9
Zubasa07: calls $3
*** FLOP *** [Td Kh 6h]
AceWiper: bets $3
Zubasa07: calls $3
*** TURN *** [Td Kh 6h] [Th]
AceWiper: bets $3.38 and is all-in
Zubasa07: calls $3.38
*** RIVER *** [Td Kh 6h Th] [8c]
*** SHOW DOWN ***
AceWiper: shows [Jc 9c] (a pair of Tens)
Zubasa07: shows [Ts 9h] (three of a kind, Tens)
Zubasa07 collected $30.26 from pot
*** SUMMARY ***
Total pot $30.76 | Rake $0.50
Board [Td Kh 6h Th 8c]
Seat 1: Zubasa07 (button) (small blind) showed [Ts 9h] and won ($30.26) with three of a kind, Tens
Seat 3: AceWiper (big blind) showed [Jc 9c] and lost with a pair of Tens


PokerStars Hand #158392555849:  Hold'em Limit ($3/$6 USD) - 2016/09/09 18:27:54 ET
Table 'Aruna' 6-max Seat #3 is the button
Seat 3: AceWiper ($119.56 in chips)
Seat 4: Chessnok ($120 in chips)
AceWiper: posts small blind $1
Chessnok: posts big blind $3
*** HOLE CARDS ***
AceWiper: calls $2
Chessnok: raises $3 to $6
AceWiper: calls $3
*** FLOP *** [5h 5s 9h]
Chessnok: bets $3
AceWiper: folds
Uncalled bet ($3) returned to Chessnok
Chessnok collected $11.76 from pot
Chessnok: doesn't show hand
*** SUMMARY ***
Total pot $12 | Rake $0.24
Board [5h 5s 9h]
Seat 3: AceWiper (button) (small blind) folded on the Flop
Seat 4: Chessnok (big blind) collected ($11.76)


PokerStars Hand #158392569050:  Hold'em Limit ($3/$6 USD) - 2016/09/09 18:28:12 ET
Table 'Aruna' 6-max Seat #3 is the button
Seat 3: AceWiper ($114.56 in chips)
Seat 4: Chessnok ($124.76 in chips)
AceWiper: posts small blind $1
Chessnok: posts big blind $3
*** HOLE CARDS ***
AceWiper: folds
Uncalled bet ($2) returned to Chessnok
Chessnok collected $2 from pot
Chessnok: doesn't show hand
*** SUMMARY ***
Total pot $2 | Rake $0
Seat 3: AceWiper (button) (small blind) folded before Flop
Seat 4: Chessnok (big blind) collected ($2)


PokerStars Hand #158392565085:  Hold'em Limit ($3/$6 USD) - 2016/09/09 18:28:07 ET
Table 'Aruna' 6-max Seat #4 is the button
Seat 3: AceWiper ($113.56 in chips)
Seat 4: Chessnok ($125.76 in chips)
Chessnok: posts small blind $1
AceWiper: posts big blind $3
*** HOLE CARDS ***
Chessnok: folds
Uncalled bet ($2) returned to AceWiper
AceWiper collected $2 from pot
AceWiper: doesn't show hand
*** SUMMARY ***
Total pot $2 | Rake $0
Seat 3: AceWiper (big blind) collected ($2)
Seat 4: Chessnok (button) (small blind) folded before Flop


PokerStars Hand #158392573685:  Hold'em Limit ($3/$6 USD) - 2016/09/09 18:28:19 ET
Table 'Aruna' 6-max Seat #4 is the button
Seat 3: AceWiper ($113.56 in chips)
Seat 4: Chessnok ($125.76 in chips)
Chessnok: posts small blind $1
AceWiper: posts big blind $3
*** HOLE CARDS ***
Chessnok: raises $3 to $6
AceWiper: calls $3
*** FLOP *** [Kd Kc 3s]
AceWiper: checks
Chessnok: bets $3
AceWiper: calls $3
*** TURN *** [Kd Kc 3s] [Ac]
AceWiper: checks
Chessnok: bets $6
AceWiper: raises $6 to $12
Chessnok: calls $6
*** RIVER *** [Kd Kc 3s Ac] [6d]
AceWiper: bets $6
Chessnok: calls $6
*** SHOW DOWN ***
AceWiper: shows [Ks 9c] (three of a kind, Kings)
Chessnok: mucks hand
AceWiper collected $53.50 from pot
*** SUMMARY ***
Total pot $54 | Rake $0.50
Board [Kd Kc 3s Ac 6d]
Seat 3: AceWiper (big blind) showed [Ks 9c] and won ($53.50) with three of a kind, Kings
Seat 4: Chessnok (button) (small blind) mucked


PokerStars Hand #158392588188:  Hold'em Limit ($3/$6 USD) - 2016/09/09 18:28:39 ET
Table 'Aruna' 6-max Seat #3 is the button
Seat 3: AceWiper ($140.06 in chips)
Seat 4: Chessnok ($98.76 in chips)
AceWiper: posts small blind $1
Chessnok: posts big blind $3
*** HOLE CARDS ***
AceWiper: raises $3 to $6
Chessnok: raises $3 to $9
AceWiper: raises $3 to $12
Betting is capped
Chessnok: calls $3
*** FLOP *** [2d 7s 5h]
Chessnok: bets $3
AceWiper: raises $3 to $6
Chessnok: raises $3 to $9
AceWiper: calls $3
*** TURN *** [2d 7s 5h] [Ac]
Chessnok: bets $6
AceWiper: calls $6
*** RIVER *** [2d 7s 5h Ac] [Ah]
Chessnok: bets $6
AceWiper: calls $6
*** SHOW DOWN ***
Chessnok: shows [Qc Qs] (two pair, Aces and Queens)
AceWiper: mucks hand
Chessnok collected $65.50 from pot
*** SUMMARY ***
Total pot $66 | Rake $0.50
Board [2d 7s 5h Ac Ah]
Seat 3: AceWiper (button) (small blind) mucked
Seat 4: Chessnok (big blind) showed [Qc Qs] and won ($65.50) with two pair, Aces and Queens


PokerStars Hand #158392621604:  Hold'em Limit ($3/$6 USD) - 2016/09/09 18:29:27 ET
Table 'Aruna' 6-max Seat #3 is the button
Seat 3: AceWiper ($133.56 in chips)
Seat 4: Chessnok ($104.26 in chips)
AceWiper: posts small blind $1
Chessnok: posts big blind $3
*** HOLE CARDS ***
AceWiper: folds
Uncalled bet ($2) returned to Chessnok
Chessnok collected $2 from pot
Chessnok: doesn't show hand
*** SUMMARY ***
Total pot $2 | Rake $0
Seat 3: AceWiper (button) (small blind) folded before Flop
Seat 4: Chessnok (big blind) collected ($2)


PokerStars Hand #158392606544:  Hold'em Limit ($3/$6 USD) - 2016/09/09 18:29:05 ET
Table 'Aruna' 6-max Seat #4 is the button
Seat 3: AceWiper ($107.06 in chips)
Seat 4: Chessnok ($131.26 in chips)
Chessnok: posts small blind $1
AceWiper: posts big blind $3
*** HOLE CARDS ***
Chessnok: raises $3 to $6
AceWiper: calls $3
*** FLOP *** [9d Ah 5c]
AceWiper: checks
Zubasa07 joins the table at seat #5
Chessnok: bets $3
AceWiper: calls $3
*** TURN *** [9d Ah 5c] [8d]
AceWiper: checks
Chessnok: bets $6
AceWiper: raises $6 to $12
Chessnok: calls $6
*** RIVER *** [9d Ah 5c 8d] [3s]
AceWiper: bets $6
Chessnok: calls $6
*** SHOW DOWN ***
AceWiper: shows [4h 2h] (a straight, Ace to Five)
Chessnok: mucks hand
AceWiper collected $53.50 from pot
*** SUMMARY ***
Total pot $54 | Rake $0.50
Board [9d Ah 5c 8d 3s]
Seat 3: AceWiper (big blind) showed [4h 2h] and won ($53.50) with a straight, Ace to Five
Seat 4: Chessnok (button) (small blind) mucked


PokerStars Hand #158394371081:  Hold'em Limit ($3/$6 USD) - 2016/09/09 19:14:03 ET
Table 'Aruna' 6-max Seat #4 is the button
Seat 3: ABATAPP ($89.55 in chips)
Seat 4: Chessnok ($93.50 in chips)
Chessnok: posts small blind $1
juswnttoplay: is sitting out
ABATAPP: posts big blind $3
*** HOLE CARDS ***
Chessnok: raises $3 to $6
ABATAPP: calls $3
*** FLOP *** [6h Qd 6c]
ABATAPP: checks
juswnttoplay leaves the table
Chessnok: bets $3
Zubasa07 leaves the table
ABATAPP: folds
Uncalled bet ($3) returned to Chessnok
Chessnok collected $11.76 from pot
Chessnok: doesn't show hand
*** SUMMARY ***
Total pot $12 | Rake $0.24
Board [6h Qd 6c]
Seat 3: ABATAPP (big blind) folded on the Flop
Seat 4: Chessnok (button) (small blind) collected ($11.76)


