PokerStars Hand #166754342590:  Hold'em Limit ($3/$6 USD) - 2017/02/25 12:01:24 ET
Table 'Ascanios II' 6-max Seat #4 is the button
Seat 4: AA_ILI ($262.80 in chips)
Seat 5: FONBET_RULIT ($194.88 in chips)
AA_ILI: posts small blind $1
FONBET_RULIT: posts big blind $3
*** HOLE CARDS ***
AA_ILI: calls $2
FONBET_RULIT: raises $3 to $6
AA_ILI: calls $3
*** FLOP *** [3d 3s Kh]
FONBET_RULIT: bets $3
AA_ILI: folds
Uncalled bet ($3) returned to FONBET_RULIT
FONBET_RULIT collected $11.76 from pot
FONBET_RULIT: doesn't show hand
*** SUMMARY ***
Total pot $12 | Rake $0.24
Board [3d 3s Kh]
Seat 4: AA_ILI (button) (small blind) folded on the Flop
Seat 5: FONBET_RULIT (big blind) collected ($11.76)


PokerStars Hand #166754329986:  Hold'em Limit ($3/$6 USD) - 2017/02/25 12:01:10 ET
Table 'Ascanios II' 6-max Seat #5 is the button
Seat 4: AA_ILI ($283.80 in chips)
Seat 5: FONBET_RULIT ($174.38 in chips)
FONBET_RULIT: posts small blind $1
AA_ILI: posts big blind $3
*** HOLE CARDS ***
FONBET_RULIT: raises $3 to $6
AA_ILI: calls $3
*** FLOP *** [9d 4c Js]
AA_ILI: checks
FONBET_RULIT: bets $3
AA_ILI: calls $3
*** TURN *** [9d 4c Js] [3s]
AA_ILI: checks
FONBET_RULIT: bets $6
AA_ILI: calls $6
*** RIVER *** [9d 4c Js 3s] [6s]
AA_ILI: checks
FONBET_RULIT: bets $6
AA_ILI: calls $6
*** SHOW DOWN ***
FONBET_RULIT: shows [Jc Qs] (a pair of Jacks)
AA_ILI: mucks hand
FONBET_RULIT collected $41.50 from pot
*** SUMMARY ***
Total pot $42 | Rake $0.50
Board [9d 4c Js 3s 6s]
Seat 4: AA_ILI (big blind) mucked
Seat 5: FONBET_RULIT (button) (small blind) showed [Jc Qs] and won ($41.50) with a pair of Jacks


PokerStars Hand #166754320161:  Hold'em Limit ($3/$6 USD) - 2017/02/25 12:00:57 ET
Table 'Ascanios II' 6-max Seat #4 is the button
Seat 4: AA_ILI ($257.30 in chips)
Seat 5: FONBET_RULIT ($201.38 in chips)
AA_ILI: posts small blind $1
FONBET_RULIT: posts big blind $3
*** HOLE CARDS ***
AA_ILI: calls $2
FONBET_RULIT: raises $3 to $6
AA_ILI: calls $3
*** FLOP *** [5s 7s Th]
FONBET_RULIT: bets $3
AA_ILI: calls $3
*** TURN *** [5s 7s Th] [Jd]
FONBET_RULIT: bets $6
AA_ILI: calls $6
*** RIVER *** [5s 7s Th Jd] [6s]
FONBET_RULIT: bets $6
AA_ILI: raises $6 to $12
laubes04 leaves the table
FONBET_RULIT: calls $6
*** SHOW DOWN ***
AA_ILI: shows [6h 7d] (two pair, Sevens and Sixes)
FONBET_RULIT: mucks hand
AA_ILI collected $53.50 from pot
*** SUMMARY ***
Total pot $54 | Rake $0.50
Board [5s 7s Th Jd 6s]
Seat 4: AA_ILI (button) (small blind) showed [6h 7d] and won ($53.50) with two pair, Sevens and Sixes
Seat 5: FONBET_RULIT (big blind) mucked


PokerStars Hand #166754306473:  Hold'em Limit ($3/$6 USD) - 2017/02/25 12:00:38 ET
Table 'Ascanios II' 6-max Seat #5 is the button
Seat 4: AA_ILI ($278.30 in chips)
Seat 5: FONBET_RULIT ($180.88 in chips)
FONBET_RULIT: posts small blind $1
laubes04: is sitting out
AA_ILI: posts big blind $3
*** HOLE CARDS ***
FONBET_RULIT: raises $3 to $6
AA_ILI: calls $3
*** FLOP *** [9s Qh 7s]
AA_ILI: checks
FONBET_RULIT: bets $3
AA_ILI: raises $3 to $6
FONBET_RULIT: raises $3 to $9
AA_ILI: calls $3
*** TURN *** [9s Qh 7s] [Kh]
AA_ILI: checks
FONBET_RULIT: bets $6
AA_ILI: calls $6
*** RIVER *** [9s Qh 7s Kh] [6c]
AA_ILI: checks
FONBET_RULIT: bets $6
AA_ILI: folds
Uncalled bet ($6) returned to FONBET_RULIT
FONBET_RULIT collected $41.50 from pot
FONBET_RULIT: doesn't show hand
*** SUMMARY ***
Total pot $42 | Rake $0.50
Board [9s Qh 7s Kh 6c]
Seat 4: AA_ILI (big blind) folded on the River
Seat 5: FONBET_RULIT (button) (small blind) collected ($41.50)


PokerStars Hand #166754398338:  Hold'em Limit ($3/$6 USD) - 2017/02/25 12:02:35 ET
Table 'Ascanios II' 6-max Seat #4 is the button
Seat 4: AA_ILI ($286.82 in chips)
Seat 5: FONBET_RULIT ($169.64 in chips)
AA_ILI: posts small blind $1
FONBET_RULIT: posts big blind $3
*** HOLE CARDS ***
AA_ILI: folds
Uncalled bet ($2) returned to FONBET_RULIT
FONBET_RULIT collected $2 from pot
FONBET_RULIT: doesn't show hand
*** SUMMARY ***
Total pot $2 | Rake $0
Seat 4: AA_ILI (button) (small blind) folded before Flop
Seat 5: FONBET_RULIT (big blind) collected ($2)


PokerStars Hand #166754395018:  Hold'em Limit ($3/$6 USD) - 2017/02/25 12:02:30 ET
Table 'Ascanios II' 6-max Seat #5 is the button
Seat 4: AA_ILI ($285.82 in chips)
Seat 5: FONBET_RULIT ($170.64 in chips)
FONBET_RULIT: posts small blind $1
AA_ILI: posts big blind $3
*** HOLE CARDS ***
FONBET_RULIT: folds
Uncalled bet ($2) returned to AA_ILI
AA_ILI collected $2 from pot
AA_ILI: doesn't show hand
*** SUMMARY ***
Total pot $2 | Rake $0
Seat 4: AA_ILI (big blind) collected ($2)
Seat 5: FONBET_RULIT (button) (small blind) folded before Flop


PokerStars Hand #166754385126:  Hold'em Limit ($3/$6 USD) - 2017/02/25 12:02:18 ET
Table 'Ascanios II' 6-max Seat #4 is the button
Seat 4: AA_ILI ($277.18 in chips)
Seat 5: FONBET_RULIT ($179.64 in chips)
AA_ILI: posts small blind $1
FONBET_RULIT: posts big blind $3
*** HOLE CARDS ***
AA_ILI: calls $2
FONBET_RULIT: raises $3 to $6
AA_ILI: calls $3
*** FLOP *** [Ac 8h 4c]
FONBET_RULIT: bets $3
AA_ILI: calls $3
*** TURN *** [Ac 8h 4c] [4h]
FONBET_RULIT: checks
AA_ILI: bets $6
FONBET_RULIT: folds
Uncalled bet ($6) returned to AA_ILI
AA_ILI collected $17.64 from pot
AA_ILI: doesn't show hand
*** SUMMARY ***
Total pot $18 | Rake $0.36
Board [Ac 8h 4c 4h]
Seat 4: AA_ILI (button) (small blind) collected ($17.64)
Seat 5: FONBET_RULIT (big blind) folded on the Turn


PokerStars Hand #166754380971:  Hold'em Limit ($3/$6 USD) - 2017/02/25 12:02:13 ET
Table 'Ascanios II' 6-max Seat #5 is the button
Seat 4: AA_ILI ($280.18 in chips)
Seat 5: FONBET_RULIT ($176.64 in chips)
FONBET_RULIT: posts small blind $1
AA_ILI: posts big blind $3
*** HOLE CARDS ***
FONBET_RULIT: raises $3 to $6
AA_ILI: folds
Uncalled bet ($3) returned to FONBET_RULIT
FONBET_RULIT collected $6 from pot
FONBET_RULIT: doesn't show hand
*** SUMMARY ***
Total pot $6 | Rake $0
Seat 4: AA_ILI (big blind) folded before Flop
Seat 5: FONBET_RULIT (button) (small blind) collected ($6)


PokerStars Hand #166754371712:  Hold'em Limit ($3/$6 USD) - 2017/02/25 12:02:01 ET
Table 'Ascanios II' 6-max Seat #4 is the button
Seat 4: AA_ILI ($277.30 in chips)
Seat 5: FONBET_RULIT ($179.64 in chips)
AA_ILI: posts small blind $1
FONBET_RULIT: posts big blind $3
*** HOLE CARDS ***
AA_ILI: calls $2
FONBET_RULIT: checks
*** FLOP *** [4d Kc 7s]
FONBET_RULIT: checks
AA_ILI: checks
*** TURN *** [4d Kc 7s] [9c]
FONBET_RULIT: checks
AA_ILI: bets $6
FONBET_RULIT: folds
Uncalled bet ($6) returned to AA_ILI
AA_ILI collected $5.88 from pot
AA_ILI: doesn't show hand
*** SUMMARY ***
Total pot $6 | Rake $0.12
Board [4d Kc 7s 9c]
Seat 4: AA_ILI (button) (small blind) collected ($5.88)
Seat 5: FONBET_RULIT (big blind) folded on the Turn


PokerStars Hand #166754353843:  Hold'em Limit ($3/$6 USD) - 2017/02/25 12:01:39 ET
Table 'Ascanios II' 6-max Seat #5 is the button
Seat 4: AA_ILI ($256.80 in chips)
Seat 5: FONBET_RULIT ($200.64 in chips)
FONBET_RULIT: posts small blind $1
AA_ILI: posts big blind $3
*** HOLE CARDS ***
FONBET_RULIT: raises $3 to $6
AA_ILI: calls $3
*** FLOP *** [4c 7s 8h]
AA_ILI: checks
FONBET_RULIT: bets $3
AA_ILI: calls $3
*** TURN *** [4c 7s 8h] [Ad]
AA_ILI: checks
FONBET_RULIT: bets $6
AA_ILI: calls $6
*** RIVER *** [4c 7s 8h Ad] [3h]
AA_ILI: checks
FONBET_RULIT: bets $6
AA_ILI: raises $6 to $12
FONBET_RULIT: folds
Uncalled bet ($6) returned to AA_ILI
AA_ILI collected $41.50 from pot
AA_ILI: doesn't show hand
*** SUMMARY ***
Total pot $42 | Rake $0.50
Board [4c 7s 8h Ad 3h]
Seat 4: AA_ILI (big blind) collected ($41.50)
Seat 5: FONBET_RULIT (button) (small blind) folded on the River


PokerStars Hand #166754425482:  Hold'em Limit ($3/$6 USD) - 2017/02/25 12:03:08 ET
Table 'Ascanios II' 6-max Seat #4 is the button
Seat 4: AA_ILI ($316.20 in chips)
Seat 5: FONBET_RULIT ($139.64 in chips)
AA_ILI: posts small blind $1
FONBET_RULIT: posts big blind $3
*** HOLE CARDS ***
AA_ILI: calls $2
FONBET_RULIT: checks
*** FLOP *** [Jc 2c 7h]
FONBET_RULIT: checks
AA_ILI: checks
*** TURN *** [Jc 2c 7h] [4h]
FONBET_RULIT: checks
AA_ILI: bets $6
FONBET_RULIT: folds
Uncalled bet ($6) returned to AA_ILI
AA_ILI collected $5.88 from pot
*** SUMMARY ***
Total pot $6 | Rake $0.12
Board [Jc 2c 7h 4h]
Seat 4: AA_ILI (button) (small blind) collected ($5.88)
Seat 5: FONBET_RULIT (big blind) folded on the Turn


PokerStars Hand #166754422180:  Hold'em Limit ($3/$6 USD) - 2017/02/25 12:03:04 ET
Table 'Ascanios II' 6-max Seat #5 is the button
Seat 4: AA_ILI ($315.20 in chips)
Seat 5: FONBET_RULIT ($140.64 in chips)
FONBET_RULIT: posts small blind $1
AA_ILI: posts big blind $3
*** HOLE CARDS ***
FONBET_RULIT: folds
Uncalled bet ($2) returned to AA_ILI
AA_ILI collected $2 from pot
AA_ILI: doesn't show hand
*** SUMMARY ***
Total pot $2 | Rake $0
Seat 4: AA_ILI (big blind) collected ($2)
Seat 5: FONBET_RULIT (button) (small blind) folded before Flop


PokerStars Hand #166754414640:  Hold'em Limit ($3/$6 USD) - 2017/02/25 12:02:55 ET
Table 'Ascanios II' 6-max Seat #4 is the button
Seat 4: AA_ILI ($312.32 in chips)
Seat 5: FONBET_RULIT ($143.64 in chips)
AA_ILI: posts small blind $1
FONBET_RULIT: posts big blind $3
*** HOLE CARDS ***
AA_ILI: calls $2
FONBET_RULIT: checks
*** FLOP *** [5h Qh Kd]
FONBET_RULIT: checks
AA_ILI: bets $3
FONBET_RULIT: folds
Uncalled bet ($3) returned to AA_ILI
AA_ILI collected $5.88 from pot
AA_ILI: doesn't show hand
*** SUMMARY ***
Total pot $6 | Rake $0.12
Board [5h Qh Kd]
Seat 4: AA_ILI (button) (small blind) collected ($5.88)
Seat 5: FONBET_RULIT (big blind) folded on the Flop


PokerStars Hand #166754401960:  Hold'em Limit ($3/$6 USD) - 2017/02/25 12:02:39 ET
Table 'Ascanios II' 6-max Seat #5 is the button
Seat 4: AA_ILI ($285.82 in chips)
Seat 5: FONBET_RULIT ($170.64 in chips)
FONBET_RULIT: posts small blind $1
AA_ILI: posts big blind $3
*** HOLE CARDS ***
FONBET_RULIT: raises $3 to $6
AA_ILI: raises $3 to $9
FONBET_RULIT: calls $3
*** FLOP *** [8c 2s 6h]
AA_ILI: bets $3
FONBET_RULIT: raises $3 to $6
AA_ILI: calls $3
*** TURN *** [8c 2s 6h] [Qd]
AA_ILI: checks
FONBET_RULIT: bets $6
AA_ILI: raises $6 to $12
FONBET_RULIT: calls $6
*** RIVER *** [8c 2s 6h Qd] [Td]
AA_ILI: bets $6
FONBET_RULIT: folds
Uncalled bet ($6) returned to AA_ILI
AA_ILI collected $53.50 from pot
AA_ILI: doesn't show hand
*** SUMMARY ***
Total pot $54 | Rake $0.50
Board [8c 2s 6h Qd Td]
Seat 4: AA_ILI (big blind) collected ($53.50)
Seat 5: FONBET_RULIT (button) (small blind) folded on the River


PokerStars Hand #166754448506:  Hold'em Limit ($3/$6 USD) - 2017/02/25 12:03:36 ET
Table 'Ascanios II' 6-max Seat #4 is the button
Seat 4: AA_ILI ($351.58 in chips)
Seat 5: FONBET_RULIT ($103.64 in chips)
AA_ILI: posts small blind $1
FONBET_RULIT: posts big blind $3
*** HOLE CARDS ***
AA_ILI: calls $2
FONBET_RULIT: checks
*** FLOP *** [8s 2d Jc]
FONBET_RULIT: bets $3
AA_ILI: folds
Uncalled bet ($3) returned to FONBET_RULIT
FONBET_RULIT collected $5.88 from pot
FONBET_RULIT: doesn't show hand
*** SUMMARY ***
Total pot $6 | Rake $0.12
Board [8s 2d Jc]
Seat 4: AA_ILI (button) (small blind) folded on the Flop
Seat 5: FONBET_RULIT (big blind) collected ($5.88)


PokerStars Hand #166754434329:  Hold'em Limit ($3/$6 USD) - 2017/02/25 12:03:19 ET
Table 'Ascanios II' 6-max Seat #5 is the button
Seat 4: AA_ILI ($319.08 in chips)
Seat 5: FONBET_RULIT ($136.64 in chips)
FONBET_RULIT: posts small blind $1
AA_ILI: posts big blind $3
*** HOLE CARDS ***
FONBET_RULIT: raises $3 to $6
AA_ILI: raises $3 to $9
FONBET_RULIT: calls $3
*** FLOP *** [9h 2c 7h]
AA_ILI: bets $3
FONBET_RULIT: raises $3 to $6
AA_ILI: raises $3 to $9
FONBET_RULIT: raises $3 to $12
Betting is capped
AA_ILI: calls $3
*** TURN *** [9h 2c 7h] [Ks]
AA_ILI: bets $6
FONBET_RULIT: calls $6
*** RIVER *** [9h 2c 7h Ks] [Qs]
AA_ILI: bets $6
FONBET_RULIT: calls $6
*** SHOW DOWN ***
AA_ILI: shows [Jc Jh] (a pair of Jacks)
FONBET_RULIT: mucks hand
AA_ILI collected $65.50 from pot
*** SUMMARY ***
Total pot $66 | Rake $0.50
Board [9h 2c 7h Ks Qs]
Seat 4: AA_ILI (big blind) showed [Jc Jh] and won ($65.50) with a pair of Jacks
Seat 5: FONBET_RULIT (button) (small blind) mucked


PokerStars Hand #166754478651:  Hold'em Limit ($3/$6 USD) - 2017/02/25 12:04:13 ET
Table 'Ascanios II' 6-max Seat #4 is the button
Seat 4: AA_ILI ($342.58 in chips)
Seat 5: FONBET_RULIT ($112.28 in chips)
AA_ILI: posts small blind $1
FONBET_RULIT: posts big blind $3
*** HOLE CARDS ***
AA_ILI: calls $2
FONBET_RULIT: checks
*** FLOP *** [Ad 5d 6s]
FONBET_RULIT: bets $3
AA_ILI: folds
Uncalled bet ($3) returned to FONBET_RULIT
FONBET_RULIT collected $5.88 from pot
FONBET_RULIT: doesn't show hand
*** SUMMARY ***
Total pot $6 | Rake $0.12
Board [Ad 5d 6s]
Seat 4: AA_ILI (button) (small blind) folded on the Flop
Seat 5: FONBET_RULIT (big blind) collected ($5.88)


PokerStars Hand #166754464820:  Hold'em Limit ($3/$6 USD) - 2017/02/25 12:03:56 ET
Table 'Ascanios II' 6-max Seat #5 is the button
Seat 4: AA_ILI ($348.58 in chips)
Seat 5: FONBET_RULIT ($106.52 in chips)
FONBET_RULIT: posts small blind $1
AA_ILI: posts big blind $3
*** HOLE CARDS ***
FONBET_RULIT: raises $3 to $6
AA_ILI: calls $3
*** FLOP *** [Ks Qc Ts]
AA_ILI: checks
FONBET_RULIT: bets $3
AA_ILI: folds
Uncalled bet ($3) returned to FONBET_RULIT
FONBET_RULIT collected $11.76 from pot
FONBET_RULIT: doesn't show hand
*** SUMMARY ***
Total pot $12 | Rake $0.24
Board [Ks Qc Ts]
Seat 4: AA_ILI (big blind) folded on the Flop
Seat 5: FONBET_RULIT (button) (small blind) collected ($11.76)


PokerStars Hand #166754460853:  Hold'em Limit ($3/$6 USD) - 2017/02/25 12:03:51 ET
Table 'Ascanios II' 6-max Seat #4 is the button
Seat 4: AA_ILI ($349.58 in chips)
Seat 5: FONBET_RULIT ($105.52 in chips)
AA_ILI: posts small blind $1
FONBET_RULIT: posts big blind $3
*** HOLE CARDS ***
AA_ILI: folds
Uncalled bet ($2) returned to FONBET_RULIT
FONBET_RULIT collected $2 from pot
FONBET_RULIT: doesn't show hand
*** SUMMARY ***
Total pot $2 | Rake $0
Seat 4: AA_ILI (button) (small blind) folded before Flop
Seat 5: FONBET_RULIT (big blind) collected ($2)


PokerStars Hand #166754456248:  Hold'em Limit ($3/$6 USD) - 2017/02/25 12:03:46 ET
Table 'Ascanios II' 6-max Seat #5 is the button
Seat 4: AA_ILI ($348.58 in chips)
Seat 5: FONBET_RULIT ($106.52 in chips)
FONBET_RULIT: posts small blind $1
AA_ILI: posts big blind $3
*** HOLE CARDS ***
FONBET_RULIT: folds
Uncalled bet ($2) returned to AA_ILI
AA_ILI collected $2 from pot
AA_ILI: doesn't show hand
*** SUMMARY ***
Total pot $2 | Rake $0
Seat 4: AA_ILI (big blind) collected ($2)
Seat 5: FONBET_RULIT (button) (small blind) folded before Flop


PokerStars Hand #166754489739:  Hold'em Limit ($3/$6 USD) - 2017/02/25 12:04:27 ET
Table 'Ascanios II' 6-max Seat #5 is the button
Seat 4: AA_ILI ($339.58 in chips)
Seat 5: FONBET_RULIT ($115.16 in chips)
FONBET_RULIT: posts small blind $1
AA_ILI: posts big blind $3
*** HOLE CARDS ***
FONBET_RULIT: raises $3 to $6
AA_ILI: calls $3
*** FLOP *** [Ad 3h 7h]
AA_ILI: checks
FONBET_RULIT: bets $3
AA_ILI: raises $3 to $6
FONBET_RULIT: calls $3
*** TURN *** [Ad 3h 7h] [2h]
AA_ILI: bets $6
FONBET_RULIT: calls $6
*** RIVER *** [Ad 3h 7h 2h] [2s]
AA_ILI: checks
FONBET_RULIT: checks
*** SHOW DOWN ***
AA_ILI: shows [Ks Th] (a pair of Deuces)
FONBET_RULIT: shows [Jc Jh] (two pair, Jacks and Deuces)
FONBET_RULIT collected $35.50 from pot
*** SUMMARY ***
Total pot $36 | Rake $0.50
Board [Ad 3h 7h 2h 2s]
Seat 4: AA_ILI (big blind) showed [Ks Th] and lost with a pair of Deuces
Seat 5: FONBET_RULIT (button) (small blind) showed [Jc Jh] and won ($35.50) with two pair, Jacks and Deuces


PokerStars Hand #166754503901:  Hold'em Limit ($3/$6 USD) - 2017/02/25 12:04:44 ET
Table 'Ascanios II' 6-max Seat #4 is the button
Seat 4: AA_ILI ($321.58 in chips)
Seat 5: FONBET_RULIT ($132.66 in chips)
AA_ILI: posts small blind $1
FONBET_RULIT: posts big blind $3
*** HOLE CARDS ***
AA_ILI: calls $2
FONBET_RULIT: raises $3 to $6
AA_ILI: calls $3
*** FLOP *** [9s 3s Ac]
FONBET_RULIT: bets $3
AA_ILI: calls $3
*** TURN *** [9s 3s Ac] [6c]
FONBET_RULIT: bets $6
AA_ILI: calls $6
*** RIVER *** [9s 3s Ac 6c] [6d]
FONBET_RULIT: bets $6
AA_ILI: calls $6
*** SHOW DOWN ***
FONBET_RULIT: shows [Kc 6h] (three of a kind, Sixes)
AA_ILI: mucks hand
FONBET_RULIT collected $41.50 from pot
*** SUMMARY ***
Total pot $42 | Rake $0.50
Board [9s 3s Ac 6c 6d]
Seat 4: AA_ILI (button) (small blind) mucked
Seat 5: FONBET_RULIT (big blind) showed [Kc 6h] and won ($41.50) with three of a kind, Sixes


PokerStars Hand #166754549791:  Hold'em Limit ($3/$6 USD) - 2017/02/25 12:05:38 ET
Table 'Ascanios II' 6-max Seat #4 is the button
Seat 4: AA_ILI ($300.08 in chips)
Seat 5: FONBET_RULIT ($152.56 in chips)
AA_ILI: posts small blind $1
FONBET_RULIT: posts big blind $3
*** HOLE CARDS ***
AA_ILI: folds
Uncalled bet ($2) returned to FONBET_RULIT
FONBET_RULIT collected $2 from pot
FONBET_RULIT: doesn't show hand
*** SUMMARY ***
Total pot $2 | Rake $0
Seat 4: AA_ILI (button) (small blind) folded before Flop
Seat 5: FONBET_RULIT (big blind) collected ($2)


PokerStars Hand #166754539449:  Hold'em Limit ($3/$6 USD) - 2017/02/25 12:05:26 ET
Table 'Ascanios II' 6-max Seat #5 is the button
Seat 4: AA_ILI ($306.08 in chips)
Seat 5: FONBET_RULIT ($146.80 in chips)
FONBET_RULIT: posts small blind $1
AA_ILI: posts big blind $3
*** HOLE CARDS ***
FONBET_RULIT: raises $3 to $6
AA_ILI: calls $3
*** FLOP *** [8d 2h Jd]
AA_ILI: checks
FONBET_RULIT: bets $3
AA_ILI: folds
Uncalled bet ($3) returned to FONBET_RULIT
FONBET_RULIT collected $11.76 from pot
FONBET_RULIT: doesn't show hand
*** SUMMARY ***
Total pot $12 | Rake $0.24
Board [8d 2h Jd]
Seat 4: AA_ILI (big blind) folded on the Flop
Seat 5: FONBET_RULIT (button) (small blind) collected ($11.76)


PokerStars Hand #166754528529:  Hold'em Limit ($3/$6 USD) - 2017/02/25 12:05:12 ET
Table 'Ascanios II' 6-max Seat #4 is the button
Seat 4: AA_ILI ($315.08 in chips)
Seat 5: FONBET_RULIT ($138.16 in chips)
AA_ILI: posts small blind $1
FONBET_RULIT: posts big blind $3
*** HOLE CARDS ***
AA_ILI: raises $3 to $6
FONBET_RULIT: calls $3
*** FLOP *** [5d 8d 4d]
FONBET_RULIT: checks
AA_ILI: bets $3
FONBET_RULIT: calls $3
*** TURN *** [5d 8d 4d] [7c]
FONBET_RULIT: checks
AA_ILI: checks
*** RIVER *** [5d 8d 4d 7c] [8h]
FONBET_RULIT: checks
AA_ILI: checks
*** SHOW DOWN ***
FONBET_RULIT: shows [2s Ah] (a pair of Eights)
AA_ILI: mucks hand
FONBET_RULIT collected $17.64 from pot
*** SUMMARY ***
Total pot $18 | Rake $0.36
Board [5d 8d 4d 7c 8h]
Seat 4: AA_ILI (button) (small blind) mucked
Seat 5: FONBET_RULIT (big blind) showed [2s Ah] and won ($17.64) with a pair of Eights


PokerStars Hand #166754514043:  Hold'em Limit ($3/$6 USD) - 2017/02/25 12:04:56 ET
Table 'Ascanios II' 6-max Seat #5 is the button
Seat 4: AA_ILI ($300.58 in chips)
Seat 5: FONBET_RULIT ($153.16 in chips)
FONBET_RULIT: posts small blind $1
AA_ILI: posts big blind $3
*** HOLE CARDS ***
FONBET_RULIT: raises $3 to $6
AA_ILI: calls $3
*** FLOP *** [7h 7s 9d]
AA_ILI: checks
FONBET_RULIT: bets $3
AA_ILI: calls $3
*** TURN *** [7h 7s 9d] [6s]
AA_ILI: checks
FONBET_RULIT: checks
*** RIVER *** [7h 7s 9d 6s] [Kd]
AA_ILI: bets $6
FONBET_RULIT: calls $6
*** SHOW DOWN ***
AA_ILI: shows [5c 7d] (three of a kind, Sevens)
FONBET_RULIT: mucks hand
AA_ILI collected $29.50 from pot
*** SUMMARY ***
Total pot $30 | Rake $0.50
Board [7h 7s 9d 6s Kd]
Seat 4: AA_ILI (big blind) showed [5c 7d] and won ($29.50) with three of a kind, Sevens
Seat 5: FONBET_RULIT (button) (small blind) mucked


PokerStars Hand #166754554304:  Hold'em Limit ($3/$6 USD) - 2017/02/25 12:05:44 ET
Table 'Ascanios II' 6-max Seat #5 is the button
Seat 4: AA_ILI ($299.08 in chips)
Seat 5: FONBET_RULIT ($153.56 in chips)
FONBET_RULIT: posts small blind $1
AA_ILI: posts big blind $3
*** HOLE CARDS ***
FONBET_RULIT: raises $3 to $6
AA_ILI: calls $3
*** FLOP *** [3c 8s Jc]
AA_ILI: checks
FONBET_RULIT: bets $3
AA_ILI: folds
Uncalled bet ($3) returned to FONBET_RULIT
FONBET_RULIT collected $11.76 from pot
FONBET_RULIT: doesn't show hand
*** SUMMARY ***
Total pot $12 | Rake $0.24
Board [3c 8s Jc]
Seat 4: AA_ILI (big blind) folded on the Flop
Seat 5: FONBET_RULIT (button) (small blind) collected ($11.76)


PokerStars Hand #166754586259:  Hold'em Limit ($3/$6 USD) - 2017/02/25 12:06:22 ET
Table 'Ascanios II' 6-max Seat #4 is the button
Seat 4: AA_ILI ($272.08 in chips)
Seat 5: FONBET_RULIT ($179.48 in chips)
AA_ILI: posts small blind $1
FONBET_RULIT: posts big blind $3
*** HOLE CARDS ***
AA_ILI: raises $3 to $6
FONBET_RULIT: calls $3
*** FLOP *** [Ts Qh 7s]
FONBET_RULIT: checks
AA_ILI: bets $3
FONBET_RULIT: calls $3
*** TURN *** [Ts Qh 7s] [9h]
FONBET_RULIT: checks
AA_ILI: bets $6
FONBET_RULIT: calls $6
*** RIVER *** [Ts Qh 7s 9h] [5s]
FONBET_RULIT: checks
AA_ILI: bets $6
FONBET_RULIT: raises $6 to $12
AA_ILI: calls $6
*** SHOW DOWN ***
FONBET_RULIT: shows [7d 5c] (two pair, Sevens and Fives)
AA_ILI: shows [5d 7h] (two pair, Sevens and Fives)
FONBET_RULIT collected $26.75 from pot
AA_ILI collected $26.75 from pot
*** SUMMARY ***
Total pot $54 | Rake $0.50
Board [Ts Qh 7s 9h 5s]
Seat 4: AA_ILI (button) (small blind) showed [5d 7h] and won ($26.75) with two pair, Sevens and Fives
Seat 5: FONBET_RULIT (big blind) showed [7d 5c] and won ($26.75) with two pair, Sevens and Fives


PokerStars Hand #166754575635:  Hold'em Limit ($3/$6 USD) - 2017/02/25 12:06:09 ET
Table 'Ascanios II' 6-max Seat #5 is the button
Seat 4: AA_ILI ($281.08 in chips)
Seat 5: FONBET_RULIT ($170.84 in chips)
FONBET_RULIT: posts small blind $1
AA_ILI: posts big blind $3
*** HOLE CARDS ***
FONBET_RULIT: raises $3 to $6
AA_ILI: calls $3
*** FLOP *** [6c 4s Kh]
AA_ILI: checks
FONBET_RULIT: bets $3
AA_ILI: calls $3
*** TURN *** [6c 4s Kh] [7h]
AA_ILI: checks
FONBET_RULIT: bets $6
AA_ILI: folds
Uncalled bet ($6) returned to FONBET_RULIT
FONBET_RULIT collected $17.64 from pot
FONBET_RULIT: doesn't show hand
*** SUMMARY ***
Total pot $18 | Rake $0.36
Board [6c 4s Kh 7h]
Seat 4: AA_ILI (big blind) folded on the Turn
Seat 5: FONBET_RULIT (button) (small blind) collected ($17.64)


PokerStars Hand #166754562883:  Hold'em Limit ($3/$6 USD) - 2017/02/25 12:05:54 ET
Table 'Ascanios II' 6-max Seat #4 is the button
Seat 4: AA_ILI ($293.08 in chips)
Seat 5: FONBET_RULIT ($159.32 in chips)
AA_ILI: posts small blind $1
FONBET_RULIT: posts big blind $3
*** HOLE CARDS ***
AA_ILI: calls $2
FONBET_RULIT: checks
*** FLOP *** [Th 2d 4s]
FONBET_RULIT: bets $3
AA_ILI: calls $3
*** TURN *** [Th 2d 4s] [6s]
FONBET_RULIT: checks
AA_ILI: bets $6
FONBET_RULIT: calls $6
*** RIVER *** [Th 2d 4s 6s] [Ad]
FONBET_RULIT: checks
AA_ILI: checks
*** SHOW DOWN ***
FONBET_RULIT: shows [9h 2c] (a pair of Deuces)
AA_ILI: mucks hand
FONBET_RULIT collected $23.52 from pot
*** SUMMARY ***
Total pot $24 | Rake $0.48
Board [Th 2d 4s 6s Ad]
Seat 4: AA_ILI (button) (small blind) mucked
Seat 5: FONBET_RULIT (big blind) showed [9h 2c] and won ($23.52) with a pair of Deuces


PokerStars Hand #166754607167:  Hold'em Limit ($3/$6 USD) - 2017/02/25 12:06:47 ET
Table 'Ascanios II' 6-max Seat #4 is the button
Seat 4: AA_ILI ($268.83 in chips)
Seat 5: FONBET_RULIT ($182.23 in chips)
AA_ILI: posts small blind $1
FONBET_RULIT: posts big blind $3
*** HOLE CARDS ***
AA_ILI: raises $3 to $6
FONBET_RULIT: calls $3
*** FLOP *** [7s 8s Jc]
FONBET_RULIT: checks
AA_ILI: bets $3
FONBET_RULIT: folds
Uncalled bet ($3) returned to AA_ILI
AA_ILI collected $11.76 from pot
AA_ILI: doesn't show hand
*** SUMMARY ***
Total pot $12 | Rake $0.24
Board [7s 8s Jc]
Seat 4: AA_ILI (button) (small blind) collected ($11.76)
Seat 5: FONBET_RULIT (big blind) folded on the Flop


PokerStars Hand #166754601272:  Hold'em Limit ($3/$6 USD) - 2017/02/25 12:06:40 ET
Table 'Ascanios II' 6-max Seat #5 is the button
Seat 4: AA_ILI ($271.83 in chips)
Seat 5: FONBET_RULIT ($179.23 in chips)
FONBET_RULIT: posts small blind $1
AA_ILI: posts big blind $3
*** HOLE CARDS ***
FONBET_RULIT: raises $3 to $6
AA_ILI: folds
Uncalled bet ($3) returned to FONBET_RULIT
FONBET_RULIT collected $6 from pot
FONBET_RULIT: doesn't show hand
*** SUMMARY ***
Total pot $6 | Rake $0
Seat 4: AA_ILI (big blind) folded before Flop
Seat 5: FONBET_RULIT (button) (small blind) collected ($6)


PokerStars Hand #166754642398:  Hold'em Limit ($3/$6 USD) - 2017/02/25 12:07:29 ET
Table 'Ascanios II' 6-max Seat #5 is the button
Seat 4: AA_ILI ($289.09 in chips)
Seat 5: FONBET_RULIT ($161.23 in chips)
FONBET_RULIT: posts small blind $1
AA_ILI: posts big blind $3
*** HOLE CARDS ***
MATZZZZZ joins the table at seat #3
FONBET_RULIT: folds
Uncalled bet ($2) returned to AA_ILI
AA_ILI collected $2 from pot
AA_ILI: doesn't show hand
*** SUMMARY ***
Total pot $2 | Rake $0
Seat 4: AA_ILI (big blind) collected ($2)
Seat 5: FONBET_RULIT (button) (small blind) folded before Flop


PokerStars Hand #166754638773:  Hold'em Limit ($3/$6 USD) - 2017/02/25 12:07:25 ET
Table 'Ascanios II' 6-max Seat #4 is the button
Seat 4: AA_ILI ($290.09 in chips)
Seat 5: FONBET_RULIT ($160.23 in chips)
AA_ILI: posts small blind $1
FONBET_RULIT: posts big blind $3
*** HOLE CARDS ***
AA_ILI: folds
Uncalled bet ($2) returned to FONBET_RULIT
FONBET_RULIT collected $2 from pot
FONBET_RULIT: doesn't show hand
*** SUMMARY ***
Total pot $2 | Rake $0
Seat 4: AA_ILI (button) (small blind) folded before Flop
Seat 5: FONBET_RULIT (big blind) collected ($2)


PokerStars Hand #166754622833:  Hold'em Limit ($3/$6 USD) - 2017/02/25 12:07:06 ET
Table 'Ascanios II' 6-max Seat #4 is the button
Seat 4: AA_ILI ($271.59 in chips)
Seat 5: FONBET_RULIT ($179.23 in chips)
AA_ILI: posts small blind $1
FONBET_RULIT: posts big blind $3
*** HOLE CARDS ***
AA_ILI: raises $3 to $6
FONBET_RULIT: calls $3
*** FLOP *** [7s Kc Qc]
FONBET_RULIT: checks
AA_ILI: bets $3
FONBET_RULIT: raises $3 to $6
AA_ILI: calls $3
*** TURN *** [7s Kc Qc] [9d]
FONBET_RULIT: bets $6
AA_ILI: calls $6
*** RIVER *** [7s Kc Qc 9d] [8h]
FONBET_RULIT: checks
AA_ILI: checks
*** SHOW DOWN ***
FONBET_RULIT: shows [3h Js] (high card King)
AA_ILI: shows [9h Ac] (a pair of Nines)
AA_ILI collected $35.50 from pot
*** SUMMARY ***
Total pot $36 | Rake $0.50
Board [7s Kc Qc 9d 8h]
Seat 4: AA_ILI (button) (small blind) showed [9h Ac] and won ($35.50) with a pair of Nines
Seat 5: FONBET_RULIT (big blind) showed [3h Js] and lost with high card King


PokerStars Hand #166754614357:  Hold'em Limit ($3/$6 USD) - 2017/02/25 12:06:56 ET
Table 'Ascanios II' 6-max Seat #5 is the button
Seat 4: AA_ILI ($274.59 in chips)
Seat 5: FONBET_RULIT ($176.23 in chips)
FONBET_RULIT: posts small blind $1
AA_ILI: posts big blind $3
*** HOLE CARDS ***
FONBET_RULIT: raises $3 to $6
AA_ILI: folds
Uncalled bet ($3) returned to FONBET_RULIT
FONBET_RULIT collected $6 from pot
FONBET_RULIT: doesn't show hand
*** SUMMARY ***
Total pot $6 | Rake $0
Seat 4: AA_ILI (big blind) folded before Flop
Seat 5: FONBET_RULIT (button) (small blind) collected ($6)


PokerStars Hand #166754646488:  Hold'em Limit ($3/$6 USD) - 2017/02/25 12:07:34 ET
Table 'Ascanios II' 6-max Seat #4 is the button
Seat 4: AA_ILI ($290.09 in chips)
Seat 5: FONBET_RULIT ($160.23 in chips)
AA_ILI: posts small blind $1
FONBET_RULIT: posts big blind $3
*** HOLE CARDS ***
AA_ILI: raises $3 to $6
FONBET_RULIT: raises $3 to $9
AA_ILI: calls $3
*** FLOP *** [2d 3s Ah]
FONBET_RULIT: bets $3
AA_ILI: calls $3
*** TURN *** [2d 3s Ah] [3h]
FONBET_RULIT: checks
AA_ILI: bets $6
FONBET_RULIT: raises $6 to $12
AA_ILI: calls $6
*** RIVER *** [2d 3s Ah 3h] [5c]
FONBET_RULIT: bets $6
AA_ILI: calls $6
*** SHOW DOWN ***
FONBET_RULIT: shows [Ac Qs] (two pair, Aces and Threes)
AA_ILI: mucks hand
FONBET_RULIT collected $59.50 from pot
*** SUMMARY ***
Total pot $60 | Rake $0.50
Board [2d 3s Ah 3h 5c]
Seat 4: AA_ILI (button) (small blind) mucked
Seat 5: FONBET_RULIT (big blind) showed [Ac Qs] and won ($59.50) with two pair, Aces and Threes


PokerStars Hand #166756264903:  Hold'em Limit ($3/$6 USD) - 2017/02/25 12:39:12 ET
Table 'Ascanios II' 6-max Seat #5 is the button
Seat 3: MATZZZZZ ($87.66 in chips)
Seat 5: FONBET_RULIT ($256.43 in chips)
FONBET_RULIT: posts small blind $1
TbIP-TbIP 88: is sitting out
MATZZZZZ: posts big blind $3
*** HOLE CARDS ***
Chessnok joins the table at seat #4
FONBET_RULIT: raises $3 to $6
MATZZZZZ: folds
Uncalled bet ($3) returned to FONBET_RULIT
FONBET_RULIT collected $6 from pot
FONBET_RULIT: doesn't show hand
*** SUMMARY ***
Total pot $6 | Rake $0
Seat 3: MATZZZZZ (big blind) folded before Flop
Seat 5: FONBET_RULIT (button) (small blind) collected ($6)


PokerStars Hand #166763163727:  Hold'em Limit ($3/$6 USD) - 2017/02/25 14:48:10 ET
Table 'Ascanios II' 6-max Seat #3 is the button
Seat 3: bolbess ($19.24 in chips)
Seat 6: makimaki ($95.05 in chips)
bolbess: posts small blind $1
makimaki: posts big blind $3
*** HOLE CARDS ***
gordocpga leaves the table
bolbess: folds
Uncalled bet ($2) returned to makimaki
makimaki collected $2 from pot
makimaki: doesn't show hand
*** SUMMARY ***
Total pot $2 | Rake $0
Seat 3: bolbess (button) (small blind) folded before Flop
Seat 6: makimaki (big blind) collected ($2)


PokerStars Hand #166763168177:  Hold'em Limit ($3/$6 USD) - 2017/02/25 14:48:15 ET
Table 'Ascanios II' 6-max Seat #6 is the button
Seat 3: bolbess ($18.24 in chips)
Seat 6: makimaki ($96.05 in chips)
makimaki: posts small blind $1
bolbess: posts big blind $3
*** HOLE CARDS ***
makimaki: raises $3 to $6
Spriysugen leaves the table
bolbess: raises $3 to $9
makimaki: calls $3
*** FLOP *** [6s Qs Kc]
bolbess: bets $3
makimaki: calls $3
*** TURN *** [6s Qs Kc] [2c]
bolbess: bets $6
makimaki: calls $6
*** RIVER *** [6s Qs Kc 2c] [2s]
bolbess: bets $0.24 and is all-in
makimaki: calls $0.24
*** SHOW DOWN ***
bolbess: shows [Ah Qd] (two pair, Queens and Deuces)
makimaki: shows [4h Ad] (a pair of Deuces)
bolbess collected $35.98 from pot
*** SUMMARY ***
Total pot $36.48 | Rake $0.50
Board [6s Qs Kc 2c 2s]
Seat 3: bolbess (big blind) showed [Ah Qd] and won ($35.98) with two pair, Queens and Deuces
Seat 6: makimaki (button) (small blind) showed [4h Ad] and lost with a pair of Deuces


PokerStars Hand #166763187081:  Hold'em Limit ($3/$6 USD) - 2017/02/25 14:48:36 ET
Table 'Ascanios II' 6-max Seat #3 is the button
Seat 3: bolbess ($35.98 in chips)
Seat 6: makimaki ($77.81 in chips)
bolbess: posts small blind $1
makimaki: posts big blind $3
*** HOLE CARDS ***
bolbess: raises $3 to $6
makimaki: calls $3
*** FLOP *** [8s Ts Tc]
makimaki: checks
bolbess: bets $3
makimaki: raises $3 to $6
bolbess: calls $3
*** TURN *** [8s Ts Tc] [9c]
makimaki: bets $6
bolbess: folds
Uncalled bet ($6) returned to makimaki
makimaki collected $23.52 from pot
makimaki: doesn't show hand
*** SUMMARY ***
Total pot $24 | Rake $0.48
Board [8s Ts Tc 9c]
Seat 3: bolbess (button) (small blind) folded on the Turn
Seat 6: makimaki (big blind) collected ($23.52)


PokerStars Hand #166763199698:  Hold'em Limit ($3/$6 USD) - 2017/02/25 14:48:50 ET
Table 'Ascanios II' 6-max Seat #6 is the button
Seat 3: bolbess ($23.98 in chips)
Seat 6: makimaki ($89.33 in chips)
makimaki: posts small blind $1
bolbess: posts big blind $3
*** HOLE CARDS ***
makimaki: raises $3 to $6
bolbess: calls $3
*** FLOP *** [Kh 8c Jd]
bolbess: checks
makimaki: bets $3
bolbess: folds
Uncalled bet ($3) returned to makimaki
makimaki collected $11.76 from pot
makimaki: doesn't show hand
*** SUMMARY ***
Total pot $12 | Rake $0.24
Board [Kh 8c Jd]
Seat 3: bolbess (big blind) folded on the Flop
Seat 6: makimaki (button) (small blind) collected ($11.76)


PokerStars Hand #166763218324:  Hold'em Limit ($3/$6 USD) - 2017/02/25 14:49:10 ET
Table 'Ascanios II' 6-max Seat #6 is the button
Seat 3: bolbess ($16.98 in chips)
Seat 6: makimaki ($96.09 in chips)
makimaki: posts small blind $1
bolbess: posts big blind $3
*** HOLE CARDS ***
makimaki: raises $3 to $6
bolbess: folds
Uncalled bet ($3) returned to makimaki
makimaki collected $6 from pot
makimaki: doesn't show hand
*** SUMMARY ***
Total pot $6 | Rake $0
Seat 3: bolbess (big blind) folded before Flop
Seat 6: makimaki (button) (small blind) collected ($6)


PokerStars Hand #166763214061:  Hold'em Limit ($3/$6 USD) - 2017/02/25 14:49:06 ET
Table 'Ascanios II' 6-max Seat #3 is the button
Seat 3: bolbess ($17.98 in chips)
Seat 6: makimaki ($95.09 in chips)
bolbess: posts small blind $1
makimaki: posts big blind $3
*** HOLE CARDS ***
bolbess: folds
Uncalled bet ($2) returned to makimaki
makimaki collected $2 from pot
makimaki: doesn't show hand
*** SUMMARY ***
Total pot $2 | Rake $0
Seat 3: bolbess (button) (small blind) folded before Flop
Seat 6: makimaki (big blind) collected ($2)


PokerStars Hand #166763223987:  Hold'em Limit ($3/$6 USD) - 2017/02/25 14:49:17 ET
Table 'Ascanios II' 6-max Seat #3 is the button
Seat 3: bolbess ($13.98 in chips)
Seat 6: makimaki ($99.09 in chips)
bolbess: posts small blind $1
makimaki: posts big blind $3
*** HOLE CARDS ***
bolbess: raises $3 to $6
makimaki: calls $3
*** FLOP *** [Kh 5c 3h]
makimaki: checks
bolbess: bets $3
makimaki: calls $3
*** TURN *** [Kh 5c 3h] [5s]
makimaki: checks
bolbess: bets $4.98 and is all-in
makimaki: calls $4.98
*** RIVER *** [Kh 5c 3h 5s] [8h]
*** SHOW DOWN ***
makimaki: shows [4d 4s] (two pair, Fives and Fours)
bolbess: shows [7s As] (a pair of Fives)
makimaki collected $27.46 from pot
*** SUMMARY ***
Total pot $27.96 | Rake $0.50
Board [Kh 5c 3h 5s 8h]
Seat 3: bolbess (button) (small blind) showed [7s As] and lost with a pair of Fives
Seat 6: makimaki (big blind) showed [4d 4s] and won ($27.46) with two pair, Fives and Fours


PokerStars Hand #166763237604:  Hold'em Limit ($3/$6 USD) - 2017/02/25 14:49:32 ET
Table 'Ascanios II' 6-max Seat #6 is the button
Seat 1: AzureCaper ($72 in chips)
Seat 6: makimaki ($112.57 in chips)
makimaki: posts small blind $1
AzureCaper: posts big blind $3
bolbess leaves the table
*** HOLE CARDS ***
makimaki: folds
Uncalled bet ($2) returned to AzureCaper
AzureCaper collected $2 from pot
AzureCaper: doesn't show hand
*** SUMMARY ***
Total pot $2 | Rake $0
Seat 1: AzureCaper (big blind) collected ($2)
Seat 6: makimaki (button) (small blind) folded before Flop


