PokerStars Hand #164191748254:  Hold'em Limit ($3/$6 USD) - 2017/01/07 13:02:57 ET
Table 'Ascanios III' 6-max Seat #1 is the button
Seat 1: LifeisagameX ($84 in chips)
Seat 2: luxsheriff ($102.70 in chips)
LifeisagameX: posts small blind $1
luxsheriff: posts big blind $3
*** HOLE CARDS ***
LifeisagameX: raises $3 to $6
luxsheriff: folds
Uncalled bet ($3) returned to LifeisagameX
LifeisagameX collected $6 from pot
LifeisagameX: doesn't show hand
*** SUMMARY ***
Total pot $6 | Rake $0
Seat 1: LifeisagameX (button) (small blind) collected ($6)
Seat 2: luxsheriff (big blind) folded before Flop


PokerStars Hand #164191771747:  Hold'em Limit ($3/$6 USD) - 2017/01/07 13:03:21 ET
Table 'Ascanios III' 6-max Seat #2 is the button
Seat 1: LifeisagameX ($87 in chips)
Seat 2: luxsheriff ($99.70 in chips)
luxsheriff: posts small blind $1
LifeisagameX: posts big blind $3
*** HOLE CARDS ***
luxsheriff: raises $3 to $6
LifeisagameX: calls $3
*** FLOP *** [Ad 5h Ah]
LifeisagameX: checks
luxsheriff: bets $3
LifeisagameX: calls $3
*** TURN *** [Ad 5h Ah] [4h]
LifeisagameX: checks
luxsheriff: bets $6
LifeisagameX: folds
Uncalled bet ($6) returned to luxsheriff
luxsheriff collected $17.64 from pot
luxsheriff: doesn't show hand
*** SUMMARY ***
Total pot $18 | Rake $0.36
Board [Ad 5h Ah 4h]
Seat 1: LifeisagameX (big blind) folded on the Turn
Seat 2: luxsheriff (button) (small blind) collected ($17.64)


PokerStars Hand #164191823700:  Hold'em Limit ($3/$6 USD) - 2017/01/07 13:04:12 ET
Table 'Ascanios III' 6-max Seat #2 is the button
Seat 1: LifeisagameX ($92.64 in chips)
Seat 2: luxsheriff ($99.34 in chips)
luxsheriff: posts small blind $1
LifeisagameX: posts big blind $3
*** HOLE CARDS ***
luxsheriff: folds
Uncalled bet ($2) returned to LifeisagameX
LifeisagameX collected $2 from pot
LifeisagameX: doesn't show hand
*** SUMMARY ***
Total pot $2 | Rake $0
Seat 1: LifeisagameX (big blind) collected ($2)
Seat 2: luxsheriff (button) (small blind) folded before Flop


PokerStars Hand #164191802602:  Hold'em Limit ($3/$6 USD) - 2017/01/07 13:03:50 ET
Table 'Ascanios III' 6-max Seat #1 is the button
Seat 1: LifeisagameX ($84 in chips)
Seat 2: luxsheriff ($108.34 in chips)
LifeisagameX: posts small blind $1
luxsheriff: posts big blind $3
*** HOLE CARDS ***
LifeisagameX: raises $3 to $6
luxsheriff: calls $3
*** FLOP *** [4c 8d As]
luxsheriff: checks
LifeisagameX: bets $3
luxsheriff: calls $3
*** TURN *** [4c 8d As] [Kd]
luxsheriff: checks
LifeisagameX: bets $6
luxsheriff: folds
Uncalled bet ($6) returned to LifeisagameX
LifeisagameX collected $17.64 from pot
LifeisagameX: doesn't show hand
*** SUMMARY ***
Total pot $18 | Rake $0.36
Board [4c 8d As Kd]
Seat 1: LifeisagameX (button) (small blind) collected ($17.64)
Seat 2: luxsheriff (big blind) folded on the Turn


PokerStars Hand #164191830177:  Hold'em Limit ($3/$6 USD) - 2017/01/07 13:04:18 ET
Table 'Ascanios III' 6-max Seat #1 is the button
Seat 1: LifeisagameX ($93.64 in chips)
Seat 2: luxsheriff ($98.34 in chips)
LifeisagameX: posts small blind $1
luxsheriff: posts big blind $3
*** HOLE CARDS ***
LifeisagameX: raises $3 to $6
luxsheriff: calls $3
*** FLOP *** [Ts 6h 8d]
luxsheriff: checks
LifeisagameX: bets $3
luxsheriff: calls $3
*** TURN *** [Ts 6h 8d] [3c]
luxsheriff: checks
LifeisagameX: bets $6
luxsheriff: calls $6
*** RIVER *** [Ts 6h 8d 3c] [3d]
luxsheriff: checks
LifeisagameX: bets $6
luxsheriff: calls $6
*** SHOW DOWN ***
LifeisagameX: shows [Tc 2d] (two pair, Tens and Threes)
luxsheriff: mucks hand
LifeisagameX collected $41.50 from pot
*** SUMMARY ***
Total pot $42 | Rake $0.50
Board [Ts 6h 8d 3c 3d]
Seat 1: LifeisagameX (button) (small blind) showed [Tc 2d] and won ($41.50) with two pair, Tens and Threes
Seat 2: luxsheriff (big blind) mucked


PokerStars Hand #164191860606:  Hold'em Limit ($3/$6 USD) - 2017/01/07 13:04:49 ET
Table 'Ascanios III' 6-max Seat #2 is the button
Seat 1: LifeisagameX ($114.14 in chips)
Seat 2: luxsheriff ($77.34 in chips)
luxsheriff: posts small blind $1
LifeisagameX: posts big blind $3
*** HOLE CARDS ***
luxsheriff: raises $3 to $6
LifeisagameX: raises $3 to $9
luxsheriff: calls $3
*** FLOP *** [4c Qs 9s]
LifeisagameX: bets $3
luxsheriff: calls $3
*** TURN *** [4c Qs 9s] [2s]
LifeisagameX: checks
luxsheriff: bets $6
LifeisagameX: folds
Uncalled bet ($6) returned to luxsheriff
luxsheriff collected $23.52 from pot
luxsheriff: doesn't show hand
*** SUMMARY ***
Total pot $24 | Rake $0.48
Board [4c Qs 9s 2s]
Seat 1: LifeisagameX (big blind) folded on the Turn
Seat 2: luxsheriff (button) (small blind) collected ($23.52)


PokerStars Hand #164191904166:  Hold'em Limit ($3/$6 USD) - 2017/01/07 13:05:30 ET
Table 'Ascanios III' 6-max Seat #1 is the button
Seat 1: LifeisagameX ($102.14 in chips)
Seat 2: luxsheriff ($88.86 in chips)
LifeisagameX: posts small blind $1
luxsheriff: posts big blind $3
*** HOLE CARDS ***
LifeisagameX: raises $3 to $6
luxsheriff: calls $3
*** FLOP *** [As 8h 6c]
luxsheriff: checks
LifeisagameX: checks
*** TURN *** [As 8h 6c] [4c]
luxsheriff: bets $6
LifeisagameX: calls $6
*** RIVER *** [As 8h 6c 4c] [Qc]
luxsheriff: bets $6
LifeisagameX: calls $6
*** SHOW DOWN ***
luxsheriff: shows [5c 5h] (a pair of Fives)
LifeisagameX: shows [Js 6h] (a pair of Sixes)
LifeisagameX collected $35.50 from pot
*** SUMMARY ***
Total pot $36 | Rake $0.50
Board [As 8h 6c 4c Qc]
Seat 1: LifeisagameX (button) (small blind) showed [Js 6h] and won ($35.50) with a pair of Sixes
Seat 2: luxsheriff (big blind) showed [5c 5h] and lost with a pair of Fives


PokerStars Hand #164191937284:  Hold'em Limit ($3/$6 USD) - 2017/01/07 13:06:02 ET
Table 'Ascanios III' 6-max Seat #2 is the button
Seat 1: LifeisagameX ($119.64 in chips)
Seat 2: luxsheriff ($70.86 in chips)
luxsheriff: posts small blind $1
LifeisagameX: posts big blind $3
*** HOLE CARDS ***
luxsheriff: raises $3 to $6
LifeisagameX: calls $3
*** FLOP *** [6s 2s Ad]
LifeisagameX: checks
luxsheriff: bets $3
LifeisagameX: raises $3 to $6
luxsheriff: calls $3
*** TURN *** [6s 2s Ad] [7d]
LifeisagameX: bets $6
luxsheriff: calls $6
*** RIVER *** [6s 2s Ad 7d] [Kh]
LifeisagameX: bets $6
luxsheriff: folds
Uncalled bet ($6) returned to LifeisagameX
LifeisagameX collected $35.50 from pot
LifeisagameX: doesn't show hand
*** SUMMARY ***
Total pot $36 | Rake $0.50
Board [6s 2s Ad 7d Kh]
Seat 1: LifeisagameX (big blind) collected ($35.50)
Seat 2: luxsheriff (button) (small blind) folded on the River


PokerStars Hand #164191976378:  Hold'em Limit ($3/$6 USD) - 2017/01/07 13:06:40 ET
Table 'Ascanios III' 6-max Seat #1 is the button
Seat 1: LifeisagameX ($137.14 in chips)
Seat 2: luxsheriff ($52.86 in chips)
LifeisagameX: posts small blind $1
luxsheriff: posts big blind $3
*** HOLE CARDS ***
Jappe joins the table at seat #5
LifeisagameX: raises $3 to $6
LuckyScal joins the table at seat #3
luxsheriff: calls $3
*** FLOP *** [Ah 8c 5s]
luxsheriff: checks
LifeisagameX: bets $3
luxsheriff: calls $3
*** TURN *** [Ah 8c 5s] [9s]
luxsheriff: checks
LifeisagameX: checks
*** RIVER *** [Ah 8c 5s 9s] [5c]
luxsheriff: checks
LifeisagameX: checks
*** SHOW DOWN ***
luxsheriff: shows [Kc 2h] (a pair of Fives)
LifeisagameX: mucks hand
luxsheriff collected $17.64 from pot
*** SUMMARY ***
Total pot $18 | Rake $0.36
Board [Ah 8c 5s 9s 5c]
Seat 1: LifeisagameX (button) (small blind) mucked
Seat 2: luxsheriff (big blind) showed [Kc 2h] and won ($17.64) with a pair of Fives


PokerStars Hand #164193647360:  Hold'em Limit ($3/$6 USD) - 2017/01/07 13:33:46 ET
Table 'Ascanios III' 6-max Seat #3 is the button
Seat 3: LuckyScal ($137.37 in chips)
Seat 5: Jappe ($126.56 in chips)
LuckyScal: posts small blind $1
LordBorzi II: is sitting out
Jappe: posts big blind $3
*** HOLE CARDS ***
LordBorzi II said, "whoho"
LuckyScal: raises $3 to $6
Jappe: folds
Uncalled bet ($3) returned to LuckyScal
LuckyScal collected $6 from pot
LuckyScal: doesn't show hand
*** SUMMARY ***
Total pot $6 | Rake $0
Seat 3: LuckyScal (button) (small blind) collected ($6)
Seat 5: Jappe (big blind) folded before Flop


PokerStars Hand #164205277859:  Hold'em Limit ($3/$6 USD) - 2017/01/07 16:51:55 ET
Table 'Ascanios III' 6-max Seat #3 is the button
Seat 2: Cuxy ($72.97 in chips)
Seat 3: Krazy90 ($282.60 in chips)
Krazy90: posts small blind $1
KolliMong: is sitting out
Cuxy: posts big blind $3
*** HOLE CARDS ***
Krazy90: raises $3 to $6
KolliMong leaves the table
Cuxy: calls $3
*** FLOP *** [5h 9s 6d]
Cuxy: checks
Krazy90: bets $3
Cuxy: calls $3
*** TURN *** [5h 9s 6d] [7s]
Cuxy: checks
Krazy90: bets $6
Cuxy: raises $6 to $12
Krazy90: calls $6
*** RIVER *** [5h 9s 6d 7s] [Td]
Cuxy: bets $6
Krazy90: calls $6
*** SHOW DOWN ***
Cuxy: shows [8d 5s] (a straight, Six to Ten)
Krazy90: mucks hand
Cuxy collected $53.50 from pot
*** SUMMARY ***
Total pot $54 | Rake $0.50
Board [5h 9s 6d 7s Td]
Seat 2: Cuxy (big blind) showed [8d 5s] and won ($53.50) with a straight, Six to Ten
Seat 3: Krazy90 (button) (small blind) mucked


PokerStars Hand #164205327871:  Hold'em Limit ($3/$6 USD) - 2017/01/07 16:52:42 ET
Table 'Ascanios III' 6-max Seat #3 is the button
Seat 2: Cuxy ($98.47 in chips)
Seat 3: Krazy90 ($256.60 in chips)
Krazy90: posts small blind $1
Cuxy: posts big blind $3
*** HOLE CARDS ***
Krazy90: raises $3 to $6
Cuxy: calls $3
*** FLOP *** [7c 9c Tc]
jagnaras joins the table at seat #6
Cuxy: checks
Krazy90: bets $3
laubes04 joins the table at seat #4
Cuxy: calls $3
*** TURN *** [7c 9c Tc] [Ac]
Cuxy: checks
Krazy90: bets $6
Cuxy: calls $6
*** RIVER *** [7c 9c Tc Ac] [8c]
lanford joins the table at seat #1
Cuxy: bets $6
Krazy90: calls $6
*** SHOW DOWN ***
Cuxy: shows [5c Qc] (a flush, Ace high)
Krazy90: mucks hand
Cuxy collected $41.50 from pot
*** SUMMARY ***
Total pot $42 | Rake $0.50
Board [7c 9c Tc Ac 8c]
Seat 2: Cuxy (big blind) showed [5c Qc] and won ($41.50) with a flush, Ace high
Seat 3: Krazy90 (button) (small blind) mucked


PokerStars Hand #164205320179:  Hold'em Limit ($3/$6 USD) - 2017/01/07 16:52:35 ET
Table 'Ascanios III' 6-max Seat #2 is the button
Seat 2: Cuxy ($99.47 in chips)
Seat 3: Krazy90 ($255.60 in chips)
Cuxy: posts small blind $1
Krazy90: posts big blind $3
*** HOLE CARDS ***
Cuxy: folds
Uncalled bet ($2) returned to Krazy90
Krazy90 collected $2 from pot
Krazy90: doesn't show hand
*** SUMMARY ***
Total pot $2 | Rake $0
Seat 2: Cuxy (button) (small blind) folded before Flop
Seat 3: Krazy90 (big blind) collected ($2)


PokerStars Hand #164205358427:  Hold'em Limit ($3/$6 USD) - 2017/01/07 16:53:11 ET
Table 'Ascanios III' 6-max Seat #2 is the button
Seat 2: Cuxy ($118.97 in chips)
Seat 3: Krazy90 ($235.60 in chips)
Cuxy: posts small blind $1
Krazy90: posts big blind $3
*** HOLE CARDS ***
Cuxy: raises $3 to $6
Krazy90: calls $3
*** FLOP *** [Ts Jh 9h]
Krazy90: checks
Cuxy: bets $3
Krazy90: folds
Uncalled bet ($3) returned to Cuxy
Cuxy collected $11.76 from pot
Cuxy: doesn't show hand
*** SUMMARY ***
Total pot $12 | Rake $0.24
Board [Ts Jh 9h]
Seat 2: Cuxy (button) (small blind) collected ($11.76)
Seat 3: Krazy90 (big blind) folded on the Flop


