PokerStars Hand #164377960783:  Hold'em Limit ($3/$6 USD) - 2017/01/10 19:22:56 ET
Table 'Ascanios' 6-max Seat #3 is the button
Seat 1: Chessnok ($119 in chips)
Seat 3: Eklund_1891 ($121 in chips)
Eklund_1891: posts small blind $1
Chessnok: posts big blind $3
*** HOLE CARDS ***
Eklund_1891: raises $3 to $6
Chessnok: raises $3 to $9
Eklund_1891: calls $3
*** FLOP *** [3s 7d 5c]
Chessnok: bets $3
Eklund_1891: calls $3
*** TURN *** [3s 7d 5c] [Th]
Chessnok: checks
Eklund_1891: checks
*** RIVER *** [3s 7d 5c Th] [Td]
Chessnok: checks
Eklund_1891: checks
*** SHOW DOWN ***
Chessnok: shows [9c Ac] (a pair of Tens)
Eklund_1891: mucks hand
Chessnok collected $23.52 from pot
*** SUMMARY ***
Total pot $24 | Rake $0.48
Board [3s 7d 5c Th Td]
Seat 1: Chessnok (big blind) showed [9c Ac] and won ($23.52) with a pair of Tens
Seat 3: Eklund_1891 (button) (small blind) mucked


PokerStars Hand #164377956476:  Hold'em Limit ($3/$6 USD) - 2017/01/10 19:22:50 ET
Table 'Ascanios' 6-max Seat #1 is the button
Seat 1: Chessnok ($120 in chips)
Seat 3: Eklund_1891 ($120 in chips)
Chessnok: posts small blind $1
Eklund_1891: posts big blind $3
*** HOLE CARDS ***
Chessnok: folds
Uncalled bet ($2) returned to Eklund_1891
Eklund_1891 collected $2 from pot
Eklund_1891: doesn't show hand
*** SUMMARY ***
Total pot $2 | Rake $0
Seat 1: Chessnok (button) (small blind) folded before Flop
Seat 3: Eklund_1891 (big blind) collected ($2)


PokerStars Hand #164377953209:  Hold'em Limit ($3/$6 USD) - 2017/01/10 19:22:45 ET
Table 'Ascanios' 6-max Seat #3 is the button
Seat 1: Chessnok ($119 in chips)
Seat 3: Eklund_1891 ($121 in chips)
Eklund_1891: posts small blind $1
Chessnok: posts big blind $3
*** HOLE CARDS ***
Eklund_1891: folds
Uncalled bet ($2) returned to Chessnok
Chessnok collected $2 from pot
Chessnok: doesn't show hand
*** SUMMARY ***
Total pot $2 | Rake $0
Seat 1: Chessnok (big blind) collected ($2)
Seat 3: Eklund_1891 (button) (small blind) folded before Flop


PokerStars Hand #164377944615:  Hold'em Limit ($3/$6 USD) - 2017/01/10 19:22:32 ET
Table 'Ascanios' 6-max Seat #1 is the button
Seat 1: Chessnok ($120 in chips)
Seat 3: Eklund_1891 ($120 in chips)
Chessnok: posts small blind $1
Eklund_1891: posts big blind $3
*** HOLE CARDS ***
Chessnok: folds
Uncalled bet ($2) returned to Eklund_1891
Eklund_1891 collected $2 from pot
Eklund_1891: doesn't show hand
*** SUMMARY ***
Total pot $2 | Rake $0
Seat 1: Chessnok (button) (small blind) folded before Flop
Seat 3: Eklund_1891 (big blind) collected ($2)


PokerStars Hand #164377973143:  Hold'em Limit ($3/$6 USD) - 2017/01/10 19:23:14 ET
Table 'Ascanios' 6-max Seat #1 is the button
Seat 1: Chessnok ($130.52 in chips)
Seat 3: Eklund_1891 ($109 in chips)
Chessnok: posts small blind $1
Eklund_1891: posts big blind $3
*** HOLE CARDS ***
Chessnok: raises $3 to $6
Eklund_1891: raises $3 to $9
Chessnok: calls $3
*** FLOP *** [7c 6d Jc]
Eklund_1891: bets $3
Chessnok: calls $3
*** TURN *** [7c 6d Jc] [6c]
Eklund_1891: bets $6
Chessnok: raises $6 to $12
Eklund_1891: calls $6
*** RIVER *** [7c 6d Jc 6c] [4d]
Eklund_1891: checks
Chessnok: bets $6
Eklund_1891: calls $6
*** SHOW DOWN ***
Chessnok: shows [6h 5h] (three of a kind, Sixes)
Eklund_1891: mucks hand
Chessnok collected $59.50 from pot
*** SUMMARY ***
Total pot $60 | Rake $0.50
Board [7c 6d Jc 6c 4d]
Seat 1: Chessnok (button) (small blind) showed [6h 5h] and won ($59.50) with three of a kind, Sixes
Seat 3: Eklund_1891 (big blind) mucked


PokerStars Hand #164377995434:  Hold'em Limit ($3/$6 USD) - 2017/01/10 19:23:45 ET
Table 'Ascanios' 6-max Seat #1 is the button
Seat 1: Chessnok ($154.02 in chips)
Seat 3: Eklund_1891 ($84.76 in chips)
Chessnok: posts small blind $1
Eklund_1891: posts big blind $3
*** HOLE CARDS ***
Chessnok: folds
Uncalled bet ($2) returned to Eklund_1891
Eklund_1891 collected $2 from pot
Eklund_1891: doesn't show hand
*** SUMMARY ***
Total pot $2 | Rake $0
Seat 1: Chessnok (button) (small blind) folded before Flop
Seat 3: Eklund_1891 (big blind) collected ($2)


PokerStars Hand #164377986830:  Hold'em Limit ($3/$6 USD) - 2017/01/10 19:23:33 ET
Table 'Ascanios' 6-max Seat #3 is the button
Seat 1: Chessnok ($160.02 in chips)
Seat 3: Eklund_1891 ($79 in chips)
Eklund_1891: posts small blind $1
Chessnok: posts big blind $3
*** HOLE CARDS ***
Eklund_1891: raises $3 to $6
Chessnok: calls $3
*** FLOP *** [Qc Kc 6d]
Chessnok: checks
Eklund_1891: bets $3
Chessnok: folds
Uncalled bet ($3) returned to Eklund_1891
Eklund_1891 collected $11.76 from pot
Eklund_1891: doesn't show hand
*** SUMMARY ***
Total pot $12 | Rake $0.24
Board [Qc Kc 6d]
Seat 1: Chessnok (big blind) folded on the Flop
Seat 3: Eklund_1891 (button) (small blind) collected ($11.76)


PokerStars Hand #164377998861:  Hold'em Limit ($3/$6 USD) - 2017/01/10 19:23:50 ET
Table 'Ascanios' 6-max Seat #3 is the button
Seat 1: Chessnok ($153.02 in chips)
Seat 3: Eklund_1891 ($85.76 in chips)
Eklund_1891: posts small blind $1
Chessnok: posts big blind $3
*** HOLE CARDS ***
Eklund_1891: folds
Uncalled bet ($2) returned to Chessnok
Chessnok collected $2 from pot
Chessnok: doesn't show hand
*** SUMMARY ***
Total pot $2 | Rake $0
Seat 1: Chessnok (big blind) collected ($2)
Seat 3: Eklund_1891 (button) (small blind) folded before Flop


PokerStars Hand #164378002703:  Hold'em Limit ($3/$6 USD) - 2017/01/10 19:23:56 ET
Table 'Ascanios' 6-max Seat #1 is the button
Seat 1: Chessnok ($154.02 in chips)
Seat 3: Eklund_1891 ($84.76 in chips)
Chessnok: posts small blind $1
Eklund_1891: posts big blind $3
*** HOLE CARDS ***
Chessnok: raises $3 to $6
Eklund_1891: raises $3 to $9
Chessnok: calls $3
*** FLOP *** [9s 4c Ts]
Eklund_1891: bets $3
Chessnok: raises $3 to $6
Eklund_1891: calls $3
*** TURN *** [9s 4c Ts] [5h]
Eklund_1891: checks
Chessnok: bets $6
Eklund_1891: calls $6
*** RIVER *** [9s 4c Ts 5h] [2d]
Eklund_1891: checks
Chessnok: bets $6
Eklund_1891: calls $6
*** SHOW DOWN ***
Chessnok: shows [Jd Jh] (a pair of Jacks)
Eklund_1891: mucks hand
Chessnok collected $53.50 from pot
*** SUMMARY ***
Total pot $54 | Rake $0.50
Board [9s 4c Ts 5h 2d]
Seat 1: Chessnok (button) (small blind) showed [Jd Jh] and won ($53.50) with a pair of Jacks
Seat 3: Eklund_1891 (big blind) mucked


PokerStars Hand #164378031049:  Hold'em Limit ($3/$6 USD) - 2017/01/10 19:24:37 ET
Table 'Ascanios' 6-max Seat #1 is the button
Seat 1: Chessnok ($165.52 in chips)
Seat 3: Eklund_1891 ($72.26 in chips)
Chessnok: posts small blind $1
Eklund_1891: posts big blind $3
*** HOLE CARDS ***
Chessnok: folds
Uncalled bet ($2) returned to Eklund_1891
Eklund_1891 collected $2 from pot
Eklund_1891: doesn't show hand
*** SUMMARY ***
Total pot $2 | Rake $0
Seat 1: Chessnok (button) (small blind) folded before Flop
Seat 3: Eklund_1891 (big blind) collected ($2)


PokerStars Hand #164378017005:  Hold'em Limit ($3/$6 USD) - 2017/01/10 19:24:17 ET
Table 'Ascanios' 6-max Seat #3 is the button
Seat 1: Chessnok ($180.52 in chips)
Seat 3: Eklund_1891 ($57.76 in chips)
Eklund_1891: posts small blind $1
Chessnok: posts big blind $3
*** HOLE CARDS ***
Eklund_1891: raises $3 to $6
Chessnok: calls $3
*** FLOP *** [8d 7d 4h]
Chessnok: checks
Eklund_1891: bets $3
Chessnok: calls $3
*** TURN *** [8d 7d 4h] [9c]
Chessnok: checks
Eklund_1891: bets $6
Chessnok: calls $6
*** RIVER *** [8d 7d 4h 9c] [Qc]
Chessnok: checks
Eklund_1891: checks
*** SHOW DOWN ***
Chessnok: shows [6s 3s] (high card Queen)
Eklund_1891: shows [7s Th] (a pair of Sevens)
Eklund_1891 collected $29.50 from pot
*** SUMMARY ***
Total pot $30 | Rake $0.50
Board [8d 7d 4h 9c Qc]
Seat 1: Chessnok (big blind) showed [6s 3s] and lost with high card Queen
Seat 3: Eklund_1891 (button) (small blind) showed [7s Th] and won ($29.50) with a pair of Sevens


PokerStars Hand #164378044380:  Hold'em Limit ($3/$6 USD) - 2017/01/10 19:24:56 ET
Table 'Ascanios' 6-max Seat #1 is the button
Seat 1: Chessnok ($146.52 in chips)
Seat 3: Eklund_1891 ($90.76 in chips)
Chessnok: posts small blind $1
Eklund_1891: posts big blind $3
*** HOLE CARDS ***
Chessnok: folds
Uncalled bet ($2) returned to Eklund_1891
Eklund_1891 collected $2 from pot
Eklund_1891: doesn't show hand
*** SUMMARY ***
Total pot $2 | Rake $0
Seat 1: Chessnok (button) (small blind) folded before Flop
Seat 3: Eklund_1891 (big blind) collected ($2)


PokerStars Hand #164378033836:  Hold'em Limit ($3/$6 USD) - 2017/01/10 19:24:41 ET
Table 'Ascanios' 6-max Seat #3 is the button
Seat 1: Chessnok ($164.52 in chips)
Seat 3: Eklund_1891 ($73.26 in chips)
Eklund_1891: posts small blind $1
Chessnok: posts big blind $3
*** HOLE CARDS ***
Eklund_1891: raises $3 to $6
Chessnok: calls $3
*** FLOP *** [Qc Ks 5h]
Chessnok: checks
Eklund_1891: checks
*** TURN *** [Qc Ks 5h] [Th]
Chessnok: bets $6
Eklund_1891: calls $6
*** RIVER *** [Qc Ks 5h Th] [Ts]
Chessnok: bets $6
Eklund_1891: calls $6
*** SHOW DOWN ***
Chessnok: shows [7c Jd] (a pair of Tens)
Eklund_1891: shows [8d As] (a pair of Tens - Ace kicker)
Eklund_1891 collected $35.50 from pot
*** SUMMARY ***
Total pot $36 | Rake $0.50
Board [Qc Ks 5h Th Ts]
Seat 1: Chessnok (big blind) showed [7c Jd] and lost with a pair of Tens
Seat 3: Eklund_1891 (button) (small blind) showed [8d As] and won ($35.50) with a pair of Tens


PokerStars Hand #164378047234:  Hold'em Limit ($3/$6 USD) - 2017/01/10 19:25:00 ET
Table 'Ascanios' 6-max Seat #3 is the button
Seat 1: Chessnok ($145.52 in chips)
Seat 3: Eklund_1891 ($91.76 in chips)
Eklund_1891: posts small blind $1
Chessnok: posts big blind $3
*** HOLE CARDS ***
Eklund_1891: raises $3 to $6
Chessnok: folds
Uncalled bet ($3) returned to Eklund_1891
Eklund_1891 collected $6 from pot
Eklund_1891: doesn't show hand
*** SUMMARY ***
Total pot $6 | Rake $0
Seat 1: Chessnok (big blind) folded before Flop
Seat 3: Eklund_1891 (button) (small blind) collected ($6)


PokerStars Hand #164378067813:  Hold'em Limit ($3/$6 USD) - 2017/01/10 19:25:30 ET
Table 'Ascanios' 6-max Seat #1 is the button
Seat 1: Chessnok ($125.52 in chips)
Seat 3: Eklund_1891 ($111.26 in chips)
Chessnok: posts small blind $1
Eklund_1891: posts big blind $3
*** HOLE CARDS ***
Chessnok: folds
Uncalled bet ($2) returned to Eklund_1891
Eklund_1891 collected $2 from pot
Eklund_1891: doesn't show hand
*** SUMMARY ***
Total pot $2 | Rake $0
Seat 1: Chessnok (button) (small blind) folded before Flop
Seat 3: Eklund_1891 (big blind) collected ($2)


PokerStars Hand #164378085046:  Hold'em Limit ($3/$6 USD) - 2017/01/10 19:25:55 ET
Table 'Ascanios' 6-max Seat #1 is the button
Seat 1: Chessnok ($109.52 in chips)
Seat 3: Eklund_1891 ($126.76 in chips)
Chessnok: posts small blind $1
Eklund_1891: posts big blind $3
*** HOLE CARDS ***
Chessnok: folds
Uncalled bet ($2) returned to Eklund_1891
Eklund_1891 collected $2 from pot
Eklund_1891: doesn't show hand
*** SUMMARY ***
Total pot $2 | Rake $0
Seat 1: Chessnok (button) (small blind) folded before Flop
Seat 3: Eklund_1891 (big blind) collected ($2)


PokerStars Hand #164378070649:  Hold'em Limit ($3/$6 USD) - 2017/01/10 19:25:34 ET
Table 'Ascanios' 6-max Seat #3 is the button
Seat 1: Chessnok ($124.52 in chips)
Seat 3: Eklund_1891 ($112.26 in chips)
Eklund_1891: posts small blind $1
Chessnok: posts big blind $3
*** HOLE CARDS ***
Eklund_1891: raises $3 to $6
Chessnok: calls $3
*** FLOP *** [Ts 8c 8d]
Chessnok: checks
Eklund_1891: bets $3
Chessnok: calls $3
*** TURN *** [Ts 8c 8d] [2d]
Chessnok: checks
Eklund_1891: checks
*** RIVER *** [Ts 8c 8d 2d] [Ah]
Chessnok: checks
Eklund_1891: bets $6
Chessnok: calls $6
*** SHOW DOWN ***
Eklund_1891: shows [Ad Qc] (two pair, Aces and Eights)
Chessnok: mucks hand
Eklund_1891 collected $29.50 from pot
*** SUMMARY ***
Total pot $30 | Rake $0.50
Board [Ts 8c 8d 2d Ah]
Seat 1: Chessnok (big blind) mucked
Seat 3: Eklund_1891 (button) (small blind) showed [Ad Qc] and won ($29.50) with two pair, Aces and Eights


PokerStars Hand #164378064399:  Hold'em Limit ($3/$6 USD) - 2017/01/10 19:25:25 ET
Table 'Ascanios' 6-max Seat #3 is the button
Seat 1: Chessnok ($124.52 in chips)
Seat 3: Eklund_1891 ($112.26 in chips)
Eklund_1891: posts small blind $1
Chessnok: posts big blind $3
*** HOLE CARDS ***
Eklund_1891: folds
Uncalled bet ($2) returned to Chessnok
Chessnok collected $2 from pot
Chessnok: doesn't show hand
*** SUMMARY ***
Total pot $2 | Rake $0
Seat 1: Chessnok (big blind) collected ($2)
Seat 3: Eklund_1891 (button) (small blind) folded before Flop


PokerStars Hand #164378052762:  Hold'em Limit ($3/$6 USD) - 2017/01/10 19:25:08 ET
Table 'Ascanios' 6-max Seat #1 is the button
Seat 1: Chessnok ($142.52 in chips)
Seat 3: Eklund_1891 ($94.76 in chips)
Chessnok: posts small blind $1
Eklund_1891: posts big blind $3
*** HOLE CARDS ***
Chessnok: raises $3 to $6
Eklund_1891: calls $3
*** FLOP *** [4c Ts 4d]
Eklund_1891: checks
Chessnok: bets $3
Eklund_1891: raises $3 to $6
Chessnok: calls $3
*** TURN *** [4c Ts 4d] [6s]
Eklund_1891: bets $6
Chessnok: calls $6
*** RIVER *** [4c Ts 4d 6s] [2c]
Eklund_1891: bets $6
Chessnok: folds
Uncalled bet ($6) returned to Eklund_1891
Eklund_1891 collected $35.50 from pot
Eklund_1891: doesn't show hand
*** SUMMARY ***
Total pot $36 | Rake $0.50
Board [4c Ts 4d 6s 2c]
Seat 1: Chessnok (button) (small blind) folded on the River
Seat 3: Eklund_1891 (big blind) collected ($35.50)


PokerStars Hand #164378088220:  Hold'em Limit ($3/$6 USD) - 2017/01/10 19:26:00 ET
Table 'Ascanios' 6-max Seat #3 is the button
Seat 1: Chessnok ($108.52 in chips)
Seat 3: Eklund_1891 ($127.76 in chips)
Eklund_1891: posts small blind $1
Chessnok: posts big blind $3
*** HOLE CARDS ***
Eklund_1891: raises $3 to $6
Chessnok: calls $3
*** FLOP *** [8c 6d 2s]
Chessnok: checks
Eklund_1891: bets $3
Chessnok: raises $3 to $6
Eklund_1891: calls $3
*** TURN *** [8c 6d 2s] [Jh]
Chessnok: bets $6
Eklund_1891: calls $6
*** RIVER *** [8c 6d 2s Jh] [6s]
Chessnok: bets $6
Eklund_1891: raises $6 to $12
Chessnok: folds
Uncalled bet ($6) returned to Eklund_1891
Eklund_1891 collected $47.50 from pot
Eklund_1891: doesn't show hand
*** SUMMARY ***
Total pot $48 | Rake $0.50
Board [8c 6d 2s Jh 6s]
Seat 1: Chessnok (big blind) folded on the River
Seat 3: Eklund_1891 (button) (small blind) collected ($47.50)


PokerStars Hand #164378109203:  Hold'em Limit ($3/$6 USD) - 2017/01/10 19:26:30 ET
Table 'Ascanios' 6-max Seat #1 is the button
Seat 1: Chessnok ($84.52 in chips)
Seat 3: Eklund_1891 ($151.26 in chips)
Chessnok: posts small blind $1
Eklund_1891: posts big blind $3
*** HOLE CARDS ***
Chessnok: raises $3 to $6
Eklund_1891: calls $3
*** FLOP *** [8h Tc Td]
Eklund_1891: checks
Chessnok: bets $3
Eklund_1891: raises $3 to $6
Chessnok: calls $3
*** TURN *** [8h Tc Td] [Ah]
Eklund_1891: checks
Chessnok: checks
*** RIVER *** [8h Tc Td Ah] [Kd]
Eklund_1891: bets $6
Chessnok: calls $6
*** SHOW DOWN ***
Eklund_1891: shows [Th 9c] (three of a kind, Tens)
Chessnok: mucks hand
Eklund_1891 collected $35.50 from pot
*** SUMMARY ***
Total pot $36 | Rake $0.50
Board [8h Tc Td Ah Kd]
Seat 1: Chessnok (button) (small blind) mucked
Seat 3: Eklund_1891 (big blind) showed [Th 9c] and won ($35.50) with three of a kind, Tens


PokerStars Hand #164378125839:  Hold'em Limit ($3/$6 USD) - 2017/01/10 19:26:54 ET
Table 'Ascanios' 6-max Seat #3 is the button
Seat 1: Chessnok ($66.52 in chips)
Seat 3: Eklund_1891 ($168.76 in chips)
Eklund_1891: posts small blind $1
Chessnok: posts big blind $3
*** HOLE CARDS ***
Eklund_1891: raises $3 to $6
Chessnok: raises $3 to $9
Eklund_1891: raises $3 to $12
Betting is capped
Chessnok: calls $3
*** FLOP *** [8h 6d 3d]
Chessnok: checks
Eklund_1891: bets $3
Chessnok: calls $3
*** TURN *** [8h 6d 3d] [5s]
Chessnok: checks
Eklund_1891: bets $6
Chessnok: calls $6
*** RIVER *** [8h 6d 3d 5s] [7s]
Chessnok: checks
Eklund_1891: bets $6
Chessnok: raises $6 to $12
Eklund_1891: calls $6
*** SHOW DOWN ***
Chessnok: shows [9c Qc] (a straight, Five to Nine)
Eklund_1891: mucks hand
Chessnok collected $65.50 from pot
*** SUMMARY ***
Total pot $66 | Rake $0.50
Board [8h 6d 3d 5s 7s]
Seat 1: Chessnok (big blind) showed [9c Qc] and won ($65.50) with a straight, Five to Nine
Seat 3: Eklund_1891 (button) (small blind) mucked


PokerStars Hand #164378155503:  Hold'em Limit ($3/$6 USD) - 2017/01/10 19:27:37 ET
Table 'Ascanios' 6-max Seat #1 is the button
Seat 1: Chessnok ($92.02 in chips)
Seat 3: Eklund_1891 ($142.52 in chips)
Chessnok: posts small blind $1
Eklund_1891: posts big blind $3
*** HOLE CARDS ***
Chessnok: folds
Uncalled bet ($2) returned to Eklund_1891
Eklund_1891 collected $2 from pot
Eklund_1891: doesn't show hand
*** SUMMARY ***
Total pot $2 | Rake $0
Seat 1: Chessnok (button) (small blind) folded before Flop
Seat 3: Eklund_1891 (big blind) collected ($2)


PokerStars Hand #164378146176:  Hold'em Limit ($3/$6 USD) - 2017/01/10 19:27:24 ET
Table 'Ascanios' 6-max Seat #3 is the button
Seat 1: Chessnok ($98.02 in chips)
Seat 3: Eklund_1891 ($136.76 in chips)
Eklund_1891: posts small blind $1
Chessnok: posts big blind $3
*** HOLE CARDS ***
Eklund_1891: raises $3 to $6
Chessnok: calls $3
*** FLOP *** [2c Jd Ac]
Chessnok: checks
Eklund_1891: bets $3
Chessnok: folds
Uncalled bet ($3) returned to Eklund_1891
Eklund_1891 collected $11.76 from pot
Eklund_1891: doesn't show hand
*** SUMMARY ***
Total pot $12 | Rake $0.24
Board [2c Jd Ac]
Seat 1: Chessnok (big blind) folded on the Flop
Seat 3: Eklund_1891 (button) (small blind) collected ($11.76)


PokerStars Hand #164378162104:  Hold'em Limit ($3/$6 USD) - 2017/01/10 19:27:47 ET
Table 'Ascanios' 6-max Seat #1 is the button
Seat 1: Chessnok ($92.02 in chips)
Seat 3: Eklund_1891 ($142.52 in chips)
Chessnok: posts small blind $1
Eklund_1891: posts big blind $3
*** HOLE CARDS ***
Chessnok: folds
Uncalled bet ($2) returned to Eklund_1891
Eklund_1891 collected $2 from pot
Eklund_1891: doesn't show hand
*** SUMMARY ***
Total pot $2 | Rake $0
Seat 1: Chessnok (button) (small blind) folded before Flop
Seat 3: Eklund_1891 (big blind) collected ($2)


PokerStars Hand #164378158366:  Hold'em Limit ($3/$6 USD) - 2017/01/10 19:27:41 ET
Table 'Ascanios' 6-max Seat #3 is the button
Seat 1: Chessnok ($91.02 in chips)
Seat 3: Eklund_1891 ($143.52 in chips)
Eklund_1891: posts small blind $1
Chessnok: posts big blind $3
*** HOLE CARDS ***
Eklund_1891: folds
Uncalled bet ($2) returned to Chessnok
Chessnok collected $2 from pot
Chessnok: doesn't show hand
*** SUMMARY ***
Total pot $2 | Rake $0
Seat 1: Chessnok (big blind) collected ($2)
Seat 3: Eklund_1891 (button) (small blind) folded before Flop


PokerStars Hand #164378165415:  Hold'em Limit ($3/$6 USD) - 2017/01/10 19:27:52 ET
Table 'Ascanios' 6-max Seat #3 is the button
Seat 1: Chessnok ($91.02 in chips)
Seat 3: Eklund_1891 ($143.52 in chips)
Eklund_1891: posts small blind $1
Chessnok: posts big blind $3
*** HOLE CARDS ***
Eklund_1891: raises $3 to $6
Chessnok: calls $3
*** FLOP *** [8s Kd Qh]
Chessnok: checks
Eklund_1891: bets $3
Chessnok: calls $3
*** TURN *** [8s Kd Qh] [2c]
Chessnok: checks
Eklund_1891: bets $6
Chessnok: calls $6
*** RIVER *** [8s Kd Qh 2c] [3h]
Chessnok: checks
Eklund_1891: bets $6
Chessnok: raises $6 to $12
Eklund_1891: calls $6
*** SHOW DOWN ***
Chessnok: shows [Qc 3c] (two pair, Queens and Threes)
Eklund_1891: mucks hand
Chessnok collected $53.50 from pot
*** SUMMARY ***
Total pot $54 | Rake $0.50
Board [8s Kd Qh 2c 3h]
Seat 1: Chessnok (big blind) showed [Qc 3c] and won ($53.50) with two pair, Queens and Threes
Seat 3: Eklund_1891 (button) (small blind) mucked


PokerStars Hand #164378140427:  Hold'em Limit ($3/$6 USD) - 2017/01/10 19:27:16 ET
Table 'Ascanios' 6-max Seat #1 is the button
Seat 1: Chessnok ($99.02 in chips)
Seat 3: Eklund_1891 ($135.76 in chips)
Chessnok: posts small blind $1
Eklund_1891: posts big blind $3
*** HOLE CARDS ***
Chessnok: folds
Uncalled bet ($2) returned to Eklund_1891
Eklund_1891 collected $2 from pot
Eklund_1891: doesn't show hand
*** SUMMARY ***
Total pot $2 | Rake $0
Seat 1: Chessnok (button) (small blind) folded before Flop
Seat 3: Eklund_1891 (big blind) collected ($2)


PokerStars Hand #164378186363:  Hold'em Limit ($3/$6 USD) - 2017/01/10 19:28:22 ET
Table 'Ascanios' 6-max Seat #3 is the button
Seat 1: Chessnok ($108.52 in chips)
Seat 3: Eklund_1891 ($125.16 in chips)
Eklund_1891: posts small blind $1
Chessnok: posts big blind $3
*** HOLE CARDS ***
Eklund_1891: raises $3 to $6
Chessnok: calls $3
*** FLOP *** [3c 9c 5d]
Chessnok: checks
Eklund_1891: checks
*** TURN *** [3c 9c 5d] [Qs]
Chessnok: checks
Eklund_1891: bets $6
Chessnok: folds
Uncalled bet ($6) returned to Eklund_1891
Eklund_1891 collected $11.76 from pot
Eklund_1891: doesn't show hand
*** SUMMARY ***
Total pot $12 | Rake $0.24
Board [3c 9c 5d Qs]
Seat 1: Chessnok (big blind) folded on the Turn
Seat 3: Eklund_1891 (button) (small blind) collected ($11.76)


PokerStars Hand #164378197440:  Hold'em Limit ($3/$6 USD) - 2017/01/10 19:28:38 ET
Table 'Ascanios' 6-max Seat #1 is the button
Seat 1: Chessnok ($102.52 in chips)
Seat 3: Eklund_1891 ($130.92 in chips)
Chessnok: posts small blind $1
Eklund_1891: posts big blind $3
*** HOLE CARDS ***
Chessnok: raises $3 to $6
Eklund_1891: calls $3
*** FLOP *** [7h 4h 2s]
Eklund_1891: checks
Chessnok: bets $3
Eklund_1891: calls $3
*** TURN *** [7h 4h 2s] [Jh]
Eklund_1891: checks
Chessnok: bets $6
Eklund_1891: raises $6 to $12
Chessnok: calls $6
*** RIVER *** [7h 4h 2s Jh] [7c]
Eklund_1891: bets $6
Chessnok: calls $6
*** SHOW DOWN ***
Eklund_1891: shows [Jd 2h] (two pair, Jacks and Sevens)
Chessnok: mucks hand
Eklund_1891 collected $53.50 from pot
*** SUMMARY ***
Total pot $54 | Rake $0.50
Board [7h 4h 2s Jh 7c]
Seat 1: Chessnok (button) (small blind) mucked
Seat 3: Eklund_1891 (big blind) showed [Jd 2h] and won ($53.50) with two pair, Jacks and Sevens


PokerStars Hand #164378177797:  Hold'em Limit ($3/$6 USD) - 2017/01/10 19:28:10 ET
Table 'Ascanios' 6-max Seat #1 is the button
Seat 1: Chessnok ($117.52 in chips)
Seat 3: Eklund_1891 ($116.52 in chips)
Chessnok: posts small blind $1
Eklund_1891: posts big blind $3
*** HOLE CARDS ***
Chessnok: raises $3 to $6
Eklund_1891: raises $3 to $9
Chessnok: calls $3
*** FLOP *** [Qd Tc Kd]
Eklund_1891: bets $3
Chessnok: folds
Uncalled bet ($3) returned to Eklund_1891
Eklund_1891 collected $17.64 from pot
Eklund_1891: doesn't show hand
*** SUMMARY ***
Total pot $18 | Rake $0.36
Board [Qd Tc Kd]
Seat 1: Chessnok (button) (small blind) folded on the Flop
Seat 3: Eklund_1891 (big blind) collected ($17.64)


PokerStars Hand #164378226555:  Hold'em Limit ($3/$6 USD) - 2017/01/10 19:29:21 ET
Table 'Ascanios' 6-max Seat #1 is the button
Seat 1: Chessnok ($60 in chips)
Seat 3: Eklund_1891 ($177.92 in chips)
Chessnok: posts small blind $1
Eklund_1891: posts big blind $3
*** HOLE CARDS ***
Chessnok: raises $3 to $6
Eklund_1891: raises $3 to $9
Chessnok: calls $3
*** FLOP *** [2h 5c 9c]
Eklund_1891: bets $3
Chessnok: calls $3
*** TURN *** [2h 5c 9c] [As]
Eklund_1891: bets $6
Chessnok: calls $6
*** RIVER *** [2h 5c 9c As] [3h]
Eklund_1891: bets $6
Chessnok: calls $6
*** SHOW DOWN ***
Eklund_1891: shows [Ac Ah] (three of a kind, Aces)
Chessnok: mucks hand
Eklund_1891 collected $47.50 from pot
*** SUMMARY ***
Total pot $48 | Rake $0.50
Board [2h 5c 9c As 3h]
Seat 1: Chessnok (button) (small blind) mucked
Seat 3: Eklund_1891 (big blind) showed [Ac Ah] and won ($47.50) with three of a kind, Aces


PokerStars Hand #164378247171:  Hold'em Limit ($3/$6 USD) - 2017/01/10 19:29:52 ET
Table 'Ascanios' 6-max Seat #3 is the button
Seat 1: Chessnok ($60 in chips)
Seat 3: Eklund_1891 ($201.42 in chips)
Eklund_1891: posts small blind $1
Chessnok: posts big blind $3
*** HOLE CARDS ***
Eklund_1891: folds
Uncalled bet ($2) returned to Chessnok
Chessnok collected $2 from pot
Chessnok: doesn't show hand
*** SUMMARY ***
Total pot $2 | Rake $0
Seat 1: Chessnok (big blind) collected ($2)
Seat 3: Eklund_1891 (button) (small blind) folded before Flop


PokerStars Hand #164378277705:  Hold'em Limit ($3/$6 USD) - 2017/01/10 19:30:37 ET
Table 'Ascanios' 6-max Seat #3 is the button
Seat 1: Chessnok ($64 in chips)
Seat 3: Eklund_1891 ($207.94 in chips)
Eklund_1891: posts small blind $1
Chessnok: posts big blind $3
*** HOLE CARDS ***
Eklund_1891: raises $3 to $6
Chessnok: calls $3
*** FLOP *** [Ks 8h 7c]
Chessnok: checks
Eklund_1891: checks
*** TURN *** [Ks 8h 7c] [3c]
Chessnok: bets $6
Eklund_1891: folds
Uncalled bet ($6) returned to Chessnok
Chessnok collected $11.76 from pot
Chessnok: doesn't show hand
*** SUMMARY ***
Total pot $12 | Rake $0.24
Board [Ks 8h 7c 3c]
Seat 1: Chessnok (big blind) collected ($11.76)
Seat 3: Eklund_1891 (button) (small blind) folded on the Turn


PokerStars Hand #164378271060:  Hold'em Limit ($3/$6 USD) - 2017/01/10 19:30:27 ET
Table 'Ascanios' 6-max Seat #3 is the button
Seat 1: Chessnok ($60 in chips)
Seat 3: Eklund_1891 ($211.94 in chips)
Eklund_1891: posts small blind $1
Chessnok: posts big blind $3
*** HOLE CARDS ***
Eklund_1891: folds
Uncalled bet ($2) returned to Chessnok
Chessnok collected $2 from pot
Chessnok: doesn't show hand
*** SUMMARY ***
Total pot $2 | Rake $0
Seat 1: Chessnok (big blind) collected ($2)
Seat 3: Eklund_1891 (button) (small blind) folded before Flop


PokerStars Hand #164378250402:  Hold'em Limit ($3/$6 USD) - 2017/01/10 19:29:56 ET
Table 'Ascanios' 6-max Seat #1 is the button
Seat 1: Chessnok ($61 in chips)
Seat 3: Eklund_1891 ($200.42 in chips)
Chessnok: posts small blind $1
Eklund_1891: posts big blind $3
*** HOLE CARDS ***
Chessnok: raises $3 to $6
Eklund_1891: calls $3
*** FLOP *** [As Jc 8h]
Eklund_1891: checks
Chessnok: checks
*** TURN *** [As Jc 8h] [3c]
Eklund_1891: checks
Chessnok: checks
*** RIVER *** [As Jc 8h 3c] [2s]
Eklund_1891: bets $6
Chessnok: calls $6
*** SHOW DOWN ***
Eklund_1891: shows [8s 9c] (a pair of Eights)
Chessnok: mucks hand
Eklund_1891 collected $23.52 from pot
*** SUMMARY ***
Total pot $24 | Rake $0.48
Board [As Jc 8h 3c 2s]
Seat 1: Chessnok (button) (small blind) mucked
Seat 3: Eklund_1891 (big blind) showed [8s 9c] and won ($23.52) with a pair of Eights


PokerStars Hand #164378274428:  Hold'em Limit ($3/$6 USD) - 2017/01/10 19:30:32 ET
Table 'Ascanios' 6-max Seat #1 is the button
Seat 1: Chessnok ($61 in chips)
Seat 3: Eklund_1891 ($210.94 in chips)
Chessnok: posts small blind $1
Eklund_1891: posts big blind $3
*** HOLE CARDS ***
Chessnok: raises $3 to $6
Eklund_1891: folds
Uncalled bet ($3) returned to Chessnok
Chessnok collected $6 from pot
Chessnok: doesn't show hand
*** SUMMARY ***
Total pot $6 | Rake $0
Seat 1: Chessnok (button) (small blind) collected ($6)
Seat 3: Eklund_1891 (big blind) folded before Flop


PokerStars Hand #164378287092:  Hold'em Limit ($3/$6 USD) - 2017/01/10 19:30:50 ET
Table 'Ascanios' 6-max Seat #1 is the button
Seat 1: Chessnok ($69.76 in chips)
Seat 3: Eklund_1891 ($201.94 in chips)
Chessnok: posts small blind $1
Eklund_1891: posts big blind $3
*** HOLE CARDS ***
Chessnok: raises $3 to $6
Eklund_1891: raises $3 to $9
Chessnok: calls $3
*** FLOP *** [2s 8s Js]
Eklund_1891: bets $3
Chessnok: raises $3 to $6
Eklund_1891: raises $3 to $9
Chessnok: calls $3
*** TURN *** [2s 8s Js] [6s]
Eklund_1891: bets $6
Chessnok: calls $6
*** RIVER *** [2s 8s Js 6s] [9s]
Eklund_1891: bets $6
Chessnok: calls $6
*** SHOW DOWN ***
Eklund_1891: shows [Ks 7s] (a flush, King high)
Chessnok: mucks hand
Eklund_1891 collected $59.50 from pot
*** SUMMARY ***
Total pot $60 | Rake $0.50
Board [2s 8s Js 6s 9s]
Seat 1: Chessnok (button) (small blind) mucked
Seat 3: Eklund_1891 (big blind) showed [Ks 7s] and won ($59.50) with a flush, King high


PokerStars Hand #164378299258:  Hold'em Limit ($3/$6 USD) - 2017/01/10 19:31:09 ET
Table 'Ascanios' 6-max Seat #3 is the button
Seat 1: Chessnok ($60 in chips)
Seat 3: Eklund_1891 ($231.44 in chips)
Eklund_1891: posts small blind $1
Chessnok: posts big blind $3
*** HOLE CARDS ***
Eklund_1891: raises $3 to $6
Chessnok: raises $3 to $9
Eklund_1891: calls $3
*** FLOP *** [7h As 4h]
Chessnok: bets $3
Eklund_1891: calls $3
*** TURN *** [7h As 4h] [Kc]
Chessnok: bets $6
Eklund_1891: calls $6
*** RIVER *** [7h As 4h Kc] [Ad]
Chessnok: bets $6
Eklund_1891: calls $6
*** SHOW DOWN ***
Chessnok: shows [5d 5c] (two pair, Aces and Fives)
Eklund_1891: shows [9d 7c] (two pair, Aces and Sevens)
Eklund_1891 collected $47.50 from pot
*** SUMMARY ***
Total pot $48 | Rake $0.50
Board [7h As 4h Kc Ad]
Seat 1: Chessnok (big blind) showed [5d 5c] and lost with two pair, Aces and Fives
Seat 3: Eklund_1891 (button) (small blind) showed [9d 7c] and won ($47.50) with two pair, Aces and Sevens


PokerStars Hand #164378308411:  Hold'em Limit ($3/$6 USD) - 2017/01/10 19:31:22 ET
Table 'Ascanios' 6-max Seat #1 is the button
Seat 1: Chessnok ($60 in chips)
Seat 3: Eklund_1891 ($254.94 in chips)
Chessnok: posts small blind $1
Eklund_1891: posts big blind $3
*** HOLE CARDS ***
Chessnok: raises $3 to $6
Eklund_1891: folds
Uncalled bet ($3) returned to Chessnok
Chessnok collected $6 from pot
Chessnok: doesn't show hand
*** SUMMARY ***
Total pot $6 | Rake $0
Seat 1: Chessnok (button) (small blind) collected ($6)
Seat 3: Eklund_1891 (big blind) folded before Flop


PokerStars Hand #164378311803:  Hold'em Limit ($3/$6 USD) - 2017/01/10 19:31:27 ET
Table 'Ascanios' 6-max Seat #3 is the button
Seat 1: Chessnok ($63 in chips)
Seat 3: Eklund_1891 ($251.94 in chips)
Eklund_1891: posts small blind $1
Chessnok: posts big blind $3
*** HOLE CARDS ***
Eklund_1891: raises $3 to $6
Chessnok: raises $3 to $9
Eklund_1891: calls $3
*** FLOP *** [Tc 6d 8h]
Chessnok: bets $3
Eklund_1891: calls $3
*** TURN *** [Tc 6d 8h] [Qc]
Chessnok: bets $6
Eklund_1891: calls $6
*** RIVER *** [Tc 6d 8h Qc] [5c]
Chessnok: bets $6
Eklund_1891: calls $6
*** SHOW DOWN ***
Chessnok: shows [6s 7h] (a pair of Sixes)
Eklund_1891: mucks hand
Chessnok collected $47.50 from pot
*** SUMMARY ***
Total pot $48 | Rake $0.50
Board [Tc 6d 8h Qc 5c]
Seat 1: Chessnok (big blind) showed [6s 7h] and won ($47.50) with a pair of Sixes
Seat 3: Eklund_1891 (button) (small blind) mucked


PokerStars Hand #164378343886:  Hold'em Limit ($3/$6 USD) - 2017/01/10 19:32:15 ET
Table 'Ascanios' 6-max Seat #1 is the button
Seat 1: Chessnok ($104 in chips)
Seat 3: Eklund_1891 ($209.70 in chips)
Chessnok: posts small blind $1
Eklund_1891: posts big blind $3
*** HOLE CARDS ***
Chessnok: raises $3 to $6
Eklund_1891: folds
Uncalled bet ($3) returned to Chessnok
Chessnok collected $6 from pot
Chessnok: doesn't show hand
*** SUMMARY ***
Total pot $6 | Rake $0
Seat 1: Chessnok (button) (small blind) collected ($6)
Seat 3: Eklund_1891 (big blind) folded before Flop


PokerStars Hand #164378336924:  Hold'em Limit ($3/$6 USD) - 2017/01/10 19:32:05 ET
Table 'Ascanios' 6-max Seat #3 is the button
Seat 1: Chessnok ($110 in chips)
Seat 3: Eklund_1891 ($203.94 in chips)
Eklund_1891: posts small blind $1
Chessnok: posts big blind $3
*** HOLE CARDS ***
Eklund_1891: raises $3 to $6
Chessnok: calls $3
*** FLOP *** [Jh Jc As]
Chessnok: checks
Eklund_1891: bets $3
Chessnok: folds
Uncalled bet ($3) returned to Eklund_1891
Eklund_1891 collected $11.76 from pot
Eklund_1891: doesn't show hand
*** SUMMARY ***
Total pot $12 | Rake $0.24
Board [Jh Jc As]
Seat 1: Chessnok (big blind) folded on the Flop
Seat 3: Eklund_1891 (button) (small blind) collected ($11.76)


PokerStars Hand #164378322695:  Hold'em Limit ($3/$6 USD) - 2017/01/10 19:31:43 ET
Table 'Ascanios' 6-max Seat #1 is the button
Seat 1: Chessnok ($86.50 in chips)
Seat 3: Eklund_1891 ($227.94 in chips)
Chessnok: posts small blind $1
Eklund_1891: posts big blind $3
*** HOLE CARDS ***
Chessnok: raises $3 to $6
Eklund_1891: raises $3 to $9
Chessnok: calls $3
*** FLOP *** [Kh 4d 2h]
Eklund_1891: bets $3
Chessnok: calls $3
*** TURN *** [Kh 4d 2h] [4h]
Eklund_1891: bets $6
Chessnok: raises $6 to $12
Eklund_1891: calls $6
*** RIVER *** [Kh 4d 2h 4h] [9d]
Eklund_1891: checks
Chessnok: bets $6
Eklund_1891: folds
Uncalled bet ($6) returned to Chessnok
Chessnok collected $47.50 from pot
Chessnok: doesn't show hand
*** SUMMARY ***
Total pot $48 | Rake $0.50
Board [Kh 4d 2h 4h 9d]
Seat 1: Chessnok (button) (small blind) collected ($47.50)
Seat 3: Eklund_1891 (big blind) folded on the River


PokerStars Hand #164378367263:  Hold'em Limit ($3/$6 USD) - 2017/01/10 19:32:50 ET
Table 'Ascanios' 6-max Seat #1 is the button
Seat 1: Chessnok ($107.76 in chips)
Seat 3: Eklund_1891 ($205.46 in chips)
Chessnok: posts small blind $1
Eklund_1891: posts big blind $3
*** HOLE CARDS ***
Chessnok: raises $3 to $6
Eklund_1891: raises $3 to $9
Chessnok: calls $3
*** FLOP *** [2c 5c 6c]
Eklund_1891: bets $3
Chessnok: calls $3
*** TURN *** [2c 5c 6c] [7d]
Eklund_1891: bets $6
Chessnok: calls $6
*** RIVER *** [2c 5c 6c 7d] [5h]
Eklund_1891: bets $6
Chessnok: folds
Uncalled bet ($6) returned to Eklund_1891
Eklund_1891 collected $35.50 from pot
Eklund_1891: doesn't show hand
*** SUMMARY ***
Total pot $36 | Rake $0.50
Board [2c 5c 6c 7d 5h]
Seat 1: Chessnok (button) (small blind) folded on the River
Seat 3: Eklund_1891 (big blind) collected ($35.50)


PokerStars Hand #164378348874:  Hold'em Limit ($3/$6 USD) - 2017/01/10 19:32:22 ET
Table 'Ascanios' 6-max Seat #3 is the button
Seat 1: Chessnok ($107 in chips)
Seat 3: Eklund_1891 ($206.70 in chips)
Eklund_1891: posts small blind $1
Chessnok: posts big blind $3
*** HOLE CARDS ***
Eklund_1891: raises $3 to $6
Chessnok: calls $3
*** FLOP *** [9c Kc Js]
Chessnok: checks
Eklund_1891: bets $3
Chessnok: folds
Uncalled bet ($3) returned to Eklund_1891
Eklund_1891 collected $11.76 from pot
Eklund_1891: doesn't show hand
*** SUMMARY ***
Total pot $12 | Rake $0.24
Board [9c Kc Js]
Seat 1: Chessnok (big blind) folded on the Flop
Seat 3: Eklund_1891 (button) (small blind) collected ($11.76)


PokerStars Hand #164378363261:  Hold'em Limit ($3/$6 USD) - 2017/01/10 19:32:44 ET
Table 'Ascanios' 6-max Seat #3 is the button
Seat 1: Chessnok ($106.76 in chips)
Seat 3: Eklund_1891 ($206.46 in chips)
Eklund_1891: posts small blind $1
Chessnok: posts big blind $3
*** HOLE CARDS ***
Eklund_1891: folds
Uncalled bet ($2) returned to Chessnok
Chessnok collected $2 from pot
Chessnok: doesn't show hand
*** SUMMARY ***
Total pot $2 | Rake $0
Seat 1: Chessnok (big blind) collected ($2)
Seat 3: Eklund_1891 (button) (small blind) folded before Flop


PokerStars Hand #164378356486:  Hold'em Limit ($3/$6 USD) - 2017/01/10 19:32:34 ET
Table 'Ascanios' 6-max Seat #1 is the button
Seat 1: Chessnok ($101 in chips)
Seat 3: Eklund_1891 ($212.46 in chips)
Chessnok: posts small blind $1
Eklund_1891: posts big blind $3
*** HOLE CARDS ***
Chessnok: raises $3 to $6
Eklund_1891: calls $3
*** FLOP *** [Ah 3h 6h]
Eklund_1891: checks
Chessnok: bets $3
Eklund_1891: folds
Uncalled bet ($3) returned to Chessnok
Chessnok collected $11.76 from pot
Chessnok: doesn't show hand
*** SUMMARY ***
Total pot $12 | Rake $0.24
Board [Ah 3h 6h]
Seat 1: Chessnok (button) (small blind) collected ($11.76)
Seat 3: Eklund_1891 (big blind) folded on the Flop


PokerStars Hand #164378382406:  Hold'em Limit ($3/$6 USD) - 2017/01/10 19:33:12 ET
Table 'Ascanios' 6-max Seat #3 is the button
Seat 1: Chessnok ($89.76 in chips)
Seat 3: Eklund_1891 ($222.96 in chips)
Eklund_1891: posts small blind $1
Chessnok: posts big blind $3
*** HOLE CARDS ***
Eklund_1891: raises $3 to $6
Chessnok: raises $3 to $9
Eklund_1891: raises $3 to $12
Betting is capped
Chessnok: calls $3
*** FLOP *** [Tc 4h Kh]
Chessnok: checks
Eklund_1891: bets $3
Chessnok: raises $3 to $6
Eklund_1891: raises $3 to $9
Chessnok: raises $3 to $12
Betting is capped
Eklund_1891: calls $3
*** TURN *** [Tc 4h Kh] [Qs]
Chessnok: bets $6
Eklund_1891: raises $6 to $12
Chessnok: raises $6 to $18
Eklund_1891: calls $6
*** RIVER *** [Tc 4h Kh Qs] [7c]
Chessnok: bets $6
Eklund_1891: calls $6
*** SHOW DOWN ***
Chessnok: shows [Ac Ad] (a pair of Aces)
Eklund_1891: mucks hand
Chessnok collected $95.50 from pot
*** SUMMARY ***
Total pot $96 | Rake $0.50
Board [Tc 4h Kh Qs 7c]
Seat 1: Chessnok (big blind) showed [Ac Ad] and won ($95.50) with a pair of Aces
Seat 3: Eklund_1891 (button) (small blind) mucked


PokerStars Hand #164378419229:  Hold'em Limit ($3/$6 USD) - 2017/01/10 19:34:07 ET
Table 'Ascanios' 6-max Seat #1 is the button
Seat 1: Chessnok ($139.76 in chips)
Seat 3: Eklund_1891 ($171.48 in chips)
Chessnok: posts small blind $1
Eklund_1891: posts big blind $3
*** HOLE CARDS ***
Chessnok: raises $3 to $6
Eklund_1891: calls $3
*** FLOP *** [2s Tc Jd]
Eklund_1891: checks
Chessnok: bets $3
Eklund_1891: calls $3
*** TURN *** [2s Tc Jd] [Ks]
Eklund_1891: checks
Chessnok: bets $6
Eklund_1891: folds
Uncalled bet ($6) returned to Chessnok
Chessnok collected $17.64 from pot
Chessnok: doesn't show hand
*** SUMMARY ***
Total pot $18 | Rake $0.36
Board [2s Tc Jd Ks]
Seat 1: Chessnok (button) (small blind) collected ($17.64)
Seat 3: Eklund_1891 (big blind) folded on the Turn


PokerStars Hand #164378406436:  Hold'em Limit ($3/$6 USD) - 2017/01/10 19:33:48 ET
Table 'Ascanios' 6-max Seat #3 is the button
Seat 1: Chessnok ($151.76 in chips)
Seat 3: Eklund_1891 ($159.96 in chips)
Eklund_1891: posts small blind $1
Chessnok: posts big blind $3
*** HOLE CARDS ***
Eklund_1891: raises $3 to $6
Chessnok: calls $3
*** FLOP *** [5c 3c Qd]
Chessnok: checks
Eklund_1891: checks
*** TURN *** [5c 3c Qd] [2d]
Chessnok: checks
Eklund_1891: bets $6
Chessnok: calls $6
*** RIVER *** [5c 3c Qd 2d] [Ks]
Chessnok: checks
Eklund_1891: checks
*** SHOW DOWN ***
Chessnok: shows [8h 4h] (high card King)
Eklund_1891: shows [9d Td] (high card King - Queen+Ten kicker)
Eklund_1891 collected $23.52 from pot
*** SUMMARY ***
Total pot $24 | Rake $0.48
Board [5c 3c Qd 2d Ks]
Seat 1: Chessnok (big blind) showed [8h 4h] and lost with high card King
Seat 3: Eklund_1891 (button) (small blind) showed [9d Td] and won ($23.52) with high card King


PokerStars Hand #164378397150:  Hold'em Limit ($3/$6 USD) - 2017/01/10 19:33:34 ET
Table 'Ascanios' 6-max Seat #1 is the button
Seat 1: Chessnok ($137.26 in chips)
Seat 3: Eklund_1891 ($174.96 in chips)
Chessnok: posts small blind $1
Eklund_1891: posts big blind $3
*** HOLE CARDS ***
Chessnok: raises $3 to $6
Eklund_1891: raises $3 to $9
Chessnok: calls $3
*** FLOP *** [5c 8c Ah]
Eklund_1891: bets $3
Chessnok: raises $3 to $6
Eklund_1891: calls $3
*** TURN *** [5c 8c Ah] [Th]
Eklund_1891: checks
Chessnok: bets $6
Eklund_1891: folds
Uncalled bet ($6) returned to Chessnok
Chessnok collected $29.50 from pot
Chessnok: doesn't show hand
*** SUMMARY ***
Total pot $30 | Rake $0.50
Board [5c 8c Ah Th]
Seat 1: Chessnok (button) (small blind) collected ($29.50)
Seat 3: Eklund_1891 (big blind) folded on the Turn


PokerStars Hand #164378431373:  Hold'em Limit ($3/$6 USD) - 2017/01/10 19:34:26 ET
Table 'Ascanios' 6-max Seat #1 is the button
Seat 1: Chessnok ($145.40 in chips)
Seat 3: Eklund_1891 ($165.48 in chips)
Chessnok: posts small blind $1
Eklund_1891: posts big blind $3
*** HOLE CARDS ***
beng_51 joins the table at seat #4
Chessnok: folds
Uncalled bet ($2) returned to Eklund_1891
Eklund_1891 collected $2 from pot
Eklund_1891: doesn't show hand
*** SUMMARY ***
Total pot $2 | Rake $0
Seat 1: Chessnok (button) (small blind) folded before Flop
Seat 3: Eklund_1891 (big blind) collected ($2)


PokerStars Hand #164378427095:  Hold'em Limit ($3/$6 USD) - 2017/01/10 19:34:19 ET
Table 'Ascanios' 6-max Seat #3 is the button
Seat 1: Chessnok ($148.40 in chips)
Seat 3: Eklund_1891 ($162.48 in chips)
Eklund_1891: posts small blind $1
Chessnok: posts big blind $3
*** HOLE CARDS ***
Eklund_1891: raises $3 to $6
Chessnok: folds
Uncalled bet ($3) returned to Eklund_1891
Eklund_1891 collected $6 from pot
Eklund_1891: doesn't show hand
*** SUMMARY ***
Total pot $6 | Rake $0
Seat 1: Chessnok (big blind) folded before Flop
Seat 3: Eklund_1891 (button) (small blind) collected ($6)


PokerStars Hand #164378956309:  Hold'em Limit ($3/$6 USD) - 2017/01/10 19:47:48 ET
Table 'Ascanios' 6-max Seat #3 is the button
Seat 2: Great_Kang ($120 in chips)
Seat 3: Homasapien ($276.67 in chips)
Homasapien: posts small blind $1
Chessnok: is sitting out
Great_Kang: posts big blind $3
*** HOLE CARDS ***
Homasapien: raises $3 to $6
Great_Kang: calls $3
*** FLOP *** [Th Ad 9c]
Great_Kang: checks
Homasapien: bets $3
Great_Kang: folds
Uncalled bet ($3) returned to Homasapien
Homasapien collected $11.76 from pot
Homasapien: doesn't show hand
*** SUMMARY ***
Total pot $12 | Rake $0.24
Board [Th Ad 9c]
Seat 2: Great_Kang (big blind) folded on the Flop
Seat 3: Homasapien (button) (small blind) collected ($11.76)


PokerStars Hand #164379116691:  Hold'em Limit ($3/$6 USD) - 2017/01/10 19:52:02 ET
Table 'Ascanios' 6-max Seat #2 is the button
Seat 2: Great_Kang ($120 in chips)
Seat 3: habari786 ($60 in chips)
Great_Kang: posts small blind $1
habari786: posts big blind $3
*** HOLE CARDS ***
Great_Kang: raises $3 to $6
habari786: folds
Uncalled bet ($3) returned to Great_Kang
Great_Kang collected $6 from pot
Great_Kang: doesn't show hand
*** SUMMARY ***
Total pot $6 | Rake $0
Seat 2: Great_Kang (button) (small blind) collected ($6)
Seat 3: habari786 (big blind) folded before Flop


PokerStars Hand #164379121686:  Hold'em Limit ($3/$6 USD) - 2017/01/10 19:52:10 ET
Table 'Ascanios' 6-max Seat #3 is the button
Seat 2: Great_Kang ($123 in chips)
Seat 3: habari786 ($57 in chips)
habari786: posts small blind $1
Great_Kang: posts big blind $3
*** HOLE CARDS ***
habari786: raises $3 to $6
Great_Kang: folds
Uncalled bet ($3) returned to habari786
habari786 collected $6 from pot
habari786: doesn't show hand
*** SUMMARY ***
Total pot $6 | Rake $0
Seat 2: Great_Kang (big blind) folded before Flop
Seat 3: habari786 (button) (small blind) collected ($6)


PokerStars Hand #164379127392:  Hold'em Limit ($3/$6 USD) - 2017/01/10 19:52:19 ET
Table 'Ascanios' 6-max Seat #2 is the button
Seat 2: Great_Kang ($120 in chips)
Seat 3: habari786 ($60 in chips)
Great_Kang: posts small blind $1
habari786: posts big blind $3
*** HOLE CARDS ***
yayaya joins the table at seat #4
Great_Kang: raises $3 to $6
habari786: folds
Uncalled bet ($3) returned to Great_Kang
Great_Kang collected $6 from pot
Great_Kang: doesn't show hand
*** SUMMARY ***
Total pot $6 | Rake $0
Seat 2: Great_Kang (button) (small blind) collected ($6)
Seat 3: habari786 (big blind) folded before Flop


PokerStars Hand #164379670670:  Hold'em Limit ($3/$6 USD) - 2017/01/10 20:07:41 ET
Table 'Ascanios' 6-max Seat #2 is the button
Seat 1: italianhero4 ($101.28 in chips)
Seat 2: Great_Kang ($125.37 in chips)
Great_Kang: posts small blind $1
Homasapien: is sitting out
italianhero4: posts big blind $3
*** HOLE CARDS ***
Great_Kang: raises $3 to $6
italianhero4: raises $3 to $9
Great_Kang: calls $3
*** FLOP *** [4d 2c 2s]
italianhero4: bets $3
Great_Kang: folds
Uncalled bet ($3) returned to italianhero4
italianhero4 collected $17.64 from pot
*** SUMMARY ***
Total pot $18 | Rake $0.36
Board [4d 2c 2s]
Seat 1: italianhero4 (big blind) collected ($17.64)
Seat 2: Great_Kang (button) (small blind) folded on the Flop


