PokerStars Hand #163947090890:  Hold'em Limit ($3/$6 USD) - 2017/01/02 21:33:07 ET
Table 'Ascella' 10-max Seat #1 is the button
Seat 1: Zubasa07 ($500 in chips)
Seat 5: Lucylove12 ($120 in chips)
Zubasa07: posts small blind $1
Lucylove12: posts big blind $3
*** HOLE CARDS ***
Zubasa07: raises $3 to $6
Lucylove12: calls $3
*** FLOP *** [3s Jh Ah]
Lucylove12: checks
Zubasa07: bets $3
Lucylove12: folds
Uncalled bet ($3) returned to Zubasa07
Zubasa07 collected $11.76 from pot
Zubasa07: doesn't show hand
*** SUMMARY ***
Total pot $12 | Rake $0.24
Board [3s Jh Ah]
Seat 1: Zubasa07 (button) (small blind) collected ($11.76)
Seat 5: Lucylove12 (big blind) folded on the Flop


PokerStars Hand #163947122327:  Hold'em Limit ($3/$6 USD) - 2017/01/02 21:34:15 ET
Table 'Ascella' 10-max Seat #5 is the button
Seat 1: Zubasa07 ($505.52 in chips)
Seat 5: Lucylove12 ($113.76 in chips)
Lucylove12: posts small blind $1
Zubasa07: posts big blind $3
*** HOLE CARDS ***
Lucylove12: raises $3 to $6
Zubasa07: calls $3
*** FLOP *** [Ad Js 9s]
Zubasa07: checks
Lucylove12: bets $3
Zubasa07: folds
Uncalled bet ($3) returned to Lucylove12
Lucylove12 collected $11.76 from pot
Lucylove12: doesn't show hand
*** SUMMARY ***
Total pot $12 | Rake $0.24
Board [Ad Js 9s]
Seat 1: Zubasa07 (big blind) folded on the Flop
Seat 5: Lucylove12 (button) (small blind) collected ($11.76)


PokerStars Hand #163947116326:  Hold'em Limit ($3/$6 USD) - 2017/01/02 21:34:02 ET
Table 'Ascella' 10-max Seat #1 is the button
Seat 1: Zubasa07 ($499.76 in chips)
Seat 5: Lucylove12 ($119.76 in chips)
Zubasa07: posts small blind $1
Lucylove12: posts big blind $3
*** HOLE CARDS ***
Zubasa07: raises $3 to $6
Lucylove12: calls $3
*** FLOP *** [7c 7d Qd]
Lucylove12: checks
Zubasa07: bets $3
Lucylove12: folds
Uncalled bet ($3) returned to Zubasa07
Zubasa07 collected $11.76 from pot
Zubasa07: doesn't show hand
*** SUMMARY ***
Total pot $12 | Rake $0.24
Board [7c 7d Qd]
Seat 1: Zubasa07 (button) (small blind) collected ($11.76)
Seat 5: Lucylove12 (big blind) folded on the Flop


PokerStars Hand #163947101579:  Hold'em Limit ($3/$6 USD) - 2017/01/02 21:33:30 ET
Table 'Ascella' 10-max Seat #5 is the button
Seat 1: Zubasa07 ($505.76 in chips)
Seat 5: Lucylove12 ($114 in chips)
Lucylove12: posts small blind $1
Zubasa07: posts big blind $3
*** HOLE CARDS ***
Lucylove12: raises $3 to $6
Zubasa07: calls $3
*** FLOP *** [3h 2c 9d]
Zubasa07: checks
Lucylove12: checks
*** TURN *** [3h 2c 9d] [6s]
Zubasa07: checks
Lucylove12: bets $6
Zubasa07: folds
Uncalled bet ($6) returned to Lucylove12
Lucylove12 collected $11.76 from pot
Lucylove12: doesn't show hand
*** SUMMARY ***
Total pot $12 | Rake $0.24
Board [3h 2c 9d 6s]
Seat 1: Zubasa07 (big blind) folded on the Turn
Seat 5: Lucylove12 (button) (small blind) collected ($11.76)


PokerStars Hand #163947148320:  Hold'em Limit ($3/$6 USD) - 2017/01/02 21:35:10 ET
Table 'Ascella' 10-max Seat #5 is the button
Seat 1: Zubasa07 ($523.02 in chips)
Seat 5: Lucylove12 ($95.52 in chips)
Lucylove12: posts small blind $1
Zubasa07: posts big blind $3
*** HOLE CARDS ***
Lucylove12: raises $3 to $6
Zubasa07: calls $3
*** FLOP *** [As 2d 5c]
Zubasa07: checks
Lucylove12: bets $3
Zubasa07: calls $3
*** TURN *** [As 2d 5c] [5d]
Zubasa07: checks
Lucylove12: bets $6
Zubasa07: folds
Uncalled bet ($6) returned to Lucylove12
Lucylove12 collected $17.64 from pot
Lucylove12: doesn't show hand
*** SUMMARY ***
Total pot $18 | Rake $0.36
Board [As 2d 5c 5d]
Seat 1: Zubasa07 (big blind) folded on the Turn
Seat 5: Lucylove12 (button) (small blind) collected ($17.64)


PokerStars Hand #163947133463:  Hold'em Limit ($3/$6 USD) - 2017/01/02 21:34:38 ET
Table 'Ascella' 10-max Seat #1 is the button
Seat 1: Zubasa07 ($499.52 in chips)
Seat 5: Lucylove12 ($119.52 in chips)
Zubasa07: posts small blind $1
Lucylove12: posts big blind $3
*** HOLE CARDS ***
Zubasa07: raises $3 to $6
Lucylove12: raises $3 to $9
Zubasa07: calls $3
*** FLOP *** [Ah 5h 9h]
Lucylove12: bets $3
Zubasa07: calls $3
*** TURN *** [Ah 5h 9h] [2c]
Lucylove12: bets $6
Zubasa07: calls $6
*** RIVER *** [Ah 5h 9h 2c] [9s]
Lucylove12: bets $6
Zubasa07: calls $6
*** SHOW DOWN ***
Lucylove12: shows [4d 7s] (a pair of Nines)
Zubasa07: shows [Kc 5d] (two pair, Nines and Fives)
Zubasa07 collected $47.50 from pot
*** SUMMARY ***
Total pot $48 | Rake $0.50
Board [Ah 5h 9h 2c 9s]
Seat 1: Zubasa07 (button) (small blind) showed [Kc 5d] and won ($47.50) with two pair, Nines and Fives
Seat 5: Lucylove12 (big blind) showed [4d 7s] and lost with a pair of Nines


PokerStars Hand #163947177617:  Hold'em Limit ($3/$6 USD) - 2017/01/02 21:36:14 ET
Table 'Ascella' 10-max Seat #5 is the button
Seat 1: Zubasa07 ($499.02 in chips)
Seat 5: Lucylove12 ($118.66 in chips)
Lucylove12: posts small blind $1
Zubasa07: posts big blind $3
*** HOLE CARDS ***
Lucylove12: raises $3 to $6
Zubasa07: folds
Uncalled bet ($3) returned to Lucylove12
Lucylove12 collected $6 from pot
Lucylove12: doesn't show hand
*** SUMMARY ***
Total pot $6 | Rake $0
Seat 1: Zubasa07 (big blind) folded before Flop
Seat 5: Lucylove12 (button) (small blind) collected ($6)


PokerStars Hand #163947162030:  Hold'em Limit ($3/$6 USD) - 2017/01/02 21:35:40 ET
Table 'Ascella' 10-max Seat #1 is the button
Seat 1: Zubasa07 ($514.02 in chips)
Seat 5: Lucylove12 ($104.16 in chips)
Zubasa07: posts small blind $1
Lucylove12: posts big blind $3
*** HOLE CARDS ***
Zubasa07: raises $3 to $6
Lucylove12: calls $3
*** FLOP *** [4h 5c Tc]
Lucylove12: checks
Zubasa07: bets $3
Lucylove12: calls $3
*** TURN *** [4h 5c Tc] [3s]
Lucylove12: checks
Zubasa07: checks
*** RIVER *** [4h 5c Tc 3s] [Th]
Lucylove12: bets $6
Zubasa07: calls $6
*** SHOW DOWN ***
Lucylove12: shows [6h 2h] (a straight, Deuce to Six)
Zubasa07: mucks hand
Lucylove12 collected $29.50 from pot
*** SUMMARY ***
Total pot $30 | Rake $0.50
Board [4h 5c Tc 3s Th]
Seat 1: Zubasa07 (button) (small blind) mucked
Seat 5: Lucylove12 (big blind) showed [6h 2h] and won ($29.50) with a straight, Deuce to Six


PokerStars Hand #163947205612:  Hold'em Limit ($3/$6 USD) - 2017/01/02 21:37:14 ET
Table 'Ascella' 10-max Seat #1 is the button
Seat 1: Zubasa07 ($478.02 in chips)
Seat 5: Lucylove12 ($138.94 in chips)
Zubasa07: posts small blind $1
Lucylove12: posts big blind $3
*** HOLE CARDS ***
Zubasa07: raises $3 to $6
Lucylove12: calls $3
*** FLOP *** [3h Ad Kc]
Lucylove12: checks
Zubasa07: bets $3
Lucylove12: folds
Uncalled bet ($3) returned to Zubasa07
Zubasa07 collected $11.76 from pot
Zubasa07: doesn't show hand
*** SUMMARY ***
Total pot $12 | Rake $0.24
Board [3h Ad Kc]
Seat 1: Zubasa07 (button) (small blind) collected ($11.76)
Seat 5: Lucylove12 (big blind) folded on the Flop


PokerStars Hand #163947198765:  Hold'em Limit ($3/$6 USD) - 2017/01/02 21:36:59 ET
Table 'Ascella' 10-max Seat #5 is the button
Seat 1: Zubasa07 ($484.02 in chips)
Seat 5: Lucylove12 ($133.18 in chips)
Lucylove12: posts small blind $1
Zubasa07: posts big blind $3
*** HOLE CARDS ***
Lucylove12: raises $3 to $6
Zubasa07: calls $3
*** FLOP *** [4h Jc Ks]
Zubasa07: checks
Lucylove12: bets $3
Zubasa07: folds
Uncalled bet ($3) returned to Lucylove12
Lucylove12 collected $11.76 from pot
Lucylove12: doesn't show hand
*** SUMMARY ***
Total pot $12 | Rake $0.24
Board [4h Jc Ks]
Seat 1: Zubasa07 (big blind) folded on the Flop
Seat 5: Lucylove12 (button) (small blind) collected ($11.76)


PokerStars Hand #163947184257:  Hold'em Limit ($3/$6 USD) - 2017/01/02 21:36:28 ET
Table 'Ascella' 10-max Seat #1 is the button
Seat 1: Zubasa07 ($496.02 in chips)
Seat 5: Lucylove12 ($121.66 in chips)
Zubasa07: posts small blind $1
Lucylove12: posts big blind $3
*** HOLE CARDS ***
Zubasa07: raises $3 to $6
Lucylove12: calls $3
*** FLOP *** [Qh Kd 3c]
Lucylove12: checks
Zubasa07: bets $3
Lucylove12: raises $3 to $6
Zubasa07: calls $3
*** TURN *** [Qh Kd 3c] [2s]
Lucylove12: bets $6
Zubasa07: folds
Uncalled bet ($6) returned to Lucylove12
Lucylove12 collected $23.52 from pot
Lucylove12: doesn't show hand
*** SUMMARY ***
Total pot $24 | Rake $0.48
Board [Qh Kd 3c 2s]
Seat 1: Zubasa07 (button) (small blind) folded on the Turn
Seat 5: Lucylove12 (big blind) collected ($23.52)


PokerStars Hand #163947238822:  Hold'em Limit ($3/$6 USD) - 2017/01/02 21:38:20 ET
Table 'Ascella' 10-max Seat #5 is the button
Seat 1: Zubasa07 ($471.78 in chips)
Seat 5: Lucylove12 ($144.46 in chips)
Lucylove12: posts small blind $1
Zubasa07: posts big blind $3
*** HOLE CARDS ***
Lucylove12: raises $3 to $6
Zubasa07: folds
Uncalled bet ($3) returned to Lucylove12
Lucylove12 collected $6 from pot
Lucylove12: doesn't show hand
*** SUMMARY ***
Total pot $6 | Rake $0
Seat 1: Zubasa07 (big blind) folded before Flop
Seat 5: Lucylove12 (button) (small blind) collected ($6)


PokerStars Hand #163947225916:  Hold'em Limit ($3/$6 USD) - 2017/01/02 21:37:58 ET
Table 'Ascella' 10-max Seat #1 is the button
Seat 1: Zubasa07 ($477.78 in chips)
Seat 5: Lucylove12 ($138.70 in chips)
Zubasa07: posts small blind $1
Lucylove12: posts big blind $3
*** HOLE CARDS ***
Zubasa07: raises $3 to $6
Lucylove12: calls $3
*** FLOP *** [5c 6d 5s]
Lucylove12: checks
Zubasa07: checks
*** TURN *** [5c 6d 5s] [Td]
Lucylove12: bets $6
Zubasa07: folds
Uncalled bet ($6) returned to Lucylove12
Lucylove12 collected $11.76 from pot
Lucylove12: doesn't show hand
*** SUMMARY ***
Total pot $12 | Rake $0.24
Board [5c 6d 5s Td]
Seat 1: Zubasa07 (button) (small blind) folded on the Turn
Seat 5: Lucylove12 (big blind) collected ($11.76)


PokerStars Hand #163947212893:  Hold'em Limit ($3/$6 USD) - 2017/01/02 21:37:30 ET
Table 'Ascella' 10-max Seat #5 is the button
Seat 1: Zubasa07 ($483.78 in chips)
Seat 5: Lucylove12 ($132.94 in chips)
Lucylove12: posts small blind $1
Zubasa07: posts big blind $3
*** HOLE CARDS ***
Lucylove12: calls $2
Zubasa07: checks
*** FLOP *** [Ad Jc 5s]
Zubasa07: bets $3
Lucylove12: calls $3
*** TURN *** [Ad Jc 5s] [6c]
Zubasa07: checks
Lucylove12: bets $6
Zubasa07: folds
Uncalled bet ($6) returned to Lucylove12
Lucylove12 collected $11.76 from pot
Lucylove12: doesn't show hand
*** SUMMARY ***
Total pot $12 | Rake $0.24
Board [Ad Jc 5s 6c]
Seat 1: Zubasa07 (big blind) folded on the Turn
Seat 5: Lucylove12 (button) (small blind) collected ($11.76)


PokerStars Hand #163947248943:  Hold'em Limit ($3/$6 USD) - 2017/01/02 21:38:42 ET
Table 'Ascella' 10-max Seat #5 is the button
Seat 1: Zubasa07 ($471.78 in chips)
Seat 5: Lucylove12 ($144.46 in chips)
Lucylove12: posts small blind $1
Zubasa07: posts big blind $3
*** HOLE CARDS ***
Lucylove12: folds
Uncalled bet ($2) returned to Zubasa07
Zubasa07 collected $2 from pot
Zubasa07: doesn't show hand
*** SUMMARY ***
Total pot $2 | Rake $0
Seat 1: Zubasa07 (big blind) collected ($2)
Seat 5: Lucylove12 (button) (small blind) folded before Flop


PokerStars Hand #163947245820:  Hold'em Limit ($3/$6 USD) - 2017/01/02 21:38:35 ET
Table 'Ascella' 10-max Seat #1 is the button
Seat 1: Zubasa07 ($468.78 in chips)
Seat 5: Lucylove12 ($147.46 in chips)
Zubasa07: posts small blind $1
Lucylove12: posts big blind $3
*** HOLE CARDS ***
Zubasa07: raises $3 to $6
Lucylove12: folds
Uncalled bet ($3) returned to Zubasa07
Zubasa07 collected $6 from pot
Zubasa07: doesn't show hand
*** SUMMARY ***
Total pot $6 | Rake $0
Seat 1: Zubasa07 (button) (small blind) collected ($6)
Seat 5: Lucylove12 (big blind) folded before Flop


PokerStars Hand #163947251133:  Hold'em Limit ($3/$6 USD) - 2017/01/02 21:38:46 ET
Table 'Ascella' 10-max Seat #1 is the button
Seat 1: Zubasa07 ($472.78 in chips)
Seat 5: Lucylove12 ($143.46 in chips)
Zubasa07: posts small blind $1
Lucylove12: posts big blind $3
*** HOLE CARDS ***
Zubasa07: raises $3 to $6
Lucylove12: folds
Uncalled bet ($3) returned to Zubasa07
Zubasa07 collected $6 from pot
Zubasa07: doesn't show hand
*** SUMMARY ***
Total pot $6 | Rake $0
Seat 1: Zubasa07 (button) (small blind) collected ($6)
Seat 5: Lucylove12 (big blind) folded before Flop


PokerStars Hand #163947288520:  Hold'em Limit ($3/$6 USD) - 2017/01/02 21:40:08 ET
Table 'Ascella' 10-max Seat #1 is the button
Seat 1: Zubasa07 ($520.28 in chips)
Seat 5: Lucylove12 ($95.46 in chips)
Zubasa07: posts small blind $1
Lucylove12: posts big blind $3
*** HOLE CARDS ***
Zubasa07: raises $3 to $6
Lucylove12: calls $3
*** FLOP *** [Qc 9d 7s]
Lucylove12: bets $3
Zubasa07: folds
Uncalled bet ($3) returned to Lucylove12
Lucylove12 collected $11.76 from pot
Lucylove12: doesn't show hand
*** SUMMARY ***
Total pot $12 | Rake $0.24
Board [Qc 9d 7s]
Seat 1: Zubasa07 (button) (small blind) folded on the Flop
Seat 5: Lucylove12 (big blind) collected ($11.76)


PokerStars Hand #163947255544:  Hold'em Limit ($3/$6 USD) - 2017/01/02 21:38:56 ET
Table 'Ascella' 10-max Seat #5 is the button
Seat 1: Zubasa07 ($475.78 in chips)
Seat 5: Lucylove12 ($140.46 in chips)
Lucylove12: posts small blind $1
Zubasa07: posts big blind $3
*** HOLE CARDS ***
Lucylove12: calls $2
Zubasa07: raises $3 to $6
Lucylove12: raises $3 to $9
Zubasa07: calls $3
*** FLOP *** [2s Jh 6c]
Zubasa07: checks
Lucylove12: bets $3
Zubasa07: raises $3 to $6
Lucylove12: raises $3 to $9
Zubasa07: raises $3 to $12
Betting is capped
Lucylove12: calls $3
*** TURN *** [2s Jh 6c] [7c]
Zubasa07: bets $6
Lucylove12: raises $6 to $12
Zubasa07: raises $6 to $18
Lucylove12: calls $6
*** RIVER *** [2s Jh 6c 7c] [9c]
Zubasa07: bets $6
Lucylove12: calls $6
*** SHOW DOWN ***
Zubasa07: shows [6d 6s] (three of a kind, Sixes)
Lucylove12: mucks hand
Zubasa07 collected $89.50 from pot
*** SUMMARY ***
Total pot $90 | Rake $0.50
Board [2s Jh 6c 7c 9c]
Seat 1: Zubasa07 (big blind) showed [6d 6s] and won ($89.50) with three of a kind, Sixes
Seat 5: Lucylove12 (button) (small blind) mucked


PokerStars Hand #163947314997:  Hold'em Limit ($3/$6 USD) - 2017/01/02 21:41:06 ET
Table 'Ascella' 10-max Seat #1 is the button
Seat 1: Zubasa07 ($531.78 in chips)
Seat 5: Lucylove12 ($83.22 in chips)
Zubasa07: posts small blind $1
Lucylove12: posts big blind $3
*** HOLE CARDS ***
Zubasa07: raises $3 to $6
Lucylove12: raises $3 to $9
Zubasa07: calls $3
*** FLOP *** [Ks As Th]
Lucylove12: bets $3
Zubasa07: calls $3
*** TURN *** [Ks As Th] [4d]
Lucylove12: checks
Zubasa07: checks
*** RIVER *** [Ks As Th 4d] [2c]
Lucylove12: folds
Lucylove12 leaves the table
Zubasa07 collected $23.52 from pot
Zubasa07: doesn't show hand
*** SUMMARY ***
Total pot $24 | Rake $0.48
Board [Ks As Th 4d 2c]
Seat 1: Zubasa07 (button) (small blind) collected ($23.52)
Seat 5: Lucylove12 (big blind) folded on the River


PokerStars Hand #163947300966:  Hold'em Limit ($3/$6 USD) - 2017/01/02 21:40:35 ET
Table 'Ascella' 10-max Seat #5 is the button
Seat 1: Zubasa07 ($514.28 in chips)
Seat 5: Lucylove12 ($101.22 in chips)
Lucylove12: posts small blind $1
Zubasa07: posts big blind $3
*** HOLE CARDS ***
Lucylove12: calls $2
Zubasa07: raises $3 to $6
Lucylove12: calls $3
*** FLOP *** [4s 8c Jh]
Zubasa07: bets $3
Lucylove12: raises $3 to $6
Zubasa07: calls $3
*** TURN *** [4s 8c Jh] [Ac]
Zubasa07: checks
Lucylove12: checks
*** RIVER *** [4s 8c Jh Ac] [Qc]
Zubasa07: bets $6
Lucylove12: calls $6
*** SHOW DOWN ***
Zubasa07: shows [Ts As] (a pair of Aces)
Lucylove12: mucks hand
Zubasa07 collected $35.50 from pot
*** SUMMARY ***
Total pot $36 | Rake $0.50
Board [4s 8c Jh Ac Qc]
Seat 1: Zubasa07 (big blind) showed [Ts As] and won ($35.50) with a pair of Aces
Seat 5: Lucylove12 (button) (small blind) mucked


