PokerStars Hand #144468724476:  Hold'em Limit ($3/$6 USD) - 2015/11/27 14:06:41 ET
Table 'Ascella' 6-max Seat #4 is the button
Seat 1: trucker7475 ($122.88 in chips)
Seat 4: Azrarn ($72 in chips)
Azrarn: posts small blind $1
trucker7475: posts big blind $3
*** HOLE CARDS ***
Azrarn: raises $3 to $6
trucker7475: folds
Uncalled bet ($3) returned to Azrarn
Azrarn collected $6 from pot
Azrarn: doesn't show hand
*** SUMMARY ***
Total pot $6 | Rake $0
Seat 1: trucker7475 (big blind) folded before Flop
Seat 4: Azrarn (button) (small blind) collected ($6)


PokerStars Hand #144468706487:  Hold'em Limit ($3/$6 USD) - 2015/11/27 14:06:20 ET
Table 'Ascella' 6-max Seat #1 is the button
Seat 1: trucker7475 ($120 in chips)
Seat 4: Azrarn ($72 in chips)
trucker7475: posts small blind $1
LukaSteel joins the table at seat #2
Azrarn: posts big blind $3
*** HOLE CARDS ***
SashaYuvelir joins the table at seat #3
trucker7475: calls $2
Azrarn: checks
*** FLOP *** [Qd 7d 9h]
Azrarn: checks
trucker7475: checks
*** TURN *** [Qd 7d 9h] [8h]
Azrarn: checks
trucker7475: bets $6
Azrarn: folds
Uncalled bet ($6) returned to trucker7475
trucker7475 collected $5.88 from pot
*** SUMMARY ***
Total pot $6 | Rake $0.12
Board [Qd 7d 9h 8h]
Seat 1: trucker7475 (button) (small blind) collected ($5.88)
Seat 4: Azrarn (big blind) folded on the Turn


PokerStars Hand #144469077131:  Hold'em Limit ($3/$6 USD) - 2015/11/27 14:13:29 ET
Table 'Ascella' 6-max Seat #5 is the button
Seat 4: Chessnok ($115.47 in chips)
Seat 5: Frank2Neue ($103.50 in chips)
Frank2Neue: posts small blind $1
Chessnok: posts big blind $3
*** HOLE CARDS ***
Frank2Neue: folds
Uncalled bet ($2) returned to Chessnok
Chessnok collected $2 from pot
Chessnok: doesn't show hand
*** SUMMARY ***
Total pot $2 | Rake $0
Seat 4: Chessnok (big blind) collected ($2)
Seat 5: Frank2Neue (button) (small blind) folded before Flop


PokerStars Hand #144469057756:  Hold'em Limit ($3/$6 USD) - 2015/11/27 14:13:07 ET
Table 'Ascella' 6-max Seat #4 is the button
Seat 4: Chessnok ($139.47 in chips)
Seat 5: Frank2Neue ($80 in chips)
Chessnok: posts small blind $1
Frank2Neue: posts big blind $3
*** HOLE CARDS ***
Chessnok: raises $3 to $6
Frank2Neue: raises $3 to $9
Chessnok: calls $3
*** FLOP *** [Ts Jd 8s]
Frank2Neue: bets $3
Chessnok: calls $3
*** TURN *** [Ts Jd 8s] [5d]
Frank2Neue: bets $6
Chessnok: calls $6
*** RIVER *** [Ts Jd 8s 5d] [Qs]
Frank2Neue: bets $6
Chessnok: calls $6
*** SHOW DOWN ***
Frank2Neue: shows [Kc Qh] (a pair of Queens)
Chessnok: mucks hand
Frank2Neue collected $47.50 from pot
*** SUMMARY ***
Total pot $48 | Rake $0.50
Board [Ts Jd 8s 5d Qs]
Seat 4: Chessnok (button) (small blind) mucked
Seat 5: Frank2Neue (big blind) showed [Kc Qh] and won ($47.50) with a pair of Queens


PokerStars Hand #144469015785:  Hold'em Limit ($3/$6 USD) - 2015/11/27 14:12:18 ET
Table 'Ascella' 6-max Seat #5 is the button
Seat 4: Chessnok ($142.47 in chips)
Seat 5: Frank2Neue ($77 in chips)
Frank2Neue: posts small blind $1
steinchen: is sitting out
LukaSteel: is sitting out
SashaYuvelir: is sitting out
Chessnok: posts big blind $3
*** HOLE CARDS ***
LukaSteel leaves the table
SashaYuvelir said, "pidaras"
SashaYuvelir leaves the table
Frank2Neue: raises $3 to $6
Chessnok: folds
Uncalled bet ($3) returned to Frank2Neue
Frank2Neue collected $6 from pot
Frank2Neue: doesn't show hand
*** SUMMARY ***
Total pot $6 | Rake $0
Seat 4: Chessnok (big blind) folded before Flop
Seat 5: Frank2Neue (button) (small blind) collected ($6)


PokerStars Hand #144470917440:  Hold'em Limit ($3/$6 USD) - 2015/11/27 14:47:58 ET
Table 'Ascella' 6-max Seat #1 is the button
Seat 1: gussi5 ($84 in chips)
Seat 2: ZinZar ($72 in chips)
gussi5: posts small blind $1
SashaYuvelir joins the table at seat #3
ZinZar: posts big blind $3
*** HOLE CARDS ***
gussi5: raises $3 to $6
ZinZar: raises $3 to $9
gussi5: calls $3
*** FLOP *** [Qc Jc Ks]
ZinZar: bets $3
gussi5: calls $3
*** TURN *** [Qc Jc Ks] [2c]
ZinZar: bets $6
gussi5: calls $6
*** RIVER *** [Qc Jc Ks 2c] [Kh]
ZinZar: bets $6
gussi5: calls $6
*** SHOW DOWN ***
ZinZar: shows [Kd Jh] (a full house, Kings full of Jacks)
gussi5: mucks hand
ZinZar collected $47.50 from pot
*** SUMMARY ***
Total pot $48 | Rake $0.50
Board [Qc Jc Ks 2c Kh]
Seat 1: gussi5 (button) (small blind) mucked
Seat 2: ZinZar (big blind) showed [Kd Jh] and won ($47.50) with a full house, Kings full of Jacks


PokerStars Hand #144471758804:  Hold'em Limit ($3/$6 USD) - 2015/11/27 15:04:44 ET
Table 'Ascella' 6-max Seat #3 is the button
Seat 2: ZinZar ($339.11 in chips)
Seat 3: SashaYuvelir ($127.38 in chips)
SashaYuvelir: posts small blind $1
ZinZar: posts big blind $3
*** HOLE CARDS ***
SashaYuvelir: raises $3 to $6
gussi5 leaves the table
ZinZar: raises $3 to $9
SashaYuvelir: calls $3
*** FLOP *** [5s 2s 3c]
ZinZar: bets $3
SashaYuvelir: raises $3 to $6
ZinZar: calls $3
*** TURN *** [5s 2s 3c] [4h]
ZinZar: checks
SashaYuvelir: checks
*** RIVER *** [5s 2s 3c 4h] [Ah]
ZinZar: checks
SashaYuvelir: checks
*** SHOW DOWN ***
ZinZar: shows [9h Ac] (a straight, Ace to Five)
SashaYuvelir: shows [5d Th] (a straight, Ace to Five)
ZinZar collected $14.75 from pot
SashaYuvelir collected $14.75 from pot
*** SUMMARY ***
Total pot $30 | Rake $0.50
Board [5s 2s 3c 4h Ah]
Seat 2: ZinZar (big blind) showed [9h Ac] and won ($14.75) with a straight, Ace to Five
Seat 3: SashaYuvelir (button) (small blind) showed [5d Th] and won ($14.75) with a straight, Ace to Five


