PokerStars Hand #161209263899:  Hold'em Limit ($3/$6 USD) - 2016/11/10 17:13:34 ET
Table 'Aschera II' 6-max Seat #3 is the button
Seat 3: hairy1961 ($50 in chips)
Seat 4: assitoni ($72 in chips)
hairy1961: posts small blind $1
assitoni: posts big blind $3
*** HOLE CARDS ***
hairy1961: folds
Uncalled bet ($2) returned to assitoni
assitoni collected $2 from pot
assitoni: doesn't show hand
*** SUMMARY ***
Total pot $2 | Rake $0
Seat 3: hairy1961 (button) (small blind) folded before Flop
Seat 4: assitoni (big blind) collected ($2)


PokerStars Hand #161209274247:  Hold'em Limit ($3/$6 USD) - 2016/11/10 17:13:46 ET
Table 'Aschera II' 6-max Seat #4 is the button
Seat 3: hairy1961 ($49 in chips)
Seat 4: assitoni ($73 in chips)
assitoni: posts small blind $1
hairy1961: posts big blind $3
*** HOLE CARDS ***
assitoni: raises $3 to $6
hairy1961: calls $3
*** FLOP *** [9d Td 8d]
hairy1961: checks
assitoni: bets $3
hairy1961: raises $3 to $6
assitoni: calls $3
*** TURN *** [9d Td 8d] [7h]
hairy1961: bets $6
assitoni: folds
Uncalled bet ($6) returned to hairy1961
hairy1961 collected $23.52 from pot
*** SUMMARY ***
Total pot $24 | Rake $0.48
Board [9d Td 8d 7h]
Seat 3: hairy1961 (big blind) collected ($23.52)
Seat 4: assitoni (button) (small blind) folded on the Turn


PokerStars Hand #161209313944:  Hold'em Limit ($3/$6 USD) - 2016/11/10 17:14:33 ET
Table 'Aschera II' 6-max Seat #4 is the button
Seat 3: hairy1961 ($55.52 in chips)
Seat 4: assitoni ($77 in chips)
assitoni: posts small blind $1
hairy1961: posts big blind $3
*** HOLE CARDS ***
assitoni: raises $3 to $6
hairy1961: raises $3 to $9
assitoni: calls $3
*** FLOP *** [6s 5s Jd]
hairy1961: bets $3
assitoni: calls $3
*** TURN *** [6s 5s Jd] [9h]
hairy1961: bets $6
assitoni: calls $6
*** RIVER *** [6s 5s Jd 9h] [4c]
hairy1961: bets $6
assitoni: calls $6
*** SHOW DOWN ***
hairy1961: shows [Kh 8h] (high card King)
assitoni: shows [9c Ts] (a pair of Nines)
assitoni collected $47.50 from pot
*** SUMMARY ***
Total pot $48 | Rake $0.50
Board [6s 5s Jd 9h 4c]
Seat 3: hairy1961 (big blind) showed [Kh 8h] and lost with high card King
Seat 4: assitoni (button) (small blind) showed [9c Ts] and won ($47.50) with a pair of Nines


PokerStars Hand #161209297887:  Hold'em Limit ($3/$6 USD) - 2016/11/10 17:14:14 ET
Table 'Aschera II' 6-max Seat #3 is the button
Seat 3: hairy1961 ($60.52 in chips)
Seat 4: assitoni ($72 in chips)
hairy1961: posts small blind $1
assitoni: posts big blind $3
*** HOLE CARDS ***
hairy1961: folds
Uncalled bet ($2) returned to assitoni
assitoni collected $2 from pot
assitoni: doesn't show hand
*** SUMMARY ***
Total pot $2 | Rake $0
Seat 3: hairy1961 (button) (small blind) folded before Flop
Seat 4: assitoni (big blind) collected ($2)


PokerStars Hand #161209309321:  Hold'em Limit ($3/$6 USD) - 2016/11/10 17:14:27 ET
Table 'Aschera II' 6-max Seat #3 is the button
Seat 3: hairy1961 ($56.52 in chips)
Seat 4: assitoni ($76 in chips)
hairy1961: posts small blind $1
assitoni: posts big blind $3
*** HOLE CARDS ***
hairy1961: folds
Uncalled bet ($2) returned to assitoni
assitoni collected $2 from pot
assitoni: doesn't show hand
*** SUMMARY ***
Total pot $2 | Rake $0
Seat 3: hairy1961 (button) (small blind) folded before Flop
Seat 4: assitoni (big blind) collected ($2)


PokerStars Hand #161209303659:  Hold'em Limit ($3/$6 USD) - 2016/11/10 17:14:21 ET
Table 'Aschera II' 6-max Seat #4 is the button
Seat 3: hairy1961 ($59.52 in chips)
Seat 4: assitoni ($73 in chips)
assitoni: posts small blind $1
hairy1961: posts big blind $3
*** HOLE CARDS ***
assitoni: raises $3 to $6
hairy1961: folds
Uncalled bet ($3) returned to assitoni
assitoni collected $6 from pot
assitoni: doesn't show hand
*** SUMMARY ***
Total pot $6 | Rake $0
Seat 3: hairy1961 (big blind) folded before Flop
Seat 4: assitoni (button) (small blind) collected ($6)


PokerStars Hand #161209337566:  Hold'em Limit ($3/$6 USD) - 2016/11/10 17:15:01 ET
Table 'Aschera II' 6-max Seat #3 is the button
Seat 3: hairy1961 ($31.52 in chips)
Seat 4: assitoni ($100.50 in chips)
mahan farokh joins the table at seat #5
hairy1961: posts small blind $1
assitoni: posts big blind $3
*** HOLE CARDS ***
hairy1961: raises $3 to $6
GoliafUa joins the table at seat #6
assitoni: folds
Uncalled bet ($3) returned to hairy1961
hairy1961 collected $6 from pot
*** SUMMARY ***
Total pot $6 | Rake $0
Seat 3: hairy1961 (button) (small blind) collected ($6)
Seat 4: assitoni (big blind) folded before Flop


PokerStars Hand #161211816413:  Hold'em Limit ($3/$6 USD) - 2016/11/10 18:06:25 ET
Table 'Aschera II' 6-max Seat #3 is the button
Seat 2: Psynto ($316 in chips)
Seat 3: Isenvaden ($212 in chips)
Isenvaden: posts small blind $1
assitoni: is sitting out
GoliafUa: is sitting out
Actionni13: is sitting out
Psynto: posts big blind $3
*** HOLE CARDS ***
Isenvaden: raises $3 to $6
GoliafUa leaves the table
Psynto: calls $3
*** FLOP *** [Ts Qh 6d]
Psynto: checks
Isenvaden: bets $3
Psynto: folds
Uncalled bet ($3) returned to Isenvaden
Isenvaden collected $11.76 from pot
Isenvaden: doesn't show hand
*** SUMMARY ***
Total pot $12 | Rake $0.24
Board [Ts Qh 6d]
Seat 2: Psynto (big blind) folded on the Flop
Seat 3: Isenvaden (button) (small blind) collected ($11.76)


PokerStars Hand #161211886009:  Hold'em Limit ($3/$6 USD) - 2016/11/10 18:07:55 ET
Table 'Aschera II' 6-max Seat #6 is the button
Seat 2: Psynto ($337.26 in chips)
Seat 6: sgerrard4 ($92 in chips)
sgerrard4: posts small blind $1
Psynto: posts big blind $3
*** HOLE CARDS ***
sgerrard4: raises $3 to $6
Psynto: calls $3
*** FLOP *** [4h 8s 5c]
Psynto: checks
sgerrard4: bets $3
Psynto: folds
Uncalled bet ($3) returned to sgerrard4
sgerrard4 collected $11.76 from pot
sgerrard4: doesn't show hand
*** SUMMARY ***
Total pot $12 | Rake $0.24
Board [4h 8s 5c]
Seat 2: Psynto (big blind) folded on the Flop
Seat 6: sgerrard4 (button) (small blind) collected ($11.76)


PokerStars Hand #161211868372:  Hold'em Limit ($3/$6 USD) - 2016/11/10 18:07:33 ET
Table 'Aschera II' 6-max Seat #2 is the button
Seat 2: Psynto ($327.50 in chips)
Seat 6: sgerrard4 ($102 in chips)
Psynto: posts small blind $1
sgerrard4: posts big blind $3
*** HOLE CARDS ***
Psynto: raises $3 to $6
sgerrard4: folds
Uncalled bet ($3) returned to Psynto
Psynto collected $6 from pot
Psynto: doesn't show hand
*** SUMMARY ***
Total pot $6 | Rake $0
Seat 2: Psynto (button) (small blind) collected ($6)
Seat 6: sgerrard4 (big blind) folded before Flop


PokerStars Hand #161211863933:  Hold'em Limit ($3/$6 USD) - 2016/11/10 18:07:27 ET
Table 'Aschera II' 6-max Seat #6 is the button
Seat 2: Psynto ($330.50 in chips)
Seat 6: sgerrard4 ($99 in chips)
sgerrard4: posts small blind $1
Psynto: posts big blind $3
*** HOLE CARDS ***
sgerrard4: raises $3 to $6
Psynto: folds
Uncalled bet ($3) returned to sgerrard4
sgerrard4 collected $6 from pot
sgerrard4: doesn't show hand
*** SUMMARY ***
Total pot $6 | Rake $0
Seat 2: Psynto (big blind) folded before Flop
Seat 6: sgerrard4 (button) (small blind) collected ($6)


PokerStars Hand #161211872747:  Hold'em Limit ($3/$6 USD) - 2016/11/10 18:07:38 ET
Table 'Aschera II' 6-max Seat #6 is the button
Seat 2: Psynto ($330.50 in chips)
Seat 6: sgerrard4 ($99 in chips)
sgerrard4: posts small blind $1
Psynto: posts big blind $3
*** HOLE CARDS ***
sgerrard4: folds
Uncalled bet ($2) returned to Psynto
Psynto collected $2 from pot
Psynto: doesn't show hand
*** SUMMARY ***
Total pot $2 | Rake $0
Seat 2: Psynto (big blind) collected ($2)
Seat 6: sgerrard4 (button) (small blind) folded before Flop


PokerStars Hand #161211840313:  Hold'em Limit ($3/$6 USD) - 2016/11/10 18:06:56 ET
Table 'Aschera II' 6-max Seat #2 is the button
Seat 2: Psynto ($310 in chips)
Seat 6: sgerrard4 ($120 in chips)
Psynto: posts small blind $1
sgerrard4: posts big blind $3
*** HOLE CARDS ***
Psynto: raises $3 to $6
Isenvaden leaves the table
sgerrard4: calls $3
*** FLOP *** [Jh Td Jd]
sgerrard4: checks
Psynto: bets $3
sgerrard4: calls $3
*** TURN *** [Jh Td Jd] [Th]
sgerrard4: checks
Psynto: bets $6
sgerrard4: calls $6
*** RIVER *** [Jh Td Jd Th] [4d]
sgerrard4: checks
Psynto: bets $6
sgerrard4: calls $6
*** SHOW DOWN ***
Psynto: shows [Tc 7h] (a full house, Tens full of Jacks)
sgerrard4: mucks hand
Psynto collected $41.50 from pot
*** SUMMARY ***
Total pot $42 | Rake $0.50
Board [Jh Td Jd Th 4d]
Seat 2: Psynto (button) (small blind) showed [Tc 7h] and won ($41.50) with a full house, Tens full of Jacks
Seat 6: sgerrard4 (big blind) mucked


PokerStars Hand #161211927899:  Hold'em Limit ($3/$6 USD) - 2016/11/10 18:08:49 ET
Table 'Aschera II' 6-max Seat #2 is the button
Seat 2: Psynto ($322.02 in chips)
Seat 6: sgerrard4 ($106.26 in chips)
Psynto: posts small blind $1
sgerrard4: posts big blind $3
*** HOLE CARDS ***
Psynto: raises $3 to $6
sgerrard4: folds
Uncalled bet ($3) returned to Psynto
Psynto collected $6 from pot
Psynto: doesn't show hand
*** SUMMARY ***
Total pot $6 | Rake $0
Seat 2: Psynto (button) (small blind) collected ($6)
Seat 6: sgerrard4 (big blind) folded before Flop


PokerStars Hand #161211914875:  Hold'em Limit ($3/$6 USD) - 2016/11/10 18:08:32 ET
Table 'Aschera II' 6-max Seat #6 is the button
Seat 2: Psynto ($337.02 in chips)
Seat 6: sgerrard4 ($91.76 in chips)
sgerrard4: posts small blind $1
Psynto: posts big blind $3
*** HOLE CARDS ***
sgerrard4: raises $3 to $6
Psynto: calls $3
*** FLOP *** [5d Td Js]
Psynto: checks
sgerrard4: bets $3
Psynto: calls $3
*** TURN *** [5d Td Js] [Jc]
Psynto: checks
sgerrard4: bets $6
UNABELIEVE leaves the table
Psynto: calls $6
*** RIVER *** [5d Td Js Jc] [Ks]
Psynto: checks
sgerrard4: bets $6
Psynto: folds
Uncalled bet ($6) returned to sgerrard4
sgerrard4 collected $29.50 from pot
sgerrard4: doesn't show hand
*** SUMMARY ***
Total pot $30 | Rake $0.50
Board [5d Td Js Jc Ks]
Seat 2: Psynto (big blind) folded on the River
Seat 6: sgerrard4 (button) (small blind) collected ($29.50)


PokerStars Hand #161211896058:  Hold'em Limit ($3/$6 USD) - 2016/11/10 18:08:08 ET
Table 'Aschera II' 6-max Seat #2 is the button
Seat 2: Psynto ($331.26 in chips)
Seat 6: sgerrard4 ($97.76 in chips)
Psynto: posts small blind $1
sgerrard4: posts big blind $3
*** HOLE CARDS ***
Psynto: raises $3 to $6
sgerrard4: calls $3
*** FLOP *** [Tc 7d 4d]
UNABELIEVE joins the table at seat #3
sgerrard4: checks
Psynto: bets $3
sgerrard4: folds
Uncalled bet ($3) returned to Psynto
Psynto collected $11.76 from pot
Psynto: doesn't show hand
*** SUMMARY ***
Total pot $12 | Rake $0.24
Board [Tc 7d 4d]
Seat 2: Psynto (button) (small blind) collected ($11.76)
Seat 6: sgerrard4 (big blind) folded on the Flop


PokerStars Hand #161211975850:  Hold'em Limit ($3/$6 USD) - 2016/11/10 18:09:50 ET
Table 'Aschera II' 6-max Seat #2 is the button
Seat 2: Psynto ($334.78 in chips)
Seat 6: sgerrard4 ($93.14 in chips)
Psynto: posts small blind $1
sgerrard4: posts big blind $3
*** HOLE CARDS ***
Psynto: raises $3 to $6
sgerrard4: raises $3 to $9
Psynto: calls $3
*** FLOP *** [3d Jc Jh]
sgerrard4: bets $3
Psynto: calls $3
*** TURN *** [3d Jc Jh] [Ah]
sgerrard4: checks
Psynto: bets $6
sgerrard4: calls $6
*** RIVER *** [3d Jc Jh Ah] [9d]
sgerrard4: bets $6
Psynto: calls $6
*** SHOW DOWN ***
sgerrard4: shows [9h 9c] (a full house, Nines full of Jacks)
Psynto: mucks hand
sgerrard4 collected $47.50 from pot
*** SUMMARY ***
Total pot $48 | Rake $0.50
Board [3d Jc Jh Ah 9d]
Seat 2: Psynto (button) (small blind) mucked
Seat 6: sgerrard4 (big blind) showed [9h 9c] and won ($47.50) with a full house, Nines full of Jacks


PokerStars Hand #161211951431:  Hold'em Limit ($3/$6 USD) - 2016/11/10 18:09:19 ET
Table 'Aschera II' 6-max Seat #2 is the button
Seat 2: Psynto ($326.02 in chips)
Seat 6: sgerrard4 ($102.14 in chips)
Psynto: posts small blind $1
sgerrard4: posts big blind $3
*** HOLE CARDS ***
Psynto: raises $3 to $6
sgerrard4: folds
Uncalled bet ($3) returned to Psynto
Psynto collected $6 from pot
Psynto: doesn't show hand
*** SUMMARY ***
Total pot $6 | Rake $0
Seat 2: Psynto (button) (small blind) collected ($6)
Seat 6: sgerrard4 (big blind) folded before Flop


PokerStars Hand #161211957995:  Hold'em Limit ($3/$6 USD) - 2016/11/10 18:09:27 ET
Table 'Aschera II' 6-max Seat #6 is the button
Seat 2: Psynto ($329.02 in chips)
Seat 6: sgerrard4 ($99.14 in chips)
sgerrard4: posts small blind $1
Psynto: posts big blind $3
*** HOLE CARDS ***
sgerrard4: raises $3 to $6
Psynto: calls $3
*** FLOP *** [6c 9c Th]
Psynto: checks
sgerrard4: checks
*** TURN *** [6c 9c Th] [5h]
Psynto: bets $6
sgerrard4: folds
Uncalled bet ($6) returned to Psynto
Psynto collected $11.76 from pot
Psynto: doesn't show hand
*** SUMMARY ***
Total pot $12 | Rake $0.24
Board [6c 9c Th 5h]
Seat 2: Psynto (big blind) collected ($11.76)
Seat 6: sgerrard4 (button) (small blind) folded on the Turn


PokerStars Hand #161211947156:  Hold'em Limit ($3/$6 USD) - 2016/11/10 18:09:13 ET
Table 'Aschera II' 6-max Seat #6 is the button
Seat 2: Psynto ($325.02 in chips)
Seat 6: sgerrard4 ($103.14 in chips)
sgerrard4: posts small blind $1
Actionni13 was removed from the table for failing to post
Psynto: posts big blind $3
*** HOLE CARDS ***
sgerrard4: folds
Uncalled bet ($2) returned to Psynto
Psynto collected $2 from pot
Psynto: doesn't show hand
*** SUMMARY ***
Total pot $2 | Rake $0
Seat 2: Psynto (big blind) collected ($2)
Seat 6: sgerrard4 (button) (small blind) folded before Flop


PokerStars Hand #161211943250:  Hold'em Limit ($3/$6 USD) - 2016/11/10 18:09:08 ET
Table 'Aschera II' 6-max Seat #2 is the button
Seat 2: Psynto ($322.02 in chips)
Seat 6: sgerrard4 ($106.14 in chips)
Psynto: posts small blind $1
assitoni was removed from the table for failing to post
mahan farokh was removed from the table for failing to post
sgerrard4: posts big blind $3
*** HOLE CARDS ***
Psynto: raises $3 to $6
sgerrard4: folds
Uncalled bet ($3) returned to Psynto
Psynto collected $6 from pot
Psynto: doesn't show hand
*** SUMMARY ***
Total pot $6 | Rake $0
Seat 2: Psynto (button) (small blind) collected ($6)
Seat 6: sgerrard4 (big blind) folded before Flop


PokerStars Hand #161211990577:  Hold'em Limit ($3/$6 USD) - 2016/11/10 18:10:09 ET
Table 'Aschera II' 6-max Seat #6 is the button
Seat 2: Psynto ($310.78 in chips)
Seat 6: sgerrard4 ($116.64 in chips)
sgerrard4: posts small blind $1
Psynto: posts big blind $3
*** HOLE CARDS ***
sgerrard4: folds
Uncalled bet ($2) returned to Psynto
Psynto collected $2 from pot
Psynto: doesn't show hand
*** SUMMARY ***
Total pot $2 | Rake $0
Seat 2: Psynto (big blind) collected ($2)
Seat 6: sgerrard4 (button) (small blind) folded before Flop


PokerStars Hand #161211994029:  Hold'em Limit ($3/$6 USD) - 2016/11/10 18:10:13 ET
Table 'Aschera II' 6-max Seat #2 is the button
Seat 2: Psynto ($311.78 in chips)
Seat 6: sgerrard4 ($115.64 in chips)
Psynto: posts small blind $1
sgerrard4: posts big blind $3
*** HOLE CARDS ***
Psynto: raises $3 to $6
sgerrard4: calls $3
*** FLOP *** [7s 9c 2h]
sgerrard4: bets $3
Psynto: calls $3
*** TURN *** [7s 9c 2h] [4s]
sgerrard4: bets $6
Psynto: calls $6
*** RIVER *** [7s 9c 2h 4s] [7d]
sgerrard4: checks
Psynto: bets $6
sgerrard4: folds
Uncalled bet ($6) returned to Psynto
Psynto collected $29.50 from pot
Psynto: doesn't show hand
*** SUMMARY ***
Total pot $30 | Rake $0.50
Board [7s 9c 2h 4s 7d]
Seat 2: Psynto (button) (small blind) collected ($29.50)
Seat 6: sgerrard4 (big blind) folded on the River


PokerStars Hand #161212061364:  Hold'em Limit ($3/$6 USD) - 2016/11/10 18:11:39 ET
Table 'Aschera II' 6-max Seat #6 is the button
Seat 2: Psynto ($310.92 in chips)
Seat 6: sgerrard4 ($115.14 in chips)
sgerrard4: posts small blind $1
Psynto: posts big blind $3
*** HOLE CARDS ***
sgerrard4: folds
Uncalled bet ($2) returned to Psynto
Psynto collected $2 from pot
Psynto: doesn't show hand
*** SUMMARY ***
Total pot $2 | Rake $0
Seat 2: Psynto (big blind) collected ($2)
Seat 6: sgerrard4 (button) (small blind) folded before Flop


PokerStars Hand #161212045941:  Hold'em Limit ($3/$6 USD) - 2016/11/10 18:11:19 ET
Table 'Aschera II' 6-max Seat #2 is the button
Seat 2: Psynto ($334.92 in chips)
Seat 6: sgerrard4 ($91.64 in chips)
Psynto: posts small blind $1
sgerrard4: posts big blind $3
*** HOLE CARDS ***
Psynto: raises $3 to $6
sgerrard4: raises $3 to $9
Psynto: calls $3
*** FLOP *** [3h Kh 2s]
sgerrard4: bets $3
Psynto: calls $3
*** TURN *** [3h Kh 2s] [2h]
sgerrard4: bets $6
Psynto: calls $6
*** RIVER *** [3h Kh 2s 2h] [8h]
sgerrard4: bets $6
Psynto: calls $6
*** SHOW DOWN ***
sgerrard4: shows [Th Js] (a flush, King high)
Psynto: mucks hand
sgerrard4 collected $47.50 from pot
*** SUMMARY ***
Total pot $48 | Rake $0.50
Board [3h Kh 2s 2h 8h]
Seat 2: Psynto (button) (small blind) mucked
Seat 6: sgerrard4 (big blind) showed [Th Js] and won ($47.50) with a flush, King high


PokerStars Hand #161212077375:  Hold'em Limit ($3/$6 USD) - 2016/11/10 18:11:59 ET
Table 'Aschera II' 6-max Seat #2 is the button
Seat 2: Psynto ($314.68 in chips)
Seat 6: sgerrard4 ($111.14 in chips)
Psynto: posts small blind $1
sgerrard4: posts big blind $3
*** HOLE CARDS ***
Psynto: raises $3 to $6
sgerrard4: folds
Uncalled bet ($3) returned to Psynto
Psynto collected $6 from pot
Psynto: doesn't show hand
*** SUMMARY ***
Total pot $6 | Rake $0
Seat 2: Psynto (button) (small blind) collected ($6)
Seat 6: sgerrard4 (big blind) folded before Flop


PokerStars Hand #161212031654:  Hold'em Limit ($3/$6 USD) - 2016/11/10 18:11:01 ET
Table 'Aschera II' 6-max Seat #6 is the button
Seat 2: Psynto ($326.28 in chips)
Seat 6: sgerrard4 ($100.64 in chips)
sgerrard4: posts small blind $1
Psynto: posts big blind $3
*** HOLE CARDS ***
sgerrard4: calls $2
Psynto: raises $3 to $6
sgerrard4: calls $3
*** FLOP *** [9s As Kc]
Psynto: bets $3
sgerrard4: calls $3
*** TURN *** [9s As Kc] [7c]
Psynto: checks
sgerrard4: checks
*** RIVER *** [9s As Kc 7c] [Td]
Psynto: checks
sgerrard4: checks
*** SHOW DOWN ***
Psynto: shows [4h Kh] (a pair of Kings)
sgerrard4: mucks hand
Psynto collected $17.64 from pot
*** SUMMARY ***
Total pot $18 | Rake $0.36
Board [9s As Kc 7c Td]
Seat 2: Psynto (big blind) showed [4h Kh] and won ($17.64) with a pair of Kings
Seat 6: sgerrard4 (button) (small blind) mucked


PokerStars Hand #161212072564:  Hold'em Limit ($3/$6 USD) - 2016/11/10 18:11:53 ET
Table 'Aschera II' 6-max Seat #6 is the button
Seat 2: Psynto ($317.68 in chips)
Seat 6: sgerrard4 ($108.14 in chips)
sgerrard4: posts small blind $1
Psynto: posts big blind $3
*** HOLE CARDS ***
sgerrard4: raises $3 to $6
Psynto: folds
Uncalled bet ($3) returned to sgerrard4
sgerrard4 collected $6 from pot
sgerrard4: doesn't show hand
*** SUMMARY ***
Total pot $6 | Rake $0
Seat 2: Psynto (big blind) folded before Flop
Seat 6: sgerrard4 (button) (small blind) collected ($6)


PokerStars Hand #161212064794:  Hold'em Limit ($3/$6 USD) - 2016/11/10 18:11:43 ET
Table 'Aschera II' 6-max Seat #2 is the button
Seat 2: Psynto ($311.92 in chips)
Seat 6: sgerrard4 ($114.14 in chips)
Psynto: posts small blind $1
sgerrard4: posts big blind $3
*** HOLE CARDS ***
Psynto: raises $3 to $6
sgerrard4: calls $3
*** FLOP *** [Kh 4c Jh]
sgerrard4: checks
Psynto: bets $3
sgerrard4: folds
Uncalled bet ($3) returned to Psynto
Psynto collected $11.76 from pot
Psynto: doesn't show hand
*** SUMMARY ***
Total pot $12 | Rake $0.24
Board [Kh 4c Jh]
Seat 2: Psynto (button) (small blind) collected ($11.76)
Seat 6: sgerrard4 (big blind) folded on the Flop


PokerStars Hand #161212106699:  Hold'em Limit ($3/$6 USD) - 2016/11/10 18:12:37 ET
Table 'Aschera II' 6-max Seat #6 is the button
Seat 2: Psynto ($309.68 in chips)
Seat 6: sgerrard4 ($115.78 in chips)
sgerrard4: posts small blind $1
Psynto: posts big blind $3
*** HOLE CARDS ***
sgerrard4: raises $3 to $6
Psynto: calls $3
*** FLOP *** [5c Kh 3c]
Psynto: checks
sgerrard4: bets $3
Psynto: folds
Uncalled bet ($3) returned to sgerrard4
sgerrard4 collected $11.76 from pot
sgerrard4: doesn't show hand
*** SUMMARY ***
Total pot $12 | Rake $0.24
Board [5c Kh 3c]
Seat 2: Psynto (big blind) folded on the Flop
Seat 6: sgerrard4 (button) (small blind) collected ($11.76)


PokerStars Hand #161212087180:  Hold'em Limit ($3/$6 USD) - 2016/11/10 18:12:12 ET
Table 'Aschera II' 6-max Seat #2 is the button
Seat 2: Psynto ($318.68 in chips)
Seat 6: sgerrard4 ($107.14 in chips)
Psynto: posts small blind $1
sgerrard4: posts big blind $3
*** HOLE CARDS ***
Psynto: raises $3 to $6
sgerrard4: calls $3
*** FLOP *** [2c 3d 2h]
sgerrard4: checks
Psynto: bets $3
sgerrard4: calls $3
*** TURN *** [2c 3d 2h] [Kh]
sgerrard4: bets $6
Psynto: folds
Uncalled bet ($6) returned to sgerrard4
sgerrard4 collected $17.64 from pot
sgerrard4: doesn't show hand
*** SUMMARY ***
Total pot $18 | Rake $0.36
Board [2c 3d 2h Kh]
Seat 2: Psynto (button) (small blind) folded on the Turn
Seat 6: sgerrard4 (big blind) collected ($17.64)


PokerStars Hand #161212082010:  Hold'em Limit ($3/$6 USD) - 2016/11/10 18:12:05 ET
Table 'Aschera II' 6-max Seat #6 is the button
Seat 2: Psynto ($317.68 in chips)
Seat 6: sgerrard4 ($108.14 in chips)
sgerrard4: posts small blind $1
Psynto: posts big blind $3
*** HOLE CARDS ***
sgerrard4: folds
Uncalled bet ($2) returned to Psynto
Psynto collected $2 from pot
Psynto: doesn't show hand
*** SUMMARY ***
Total pot $2 | Rake $0
Seat 2: Psynto (big blind) collected ($2)
Seat 6: sgerrard4 (button) (small blind) folded before Flop


PokerStars Hand #161212156150:  Hold'em Limit ($3/$6 USD) - 2016/11/10 18:13:41 ET
Table 'Aschera II' 6-max Seat #2 is the button
Seat 2: Psynto ($315.20 in chips)
Seat 6: sgerrard4 ($109.54 in chips)
Psynto: posts small blind $1
sgerrard4: posts big blind $3
*** HOLE CARDS ***
Psynto: raises $3 to $6
sgerrard4: folds
Uncalled bet ($3) returned to Psynto
Psynto collected $6 from pot
Psynto: doesn't show hand
*** SUMMARY ***
Total pot $6 | Rake $0
Seat 2: Psynto (button) (small blind) collected ($6)
Seat 6: sgerrard4 (big blind) folded before Flop


PokerStars Hand #161212144082:  Hold'em Limit ($3/$6 USD) - 2016/11/10 18:13:25 ET
Table 'Aschera II' 6-max Seat #6 is the button
Seat 2: Psynto ($309.44 in chips)
Seat 6: sgerrard4 ($115.54 in chips)
sgerrard4: posts small blind $1
Psynto: posts big blind $3
*** HOLE CARDS ***
sgerrard4: raises $3 to $6
Psynto: calls $3
*** FLOP *** [8d Js 4s]
Psynto: checks
sgerrard4: checks
*** TURN *** [8d Js 4s] [7d]
Psynto: bets $6
sgerrard4: folds
Uncalled bet ($6) returned to Psynto
Psynto collected $11.76 from pot
Psynto: doesn't show hand
*** SUMMARY ***
Total pot $12 | Rake $0.24
Board [8d Js 4s 7d]
Seat 2: Psynto (big blind) collected ($11.76)
Seat 6: sgerrard4 (button) (small blind) folded on the Turn


PokerStars Hand #161212117493:  Hold'em Limit ($3/$6 USD) - 2016/11/10 18:12:51 ET
Table 'Aschera II' 6-max Seat #2 is the button
Seat 2: Psynto ($303.68 in chips)
Seat 6: sgerrard4 ($121.54 in chips)
Psynto: posts small blind $1
sgerrard4: posts big blind $3
*** HOLE CARDS ***
Psynto: raises $3 to $6
sgerrard4: calls $3
*** FLOP *** [Td Jd 2d]
sgerrard4: checks
Psynto: bets $3
sgerrard4: folds
Uncalled bet ($3) returned to Psynto
Psynto collected $11.76 from pot
Psynto: doesn't show hand
*** SUMMARY ***
Total pot $12 | Rake $0.24
Board [Td Jd 2d]
Seat 2: Psynto (button) (small blind) collected ($11.76)
Seat 6: sgerrard4 (big blind) folded on the Flop


PokerStars Hand #161212160348:  Hold'em Limit ($3/$6 USD) - 2016/11/10 18:13:46 ET
Table 'Aschera II' 6-max Seat #6 is the button
Seat 2: Psynto ($318.20 in chips)
Seat 6: sgerrard4 ($106.54 in chips)
sgerrard4: posts small blind $1
Psynto: posts big blind $3
*** HOLE CARDS ***
sgerrard4: calls $2
Psynto: checks
*** FLOP *** [5s 4s Ts]
Psynto: bets $3
sgerrard4: calls $3
*** TURN *** [5s 4s Ts] [3h]
Psynto: checks
sgerrard4: checks
*** RIVER *** [5s 4s Ts 3h] [6s]
Psynto: checks
sgerrard4: checks
*** SHOW DOWN ***
Psynto: shows [8h 6c] (a pair of Sixes)
sgerrard4: mucks hand
Psynto collected $11.76 from pot
*** SUMMARY ***
Total pot $12 | Rake $0.24
Board [5s 4s Ts 3h 6s]
Seat 2: Psynto (big blind) showed [8h 6c] and won ($11.76) with a pair of Sixes
Seat 6: sgerrard4 (button) (small blind) mucked


PokerStars Hand #161212201404:  Hold'em Limit ($3/$6 USD) - 2016/11/10 18:14:40 ET
Table 'Aschera II' 6-max Seat #6 is the button
Seat 2: Psynto ($306.96 in chips)
Seat 6: sgerrard4 ($116.82 in chips)
sgerrard4: posts small blind $1
Psynto: posts big blind $3
*** HOLE CARDS ***
sgerrard4: raises $3 to $6
Psynto: calls $3
*** FLOP *** [8h Qc Jd]
Psynto: checks
sgerrard4: bets $3
Psynto: raises $3 to $6
sgerrard4: raises $3 to $9
Psynto: calls $3
*** TURN *** [8h Qc Jd] [3s]
Psynto: checks
sgerrard4: bets $6
Psynto: calls $6
*** RIVER *** [8h Qc Jd 3s] [3h]
Psynto: checks
sgerrard4: bets $6
Psynto: folds
Uncalled bet ($6) returned to sgerrard4
sgerrard4 collected $41.50 from pot
sgerrard4: doesn't show hand
*** SUMMARY ***
Total pot $42 | Rake $0.50
Board [8h Qc Jd 3s 3h]
Seat 2: Psynto (big blind) folded on the River
Seat 6: sgerrard4 (button) (small blind) collected ($41.50)


PokerStars Hand #161212187935:  Hold'em Limit ($3/$6 USD) - 2016/11/10 18:14:22 ET
Table 'Aschera II' 6-max Seat #6 is the button
Seat 2: Psynto ($314.96 in chips)
Seat 6: sgerrard4 ($109.18 in chips)
sgerrard4: posts small blind $1
Psynto: posts big blind $3
*** HOLE CARDS ***
sgerrard4: folds
Uncalled bet ($2) returned to Psynto
Psynto collected $2 from pot
Psynto: doesn't show hand
*** SUMMARY ***
Total pot $2 | Rake $0
Seat 2: Psynto (big blind) collected ($2)
Seat 6: sgerrard4 (button) (small blind) folded before Flop


PokerStars Hand #161212175113:  Hold'em Limit ($3/$6 USD) - 2016/11/10 18:14:06 ET
Table 'Aschera II' 6-max Seat #2 is the button
Seat 2: Psynto ($323.96 in chips)
Seat 6: sgerrard4 ($100.54 in chips)
Psynto: posts small blind $1
sgerrard4: posts big blind $3
*** HOLE CARDS ***
Psynto: raises $3 to $6
sgerrard4: calls $3
*** FLOP *** [4c Ad 3c]
sgerrard4: checks
Psynto: bets $3
sgerrard4: calls $3
*** TURN *** [4c Ad 3c] [5s]
sgerrard4: checks
Psynto: checks
*** RIVER *** [4c Ad 3c 5s] [8d]
sgerrard4: bets $6
Psynto: folds
Uncalled bet ($6) returned to sgerrard4
sgerrard4 collected $17.64 from pot
sgerrard4: doesn't show hand
*** SUMMARY ***
Total pot $18 | Rake $0.36
Board [4c Ad 3c 5s 8d]
Seat 2: Psynto (button) (small blind) folded on the River
Seat 6: sgerrard4 (big blind) collected ($17.64)


PokerStars Hand #161212191589:  Hold'em Limit ($3/$6 USD) - 2016/11/10 18:14:27 ET
Table 'Aschera II' 6-max Seat #2 is the button
Seat 2: Psynto ($315.96 in chips)
Seat 6: sgerrard4 ($108.18 in chips)
Psynto: posts small blind $1
sgerrard4: posts big blind $3
*** HOLE CARDS ***
Psynto: raises $3 to $6
sgerrard4: raises $3 to $9
Psynto: calls $3
*** FLOP *** [3c 7h Ah]
sgerrard4: bets $3
Psynto: folds
Uncalled bet ($3) returned to sgerrard4
sgerrard4 collected $17.64 from pot
sgerrard4: doesn't show hand
*** SUMMARY ***
Total pot $18 | Rake $0.36
Board [3c 7h Ah]
Seat 2: Psynto (button) (small blind) folded on the Flop
Seat 6: sgerrard4 (big blind) collected ($17.64)


