PokerStars Hand #151222682260:  Hold'em Limit ($3/$6 USD) - 2016/03/31 13:06:55 ET
Table 'Aschera II' 6-max Seat #1 is the button
Seat 1: craaa ($217.45 in chips)
Seat 6: tedros404 ($92 in chips)
craaa: posts small blind $1
liolilove was removed from the table for failing to post
BuzovaPro: is sitting out
tedros404: posts big blind $3
*** HOLE CARDS ***
craaa: raises $3 to $6
tedros404: calls $3
*** FLOP *** [Jc 3h 4s]
tedros404: checks
craaa: bets $3
tedros404: calls $3
*** TURN *** [Jc 3h 4s] [Tc]
tedros404: checks
craaa: bets $6
tedros404: calls $6
*** RIVER *** [Jc 3h 4s Tc] [Qh]
tedros404: checks
craaa: bets $6
tedros404: raises $6 to $12
BuzovaPro leaves the table
craaa: folds
Uncalled bet ($6) returned to tedros404
tedros404 collected $41.50 from pot
tedros404: doesn't show hand
*** SUMMARY ***
Total pot $42 | Rake $0.50
Board [Jc 3h 4s Tc Qh]
Seat 1: craaa (button) (small blind) folded on the River
Seat 6: tedros404 (big blind) collected ($41.50)


PokerStars Hand #151222707328:  Hold'em Limit ($3/$6 USD) - 2016/03/31 13:07:23 ET
Table 'Aschera II' 6-max Seat #6 is the button
Seat 1: craaa ($196.45 in chips)
Seat 6: tedros404 ($112.50 in chips)
tedros404: posts small blind $1
craaa: posts big blind $3
*** HOLE CARDS ***
tedros404: raises $3 to $6
craaa: raises $3 to $9
tedros404: raises $3 to $12
Betting is capped
craaa: calls $3
*** FLOP *** [8h Ts 3s]
craaa: checks
tedros404: bets $3
craaa: raises $3 to $6
tedros404: calls $3
*** TURN *** [8h Ts 3s] [8d]
craaa: bets $6
tedros404: calls $6
*** RIVER *** [8h Ts 3s 8d] [2d]
craaa: bets $6
tedros404: folds
Uncalled bet ($6) returned to craaa
craaa collected $47.50 from pot
craaa: doesn't show hand
*** SUMMARY ***
Total pot $48 | Rake $0.50
Board [8h Ts 3s 8d 2d]
Seat 1: craaa (big blind) collected ($47.50)
Seat 6: tedros404 (button) (small blind) folded on the River


PokerStars Hand #151222741260:  Hold'em Limit ($3/$6 USD) - 2016/03/31 13:08:01 ET
Table 'Aschera II' 6-max Seat #6 is the button
Seat 1: craaa ($225.71 in chips)
Seat 6: tedros404 ($82.50 in chips)
tedros404: posts small blind $1
craaa: posts big blind $3
*** HOLE CARDS ***
tedros404: folds
Uncalled bet ($2) returned to craaa
craaa collected $2 from pot
craaa: doesn't show hand
*** SUMMARY ***
Total pot $2 | Rake $0
Seat 1: craaa (big blind) collected ($2)
Seat 6: tedros404 (button) (small blind) folded before Flop


PokerStars Hand #151222729942:  Hold'em Limit ($3/$6 USD) - 2016/03/31 13:07:49 ET
Table 'Aschera II' 6-max Seat #1 is the button
Seat 1: craaa ($219.95 in chips)
Seat 6: tedros404 ($88.50 in chips)
craaa: posts small blind $1
tedros404: posts big blind $3
*** HOLE CARDS ***
craaa: raises $3 to $6
tedros404: calls $3
*** FLOP *** [4d Qc 8d]
tedros404: checks
craaa: bets $3
tedros404: folds
Uncalled bet ($3) returned to craaa
craaa collected $11.76 from pot
craaa: doesn't show hand
*** SUMMARY ***
Total pot $12 | Rake $0.24
Board [4d Qc 8d]
Seat 1: craaa (button) (small blind) collected ($11.76)
Seat 6: tedros404 (big blind) folded on the Flop


PokerStars Hand #151222745543:  Hold'em Limit ($3/$6 USD) - 2016/03/31 13:08:06 ET
Table 'Aschera II' 6-max Seat #1 is the button
Seat 1: craaa ($226.71 in chips)
Seat 6: tedros404 ($81.50 in chips)
craaa: posts small blind $1
tedros404: posts big blind $3
*** HOLE CARDS ***
craaa: raises $3 to $6
tedros404: calls $3
*** FLOP *** [6d Kh Ah]
tedros404: checks
craaa: bets $3
tedros404: calls $3
*** TURN *** [6d Kh Ah] [Tc]
tedros404: checks
craaa: bets $6
tedros404: folds
Uncalled bet ($6) returned to craaa
craaa collected $17.64 from pot
craaa: doesn't show hand
*** SUMMARY ***
Total pot $18 | Rake $0.36
Board [6d Kh Ah Tc]
Seat 1: craaa (button) (small blind) collected ($17.64)
Seat 6: tedros404 (big blind) folded on the Turn


PokerStars Hand #151222771031:  Hold'em Limit ($3/$6 USD) - 2016/03/31 13:08:35 ET
Table 'Aschera II' 6-max Seat #6 is the button
Seat 1: craaa ($235.35 in chips)
Seat 6: tedros404 ($72.50 in chips)
tedros404: posts small blind $1
craaa: posts big blind $3
*** HOLE CARDS ***
tedros404: folds
Uncalled bet ($2) returned to craaa
craaa collected $2 from pot
craaa: doesn't show hand
*** SUMMARY ***
Total pot $2 | Rake $0
Seat 1: craaa (big blind) collected ($2)
Seat 6: tedros404 (button) (small blind) folded before Flop


PokerStars Hand #151222803569:  Hold'em Limit ($3/$6 USD) - 2016/03/31 13:09:11 ET
Table 'Aschera II' 6-max Seat #6 is the button
Seat 1: craaa ($221.35 in chips)
Seat 6: tedros404 ($86 in chips)
tedros404: posts small blind $1
craaa: posts big blind $3
*** HOLE CARDS ***
tedros404: folds
Uncalled bet ($2) returned to craaa
craaa collected $2 from pot
craaa: doesn't show hand
*** SUMMARY ***
Total pot $2 | Rake $0
Seat 1: craaa (big blind) collected ($2)
Seat 6: tedros404 (button) (small blind) folded before Flop


PokerStars Hand #151222775261:  Hold'em Limit ($3/$6 USD) - 2016/03/31 13:08:40 ET
Table 'Aschera II' 6-max Seat #1 is the button
Seat 1: craaa ($236.35 in chips)
Seat 6: tedros404 ($71.50 in chips)
craaa: posts small blind $1
tedros404: posts big blind $3
*** HOLE CARDS ***
craaa: raises $3 to $6
tedros404: calls $3
*** FLOP *** [Jd 2h 9s]
tedros404: checks
craaa: bets $3
tedros404: calls $3
*** TURN *** [Jd 2h 9s] [Tc]
tedros404: checks
craaa: bets $6
tedros404: raises $6 to $12
craaa: folds
Uncalled bet ($6) returned to tedros404
tedros404 collected $29.50 from pot
tedros404: doesn't show hand
*** SUMMARY ***
Total pot $30 | Rake $0.50
Board [Jd 2h 9s Tc]
Seat 1: craaa (button) (small blind) folded on the Turn
Seat 6: tedros404 (big blind) collected ($29.50)


PokerStars Hand #151222807796:  Hold'em Limit ($3/$6 USD) - 2016/03/31 13:09:16 ET
Table 'Aschera II' 6-max Seat #1 is the button
Seat 1: craaa ($222.35 in chips)
Seat 6: tedros404 ($85 in chips)
craaa: posts small blind $1
tedros404: posts big blind $3
*** HOLE CARDS ***
craaa: raises $3 to $6
tedros404: calls $3
*** FLOP *** [Kh 3s Ts]
tedros404: checks
craaa: bets $3
tedros404: calls $3
*** TURN *** [Kh 3s Ts] [Ad]
tedros404: checks
craaa: checks
*** RIVER *** [Kh 3s Ts Ad] [Qc]
tedros404: checks
craaa: checks
*** SHOW DOWN ***
tedros404: shows [7h Td] (a pair of Tens)
craaa: shows [Qh 5h] (a pair of Queens)
craaa collected $17.64 from pot
*** SUMMARY ***
Total pot $18 | Rake $0.36
Board [Kh 3s Ts Ad Qc]
Seat 1: craaa (button) (small blind) showed [Qh 5h] and won ($17.64) with a pair of Queens
Seat 6: tedros404 (big blind) showed [7h Td] and lost with a pair of Tens


PokerStars Hand #151222832732:  Hold'em Limit ($3/$6 USD) - 2016/03/31 13:09:44 ET
Table 'Aschera II' 6-max Seat #6 is the button
Seat 1: craaa ($230.99 in chips)
Seat 6: tedros404 ($76 in chips)
tedros404: posts small blind $1
craaa: posts big blind $3
*** HOLE CARDS ***
tedros404: raises $3 to $6
craaa: calls $3
*** FLOP *** [9c 8c 9h]
craaa: checks
tedros404: bets $3
craaa: calls $3
*** TURN *** [9c 8c 9h] [Ad]
craaa: checks
tedros404: checks
*** RIVER *** [9c 8c 9h Ad] [Jd]
craaa: checks
tedros404: bets $6
craaa: folds
Uncalled bet ($6) returned to tedros404
tedros404 collected $17.64 from pot
tedros404: doesn't show hand
*** SUMMARY ***
Total pot $18 | Rake $0.36
Board [9c 8c 9h Ad Jd]
Seat 1: craaa (big blind) folded on the River
Seat 6: tedros404 (button) (small blind) collected ($17.64)


PokerStars Hand #151222930996:  Hold'em Limit ($3/$6 USD) - 2016/03/31 13:11:32 ET
Table 'Aschera II' 6-max Seat #1 is the button
Seat 1: craaa ($227.49 in chips)
Seat 6: tedros404 ($78.14 in chips)
craaa: posts small blind $1
tedros404: posts big blind $3
*** HOLE CARDS ***
craaa: raises $3 to $6
tedros404: calls $3
*** FLOP *** [Tc Jh 7s]
tedros404: checks
craaa: bets $3
tedros404: folds
Uncalled bet ($3) returned to craaa
craaa collected $11.76 from pot
craaa: doesn't show hand
*** SUMMARY ***
Total pot $12 | Rake $0.24
Board [Tc Jh 7s]
Seat 1: craaa (button) (small blind) collected ($11.76)
Seat 6: tedros404 (big blind) folded on the Flop


PokerStars Hand #151222912213:  Hold'em Limit ($3/$6 USD) - 2016/03/31 13:11:12 ET
Table 'Aschera II' 6-max Seat #6 is the button
Seat 1: craaa ($200.99 in chips)
Seat 6: tedros404 ($105.14 in chips)
tedros404: posts small blind $1
craaa: posts big blind $3
*** HOLE CARDS ***
tedros404: calls $2
craaa: raises $3 to $6
tedros404: calls $3
*** FLOP *** [Jh Tc Qs]
craaa: bets $3
tedros404: calls $3
*** TURN *** [Jh Tc Qs] [4d]
craaa: bets $6
tedros404: raises $6 to $12
craaa: calls $6
*** RIVER *** [Jh Tc Qs 4d] [7h]
craaa: checks
tedros404: bets $6
craaa: calls $6
*** SHOW DOWN ***
tedros404: shows [9h Js] (a pair of Jacks)
craaa: shows [Ah Ac] (a pair of Aces)
craaa collected $53.50 from pot
*** SUMMARY ***
Total pot $54 | Rake $0.50
Board [Jh Tc Qs 4d 7h]
Seat 1: craaa (big blind) showed [Ah Ac] and won ($53.50) with a pair of Aces
Seat 6: tedros404 (button) (small blind) showed [9h Js] and lost with a pair of Jacks


PokerStars Hand #151222886397:  Hold'em Limit ($3/$6 USD) - 2016/03/31 13:10:44 ET
Table 'Aschera II' 6-max Seat #1 is the button
Seat 1: craaa ($221.99 in chips)
Seat 6: tedros404 ($84.64 in chips)
craaa: posts small blind $1
tedros404: posts big blind $3
*** HOLE CARDS ***
craaa: raises $3 to $6
tedros404: calls $3
*** FLOP *** [Th Kc Qs]
tedros404: checks
craaa: bets $3
tedros404: calls $3
*** TURN *** [Th Kc Qs] [8h]
tedros404: checks
craaa: bets $6
tedros404: raises $6 to $12
craaa: calls $6
*** RIVER *** [Th Kc Qs 8h] [Kd]
tedros404: bets $6
craaa: folds
Uncalled bet ($6) returned to tedros404
tedros404 collected $41.50 from pot
tedros404: doesn't show hand
*** SUMMARY ***
Total pot $42 | Rake $0.50
Board [Th Kc Qs 8h Kd]
Seat 1: craaa (button) (small blind) folded on the River
Seat 6: tedros404 (big blind) collected ($41.50)


PokerStars Hand #151222987915:  Hold'em Limit ($3/$6 USD) - 2016/03/31 13:12:35 ET
Table 'Aschera II' 6-max Seat #1 is the button
Seat 1: craaa ($204.25 in chips)
Seat 6: tedros404 ($100.28 in chips)
craaa: posts small blind $1
tedros404: posts big blind $3
*** HOLE CARDS ***
craaa: raises $3 to $6
tedros404: calls $3
*** FLOP *** [7d Qc Kd]
tedros404: checks
craaa: bets $3
tedros404: calls $3
*** TURN *** [7d Qc Kd] [Ts]
tedros404: checks
craaa: bets $6
tedros404: raises $6 to $12
craaa: folds
Uncalled bet ($6) returned to tedros404
tedros404 collected $29.50 from pot
tedros404: doesn't show hand
*** SUMMARY ***
Total pot $30 | Rake $0.50
Board [7d Qc Kd Ts]
Seat 1: craaa (button) (small blind) folded on the Turn
Seat 6: tedros404 (big blind) collected ($29.50)


PokerStars Hand #151222983584:  Hold'em Limit ($3/$6 USD) - 2016/03/31 13:12:31 ET
Table 'Aschera II' 6-max Seat #6 is the button
Seat 1: craaa ($203.25 in chips)
Seat 6: tedros404 ($101.28 in chips)
tedros404: posts small blind $1
craaa: posts big blind $3
*** HOLE CARDS ***
tedros404: folds
Uncalled bet ($2) returned to craaa
craaa collected $2 from pot
craaa: doesn't show hand
*** SUMMARY ***
Total pot $2 | Rake $0
Seat 1: craaa (big blind) collected ($2)
Seat 6: tedros404 (button) (small blind) folded before Flop


PokerStars Hand #151222969446:  Hold'em Limit ($3/$6 USD) - 2016/03/31 13:12:15 ET
Table 'Aschera II' 6-max Seat #1 is the button
Seat 1: craaa ($212.25 in chips)
Seat 6: tedros404 ($92.64 in chips)
craaa: posts small blind $1
tedros404: posts big blind $3
*** HOLE CARDS ***
craaa: raises $3 to $6
tedros404: calls $3
*** FLOP *** [6c Jh 8d]
tedros404: checks
craaa: bets $3
tedros404: calls $3
*** TURN *** [6c Jh 8d] [9s]
tedros404: checks
craaa: checks
*** RIVER *** [6c Jh 8d 9s] [2h]
tedros404: bets $6
craaa: folds
Uncalled bet ($6) returned to tedros404
tedros404 collected $17.64 from pot
tedros404: doesn't show hand
*** SUMMARY ***
Total pot $18 | Rake $0.36
Board [6c Jh 8d 9s 2h]
Seat 1: craaa (button) (small blind) folded on the River
Seat 6: tedros404 (big blind) collected ($17.64)


PokerStars Hand #151222941002:  Hold'em Limit ($3/$6 USD) - 2016/03/31 13:11:44 ET
Table 'Aschera II' 6-max Seat #6 is the button
Seat 1: craaa ($233.25 in chips)
Seat 6: tedros404 ($72.14 in chips)
tedros404: posts small blind $1
craaa: posts big blind $3
*** HOLE CARDS ***
tedros404: raises $3 to $6
craaa: raises $3 to $9
tedros404: calls $3
*** FLOP *** [Tc 9s 8h]
craaa: bets $3
tedros404: raises $3 to $6
craaa: calls $3
*** TURN *** [Tc 9s 8h] [9c]
craaa: checks
tedros404: bets $6
craaa: calls $6
*** RIVER *** [Tc 9s 8h 9c] [6c]
craaa: checks
tedros404: bets $6
craaa: folds
Uncalled bet ($6) returned to tedros404
tedros404 collected $41.50 from pot
tedros404: doesn't show hand
*** SUMMARY ***
Total pot $42 | Rake $0.50
Board [Tc 9s 8h 9c 6c]
Seat 1: craaa (big blind) folded on the River
Seat 6: tedros404 (button) (small blind) collected ($41.50)


PokerStars Hand #151223024232:  Hold'em Limit ($3/$6 USD) - 2016/03/31 13:13:16 ET
Table 'Aschera II' 6-max Seat #1 is the button
Seat 1: craaa ($180.25 in chips)
Seat 6: tedros404 ($123.42 in chips)
craaa: posts small blind $1
tedros404: posts big blind $3
*** HOLE CARDS ***
craaa: raises $3 to $6
tedros404: calls $3
*** FLOP *** [Kd Qs Tc]
tedros404: checks
craaa: bets $3
tedros404: calls $3
*** TURN *** [Kd Qs Tc] [8c]
tedros404: checks
craaa: checks
*** RIVER *** [Kd Qs Tc 8c] [Qc]
tedros404: bets $6
craaa: calls $6
*** SHOW DOWN ***
tedros404: shows [Kc 8s] (two pair, Kings and Queens)
craaa: mucks hand
tedros404 collected $29.50 from pot
*** SUMMARY ***
Total pot $30 | Rake $0.50
Board [Kd Qs Tc 8c Qc]
Seat 1: craaa (button) (small blind) mucked
Seat 6: tedros404 (big blind) showed [Kc 8s] and won ($29.50) with two pair, Kings and Queens


PokerStars Hand #151223006127:  Hold'em Limit ($3/$6 USD) - 2016/03/31 13:12:56 ET
Table 'Aschera II' 6-max Seat #6 is the button
Seat 1: craaa ($189.25 in chips)
Seat 6: tedros404 ($114.78 in chips)
tedros404: posts small blind $1
craaa: posts big blind $3
*** HOLE CARDS ***
tedros404: calls $2
craaa: checks
*** FLOP *** [5d Ad Kc]
craaa: checks
tedros404: bets $3
craaa: raises $3 to $6
tedros404: calls $3
*** TURN *** [5d Ad Kc] [Qh]
craaa: checks
tedros404: checks
*** RIVER *** [5d Ad Kc Qh] [5s]
craaa: checks
tedros404: bets $6
craaa: folds
Uncalled bet ($6) returned to tedros404
tedros404 collected $17.64 from pot
tedros404: doesn't show hand
*** SUMMARY ***
Total pot $18 | Rake $0.36
Board [5d Ad Kc Qh 5s]
Seat 1: craaa (big blind) folded on the River
Seat 6: tedros404 (button) (small blind) collected ($17.64)


PokerStars Hand #151223100002:  Hold'em Limit ($3/$6 USD) - 2016/03/31 13:14:41 ET
Table 'Aschera II' 6-max Seat #1 is the button
Seat 1: craaa ($157.01 in chips)
Seat 6: tedros404 ($145.42 in chips)
craaa: posts small blind $1
tedros404: posts big blind $3
*** HOLE CARDS ***
craaa: raises $3 to $6
tedros404: folds
Uncalled bet ($3) returned to craaa
craaa collected $6 from pot
craaa: doesn't show hand
*** SUMMARY ***
Total pot $6 | Rake $0
Seat 1: craaa (button) (small blind) collected ($6)
Seat 6: tedros404 (big blind) folded before Flop


PokerStars Hand #151223096359:  Hold'em Limit ($3/$6 USD) - 2016/03/31 13:14:36 ET
Table 'Aschera II' 6-max Seat #6 is the button
Seat 1: craaa ($156.01 in chips)
Seat 6: tedros404 ($146.42 in chips)
tedros404: posts small blind $1
craaa: posts big blind $3
*** HOLE CARDS ***
tedros404: folds
Uncalled bet ($2) returned to craaa
craaa collected $2 from pot
craaa: doesn't show hand
*** SUMMARY ***
Total pot $2 | Rake $0
Seat 1: craaa (big blind) collected ($2)
Seat 6: tedros404 (button) (small blind) folded before Flop


PokerStars Hand #151223070907:  Hold'em Limit ($3/$6 USD) - 2016/03/31 13:14:08 ET
Table 'Aschera II' 6-max Seat #1 is the button
Seat 1: craaa ($150.25 in chips)
Seat 6: tedros404 ($152.42 in chips)
craaa: posts small blind $1
tedros404: posts big blind $3
*** HOLE CARDS ***
craaa: raises $3 to $6
tedros404: calls $3
*** FLOP *** [Ks 2d Ah]
tedros404: checks
craaa: bets $3
tedros404: folds
Uncalled bet ($3) returned to craaa
craaa collected $11.76 from pot
craaa: doesn't show hand
*** SUMMARY ***
Total pot $12 | Rake $0.24
Board [Ks 2d Ah]
Seat 1: craaa (button) (small blind) collected ($11.76)
Seat 6: tedros404 (big blind) folded on the Flop


PokerStars Hand #151223041942:  Hold'em Limit ($3/$6 USD) - 2016/03/31 13:13:35 ET
Table 'Aschera II' 6-max Seat #6 is the button
Seat 1: craaa ($165.25 in chips)
Seat 6: tedros404 ($137.92 in chips)
tedros404: posts small blind $1
craaa: posts big blind $3
*** HOLE CARDS ***
tedros404: calls $2
craaa: raises $3 to $6
tedros404: calls $3
*** FLOP *** [Jc 6d 2h]
craaa: bets $3
tedros404: calls $3
*** TURN *** [Jc 6d 2h] [Jh]
craaa: checks
tedros404: bets $6
craaa: calls $6
*** RIVER *** [Jc 6d 2h Jh] [Ks]
craaa: checks
tedros404: checks
*** SHOW DOWN ***
craaa: shows [Qc 8c] (a pair of Jacks)
tedros404: shows [8s 6c] (two pair, Jacks and Sixes)
tedros404 collected $29.50 from pot
*** SUMMARY ***
Total pot $30 | Rake $0.50
Board [Jc 6d 2h Jh Ks]
Seat 1: craaa (big blind) showed [Qc 8c] and lost with a pair of Jacks
Seat 6: tedros404 (button) (small blind) showed [8s 6c] and won ($29.50) with two pair, Jacks and Sixes


PokerStars Hand #151223132541:  Hold'em Limit ($3/$6 USD) - 2016/03/31 13:15:16 ET
Table 'Aschera II' 6-max Seat #6 is the button
Seat 1: craaa ($121.01 in chips)
Seat 6: tedros404 ($180.56 in chips)
tedros404: posts small blind $1
craaa: posts big blind $3
*** HOLE CARDS ***
tedros404: calls $2
craaa: checks
*** FLOP *** [5d 4d Jc]
craaa: checks
tedros404: bets $3
craaa: raises $3 to $6
tedros404: calls $3
*** TURN *** [5d 4d Jc] [2h]
craaa: bets $6
tedros404: calls $6
*** RIVER *** [5d 4d Jc 2h] [Tc]
craaa: checks
tedros404: checks
*** SHOW DOWN ***
craaa: shows [3s 2d] (a pair of Deuces)
tedros404: shows [Qs 5s] (a pair of Fives)
tedros404 collected $29.50 from pot
*** SUMMARY ***
Total pot $30 | Rake $0.50
Board [5d 4d Jc 2h Tc]
Seat 1: craaa (big blind) showed [3s 2d] and lost with a pair of Deuces
Seat 6: tedros404 (button) (small blind) showed [Qs 5s] and won ($29.50) with a pair of Fives


PokerStars Hand #151223122492:  Hold'em Limit ($3/$6 USD) - 2016/03/31 13:15:06 ET
Table 'Aschera II' 6-max Seat #1 is the button
Seat 1: craaa ($130.01 in chips)
Seat 6: tedros404 ($171.92 in chips)
craaa: posts small blind $1
tedros404: posts big blind $3
*** HOLE CARDS ***
craaa: raises $3 to $6
tedros404: raises $3 to $9
craaa: calls $3
*** FLOP *** [Ts Qc 2h]
tedros404: bets $3
craaa: folds
Uncalled bet ($3) returned to tedros404
tedros404 collected $17.64 from pot
tedros404: doesn't show hand
*** SUMMARY ***
Total pot $18 | Rake $0.36
Board [Ts Qc 2h]
Seat 1: craaa (button) (small blind) folded on the Flop
Seat 6: tedros404 (big blind) collected ($17.64)


PokerStars Hand #151223105412:  Hold'em Limit ($3/$6 USD) - 2016/03/31 13:14:47 ET
Table 'Aschera II' 6-max Seat #6 is the button
Seat 1: craaa ($160.01 in chips)
Seat 6: tedros404 ($142.42 in chips)
tedros404: posts small blind $1
craaa: posts big blind $3
*** HOLE CARDS ***
tedros404: raises $3 to $6
craaa: raises $3 to $9
tedros404: calls $3
*** FLOP *** [Jc 8s Jh]
craaa: bets $3
tedros404: calls $3
*** TURN *** [Jc 8s Jh] [Ks]
craaa: bets $6
tedros404: raises $6 to $12
craaa: calls $6
*** RIVER *** [Jc 8s Jh Ks] [2h]
craaa: checks
tedros404: bets $6
craaa: calls $6
*** SHOW DOWN ***
tedros404: shows [Tc Jd] (three of a kind, Jacks)
craaa: mucks hand
tedros404 collected $59.50 from pot
*** SUMMARY ***
Total pot $60 | Rake $0.50
Board [Jc 8s Jh Ks 2h]
Seat 1: craaa (big blind) mucked
Seat 6: tedros404 (button) (small blind) showed [Tc Jd] and won ($59.50) with three of a kind, Jacks


PokerStars Hand #151223178184:  Hold'em Limit ($3/$6 USD) - 2016/03/31 13:16:07 ET
Table 'Aschera II' 6-max Seat #1 is the button
Seat 1: craaa ($110.01 in chips)
Seat 6: tedros404 ($191.06 in chips)
craaa: posts small blind $1
tedros404: posts big blind $3
*** HOLE CARDS ***
craaa: raises $3 to $6
tedros404: calls $3
*** FLOP *** [6s Js Ad]
tedros404: checks
craaa: bets $3
tedros404: calls $3
*** TURN *** [6s Js Ad] [2s]
tedros404: checks
craaa: checks
*** RIVER *** [6s Js Ad 2s] [Ts]
tedros404: checks
craaa: checks
*** SHOW DOWN ***
tedros404: shows [Qh Ah] (a pair of Aces)
craaa: mucks hand
tedros404 collected $17.64 from pot
*** SUMMARY ***
Total pot $18 | Rake $0.36
Board [6s Js Ad 2s Ts]
Seat 1: craaa (button) (small blind) mucked
Seat 6: tedros404 (big blind) showed [Qh Ah] and won ($17.64) with a pair of Aces


PokerStars Hand #151223173806:  Hold'em Limit ($3/$6 USD) - 2016/03/31 13:16:02 ET
Table 'Aschera II' 6-max Seat #6 is the button
Seat 1: craaa ($109.01 in chips)
Seat 6: tedros404 ($192.06 in chips)
tedros404: posts small blind $1
craaa: posts big blind $3
*** HOLE CARDS ***
tedros404: folds
Uncalled bet ($2) returned to craaa
craaa collected $2 from pot
craaa: doesn't show hand
*** SUMMARY ***
Total pot $2 | Rake $0
Seat 1: craaa (big blind) collected ($2)
Seat 6: tedros404 (button) (small blind) folded before Flop


PokerStars Hand #151223165260:  Hold'em Limit ($3/$6 USD) - 2016/03/31 13:15:53 ET
Table 'Aschera II' 6-max Seat #1 is the button
Seat 1: craaa ($106.01 in chips)
Seat 6: tedros404 ($195.06 in chips)
craaa: posts small blind $1
tedros404: posts big blind $3
*** HOLE CARDS ***
craaa: raises $3 to $6
tedros404: folds
Uncalled bet ($3) returned to craaa
craaa collected $6 from pot
craaa: doesn't show hand
*** SUMMARY ***
Total pot $6 | Rake $0
Seat 1: craaa (button) (small blind) collected ($6)
Seat 6: tedros404 (big blind) folded before Flop


PokerStars Hand #151223238316:  Hold'em Limit ($3/$6 USD) - 2016/03/31 13:17:14 ET
Table 'Aschera II' 6-max Seat #6 is the button
Seat 1: craaa ($94.01 in chips)
Seat 6: tedros404 ($206.46 in chips)
tedros404: posts small blind $1
craaa: posts big blind $3
*** HOLE CARDS ***
tedros404: calls $2
craaa: raises $3 to $6
tedros404: calls $3
*** FLOP *** [Qh 9h Td]
craaa: bets $3
tedros404: calls $3
*** TURN *** [Qh 9h Td] [2s]
craaa: bets $6
tedros404: raises $6 to $12
craaa: calls $6
*** RIVER *** [Qh 9h Td 2s] [Ks]
craaa: checks
tedros404: checks
*** SHOW DOWN ***
craaa: shows [4h 4d] (a pair of Fours)
tedros404: shows [Qs 8h] (a pair of Queens)
tedros404 collected $41.50 from pot
*** SUMMARY ***
Total pot $42 | Rake $0.50
Board [Qh 9h Td 2s Ks]
Seat 1: craaa (big blind) showed [4h 4d] and lost with a pair of Fours
Seat 6: tedros404 (button) (small blind) showed [Qs 8h] and won ($41.50) with a pair of Queens


PokerStars Hand #151223233088:  Hold'em Limit ($3/$6 USD) - 2016/03/31 13:17:08 ET
Table 'Aschera II' 6-max Seat #1 is the button
Seat 1: craaa ($95.01 in chips)
Seat 6: tedros404 ($205.46 in chips)
craaa: posts small blind $1
tedros404: posts big blind $3
*** HOLE CARDS ***
craaa: folds
Uncalled bet ($2) returned to tedros404
tedros404 collected $2 from pot
tedros404: doesn't show hand
*** SUMMARY ***
Total pot $2 | Rake $0
Seat 1: craaa (button) (small blind) folded before Flop
Seat 6: tedros404 (big blind) collected ($2)


PokerStars Hand #151223203806:  Hold'em Limit ($3/$6 USD) - 2016/03/31 13:16:36 ET
Table 'Aschera II' 6-max Seat #6 is the button
Seat 1: craaa ($101.01 in chips)
Seat 6: tedros404 ($199.70 in chips)
tedros404: posts small blind $1
craaa: posts big blind $3
*** HOLE CARDS ***
tedros404: calls $2
craaa: checks
*** FLOP *** [Ts 4h 9h]
craaa: checks
tedros404: bets $3
craaa: calls $3
*** TURN *** [Ts 4h 9h] [7c]
craaa: checks
tedros404: bets $6
craaa: folds
Uncalled bet ($6) returned to tedros404
tedros404 collected $11.76 from pot
tedros404: doesn't show hand
*** SUMMARY ***
Total pot $12 | Rake $0.24
Board [Ts 4h 9h 7c]
Seat 1: craaa (big blind) folded on the Turn
Seat 6: tedros404 (button) (small blind) collected ($11.76)


PokerStars Hand #151223282223:  Hold'em Limit ($3/$6 USD) - 2016/03/31 13:18:03 ET
Table 'Aschera II' 6-max Seat #6 is the button
Seat 1: craaa ($58.01 in chips)
Seat 6: tedros404 ($241.46 in chips)
tedros404: posts small blind $1
craaa: posts big blind $3
*** HOLE CARDS ***
tedros404: raises $3 to $6
craaa: raises $3 to $9
tedros404: calls $3
*** FLOP *** [7h 2c 5h]
craaa: bets $3
tedros404: calls $3
*** TURN *** [7h 2c 5h] [Kh]
craaa: bets $6
tedros404: calls $6
*** RIVER *** [7h 2c 5h Kh] [3c]
craaa: checks
tedros404: bets $6
craaa: calls $6
*** SHOW DOWN ***
tedros404: shows [6c 6s] (a pair of Sixes)
craaa: mucks hand
tedros404 collected $47.50 from pot
*** SUMMARY ***
Total pot $48 | Rake $0.50
Board [7h 2c 5h Kh 3c]
Seat 1: craaa (big blind) mucked
Seat 6: tedros404 (button) (small blind) showed [6c 6s] and won ($47.50) with a pair of Sixes


PokerStars Hand #151223259849:  Hold'em Limit ($3/$6 USD) - 2016/03/31 13:17:38 ET
Table 'Aschera II' 6-max Seat #1 is the button
Seat 1: craaa ($73.01 in chips)
Seat 6: tedros404 ($226.96 in chips)
craaa: posts small blind $1
tedros404: posts big blind $3
*** HOLE CARDS ***
craaa: raises $3 to $6
liolilove joins the table at seat #2
tedros404: calls $3
*** FLOP *** [3d Jd 6s]
tedros404: checks
craaa: bets $3
tedros404: calls $3
*** TURN *** [3d Jd 6s] [6h]
tedros404: checks
craaa: bets $6
tedros404: calls $6
*** RIVER *** [3d Jd 6s 6h] [Qs]
tedros404: checks
craaa: checks
*** SHOW DOWN ***
tedros404: shows [7c 7d] (two pair, Sevens and Sixes)
craaa: mucks hand
tedros404 collected $29.50 from pot
*** SUMMARY ***
Total pot $30 | Rake $0.50
Board [3d Jd 6s 6h Qs]
Seat 1: craaa (button) (small blind) mucked
Seat 6: tedros404 (big blind) showed [7c 7d] and won ($29.50) with two pair, Sevens and Sixes


PokerStars Hand #151223353796:  Hold'em Limit ($3/$6 USD) - 2016/03/31 13:19:22 ET
Table 'Aschera II' 6-max Seat #6 is the button
Seat 1: craaa ($119 in chips)
Seat 6: tedros404 ($265.60 in chips)
tedros404: posts small blind $1
craaa: posts big blind $3
*** HOLE CARDS ***
tedros404: raises $3 to $6
craaa: folds
Uncalled bet ($3) returned to tedros404
tedros404 collected $6 from pot
tedros404: doesn't show hand
*** SUMMARY ***
Total pot $6 | Rake $0
Seat 1: craaa (big blind) folded before Flop
Seat 6: tedros404 (button) (small blind) collected ($6)


PokerStars Hand #151223349003:  Hold'em Limit ($3/$6 USD) - 2016/03/31 13:19:17 ET
Table 'Aschera II' 6-max Seat #1 is the button
Seat 1: craaa ($116 in chips)
Seat 6: tedros404 ($268.60 in chips)
craaa: posts small blind $1
tedros404: posts big blind $3
*** HOLE CARDS ***
craaa: raises $3 to $6
tedros404: folds
Uncalled bet ($3) returned to craaa
craaa collected $6 from pot
craaa: doesn't show hand
*** SUMMARY ***
Total pot $6 | Rake $0
Seat 1: craaa (button) (small blind) collected ($6)
Seat 6: tedros404 (big blind) folded before Flop


PokerStars Hand #151223344940:  Hold'em Limit ($3/$6 USD) - 2016/03/31 13:19:12 ET
Table 'Aschera II' 6-max Seat #6 is the button
Seat 1: craaa ($115 in chips)
Seat 6: tedros404 ($269.60 in chips)
tedros404: posts small blind $1
craaa: posts big blind $3
*** HOLE CARDS ***
tedros404: folds
Uncalled bet ($2) returned to craaa
craaa collected $2 from pot
craaa: doesn't show hand
*** SUMMARY ***
Total pot $2 | Rake $0
Seat 1: craaa (big blind) collected ($2)
Seat 6: tedros404 (button) (small blind) folded before Flop


PokerStars Hand #151223340556:  Hold'em Limit ($3/$6 USD) - 2016/03/31 13:19:08 ET
Table 'Aschera II' 6-max Seat #1 is the button
Seat 1: craaa ($112 in chips)
Seat 6: tedros404 ($272.60 in chips)
craaa: posts small blind $1
tedros404: posts big blind $3
*** HOLE CARDS ***
craaa: raises $3 to $6
tedros404: folds
Uncalled bet ($3) returned to craaa
craaa collected $6 from pot
craaa: doesn't show hand
*** SUMMARY ***
Total pot $6 | Rake $0
Seat 1: craaa (button) (small blind) collected ($6)
Seat 6: tedros404 (big blind) folded before Flop


PokerStars Hand #151223336131:  Hold'em Limit ($3/$6 USD) - 2016/03/31 13:19:03 ET
Table 'Aschera II' 6-max Seat #6 is the button
Seat 1: craaa ($111 in chips)
Seat 6: tedros404 ($273.60 in chips)
tedros404: posts small blind $1
craaa: posts big blind $3
*** HOLE CARDS ***
tedros404: folds
Uncalled bet ($2) returned to craaa
craaa collected $2 from pot
craaa: doesn't show hand
*** SUMMARY ***
Total pot $2 | Rake $0
Seat 1: craaa (big blind) collected ($2)
Seat 6: tedros404 (button) (small blind) folded before Flop


PokerStars Hand #151223308793:  Hold'em Limit ($3/$6 USD) - 2016/03/31 13:18:33 ET
Table 'Aschera II' 6-max Seat #1 is the button
Seat 1: craaa ($120 in chips)
Seat 6: tedros404 ($264.96 in chips)
craaa: posts small blind $1
tedros404: posts big blind $3
*** HOLE CARDS ***
craaa: raises $3 to $6
tedros404: calls $3
*** FLOP *** [9c Qs 6c]
tedros404: checks
craaa: bets $3
tedros404: calls $3
*** TURN *** [9c Qs 6c] [4s]
tedros404: checks
craaa: checks
*** RIVER *** [9c Qs 6c 4s] [Th]
tedros404: bets $6
craaa: folds
Uncalled bet ($6) returned to tedros404
tedros404 collected $17.64 from pot
tedros404: doesn't show hand
*** SUMMARY ***
Total pot $18 | Rake $0.36
Board [9c Qs 6c 4s Th]
Seat 1: craaa (button) (small blind) folded on the River
Seat 6: tedros404 (big blind) collected ($17.64)


PokerStars Hand #151223380756:  Hold'em Limit ($3/$6 USD) - 2016/03/31 13:19:52 ET
Table 'Aschera II' 6-max Seat #6 is the button
Seat 1: craaa ($130.50 in chips)
Seat 6: tedros404 ($253.60 in chips)
tedros404: posts small blind $1
craaa: posts big blind $3
*** HOLE CARDS ***
tedros404: raises $3 to $6
craaa: folds
Uncalled bet ($3) returned to tedros404
tedros404 collected $6 from pot
tedros404: doesn't show hand
*** SUMMARY ***
Total pot $6 | Rake $0
Seat 1: craaa (big blind) folded before Flop
Seat 6: tedros404 (button) (small blind) collected ($6)


PokerStars Hand #151223358635:  Hold'em Limit ($3/$6 USD) - 2016/03/31 13:19:28 ET
Table 'Aschera II' 6-max Seat #1 is the button
Seat 1: craaa ($116 in chips)
Seat 6: tedros404 ($268.60 in chips)
craaa: posts small blind $1
tedros404: posts big blind $3
*** HOLE CARDS ***
craaa: raises $3 to $6
tedros404: calls $3
*** FLOP *** [7h Td Js]
tedros404: checks
craaa: bets $3
tedros404: calls $3
*** TURN *** [7h Td Js] [6s]
tedros404: checks
craaa: checks
*** RIVER *** [7h Td Js 6s] [2s]
Günni1959 joins the table at seat #3
tedros404: bets $6
craaa: raises $6 to $12
tedros404: folds
Uncalled bet ($6) returned to craaa
craaa collected $29.50 from pot
craaa: doesn't show hand
*** SUMMARY ***
Total pot $30 | Rake $0.50
Board [7h Td Js 6s 2s]
Seat 1: craaa (button) (small blind) collected ($29.50)
Seat 6: tedros404 (big blind) folded on the River


PokerStars Hand #151225088324:  Hold'em Limit ($3/$6 USD) - 2016/03/31 13:51:28 ET
Table 'Aschera II' 6-max Seat #6 is the button
Seat 2: Ferblink.Rc ($104.68 in chips)
Seat 6: tedros404 ($329.97 in chips)
tedros404: posts small blind $1
Ferblink.Rc: posts big blind $3
*** HOLE CARDS ***
tedros404: raises $3 to $6
Ferblink.Rc: folds
Uncalled bet ($3) returned to tedros404
tedros404 collected $6 from pot
tedros404: doesn't show hand
*** SUMMARY ***
Total pot $6 | Rake $0
Seat 2: Ferblink.Rc (big blind) folded before Flop
Seat 6: tedros404 (button) (small blind) collected ($6)


PokerStars Hand #151225065903:  Hold'em Limit ($3/$6 USD) - 2016/03/31 13:51:02 ET
Table 'Aschera II' 6-max Seat #2 is the button
Seat 2: Ferblink.Rc ($110.68 in chips)
Seat 6: tedros404 ($324.21 in chips)
Ferblink.Rc: posts small blind $1
belik555: is sitting out
tedros404: posts big blind $3
*** HOLE CARDS ***
belik555 leaves the table
Ferblink.Rc: raises $3 to $6
tedros404: calls $3
*** FLOP *** [7s 9h Qh]
tedros404: checks
Ferblink.Rc: checks
*** TURN *** [7s 9h Qh] [2c]
tedros404: bets $6
Ferblink.Rc: folds
Uncalled bet ($6) returned to tedros404
tedros404 collected $11.76 from pot
tedros404: doesn't show hand
*** SUMMARY ***
Total pot $12 | Rake $0.24
Board [7s 9h Qh 2c]
Seat 2: Ferblink.Rc (button) (small blind) folded on the Turn
Seat 6: tedros404 (big blind) collected ($11.76)


PokerStars Hand #151225096415:  Hold'em Limit ($3/$6 USD) - 2016/03/31 13:51:37 ET
Table 'Aschera II' 6-max Seat #2 is the button
Seat 2: Ferblink.Rc ($101.68 in chips)
Seat 6: tedros404 ($332.97 in chips)
Ferblink.Rc: posts small blind $1
tedros404: posts big blind $3
*** HOLE CARDS ***
KingYang2008 joins the table at seat #3
Ferblink.Rc: raises $3 to $6
tedros404: calls $3
*** FLOP *** [Ts Qc As]
tedros404: checks
Ferblink.Rc: checks
*** TURN *** [Ts Qc As] [Qs]
tedros404: bets $6
Ferblink.Rc: raises $6 to $12
tedros404: calls $6
*** RIVER *** [Ts Qc As Qs] [2d]
tedros404: checks
Ferblink.Rc: bets $6
tedros404: calls $6
*** SHOW DOWN ***
Ferblink.Rc: shows [Kc Jd] (a straight, Ten to Ace)
tedros404: mucks hand
Ferblink.Rc collected $47.50 from pot
*** SUMMARY ***
Total pot $48 | Rake $0.50
Board [Ts Qc As Qs 2d]
Seat 2: Ferblink.Rc (button) (small blind) showed [Kc Jd] and won ($47.50) with a straight, Ten to Ace
Seat 6: tedros404 (big blind) mucked


PokerStars Hand #151225147797:  Hold'em Limit ($3/$6 USD) - 2016/03/31 13:52:34 ET
Table 'Aschera II' 6-max Seat #6 is the button
Seat 2: Ferblink.Rc ($125.18 in chips)
Seat 6: tedros404 ($308.97 in chips)
tedros404: posts small blind $1
Ferblink.Rc: posts big blind $3
*** HOLE CARDS ***
tedros404: raises $3 to $6
Ferblink.Rc: calls $3
*** FLOP *** [Ad Td 3h]
craaa leaves the table
Ferblink.Rc: checks
tedros404: bets $3
Ferblink.Rc: calls $3
*** TURN *** [Ad Td 3h] [4s]
Ferblink.Rc: checks
tedros404: bets $6
Ferblink.Rc: calls $6
*** RIVER *** [Ad Td 3h 4s] [Qc]
Ferblink.Rc: checks
tedros404: bets $6
Ferblink.Rc: calls $6
*** SHOW DOWN ***
tedros404: shows [Ah 2d] (a pair of Aces)
Ferblink.Rc: mucks hand
tedros404 collected $41.50 from pot
*** SUMMARY ***
Total pot $42 | Rake $0.50
Board [Ad Td 3h 4s Qc]
Seat 2: Ferblink.Rc (big blind) mucked
Seat 6: tedros404 (button) (small blind) showed [Ah 2d] and won ($41.50) with a pair of Aces


PokerStars Hand #151228894911:  Hold'em Limit ($3/$6 USD) - 2016/03/31 15:00:59 ET
Table 'Aschera II' 6-max Seat #4 is the button
Seat 3: avgust91985 ($147.04 in chips)
Seat 4: vestimokrec ($124.76 in chips)
vestimokrec: posts small blind $1
kolaz03: is sitting out
avgust91985: posts big blind $3
*** HOLE CARDS ***
kolaz03 leaves the table
vestimokrec: raises $3 to $6
The_Flute joins the table at seat #6
avgust91985: folds
Uncalled bet ($3) returned to vestimokrec
vestimokrec collected $6 from pot
vestimokrec: doesn't show hand
*** SUMMARY ***
Total pot $6 | Rake $0
Seat 3: avgust91985 (big blind) folded before Flop
Seat 4: vestimokrec (button) (small blind) collected ($6)


PokerStars Hand #151229115193:  Hold'em Limit ($3/$6 USD) - 2016/03/31 15:04:36 ET
Table 'Aschera II' 6-max Seat #6 is the button
Seat 3: yu1104 ($108.67 in chips)
Seat 6: The_Flute ($128.50 in chips)
The_Flute: posts small blind $1
yu1104: posts big blind $3
*** HOLE CARDS ***
The_Flute: folds
Uncalled bet ($2) returned to yu1104
yu1104 collected $2 from pot
yu1104: doesn't show hand
*** SUMMARY ***
Total pot $2 | Rake $0
Seat 3: yu1104 (big blind) collected ($2)
Seat 6: The_Flute (button) (small blind) folded before Flop


PokerStars Hand #151229107378:  Hold'em Limit ($3/$6 USD) - 2016/03/31 15:04:28 ET
Table 'Aschera II' 6-max Seat #3 is the button
Seat 3: yu1104 ($105.67 in chips)
Seat 6: The_Flute ($131.50 in chips)
yu1104: posts small blind $1
The_Flute: posts big blind $3
*** HOLE CARDS ***
yu1104: raises $3 to $6
The_Flute: folds
Uncalled bet ($3) returned to yu1104
yu1104 collected $6 from pot
yu1104: doesn't show hand
*** SUMMARY ***
Total pot $6 | Rake $0
Seat 3: yu1104 (button) (small blind) collected ($6)
Seat 6: The_Flute (big blind) folded before Flop


PokerStars Hand #151229120305:  Hold'em Limit ($3/$6 USD) - 2016/03/31 15:04:41 ET
Table 'Aschera II' 6-max Seat #3 is the button
Seat 3: yu1104 ($109.67 in chips)
Seat 6: The_Flute ($127.50 in chips)
yu1104: posts small blind $1
The_Flute: posts big blind $3
*** HOLE CARDS ***
yu1104: raises $3 to $6
The_Flute: calls $3
*** FLOP *** [Js 8d Qs]
The_Flute: checks
yu1104: bets $3
The_Flute: calls $3
*** TURN *** [Js 8d Qs] [6d]
The_Flute: checks
yu1104: bets $6
The_Flute: calls $6
*** RIVER *** [Js 8d Qs 6d] [Ts]
The_Flute: checks
yu1104: bets $6
kolaz03 joins the table at seat #4
The_Flute: calls $6
*** SHOW DOWN ***
yu1104: shows [7c Qh] (a pair of Queens)
The_Flute: shows [8c Th] (two pair, Tens and Eights)
The_Flute collected $41.50 from pot
kolaz03 leaves the table
*** SUMMARY ***
Total pot $42 | Rake $0.50
Board [Js 8d Qs 6d Ts]
Seat 3: yu1104 (button) (small blind) showed [7c Qh] and lost with a pair of Queens
Seat 6: The_Flute (big blind) showed [8c Th] and won ($41.50) with two pair, Tens and Eights


PokerStars Hand #151229057752:  Hold'em Limit ($3/$6 USD) - 2016/03/31 15:03:41 ET
Table 'Aschera II' 6-max Seat #3 is the button
Seat 3: yu1104 ($117.91 in chips)
Seat 6: The_Flute ($120 in chips)
yu1104: posts small blind $1
The_Flute: posts big blind $3
*** HOLE CARDS ***
yu1104: raises $3 to $6
The_Flute: calls $3
*** FLOP *** [7c 9h 6s]
The_Flute: checks
yu1104: bets $3
The_Flute: raises $3 to $6
yu1104: calls $3
*** TURN *** [7c 9h 6s] [Ks]
The_Flute: bets $6
yu1104: calls $6
*** RIVER *** [7c 9h 6s Ks] [As]
The_Flute: bets $6
yu1104: folds
Uncalled bet ($6) returned to The_Flute
The_Flute collected $35.50 from pot
The_Flute: doesn't show hand
*** SUMMARY ***
Total pot $36 | Rake $0.50
Board [7c 9h 6s Ks As]
Seat 3: yu1104 (button) (small blind) folded on the River
Seat 6: The_Flute (big blind) collected ($35.50)


PokerStars Hand #151229094356:  Hold'em Limit ($3/$6 USD) - 2016/03/31 15:04:16 ET
Table 'Aschera II' 6-max Seat #6 is the button
Seat 3: yu1104 ($99.91 in chips)
Seat 6: The_Flute ($137.50 in chips)
The_Flute: posts small blind $1
yu1104: posts big blind $3
*** HOLE CARDS ***
The_Flute: raises $3 to $6
yu1104: calls $3
*** FLOP *** [7c Kh 5c]
yu1104: checks
The_Flute: checks
*** TURN *** [7c Kh 5c] [8s]
yu1104: bets $6
The_Flute: folds
Uncalled bet ($6) returned to yu1104
yu1104 collected $11.76 from pot
yu1104: doesn't show hand
*** SUMMARY ***
Total pot $12 | Rake $0.24
Board [7c Kh 5c 8s]
Seat 3: yu1104 (big blind) collected ($11.76)
Seat 6: The_Flute (button) (small blind) folded on the Turn


PokerStars Hand #151229162267:  Hold'em Limit ($3/$6 USD) - 2016/03/31 15:05:18 ET
Table 'Aschera II' 6-max Seat #3 is the button
Seat 3: yu1104 ($82.67 in chips)
Seat 6: The_Flute ($153.76 in chips)
yu1104: posts small blind $1
The_Flute: posts big blind $3
*** HOLE CARDS ***
kolaz03 joins the table at seat #4
avgust91985 joins the table at seat #2
yu1104: raises $3 to $6
The_Flute: calls $3
*** FLOP *** [9s 8h 7c]
The_Flute: checks
yu1104: bets $3
The_Flute: folds
Uncalled bet ($3) returned to yu1104
yu1104 collected $11.76 from pot
yu1104: doesn't show hand
*** SUMMARY ***
Total pot $12 | Rake $0.24
Board [9s 8h 7c]
Seat 3: yu1104 (button) (small blind) collected ($11.76)
Seat 6: The_Flute (big blind) folded on the Flop


PokerStars Hand #151229149284:  Hold'em Limit ($3/$6 USD) - 2016/03/31 15:05:06 ET
Table 'Aschera II' 6-max Seat #6 is the button
Seat 3: yu1104 ($88.67 in chips)
Seat 6: The_Flute ($148 in chips)
The_Flute: posts small blind $1
yu1104: posts big blind $3
*** HOLE CARDS ***
The_Flute: raises $3 to $6
yu1104: calls $3
*** FLOP *** [Td 6d 4d]
yu1104: checks
The_Flute: bets $3
yu1104: folds
Uncalled bet ($3) returned to The_Flute
The_Flute collected $11.76 from pot
The_Flute: doesn't show hand
*** SUMMARY ***
Total pot $12 | Rake $0.24
Board [Td 6d 4d]
Seat 3: yu1104 (big blind) folded on the Flop
Seat 6: The_Flute (button) (small blind) collected ($11.76)


PokerStars Hand #151231817182:  Hold'em Limit ($3/$6 USD) - 2016/03/31 15:48:07 ET
Table 'Aschera II' 6-max Seat #2 is the button
Seat 2: avgust91985 ($169.92 in chips)
Seat 5: yu1104 ($69.19 in chips)
avgust91985: posts small blind $1
yu1104: posts big blind $3
*** HOLE CARDS ***
avgust91985: folds
Uncalled bet ($2) returned to yu1104
yu1104 collected $2 from pot
yu1104: doesn't show hand
*** SUMMARY ***
Total pot $2 | Rake $0
Seat 2: avgust91985 (button) (small blind) folded before Flop
Seat 5: yu1104 (big blind) collected ($2)


PokerStars Hand #151231801253:  Hold'em Limit ($3/$6 USD) - 2016/03/31 15:47:52 ET
Table 'Aschera II' 6-max Seat #5 is the button
Seat 2: avgust91985 ($175.92 in chips)
Seat 5: yu1104 ($63.43 in chips)
yu1104: posts small blind $1
avgust91985: posts big blind $3
*** HOLE CARDS ***
yu1104: raises $3 to $6
avgust91985: calls $3
*** FLOP *** [7d 5s Qs]
avgust91985: checks
yu1104: bets $3
avgust91985: folds
Uncalled bet ($3) returned to yu1104
yu1104 collected $11.76 from pot
yu1104: doesn't show hand
*** SUMMARY ***
Total pot $12 | Rake $0.24
Board [7d 5s Qs]
Seat 2: avgust91985 (big blind) folded on the Flop
Seat 5: yu1104 (button) (small blind) collected ($11.76)


PokerStars Hand #151231822297:  Hold'em Limit ($3/$6 USD) - 2016/03/31 15:48:12 ET
Table 'Aschera II' 6-max Seat #5 is the button
Seat 2: avgust91985 ($168.92 in chips)
Seat 5: yu1104 ($70.19 in chips)
yu1104: posts small blind $1
avgust91985: posts big blind $3
*** HOLE CARDS ***
yu1104: raises $3 to $6
avgust91985: folds
Uncalled bet ($3) returned to yu1104
yu1104 collected $6 from pot
yu1104: doesn't show hand
*** SUMMARY ***
Total pot $6 | Rake $0
Seat 2: avgust91985 (big blind) folded before Flop
Seat 5: yu1104 (button) (small blind) collected ($6)


PokerStars Hand #151231868969:  Hold'em Limit ($3/$6 USD) - 2016/03/31 15:48:57 ET
Table 'Aschera II' 6-max Seat #2 is the button
Seat 2: avgust91985 ($136.92 in chips)
Seat 5: yu1104 ($101.69 in chips)
avgust91985: posts small blind $1
yu1104: posts big blind $3
*** HOLE CARDS ***
avgust91985: raises $3 to $6
yu1104: folds
Uncalled bet ($3) returned to avgust91985
avgust91985 collected $6 from pot
avgust91985: doesn't show hand
*** SUMMARY ***
Total pot $6 | Rake $0
Seat 2: avgust91985 (button) (small blind) collected ($6)
Seat 5: yu1104 (big blind) folded before Flop


PokerStars Hand #151231863687:  Hold'em Limit ($3/$6 USD) - 2016/03/31 15:48:52 ET
Table 'Aschera II' 6-max Seat #5 is the button
Seat 2: avgust91985 ($135.92 in chips)
Seat 5: yu1104 ($102.69 in chips)
yu1104: posts small blind $1
avgust91985: posts big blind $3
*** HOLE CARDS ***
yu1104: folds
Uncalled bet ($2) returned to avgust91985
avgust91985 collected $2 from pot
avgust91985: doesn't show hand
*** SUMMARY ***
Total pot $2 | Rake $0
Seat 2: avgust91985 (big blind) collected ($2)
Seat 5: yu1104 (button) (small blind) folded before Flop


PokerStars Hand #151231858880:  Hold'em Limit ($3/$6 USD) - 2016/03/31 15:48:48 ET
Table 'Aschera II' 6-max Seat #2 is the button
Seat 2: avgust91985 ($136.92 in chips)
Seat 5: yu1104 ($101.69 in chips)
avgust91985: posts small blind $1
yu1104: posts big blind $3
*** HOLE CARDS ***
avgust91985: folds
Uncalled bet ($2) returned to yu1104
yu1104 collected $2 from pot
yu1104: doesn't show hand
*** SUMMARY ***
Total pot $2 | Rake $0
Seat 2: avgust91985 (button) (small blind) folded before Flop
Seat 5: yu1104 (big blind) collected ($2)


PokerStars Hand #151231852665:  Hold'em Limit ($3/$6 USD) - 2016/03/31 15:48:42 ET
Table 'Aschera II' 6-max Seat #5 is the button
Seat 2: avgust91985 ($135.92 in chips)
Seat 5: yu1104 ($102.69 in chips)
yu1104: posts small blind $1
avgust91985: posts big blind $3
*** HOLE CARDS ***
yu1104: folds
Uncalled bet ($2) returned to avgust91985
avgust91985 collected $2 from pot
avgust91985: doesn't show hand
*** SUMMARY ***
Total pot $2 | Rake $0
Seat 2: avgust91985 (big blind) collected ($2)
Seat 5: yu1104 (button) (small blind) folded before Flop


PokerStars Hand #151231828044:  Hold'em Limit ($3/$6 USD) - 2016/03/31 15:48:18 ET
Table 'Aschera II' 6-max Seat #2 is the button
Seat 2: avgust91985 ($165.92 in chips)
Seat 5: yu1104 ($73.19 in chips)
avgust91985: posts small blind $1
yu1104: posts big blind $3
*** HOLE CARDS ***
avgust91985: raises $3 to $6
yu1104: raises $3 to $9
avgust91985: raises $3 to $12
Betting is capped
yu1104: calls $3
*** FLOP *** [Kh 5c 8h]
yu1104: bets $3
avgust91985: raises $3 to $6
yu1104: calls $3
*** TURN *** [Kh 5c 8h] [Kd]
yu1104: checks
avgust91985: bets $6
yu1104: calls $6
*** RIVER *** [Kh 5c 8h Kd] [6d]
yu1104: checks
avgust91985: bets $6
yu1104: calls $6
*** SHOW DOWN ***
avgust91985: shows [7c 7s] (two pair, Kings and Sevens)
yu1104: shows [Jd Jc] (two pair, Kings and Jacks)
yu1104 collected $59.50 from pot
*** SUMMARY ***
Total pot $60 | Rake $0.50
Board [Kh 5c 8h Kd 6d]
Seat 2: avgust91985 (button) (small blind) showed [7c 7s] and lost with two pair, Kings and Sevens
Seat 5: yu1104 (big blind) showed [Jd Jc] and won ($59.50) with two pair, Kings and Jacks


PokerStars Hand #151231932800:  Hold'em Limit ($3/$6 USD) - 2016/03/31 15:49:59 ET
Table 'Aschera II' 6-max Seat #6 is the button
Seat 5: yu1104 ($104.33 in chips)
Seat 6: The_Flute ($252.21 in chips)
The_Flute: posts small blind $1
avgust91985: is sitting out
yu1104: posts big blind $3
*** HOLE CARDS ***
avgust91985 leaves the table
The_Flute: raises $3 to $6
yu1104: folds
Uncalled bet ($3) returned to The_Flute
The_Flute collected $6 from pot
The_Flute: doesn't show hand
*** SUMMARY ***
Total pot $6 | Rake $0
Seat 5: yu1104 (big blind) folded before Flop
Seat 6: The_Flute (button) (small blind) collected ($6)


PokerStars Hand #151231950050:  Hold'em Limit ($3/$6 USD) - 2016/03/31 15:50:16 ET
Table 'Aschera II' 6-max Seat #6 is the button
Seat 5: yu1104 ($100.33 in chips)
Seat 6: The_Flute ($256.21 in chips)
The_Flute: posts small blind $1
yu1104: posts big blind $3
*** HOLE CARDS ***
The_Flute: raises $3 to $6
yu1104: folds
Uncalled bet ($3) returned to The_Flute
The_Flute collected $6 from pot
The_Flute: doesn't show hand
*** SUMMARY ***
Total pot $6 | Rake $0
Seat 5: yu1104 (big blind) folded before Flop
Seat 6: The_Flute (button) (small blind) collected ($6)


PokerStars Hand #151231943576:  Hold'em Limit ($3/$6 USD) - 2016/03/31 15:50:10 ET
Table 'Aschera II' 6-max Seat #5 is the button
Seat 5: yu1104 ($101.33 in chips)
Seat 6: The_Flute ($255.21 in chips)
yu1104: posts small blind $1
The_Flute: posts big blind $3
*** HOLE CARDS ***
yu1104: folds
Uncalled bet ($2) returned to The_Flute
The_Flute collected $2 from pot
The_Flute: doesn't show hand
*** SUMMARY ***
Total pot $2 | Rake $0
Seat 5: yu1104 (button) (small blind) folded before Flop
Seat 6: The_Flute (big blind) collected ($2)


PokerStars Hand #151231955804:  Hold'em Limit ($3/$6 USD) - 2016/03/31 15:50:22 ET
Table 'Aschera II' 6-max Seat #5 is the button
Seat 5: yu1104 ($97.33 in chips)
Seat 6: The_Flute ($259.21 in chips)
yu1104: posts small blind $1
The_Flute: posts big blind $3
*** HOLE CARDS ***
yu1104: folds
Uncalled bet ($2) returned to The_Flute
The_Flute collected $2 from pot
The_Flute: doesn't show hand
*** SUMMARY ***
Total pot $2 | Rake $0
Seat 5: yu1104 (button) (small blind) folded before Flop
Seat 6: The_Flute (big blind) collected ($2)


PokerStars Hand #151231975558:  Hold'em Limit ($3/$6 USD) - 2016/03/31 15:50:41 ET
Table 'Aschera II' 6-max Seat #6 is the button
Seat 5: yu1104 ($96.33 in chips)
Seat 6: The_Flute ($260.21 in chips)
The_Flute: posts small blind $1
yu1104: posts big blind $3
*** HOLE CARDS ***
The_Flute: raises $3 to $6
yu1104: calls $3
*** FLOP *** [Qd 6c Ts]
yu1104: checks
The_Flute: checks
*** TURN *** [Qd 6c Ts] [9d]
yu1104: checks
The_Flute: checks
*** RIVER *** [Qd 6c Ts 9d] [2d]
yu1104: checks
The_Flute: checks
*** SHOW DOWN ***
yu1104: shows [5h 4d] (high card Queen)
The_Flute: shows [As 4s] (high card Ace)
The_Flute collected $11.76 from pot
*** SUMMARY ***
Total pot $12 | Rake $0.24
Board [Qd 6c Ts 9d 2d]
Seat 5: yu1104 (big blind) showed [5h 4d] and lost with high card Queen
Seat 6: The_Flute (button) (small blind) showed [As 4s] and won ($11.76) with high card Ace


PokerStars Hand #151232040708:  Hold'em Limit ($3/$6 USD) - 2016/03/31 15:51:45 ET
Table 'Aschera II' 6-max Seat #5 is the button
Seat 5: yu1104 ($80.97 in chips)
Seat 6: The_Flute ($274.47 in chips)
yu1104: posts small blind $1
The_Flute: posts big blind $3
*** HOLE CARDS ***
yu1104: folds
Uncalled bet ($2) returned to The_Flute
The_Flute collected $2 from pot
The_Flute: doesn't show hand
*** SUMMARY ***
Total pot $2 | Rake $0
Seat 5: yu1104 (button) (small blind) folded before Flop
Seat 6: The_Flute (big blind) collected ($2)


PokerStars Hand #151232025836:  Hold'em Limit ($3/$6 USD) - 2016/03/31 15:51:30 ET
Table 'Aschera II' 6-max Seat #6 is the button
Seat 5: yu1104 ($72.33 in chips)
Seat 6: The_Flute ($283.47 in chips)
The_Flute: posts small blind $1
yu1104: posts big blind $3
*** HOLE CARDS ***
The_Flute: raises $3 to $6
yu1104: calls $3
*** FLOP *** [2s 3s As]
yu1104: checks
The_Flute: bets $3
yu1104: raises $3 to $6
The_Flute: folds
Uncalled bet ($3) returned to yu1104
yu1104 collected $17.64 from pot
yu1104: doesn't show hand
*** SUMMARY ***
Total pot $18 | Rake $0.36
Board [2s 3s As]
Seat 5: yu1104 (big blind) collected ($17.64)
Seat 6: The_Flute (button) (small blind) folded on the Flop


PokerStars Hand #151232000719:  Hold'em Limit ($3/$6 USD) - 2016/03/31 15:51:06 ET
Table 'Aschera II' 6-max Seat #5 is the button
Seat 5: yu1104 ($90.33 in chips)
Seat 6: The_Flute ($265.97 in chips)
yu1104: posts small blind $1
The_Flute: posts big blind $3
*** HOLE CARDS ***
yu1104: raises $3 to $6
The_Flute: calls $3
*** FLOP *** [8h Ks 8s]
The_Flute: checks
yu1104: bets $3
The_Flute: raises $3 to $6
yu1104: calls $3
*** TURN *** [8h Ks 8s] [9d]
The_Flute: bets $6
yu1104: calls $6
*** RIVER *** [8h Ks 8s 9d] [4s]
The_Flute: bets $6
yu1104: folds
Uncalled bet ($6) returned to The_Flute
The_Flute collected $35.50 from pot
The_Flute: doesn't show hand
*** SUMMARY ***
Total pot $36 | Rake $0.50
Board [8h Ks 8s 9d 4s]
Seat 5: yu1104 (button) (small blind) folded on the River
Seat 6: The_Flute (big blind) collected ($35.50)


PokerStars Hand #151232046897:  Hold'em Limit ($3/$6 USD) - 2016/03/31 15:51:51 ET
Table 'Aschera II' 6-max Seat #6 is the button
Seat 5: yu1104 ($79.97 in chips)
Seat 6: The_Flute ($275.47 in chips)
The_Flute: posts small blind $1
yu1104: posts big blind $3
*** HOLE CARDS ***
The_Flute: raises $3 to $6
yu1104: calls $3
*** FLOP *** [4c As Tc]
yu1104: checks
The_Flute: bets $3
yu1104: calls $3
*** TURN *** [4c As Tc] [Qd]
yu1104: checks
The_Flute: bets $6
yu1104: calls $6
*** RIVER *** [4c As Tc Qd] [Ah]
yu1104: checks
The_Flute: bets $6
yu1104: calls $6
*** SHOW DOWN ***
The_Flute: shows [Kh Qs] (two pair, Aces and Queens)
yu1104: mucks hand
The_Flute collected $41.50 from pot
*** SUMMARY ***
Total pot $42 | Rake $0.50
Board [4c As Tc Qd Ah]
Seat 5: yu1104 (big blind) mucked
Seat 6: The_Flute (button) (small blind) showed [Kh Qs] and won ($41.50) with two pair, Aces and Queens


PokerStars Hand #151232072895:  Hold'em Limit ($3/$6 USD) - 2016/03/31 15:52:16 ET
Table 'Aschera II' 6-max Seat #5 is the button
Seat 5: yu1104 ($58.97 in chips)
Seat 6: The_Flute ($295.97 in chips)
yu1104: posts small blind $1
The_Flute: posts big blind $3
*** HOLE CARDS ***
yu1104: raises $3 to $6
The_Flute: calls $3
*** FLOP *** [7c 4h 6s]
The_Flute: checks
yu1104: bets $3
The_Flute: calls $3
*** TURN *** [7c 4h 6s] [5h]
The_Flute: checks
yu1104: checks
*** RIVER *** [7c 4h 6s 5h] [5d]
The_Flute: checks
yu1104: bets $6
The_Flute: folds
Uncalled bet ($6) returned to yu1104
yu1104 collected $17.64 from pot
yu1104: doesn't show hand
*** SUMMARY ***
Total pot $18 | Rake $0.36
Board [7c 4h 6s 5h 5d]
Seat 5: yu1104 (button) (small blind) collected ($17.64)
Seat 6: The_Flute (big blind) folded on the River


PokerStars Hand #151232163532:  Hold'em Limit ($3/$6 USD) - 2016/03/31 15:53:45 ET
Table 'Aschera II' 6-max Seat #5 is the button
Seat 5: yu1104 ($46.61 in chips)
Seat 6: The_Flute ($307.47 in chips)
yu1104: posts small blind $1
The_Flute: posts big blind $3
*** HOLE CARDS ***
yu1104: raises $3 to $6
The_Flute: calls $3
*** FLOP *** [9d 7h 3h]
The_Flute: checks
yu1104: bets $3
The_Flute: folds
Uncalled bet ($3) returned to yu1104
yu1104 collected $11.76 from pot
yu1104: doesn't show hand
*** SUMMARY ***
Total pot $12 | Rake $0.24
Board [9d 7h 3h]
Seat 5: yu1104 (button) (small blind) collected ($11.76)
Seat 6: The_Flute (big blind) folded on the Flop


PokerStars Hand #151232123528:  Hold'em Limit ($3/$6 USD) - 2016/03/31 15:53:06 ET
Table 'Aschera II' 6-max Seat #6 is the button
Seat 5: yu1104 ($67.61 in chips)
Seat 6: The_Flute ($286.97 in chips)
The_Flute: posts small blind $1
yu1104: posts big blind $3
*** HOLE CARDS ***
The_Flute: raises $3 to $6
yu1104: calls $3
*** FLOP *** [9s 7s Js]
dorina888 joins the table at seat #1
yu1104: checks
The_Flute: bets $3
yu1104: raises $3 to $6
The_Flute: raises $3 to $9
yu1104: calls $3
*** TURN *** [9s 7s Js] [5c]
yu1104: checks
The_Flute: bets $6
yu1104: calls $6
*** RIVER *** [9s 7s Js 5c] [6s]
yu1104: checks
The_Flute: bets $6
yu1104: folds
Uncalled bet ($6) returned to The_Flute
The_Flute collected $41.50 from pot
The_Flute: doesn't show hand
*** SUMMARY ***
Total pot $42 | Rake $0.50
Board [9s 7s Js 5c 6s]
Seat 5: yu1104 (big blind) folded on the River
Seat 6: The_Flute (button) (small blind) collected ($41.50)


PokerStars Hand #151233208740:  Hold'em Limit ($3/$6 USD) - 2016/03/31 16:11:48 ET
Table 'Aschera II' 6-max Seat #6 is the button
Seat 2: vestimokrec ($191.01 in chips)
Seat 6: The_Flute ($309.60 in chips)
The_Flute: posts small blind $1
vestimokrec: posts big blind $3
*** HOLE CARDS ***
The_Flute: raises $3 to $6
dorina888 leaves the table
vestimokrec: calls $3
*** FLOP *** [Ts 4h 3h]
vestimokrec: checks
The_Flute: checks
*** TURN *** [Ts 4h 3h] [Td]
vestimokrec: bets $6
The_Flute: folds
Uncalled bet ($6) returned to vestimokrec
vestimokrec collected $11.76 from pot
vestimokrec: doesn't show hand
*** SUMMARY ***
Total pot $12 | Rake $0.24
Board [Ts 4h 3h Td]
Seat 2: vestimokrec (big blind) collected ($11.76)
Seat 6: The_Flute (button) (small blind) folded on the Turn


PokerStars Hand #151233244532:  Hold'em Limit ($3/$6 USD) - 2016/03/31 16:12:23 ET
Table 'Aschera II' 6-max Seat #2 is the button
Seat 2: vestimokrec ($196.77 in chips)
Seat 6: The_Flute ($303.60 in chips)
vestimokrec: posts small blind $1
The_Flute: posts big blind $3
*** HOLE CARDS ***
vestimokrec: raises $3 to $6
The_Flute: calls $3
*** FLOP *** [8c 6s 2c]
The_Flute: checks
vestimokrec: bets $3
The_Flute: calls $3
*** TURN *** [8c 6s 2c] [6c]
The_Flute: checks
buddhasway joins the table at seat #3
vestimokrec: checks
*** RIVER *** [8c 6s 2c 6c] [3d]
The_Flute: bets $6
vestimokrec: raises $6 to $12
The_Flute: calls $6
*** SHOW DOWN ***
vestimokrec: shows [Qc 7d] (a pair of Sixes)
The_Flute: shows [6h Th] (three of a kind, Sixes)
The_Flute collected $41.50 from pot
*** SUMMARY ***
Total pot $42 | Rake $0.50
Board [8c 6s 2c 6c 3d]
Seat 2: vestimokrec (button) (small blind) showed [Qc 7d] and lost with a pair of Sixes
Seat 6: The_Flute (big blind) showed [6h Th] and won ($41.50) with three of a kind, Sixes


PokerStars Hand #151242619543:  Hold'em Limit ($3/$6 USD) - 2016/03/31 19:05:19 ET
Table 'Aschera II' 6-max Seat #5 is the button
Seat 1: AKANTHOU ($168.34 in chips)
Seat 5: AzureCaper ($81.92 in chips)
AzureCaper: posts small blind $1
Chessnok: is sitting out
AKANTHOU: posts big blind $3
*** HOLE CARDS ***
AzureCaper: folds
Uncalled bet ($2) returned to AKANTHOU
AKANTHOU collected $2 from pot
*** SUMMARY ***
Total pot $2 | Rake $0
Seat 1: AKANTHOU (big blind) collected ($2)
Seat 5: AzureCaper (button) (small blind) folded before Flop


