PokerStars Hand #163020799768:  Hold'em Limit ($3/$6 USD) - 2016/12/16 4:29:16 ET
Table 'Ashlesha' 6-max Seat #4 is the button
Seat 3: slavii0o0 ($119.76 in chips)
Seat 4: Actionni13 ($150 in chips)
Actionni13: posts small blind $1
slavii0o0: posts big blind $3
*** HOLE CARDS ***
Actionni13: raises $3 to $6
slavii0o0: calls $3
*** FLOP *** [4s Jc 8d]
slavii0o0: checks
Actionni13: bets $3
slavii0o0: calls $3
*** TURN *** [4s Jc 8d] [Ts]
slavii0o0: checks
Actionni13: checks
*** RIVER *** [4s Jc 8d Ts] [7c]
slavii0o0: bets $6
Actionni13: calls $6
*** SHOW DOWN ***
slavii0o0: shows [5h 6s] (a straight, Four to Eight)
Actionni13: mucks hand
slavii0o0 collected $29.50 from pot
*** SUMMARY ***
Total pot $30 | Rake $0.50
Board [4s Jc 8d Ts 7c]
Seat 3: slavii0o0 (big blind) showed [5h 6s] and won ($29.50) with a straight, Four to Eight
Seat 4: Actionni13 (button) (small blind) mucked


PokerStars Hand #163020806789:  Hold'em Limit ($3/$6 USD) - 2016/12/16 4:29:36 ET
Table 'Ashlesha' 6-max Seat #3 is the button
Seat 3: slavii0o0 ($134.26 in chips)
Seat 4: Actionni13 ($150 in chips)
slavii0o0: posts small blind $1
Actionni13: posts big blind $3
*** HOLE CARDS ***
slavii0o0: raises $3 to $6
Actionni13: raises $3 to $9
slavii0o0: calls $3
*** FLOP *** [2h 2c Kc]
Actionni13: bets $3
slavii0o0: folds
Uncalled bet ($3) returned to Actionni13
Actionni13 collected $17.64 from pot
*** SUMMARY ***
Total pot $18 | Rake $0.36
Board [2h 2c Kc]
Seat 3: slavii0o0 (button) (small blind) folded on the Flop
Seat 4: Actionni13 (big blind) collected ($17.64)


PokerStars Hand #163020792115:  Hold'em Limit ($3/$6 USD) - 2016/12/16 4:28:54 ET
Table 'Ashlesha' 6-max Seat #3 is the button
Seat 3: slavii0o0 ($120 in chips)
Seat 4: Actionni13 ($150 in chips)
slavii0o0: posts small blind $1
Actionni13: posts big blind $3
*** HOLE CARDS ***
slavii0o0: raises $3 to $6
Actionni13: calls $3
*** FLOP *** [3h 3d 5d]
Actionni13: checks
slavii0o0: checks
*** TURN *** [3h 3d 5d] [Qc]
Actionni13: checks
slavii0o0: checks
*** RIVER *** [3h 3d 5d Qc] [5c]
Actionni13: bets $6
slavii0o0: calls $6
*** SHOW DOWN ***
Actionni13: shows [8c 6c] (two pair, Fives and Threes)
slavii0o0: shows [7c 9d] (two pair, Fives and Threes)
Actionni13 collected $11.76 from pot
slavii0o0 collected $11.76 from pot
*** SUMMARY ***
Total pot $24 | Rake $0.48
Board [3h 3d 5d Qc 5c]
Seat 3: slavii0o0 (button) (small blind) showed [7c 9d] and won ($11.76) with two pair, Fives and Threes
Seat 4: Actionni13 (big blind) showed [8c 6c] and won ($11.76) with two pair, Fives and Threes


PokerStars Hand #163020823106:  Hold'em Limit ($3/$6 USD) - 2016/12/16 4:30:21 ET
Table 'Ashlesha' 6-max Seat #4 is the button
Seat 3: slavii0o0 ($109.26 in chips)
Seat 4: Actionni13 ($174.14 in chips)
Actionni13: posts small blind $1
slavii0o0: posts big blind $3
*** HOLE CARDS ***
Actionni13: raises $3 to $6
slavii0o0: calls $3
*** FLOP *** [Qc 5h Jd]
slavii0o0: checks
Actionni13: bets $3
slavii0o0: calls $3
*** TURN *** [Qc 5h Jd] [Kc]
slavii0o0: checks
Actionni13: checks
*** RIVER *** [Qc 5h Jd Kc] [9s]
slavii0o0: checks
Actionni13: bets $6
slavii0o0: folds
Uncalled bet ($6) returned to Actionni13
Actionni13 collected $17.64 from pot
*** SUMMARY ***
Total pot $18 | Rake $0.36
Board [Qc 5h Jd Kc 9s]
Seat 3: slavii0o0 (big blind) folded on the River
Seat 4: Actionni13 (button) (small blind) collected ($17.64)


PokerStars Hand #163020821340:  Hold'em Limit ($3/$6 USD) - 2016/12/16 4:30:16 ET
Table 'Ashlesha' 6-max Seat #3 is the button
Seat 3: slavii0o0 ($110.26 in chips)
Seat 4: Actionni13 ($173.14 in chips)
slavii0o0: posts small blind $1
Actionni13: posts big blind $3
*** HOLE CARDS ***
slavii0o0: folds
Uncalled bet ($2) returned to Actionni13
Actionni13 collected $2 from pot
*** SUMMARY ***
Total pot $2 | Rake $0
Seat 3: slavii0o0 (button) (small blind) folded before Flop
Seat 4: Actionni13 (big blind) collected ($2)


PokerStars Hand #163020813196:  Hold'em Limit ($3/$6 USD) - 2016/12/16 4:29:54 ET
Table 'Ashlesha' 6-max Seat #4 is the button
Seat 3: slavii0o0 ($125.26 in chips)
Seat 4: Actionni13 ($158.64 in chips)
Actionni13: posts small blind $1
slavii0o0: posts big blind $3
*** HOLE CARDS ***
Actionni13: raises $3 to $6
slavii0o0: calls $3
*** FLOP *** [8c 5s Qh]
slavii0o0: checks
Actionni13: bets $3
slavii0o0: calls $3
*** TURN *** [8c 5s Qh] [Qc]
slavii0o0: checks
Actionni13: bets $6
slavii0o0: calls $6
*** RIVER *** [8c 5s Qh Qc] [5d]
slavii0o0: checks
Actionni13: bets $6
slavii0o0: folds
Uncalled bet ($6) returned to Actionni13
Actionni13 collected $29.50 from pot
*** SUMMARY ***
Total pot $30 | Rake $0.50
Board [8c 5s Qh Qc 5d]
Seat 3: slavii0o0 (big blind) folded on the River
Seat 4: Actionni13 (button) (small blind) collected ($29.50)


PokerStars Hand #163020851101:  Hold'em Limit ($3/$6 USD) - 2016/12/16 4:31:40 ET
Table 'Ashlesha' 6-max Seat #4 is the button
Seat 3: slavii0o0 ($116.54 in chips)
Seat 4: Actionni13 ($165.78 in chips)
Actionni13: posts small blind $1
slavii0o0: posts big blind $3
*** HOLE CARDS ***
Actionni13: folds
Uncalled bet ($2) returned to slavii0o0
slavii0o0 collected $2 from pot
*** SUMMARY ***
Total pot $2 | Rake $0
Seat 3: slavii0o0 (big blind) collected ($2)
Seat 4: Actionni13 (button) (small blind) folded before Flop


PokerStars Hand #163020849463:  Hold'em Limit ($3/$6 USD) - 2016/12/16 4:31:35 ET
Table 'Ashlesha' 6-max Seat #3 is the button
Seat 3: slavii0o0 ($117.54 in chips)
Seat 4: Actionni13 ($164.78 in chips)
slavii0o0: posts small blind $1
Actionni13: posts big blind $3
*** HOLE CARDS ***
slavii0o0: folds
Uncalled bet ($2) returned to Actionni13
Actionni13 collected $2 from pot
*** SUMMARY ***
Total pot $2 | Rake $0
Seat 3: slavii0o0 (button) (small blind) folded before Flop
Seat 4: Actionni13 (big blind) collected ($2)


PokerStars Hand #163020840921:  Hold'em Limit ($3/$6 USD) - 2016/12/16 4:31:11 ET
Table 'Ashlesha' 6-max Seat #4 is the button
Seat 3: slavii0o0 ($108.90 in chips)
Seat 4: Actionni13 ($173.78 in chips)
Actionni13: posts small blind $1
slavii0o0: posts big blind $3
*** HOLE CARDS ***
Actionni13: raises $3 to $6
slavii0o0: calls $3
*** FLOP *** [Ah 2d 3c]
slavii0o0: checks
Actionni13: bets $3
slavii0o0: calls $3
*** TURN *** [Ah 2d 3c] [As]
slavii0o0: checks
Actionni13: checks
*** RIVER *** [Ah 2d 3c As] [Ad]
slavii0o0: checks
Actionni13: checks
*** SHOW DOWN ***
slavii0o0: shows [5h 9d] (three of a kind, Aces)
Actionni13: mucks hand
slavii0o0 collected $17.64 from pot
*** SUMMARY ***
Total pot $18 | Rake $0.36
Board [Ah 2d 3c As Ad]
Seat 3: slavii0o0 (big blind) showed [5h 9d] and won ($17.64) with three of a kind, Aces
Seat 4: Actionni13 (button) (small blind) mucked


PokerStars Hand #163020831287:  Hold'em Limit ($3/$6 USD) - 2016/12/16 4:30:45 ET
Table 'Ashlesha' 6-max Seat #3 is the button
Seat 3: slavii0o0 ($100.26 in chips)
Seat 4: Actionni13 ($182.78 in chips)
slavii0o0: posts small blind $1
Actionni13: posts big blind $3
*** HOLE CARDS ***
slavii0o0: raises $3 to $6
Actionni13: calls $3
*** FLOP *** [Jd Kh Js]
Actionni13: checks
slavii0o0: bets $3
Actionni13: calls $3
*** TURN *** [Jd Kh Js] [8c]
Actionni13: checks
slavii0o0: checks
*** RIVER *** [Jd Kh Js 8c] [5c]
Actionni13: checks
slavii0o0: bets $6
Actionni13: folds
Uncalled bet ($6) returned to slavii0o0
slavii0o0 collected $17.64 from pot
*** SUMMARY ***
Total pot $18 | Rake $0.36
Board [Jd Kh Js 8c 5c]
Seat 3: slavii0o0 (button) (small blind) collected ($17.64)
Seat 4: Actionni13 (big blind) folded on the River


PokerStars Hand #163020866297:  Hold'em Limit ($3/$6 USD) - 2016/12/16 4:32:22 ET
Table 'Ashlesha' 6-max Seat #3 is the button
Seat 3: slavii0o0 ($100.54 in chips)
Seat 4: Actionni13 ($181.28 in chips)
slavii0o0: posts small blind $1
Actionni13: posts big blind $3
*** HOLE CARDS ***
slavii0o0: raises $3 to $6
Actionni13: folds
Uncalled bet ($3) returned to slavii0o0
slavii0o0 collected $6 from pot
*** SUMMARY ***
Total pot $6 | Rake $0
Seat 3: slavii0o0 (button) (small blind) collected ($6)
Seat 4: Actionni13 (big blind) folded before Flop


PokerStars Hand #163020862912:  Hold'em Limit ($3/$6 USD) - 2016/12/16 4:32:13 ET
Table 'Ashlesha' 6-max Seat #4 is the button
Seat 3: slavii0o0 ($99.54 in chips)
Seat 4: Actionni13 ($182.28 in chips)
Actionni13: posts small blind $1
slavii0o0: posts big blind $3
*** HOLE CARDS ***
Actionni13: folds
Uncalled bet ($2) returned to slavii0o0
slavii0o0 collected $2 from pot
*** SUMMARY ***
Total pot $2 | Rake $0
Seat 3: slavii0o0 (big blind) collected ($2)
Seat 4: Actionni13 (button) (small blind) folded before Flop


PokerStars Hand #163020853164:  Hold'em Limit ($3/$6 USD) - 2016/12/16 4:31:46 ET
Table 'Ashlesha' 6-max Seat #3 is the button
Seat 3: slavii0o0 ($117.54 in chips)
Seat 4: Actionni13 ($164.78 in chips)
slavii0o0: posts small blind $1
Actionni13: posts big blind $3
*** HOLE CARDS ***
slavii0o0: raises $3 to $6
Actionni13: raises $3 to $9
slavii0o0: calls $3
*** FLOP *** [7h 9c 6h]
Actionni13: bets $3
slavii0o0: calls $3
*** TURN *** [7h 9c 6h] [4s]
Actionni13: bets $6
slavii0o0: calls $6
*** RIVER *** [7h 9c 6h 4s] [8c]
Actionni13: bets $6
slavii0o0: folds
Uncalled bet ($6) returned to Actionni13
Actionni13 collected $35.50 from pot
*** SUMMARY ***
Total pot $36 | Rake $0.50
Board [7h 9c 6h 4s 8c]
Seat 3: slavii0o0 (button) (small blind) folded on the River
Seat 4: Actionni13 (big blind) collected ($35.50)


PokerStars Hand #163020893725:  Hold'em Limit ($3/$6 USD) - 2016/12/16 4:33:38 ET
Table 'Ashlesha' 6-max Seat #3 is the button
Seat 3: slavii0o0 ($107.18 in chips)
Seat 4: Actionni13 ($174.04 in chips)
slavii0o0: posts small blind $1
Actionni13: posts big blind $3
*** HOLE CARDS ***
slavii0o0: folds
Uncalled bet ($2) returned to Actionni13
Actionni13 collected $2 from pot
*** SUMMARY ***
Total pot $2 | Rake $0
Seat 3: slavii0o0 (button) (small blind) folded before Flop
Seat 4: Actionni13 (big blind) collected ($2)


PokerStars Hand #163020891990:  Hold'em Limit ($3/$6 USD) - 2016/12/16 4:33:33 ET
Table 'Ashlesha' 6-max Seat #4 is the button
Seat 3: slavii0o0 ($106.18 in chips)
Seat 4: Actionni13 ($175.04 in chips)
Actionni13: posts small blind $1
slavii0o0: posts big blind $3
*** HOLE CARDS ***
Actionni13: folds
Uncalled bet ($2) returned to slavii0o0
slavii0o0 collected $2 from pot
*** SUMMARY ***
Total pot $2 | Rake $0
Seat 3: slavii0o0 (big blind) collected ($2)
Seat 4: Actionni13 (button) (small blind) folded before Flop


PokerStars Hand #163020886872:  Hold'em Limit ($3/$6 USD) - 2016/12/16 4:33:19 ET
Table 'Ashlesha' 6-max Seat #3 is the button
Seat 3: slavii0o0 ($112.18 in chips)
Seat 4: Actionni13 ($169.28 in chips)
slavii0o0: posts small blind $1
Actionni13: posts big blind $3
*** HOLE CARDS ***
slavii0o0: raises $3 to $6
Actionni13: calls $3
*** FLOP *** [8h 7s Qs]
Actionni13: checks
slavii0o0: checks
*** TURN *** [8h 7s Qs] [5h]
Actionni13: bets $6
slavii0o0: folds
Uncalled bet ($6) returned to Actionni13
Actionni13 collected $11.76 from pot
*** SUMMARY ***
Total pot $12 | Rake $0.24
Board [8h 7s Qs 5h]
Seat 3: slavii0o0 (button) (small blind) folded on the Turn
Seat 4: Actionni13 (big blind) collected ($11.76)


PokerStars Hand #163020870558:  Hold'em Limit ($3/$6 USD) - 2016/12/16 4:32:34 ET
Table 'Ashlesha' 6-max Seat #4 is the button
Seat 3: slavii0o0 ($103.54 in chips)
Seat 4: Actionni13 ($178.28 in chips)
Actionni13: posts small blind $1
slavii0o0: posts big blind $3
*** HOLE CARDS ***
Actionni13: raises $3 to $6
slavii0o0: calls $3
*** FLOP *** [Ad 8s Ac]
slavii0o0: checks
Actionni13: bets $3
slavii0o0: calls $3
*** TURN *** [Ad 8s Ac] [3d]
slavii0o0: checks
Actionni13: checks
*** RIVER *** [Ad 8s Ac 3d] [5h]
slavii0o0: bets $6
Actionni13: folds
Uncalled bet ($6) returned to slavii0o0
slavii0o0 collected $17.64 from pot
*** SUMMARY ***
Total pot $18 | Rake $0.36
Board [Ad 8s Ac 3d 5h]
Seat 3: slavii0o0 (big blind) collected ($17.64)
Seat 4: Actionni13 (button) (small blind) folded on the River


PokerStars Hand #163020916483:  Hold'em Limit ($3/$6 USD) - 2016/12/16 4:34:40 ET
Table 'Ashlesha' 6-max Seat #4 is the button
Seat 3: slavii0o0 ($107.68 in chips)
Seat 4: Actionni13 ($172.56 in chips)
Actionni13: posts small blind $1
slavii0o0: posts big blind $3
*** HOLE CARDS ***
Actionni13: folds
Uncalled bet ($2) returned to slavii0o0
slavii0o0 collected $2 from pot
*** SUMMARY ***
Total pot $2 | Rake $0
Seat 3: slavii0o0 (big blind) collected ($2)
Seat 4: Actionni13 (button) (small blind) folded before Flop


PokerStars Hand #163020914825:  Hold'em Limit ($3/$6 USD) - 2016/12/16 4:34:36 ET
Table 'Ashlesha' 6-max Seat #3 is the button
Seat 3: slavii0o0 ($108.68 in chips)
Seat 4: Actionni13 ($171.56 in chips)
slavii0o0: posts small blind $1
Actionni13: posts big blind $3
*** HOLE CARDS ***
slavii0o0: folds
Uncalled bet ($2) returned to Actionni13
Actionni13 collected $2 from pot
*** SUMMARY ***
Total pot $2 | Rake $0
Seat 3: slavii0o0 (button) (small blind) folded before Flop
Seat 4: Actionni13 (big blind) collected ($2)


PokerStars Hand #163020895534:  Hold'em Limit ($3/$6 USD) - 2016/12/16 4:33:43 ET
Table 'Ashlesha' 6-max Seat #4 is the button
Seat 3: slavii0o0 ($106.18 in chips)
Seat 4: Actionni13 ($175.04 in chips)
Actionni13: posts small blind $1
slavii0o0: posts big blind $3
*** HOLE CARDS ***
Actionni13: raises $3 to $6
slavii0o0: calls $3
*** FLOP *** [2c Th Qs]
slavii0o0: checks
Actionni13: bets $3
slavii0o0: folds
Uncalled bet ($3) returned to Actionni13
Actionni13 collected $11.76 from pot
*** SUMMARY ***
Total pot $12 | Rake $0.24
Board [2c Th Qs]
Seat 3: slavii0o0 (big blind) folded on the Flop
Seat 4: Actionni13 (button) (small blind) collected ($11.76)


PokerStars Hand #163020918436:  Hold'em Limit ($3/$6 USD) - 2016/12/16 4:34:46 ET
Table 'Ashlesha' 6-max Seat #3 is the button
Seat 3: slavii0o0 ($108.68 in chips)
Seat 4: Actionni13 ($171.56 in chips)
slavii0o0: posts small blind $1
Actionni13: posts big blind $3
*** HOLE CARDS ***
slavii0o0: folds
Uncalled bet ($2) returned to Actionni13
Actionni13 collected $2 from pot
*** SUMMARY ***
Total pot $2 | Rake $0
Seat 3: slavii0o0 (button) (small blind) folded before Flop
Seat 4: Actionni13 (big blind) collected ($2)


PokerStars Hand #163020902632:  Hold'em Limit ($3/$6 USD) - 2016/12/16 4:34:02 ET
Table 'Ashlesha' 6-max Seat #3 is the button
Seat 3: slavii0o0 ($100.18 in chips)
Seat 4: Actionni13 ($180.80 in chips)
slavii0o0: posts small blind $1
Actionni13: posts big blind $3
*** HOLE CARDS ***
slavii0o0: raises $3 to $6
Actionni13: raises $3 to $9
slavii0o0: raises $3 to $12
Betting is capped
Actionni13: calls $3
*** FLOP *** [Ts 7d 6c]
Actionni13: bets $3
slavii0o0: raises $3 to $6
Actionni13: folds
Uncalled bet ($3) returned to slavii0o0
slavii0o0 collected $29.50 from pot
*** SUMMARY ***
Total pot $30 | Rake $0.50
Board [Ts 7d 6c]
Seat 3: slavii0o0 (button) (small blind) collected ($29.50)
Seat 4: Actionni13 (big blind) folded on the Flop


PokerStars Hand #163020910195:  Hold'em Limit ($3/$6 USD) - 2016/12/16 4:34:23 ET
Table 'Ashlesha' 6-max Seat #4 is the button
Seat 3: slavii0o0 ($114.68 in chips)
Seat 4: Actionni13 ($165.80 in chips)
Actionni13: posts small blind $1
slavii0o0: posts big blind $3
*** HOLE CARDS ***
Actionni13: raises $3 to $6
slavii0o0: calls $3
*** FLOP *** [6d 8c 5s]
slavii0o0: checks
Actionni13: bets $3
slavii0o0: folds
Uncalled bet ($3) returned to Actionni13
Actionni13 collected $11.76 from pot
*** SUMMARY ***
Total pot $12 | Rake $0.24
Board [6d 8c 5s]
Seat 3: slavii0o0 (big blind) folded on the Flop
Seat 4: Actionni13 (button) (small blind) collected ($11.76)


PokerStars Hand #163020920394:  Hold'em Limit ($3/$6 USD) - 2016/12/16 4:34:51 ET
Table 'Ashlesha' 6-max Seat #4 is the button
Seat 3: slavii0o0 ($107.68 in chips)
Seat 4: Actionni13 ($172.56 in chips)
Actionni13: posts small blind $1
slavii0o0: posts big blind $3
*** HOLE CARDS ***
Actionni13: raises $3 to $6
slavii0o0: raises $3 to $9
Actionni13: calls $3
*** FLOP *** [Th 6d 2d]
slavii0o0: bets $3
Actionni13: calls $3
*** TURN *** [Th 6d 2d] [Qh]
slavii0o0: bets $6
Actionni13: folds
Uncalled bet ($6) returned to slavii0o0
slavii0o0 collected $23.52 from pot
*** SUMMARY ***
Total pot $24 | Rake $0.48
Board [Th 6d 2d Qh]
Seat 3: slavii0o0 (big blind) collected ($23.52)
Seat 4: Actionni13 (button) (small blind) folded on the Turn


PokerStars Hand #163020927168:  Hold'em Limit ($3/$6 USD) - 2016/12/16 4:35:10 ET
Table 'Ashlesha' 6-max Seat #3 is the button
Seat 3: slavii0o0 ($119.20 in chips)
Seat 4: Actionni13 ($160.56 in chips)
slavii0o0: posts small blind $1
Actionni13: posts big blind $3
*** HOLE CARDS ***
slavii0o0: raises $3 to $6
Actionni13: raises $3 to $9
slavii0o0: calls $3
*** FLOP *** [6c 4s 5c]
Actionni13: checks
slavii0o0: checks
*** TURN *** [6c 4s 5c] [As]
Actionni13: bets $6
slavii0o0: folds
Uncalled bet ($6) returned to Actionni13
Actionni13 collected $17.64 from pot
*** SUMMARY ***
Total pot $18 | Rake $0.36
Board [6c 4s 5c As]
Seat 3: slavii0o0 (button) (small blind) folded on the Turn
Seat 4: Actionni13 (big blind) collected ($17.64)


PokerStars Hand #163020945711:  Hold'em Limit ($3/$6 USD) - 2016/12/16 4:36:01 ET
Table 'Ashlesha' 6-max Seat #3 is the button
Seat 3: slavii0o0 ($124.70 in chips)
Seat 4: Actionni13 ($154.20 in chips)
slavii0o0: posts small blind $1
Actionni13: posts big blind $3
*** HOLE CARDS ***
slavii0o0: raises $3 to $6
Actionni13: folds
Uncalled bet ($3) returned to slavii0o0
slavii0o0 collected $6 from pot
*** SUMMARY ***
Total pot $6 | Rake $0
Seat 3: slavii0o0 (button) (small blind) collected ($6)
Seat 4: Actionni13 (big blind) folded before Flop


PokerStars Hand #163020955745:  Hold'em Limit ($3/$6 USD) - 2016/12/16 4:36:29 ET
Table 'Ashlesha' 6-max Seat #4 is the button
Seat 3: slavii0o0 ($122.70 in chips)
Seat 4: Actionni13 ($155.96 in chips)
Actionni13: posts small blind $1
slavii0o0: posts big blind $3
*** HOLE CARDS ***
Actionni13: raises $3 to $6
slavii0o0: calls $3
*** FLOP *** [Qh 5s 8s]
slavii0o0: checks
Actionni13: bets $3
slavii0o0: calls $3
*** TURN *** [Qh 5s 8s] [Jc]
slavii0o0: checks
Actionni13: checks
*** RIVER *** [Qh 5s 8s Jc] [9d]
slavii0o0: checks
Actionni13: checks
*** SHOW DOWN ***
slavii0o0: shows [Qd 2c] (a pair of Queens)
Actionni13: mucks hand
slavii0o0 collected $17.64 from pot
*** SUMMARY ***
Total pot $18 | Rake $0.36
Board [Qh 5s 8s Jc 9d]
Seat 3: slavii0o0 (big blind) showed [Qd 2c] and won ($17.64) with a pair of Queens
Seat 4: Actionni13 (button) (small blind) mucked


PokerStars Hand #163020950677:  Hold'em Limit ($3/$6 USD) - 2016/12/16 4:36:15 ET
Table 'Ashlesha' 6-max Seat #3 is the button
Seat 3: slavii0o0 ($128.70 in chips)
Seat 4: Actionni13 ($150.20 in chips)
slavii0o0: posts small blind $1
Actionni13: posts big blind $3
*** HOLE CARDS ***
slavii0o0: raises $3 to $6
Actionni13: calls $3
*** FLOP *** [Jc 4s Qs]
Actionni13: bets $3
slavii0o0: folds
Uncalled bet ($3) returned to Actionni13
Actionni13 collected $11.76 from pot
*** SUMMARY ***
Total pot $12 | Rake $0.24
Board [Jc 4s Qs]
Seat 3: slavii0o0 (button) (small blind) folded on the Flop
Seat 4: Actionni13 (big blind) collected ($11.76)


PokerStars Hand #163020933358:  Hold'em Limit ($3/$6 USD) - 2016/12/16 4:35:27 ET
Table 'Ashlesha' 6-max Seat #4 is the button
Seat 3: slavii0o0 ($110.20 in chips)
Seat 4: Actionni13 ($169.20 in chips)
Actionni13: posts small blind $1
slavii0o0: posts big blind $3
*** HOLE CARDS ***
Actionni13: raises $3 to $6
slavii0o0: calls $3
*** FLOP *** [4d 7d 4s]
slavii0o0: checks
Actionni13: bets $3
slavii0o0: calls $3
*** TURN *** [4d 7d 4s] [2c]
slavii0o0: checks
Actionni13: checks
*** RIVER *** [4d 7d 4s 2c] [Qc]
slavii0o0: bets $6
Actionni13: calls $6
*** SHOW DOWN ***
slavii0o0: shows [7s Ts] (two pair, Sevens and Fours)
Actionni13: mucks hand
slavii0o0 collected $29.50 from pot
*** SUMMARY ***
Total pot $30 | Rake $0.50
Board [4d 7d 4s 2c Qc]
Seat 3: slavii0o0 (big blind) showed [7s Ts] and won ($29.50) with two pair, Sevens and Fours
Seat 4: Actionni13 (button) (small blind) mucked


PokerStars Hand #163020975961:  Hold'em Limit ($3/$6 USD) - 2016/12/16 4:37:24 ET
Table 'Ashlesha' 6-max Seat #3 is the button
Seat 3: slavii0o0 ($111.34 in chips)
Seat 4: Actionni13 ($169.50 in chips)
slavii0o0: posts small blind $1
Actionni13: posts big blind $3
*** HOLE CARDS ***
slavii0o0: raises $3 to $6
Actionni13: folds
Uncalled bet ($3) returned to slavii0o0
slavii0o0 collected $6 from pot
*** SUMMARY ***
Total pot $6 | Rake $0
Seat 3: slavii0o0 (button) (small blind) collected ($6)
Seat 4: Actionni13 (big blind) folded before Flop


PokerStars Hand #163020978710:  Hold'em Limit ($3/$6 USD) - 2016/12/16 4:37:32 ET
Table 'Ashlesha' 6-max Seat #4 is the button
Seat 3: slavii0o0 ($114.34 in chips)
Seat 4: Actionni13 ($166.50 in chips)
Actionni13: posts small blind $1
slavii0o0: posts big blind $3
*** HOLE CARDS ***
Actionni13: raises $3 to $6
slavii0o0: calls $3
*** FLOP *** [6d 6s 2s]
slavii0o0: checks
Actionni13: bets $3
slavii0o0: calls $3
*** TURN *** [6d 6s 2s] [4c]
slavii0o0: checks
Actionni13: checks
*** RIVER *** [6d 6s 2s 4c] [9h]
slavii0o0: bets $6
Actionni13: folds
Uncalled bet ($6) returned to slavii0o0
slavii0o0 collected $17.64 from pot
*** SUMMARY ***
Total pot $18 | Rake $0.36
Board [6d 6s 2s 4c 9h]
Seat 3: slavii0o0 (big blind) collected ($17.64)
Seat 4: Actionni13 (button) (small blind) folded on the River


PokerStars Hand #163020973945:  Hold'em Limit ($3/$6 USD) - 2016/12/16 4:37:19 ET
Table 'Ashlesha' 6-max Seat #4 is the button
Seat 3: slavii0o0 ($110.34 in chips)
Seat 4: Actionni13 ($170.50 in chips)
Actionni13: posts small blind $1
slavii0o0: posts big blind $3
*** HOLE CARDS ***
Actionni13: folds
Uncalled bet ($2) returned to slavii0o0
slavii0o0 collected $2 from pot
*** SUMMARY ***
Total pot $2 | Rake $0
Seat 3: slavii0o0 (big blind) collected ($2)
Seat 4: Actionni13 (button) (small blind) folded before Flop


PokerStars Hand #163020962598:  Hold'em Limit ($3/$6 USD) - 2016/12/16 4:36:47 ET
Table 'Ashlesha' 6-max Seat #3 is the button
Seat 3: slavii0o0 ($131.34 in chips)
Seat 4: Actionni13 ($150 in chips)
slavii0o0: posts small blind $1
Actionni13: posts big blind $3
*** HOLE CARDS ***
slavii0o0: raises $3 to $6
Actionni13: calls $3
*** FLOP *** [2h Jc Qd]
Actionni13: bets $3
slavii0o0: calls $3
*** TURN *** [2h Jc Qd] [Qs]
Actionni13: bets $6
slavii0o0: calls $6
*** RIVER *** [2h Jc Qd Qs] [3s]
Actionni13: bets $6
slavii0o0: calls $6
*** SHOW DOWN ***
Actionni13: shows [8s Qh] (three of a kind, Queens)
slavii0o0: mucks hand
Actionni13 collected $41.50 from pot
*** SUMMARY ***
Total pot $42 | Rake $0.50
Board [2h Jc Qd Qs 3s]
Seat 3: slavii0o0 (button) (small blind) mucked
Seat 4: Actionni13 (big blind) showed [8s Qh] and won ($41.50) with three of a kind, Queens


PokerStars Hand #163021004975:  Hold'em Limit ($3/$6 USD) - 2016/12/16 4:38:44 ET
Table 'Ashlesha' 6-max Seat #4 is the button
Seat 3: slavii0o0 ($85.98 in chips)
Seat 4: Actionni13 ($193.50 in chips)
Actionni13: posts small blind $1
slavii0o0: posts big blind $3
*** HOLE CARDS ***
Actionni13: folds
Uncalled bet ($2) returned to slavii0o0
slavii0o0 collected $2 from pot
*** SUMMARY ***
Total pot $2 | Rake $0
Seat 3: slavii0o0 (big blind) collected ($2)
Seat 4: Actionni13 (button) (small blind) folded before Flop


PokerStars Hand #163021002276:  Hold'em Limit ($3/$6 USD) - 2016/12/16 4:38:37 ET
Table 'Ashlesha' 6-max Seat #3 is the button
Seat 3: slavii0o0 ($82.98 in chips)
Seat 4: Actionni13 ($196.50 in chips)
slavii0o0: posts small blind $1
Actionni13: posts big blind $3
*** HOLE CARDS ***
slavii0o0: raises $3 to $6
Actionni13: folds
Uncalled bet ($3) returned to slavii0o0
slavii0o0 collected $6 from pot
*** SUMMARY ***
Total pot $6 | Rake $0
Seat 3: slavii0o0 (button) (small blind) collected ($6)
Seat 4: Actionni13 (big blind) folded before Flop


PokerStars Hand #163021000121:  Hold'em Limit ($3/$6 USD) - 2016/12/16 4:38:31 ET
Table 'Ashlesha' 6-max Seat #4 is the button
Seat 3: slavii0o0 ($81.98 in chips)
Seat 4: Actionni13 ($197.50 in chips)
Actionni13: posts small blind $1
slavii0o0: posts big blind $3
*** HOLE CARDS ***
Actionni13: folds
Uncalled bet ($2) returned to slavii0o0
slavii0o0 collected $2 from pot
*** SUMMARY ***
Total pot $2 | Rake $0
Seat 3: slavii0o0 (big blind) collected ($2)
Seat 4: Actionni13 (button) (small blind) folded before Flop


PokerStars Hand #163020993530:  Hold'em Limit ($3/$6 USD) - 2016/12/16 4:38:13 ET
Table 'Ashlesha' 6-max Seat #3 is the button
Seat 3: slavii0o0 ($105.98 in chips)
Seat 4: Actionni13 ($174 in chips)
slavii0o0: posts small blind $1
Actionni13: posts big blind $3
*** HOLE CARDS ***
slavii0o0: raises $3 to $6
Actionni13: raises $3 to $9
slavii0o0: calls $3
*** FLOP *** [3h 4s Jd]
Actionni13: bets $3
slavii0o0: calls $3
*** TURN *** [3h 4s Jd] [8d]
Actionni13: bets $6
slavii0o0: calls $6
*** RIVER *** [3h 4s Jd 8d] [4h]
Actionni13: bets $6
slavii0o0: calls $6
*** SHOW DOWN ***
Actionni13: shows [6c 6d] (two pair, Sixes and Fours)
slavii0o0: mucks hand
Actionni13 collected $47.50 from pot
*** SUMMARY ***
Total pot $48 | Rake $0.50
Board [3h 4s Jd 8d 4h]
Seat 3: slavii0o0 (button) (small blind) mucked
Seat 4: Actionni13 (big blind) showed [6c 6d] and won ($47.50) with two pair, Sixes and Fours


PokerStars Hand #163020991794:  Hold'em Limit ($3/$6 USD) - 2016/12/16 4:38:08 ET
Table 'Ashlesha' 6-max Seat #4 is the button
Seat 3: slavii0o0 ($104.98 in chips)
Seat 4: Actionni13 ($175 in chips)
Actionni13: posts small blind $1
slavii0o0: posts big blind $3
*** HOLE CARDS ***
Actionni13: folds
Uncalled bet ($2) returned to slavii0o0
slavii0o0 collected $2 from pot
*** SUMMARY ***
Total pot $2 | Rake $0
Seat 3: slavii0o0 (big blind) collected ($2)
Seat 4: Actionni13 (button) (small blind) folded before Flop


PokerStars Hand #163020986034:  Hold'em Limit ($3/$6 USD) - 2016/12/16 4:37:52 ET
Table 'Ashlesha' 6-max Seat #3 is the button
Seat 3: slavii0o0 ($122.98 in chips)
Seat 4: Actionni13 ($157.50 in chips)
slavii0o0: posts small blind $1
Actionni13: posts big blind $3
*** HOLE CARDS ***
slavii0o0: raises $3 to $6
Actionni13: raises $3 to $9
slavii0o0: calls $3
*** FLOP *** [8s 5d Jd]
Actionni13: bets $3
slavii0o0: calls $3
*** TURN *** [8s 5d Jd] [2c]
Actionni13: bets $6
slavii0o0: calls $6
*** RIVER *** [8s 5d Jd 2c] [Kh]
Actionni13: bets $6
slavii0o0: folds
Uncalled bet ($6) returned to Actionni13
Actionni13 collected $35.50 from pot
*** SUMMARY ***
Total pot $36 | Rake $0.50
Board [8s 5d Jd 2c Kh]
Seat 3: slavii0o0 (button) (small blind) folded on the River
Seat 4: Actionni13 (big blind) collected ($35.50)


PokerStars Hand #163021007422:  Hold'em Limit ($3/$6 USD) - 2016/12/16 4:38:51 ET
Table 'Ashlesha' 6-max Seat #3 is the button
Seat 3: slavii0o0 ($86.98 in chips)
Seat 4: Actionni13 ($192.50 in chips)
slavii0o0: posts small blind $1
Actionni13: posts big blind $3
*** HOLE CARDS ***
slavii0o0: raises $3 to $6
Actionni13: calls $3
*** FLOP *** [6h 5s Kc]
Actionni13: bets $3
slavii0o0: calls $3
*** TURN *** [6h 5s Kc] [Ad]
Actionni13: bets $6
slavii0o0: folds
Uncalled bet ($6) returned to Actionni13
Actionni13 collected $17.64 from pot
*** SUMMARY ***
Total pot $18 | Rake $0.36
Board [6h 5s Kc Ad]
Seat 3: slavii0o0 (button) (small blind) folded on the Turn
Seat 4: Actionni13 (big blind) collected ($17.64)


PokerStars Hand #163021015490:  Hold'em Limit ($3/$6 USD) - 2016/12/16 4:39:13 ET
Table 'Ashlesha' 6-max Seat #4 is the button
Seat 3: slavii0o0 ($73.98 in chips)
Seat 4: Actionni13 ($205.14 in chips)
Actionni13: posts small blind $1
slavii0o0: posts big blind $3
*** HOLE CARDS ***
Actionni13: folds
Uncalled bet ($2) returned to slavii0o0
slavii0o0 collected $2 from pot
*** SUMMARY ***
Total pot $2 | Rake $0
Seat 3: slavii0o0 (big blind) collected ($2)
Seat 4: Actionni13 (button) (small blind) folded before Flop


PokerStars Hand #163021025533:  Hold'em Limit ($3/$6 USD) - 2016/12/16 4:39:41 ET
Table 'Ashlesha' 6-max Seat #4 is the button
Seat 3: slavii0o0 ($68.98 in chips)
Seat 4: Actionni13 ($209.90 in chips)
Actionni13: posts small blind $1
slavii0o0: posts big blind $3
*** HOLE CARDS ***
Actionni13: raises $3 to $6
slavii0o0: folds
Uncalled bet ($3) returned to Actionni13
Actionni13 collected $6 from pot
*** SUMMARY ***
Total pot $6 | Rake $0
Seat 3: slavii0o0 (big blind) folded before Flop
Seat 4: Actionni13 (button) (small blind) collected ($6)


PokerStars Hand #163021018078:  Hold'em Limit ($3/$6 USD) - 2016/12/16 4:39:20 ET
Table 'Ashlesha' 6-max Seat #3 is the button
Seat 3: slavii0o0 ($74.98 in chips)
Seat 4: Actionni13 ($204.14 in chips)
slavii0o0: posts small blind $1
Actionni13: posts big blind $3
*** HOLE CARDS ***
slavii0o0: raises $3 to $6
Actionni13: calls $3
*** FLOP *** [Ks Qh 3d]
Actionni13: checks
slavii0o0: checks
*** TURN *** [Ks Qh 3d] [9s]
Actionni13: bets $6
slavii0o0: folds
Uncalled bet ($6) returned to Actionni13
Actionni13 collected $11.76 from pot
*** SUMMARY ***
Total pot $12 | Rake $0.24
Board [Ks Qh 3d 9s]
Seat 3: slavii0o0 (button) (small blind) folded on the Turn
Seat 4: Actionni13 (big blind) collected ($11.76)


PokerStars Hand #163021027949:  Hold'em Limit ($3/$6 USD) - 2016/12/16 4:39:47 ET
Table 'Ashlesha' 6-max Seat #3 is the button
Seat 3: slavii0o0 ($65.98 in chips)
Seat 4: Actionni13 ($212.90 in chips)
slavii0o0: posts small blind $1
Actionni13: posts big blind $3
*** HOLE CARDS ***
slavii0o0: raises $3 to $6
Actionni13: folds
Uncalled bet ($3) returned to slavii0o0
slavii0o0 collected $6 from pot
*** SUMMARY ***
Total pot $6 | Rake $0
Seat 3: slavii0o0 (button) (small blind) collected ($6)
Seat 4: Actionni13 (big blind) folded before Flop


PokerStars Hand #163021013875:  Hold'em Limit ($3/$6 USD) - 2016/12/16 4:39:09 ET
Table 'Ashlesha' 6-max Seat #3 is the button
Seat 3: slavii0o0 ($74.98 in chips)
Seat 4: Actionni13 ($204.14 in chips)
slavii0o0: posts small blind $1
Actionni13: posts big blind $3
*** HOLE CARDS ***
slavii0o0: folds
Uncalled bet ($2) returned to Actionni13
Actionni13 collected $2 from pot
*** SUMMARY ***
Total pot $2 | Rake $0
Seat 3: slavii0o0 (button) (small blind) folded before Flop
Seat 4: Actionni13 (big blind) collected ($2)


PokerStars Hand #163021011884:  Hold'em Limit ($3/$6 USD) - 2016/12/16 4:39:03 ET
Table 'Ashlesha' 6-max Seat #4 is the button
Seat 3: slavii0o0 ($77.98 in chips)
Seat 4: Actionni13 ($201.14 in chips)
Actionni13: posts small blind $1
slavii0o0: posts big blind $3
*** HOLE CARDS ***
Actionni13: raises $3 to $6
slavii0o0: folds
Uncalled bet ($3) returned to Actionni13
Actionni13 collected $6 from pot
*** SUMMARY ***
Total pot $6 | Rake $0
Seat 3: slavii0o0 (big blind) folded before Flop
Seat 4: Actionni13 (button) (small blind) collected ($6)


PokerStars Hand #163021031738:  Hold'em Limit ($3/$6 USD) - 2016/12/16 4:39:58 ET
Table 'Ashlesha' 6-max Seat #4 is the button
Seat 3: slavii0o0 ($68.98 in chips)
Seat 4: Actionni13 ($209.90 in chips)
Actionni13: posts small blind $1
slavii0o0: posts big blind $3
*** HOLE CARDS ***
Actionni13: raises $3 to $6
slavii0o0: calls $3
*** FLOP *** [2h 8s 2c]
slavii0o0: checks
Actionni13: bets $3
slavii0o0: raises $3 to $6
Actionni13: folds
Uncalled bet ($3) returned to slavii0o0
slavii0o0 collected $17.64 from pot
*** SUMMARY ***
Total pot $18 | Rake $0.36
Board [2h 8s 2c]
Seat 3: slavii0o0 (big blind) collected ($17.64)
Seat 4: Actionni13 (button) (small blind) folded on the Flop


PokerStars Hand #163021049668:  Hold'em Limit ($3/$6 USD) - 2016/12/16 4:40:47 ET
Table 'Ashlesha' 6-max Seat #4 is the button
Seat 3: slavii0o0 ($101.12 in chips)
Seat 4: Actionni13 ($176.90 in chips)
Actionni13: posts small blind $1
slavii0o0: posts big blind $3
*** HOLE CARDS ***
Actionni13: raises $3 to $6
slavii0o0: calls $3
*** FLOP *** [8d 7c Qc]
slavii0o0: checks
Actionni13: bets $3
slavii0o0: folds
Uncalled bet ($3) returned to Actionni13
Actionni13 collected $11.76 from pot
*** SUMMARY ***
Total pot $12 | Rake $0.24
Board [8d 7c Qc]
Seat 3: slavii0o0 (big blind) folded on the Flop
Seat 4: Actionni13 (button) (small blind) collected ($11.76)


PokerStars Hand #163021061779:  Hold'em Limit ($3/$6 USD) - 2016/12/16 4:41:20 ET
Table 'Ashlesha' 6-max Seat #3 is the button
Seat 3: slavii0o0 ($94.76 in chips)
Seat 4: Actionni13 ($182.30 in chips)
slavii0o0: posts small blind $1
Actionni13: posts big blind $3
*** HOLE CARDS ***
slavii0o0: raises $3 to $6
Actionni13: folds
Uncalled bet ($3) returned to slavii0o0
slavii0o0 collected $6 from pot
*** SUMMARY ***
Total pot $6 | Rake $0
Seat 3: slavii0o0 (button) (small blind) collected ($6)
Seat 4: Actionni13 (big blind) folded before Flop


PokerStars Hand #163021057887:  Hold'em Limit ($3/$6 USD) - 2016/12/16 4:41:09 ET
Table 'Ashlesha' 6-max Seat #4 is the button
Seat 3: slavii0o0 ($86.12 in chips)
Seat 4: Actionni13 ($191.30 in chips)
Actionni13: posts small blind $1
slavii0o0: posts big blind $3
*** HOLE CARDS ***
Actionni13: raises $3 to $6
slavii0o0: raises $3 to $9
Actionni13: calls $3
*** FLOP *** [9s 7h Jd]
slavii0o0: bets $3
Actionni13: folds
Uncalled bet ($3) returned to slavii0o0
slavii0o0 collected $17.64 from pot
*** SUMMARY ***
Total pot $18 | Rake $0.36
Board [9s 7h Jd]
Seat 3: slavii0o0 (big blind) collected ($17.64)
Seat 4: Actionni13 (button) (small blind) folded on the Flop


PokerStars Hand #163021063726:  Hold'em Limit ($3/$6 USD) - 2016/12/16 4:41:26 ET
Table 'Ashlesha' 6-max Seat #4 is the button
Seat 3: slavii0o0 ($97.76 in chips)
Seat 4: Actionni13 ($179.30 in chips)
Actionni13: posts small blind $1
slavii0o0: posts big blind $3
*** HOLE CARDS ***
Actionni13: raises $3 to $6
slavii0o0: calls $3
*** FLOP *** [2h Th 5c]
slavii0o0: checks
Actionni13: bets $3
slavii0o0: calls $3
*** TURN *** [2h Th 5c] [6h]
slavii0o0: checks
Actionni13: bets $6
slavii0o0: raises $6 to $12
Actionni13: folds
Uncalled bet ($6) returned to slavii0o0
slavii0o0 collected $29.50 from pot
*** SUMMARY ***
Total pot $30 | Rake $0.50
Board [2h Th 5c 6h]
Seat 3: slavii0o0 (big blind) collected ($29.50)
Seat 4: Actionni13 (button) (small blind) folded on the Turn


PokerStars Hand #163021053203:  Hold'em Limit ($3/$6 USD) - 2016/12/16 4:40:57 ET
Table 'Ashlesha' 6-max Seat #3 is the button
Seat 3: slavii0o0 ($95.12 in chips)
Seat 4: Actionni13 ($182.66 in chips)
slavii0o0: posts small blind $1
Actionni13: posts big blind $3
*** HOLE CARDS ***
slavii0o0: raises $3 to $6
Actionni13: calls $3
*** FLOP *** [5h 5d 6c]
Actionni13: bets $3
slavii0o0: calls $3
*** TURN *** [5h 5d 6c] [Jd]
Actionni13: bets $6
slavii0o0: folds
Uncalled bet ($6) returned to Actionni13
Actionni13 collected $17.64 from pot
*** SUMMARY ***
Total pot $18 | Rake $0.36
Board [5h 5d 6c Jd]
Seat 3: slavii0o0 (button) (small blind) folded on the Turn
Seat 4: Actionni13 (big blind) collected ($17.64)


PokerStars Hand #163021070488:  Hold'em Limit ($3/$6 USD) - 2016/12/16 4:41:44 ET
Table 'Ashlesha' 6-max Seat #3 is the button
Seat 3: slavii0o0 ($112.26 in chips)
Seat 4: Actionni13 ($164.30 in chips)
slavii0o0: posts small blind $1
Actionni13: posts big blind $3
*** HOLE CARDS ***
slavii0o0: folds
Uncalled bet ($2) returned to Actionni13
Actionni13 collected $2 from pot
*** SUMMARY ***
Total pot $2 | Rake $0
Seat 3: slavii0o0 (button) (small blind) folded before Flop
Seat 4: Actionni13 (big blind) collected ($2)


PokerStars Hand #163021072637:  Hold'em Limit ($3/$6 USD) - 2016/12/16 4:41:50 ET
Table 'Ashlesha' 6-max Seat #4 is the button
Seat 3: slavii0o0 ($111.26 in chips)
Seat 4: Actionni13 ($165.30 in chips)
Actionni13: posts small blind $1
slavii0o0: posts big blind $3
*** HOLE CARDS ***
Actionni13: raises $3 to $6
slavii0o0: calls $3
*** FLOP *** [Jc Ad 8c]
Alexsandr.NT joins the table at seat #1
slavii0o0: checks
Actionni13: bets $3
slavii0o0: folds
Uncalled bet ($3) returned to Actionni13
Actionni13 collected $11.76 from pot
*** SUMMARY ***
Total pot $12 | Rake $0.24
Board [Jc Ad 8c]
Seat 3: slavii0o0 (big blind) folded on the Flop
Seat 4: Actionni13 (button) (small blind) collected ($11.76)


PokerStars Hand #163021077915:  Hold'em Limit ($3/$6 USD) - 2016/12/16 4:42:05 ET
Table 'Ashlesha' 6-max Seat #3 is the button
Seat 3: slavii0o0 ($105.26 in chips)
Seat 4: Actionni13 ($171.06 in chips)
slavii0o0: posts small blind $1
Actionni13: posts big blind $3
*** HOLE CARDS ***
slavii0o0: folds
Uncalled bet ($2) returned to Actionni13
Actionni13 collected $2 from pot
*** SUMMARY ***
Total pot $2 | Rake $0
Seat 3: slavii0o0 (button) (small blind) folded before Flop
Seat 4: Actionni13 (big blind) collected ($2)


PokerStars Hand #163021462130:  Hold'em Limit ($3/$6 USD) - 2016/12/16 4:59:43 ET
Table 'Ashlesha' 6-max Seat #2 is the button
Seat 1: Alexsandr.NT ($136.83 in chips)
Seat 2: ToDaFelt ($99 in chips)
ToDaFelt: posts small blind $1
Actionni13: is sitting out
Alexsandr.NT: posts big blind $3
*** HOLE CARDS ***
ToDaFelt: raises $3 to $6
Alexsandr.NT: calls $3
*** FLOP *** [2c Ac 9c]
Alexsandr.NT: checks
ToDaFelt: checks
*** TURN *** [2c Ac 9c] [Jc]
Alexsandr.NT: bets $6
ToDaFelt: folds
Uncalled bet ($6) returned to Alexsandr.NT
Alexsandr.NT collected $11.76 from pot
Alexsandr.NT: doesn't show hand
*** SUMMARY ***
Total pot $12 | Rake $0.24
Board [2c Ac 9c Jc]
Seat 1: Alexsandr.NT (big blind) collected ($11.76)
Seat 2: ToDaFelt (button) (small blind) folded on the Turn


