PokerStars Hand #154934914675:  Hold'em Limit ($3/$6 USD) - 2016/06/19 10:54:32 ET
Table 'Ashlesha' 10-max Seat #7 is the button
Seat 2: Tryptamean ($164.71 in chips)
Seat 7: Pelurile ($79.92 in chips)
tangxueke will be allowed to play after the button
dborys will be allowed to play after the button
Pelurile: posts small blind $1
Tryptamean: posts big blind $3
*** HOLE CARDS ***
charlys65 leaves the table
Pelurile: raises $3 to $6
Tryptamean: raises $3 to $9
Pelurile: calls $3
*** FLOP *** [6d Ts As]
Tryptamean: bets $3
Pelurile: calls $3
*** TURN *** [6d Ts As] [Tc]
Tryptamean: checks
Pelurile: bets $6
Tryptamean: calls $6
*** RIVER *** [6d Ts As Tc] [6c]
Tryptamean: checks
Pelurile: bets $6
Tryptamean: folds
Uncalled bet ($6) returned to Pelurile
Pelurile collected $35.50 from pot
Pelurile: doesn't show hand
*** SUMMARY ***
Total pot $36 | Rake $0.50
Board [6d Ts As Tc 6c]
Seat 2: Tryptamean (big blind) folded on the River
Seat 7: Pelurile (button) (small blind) collected ($35.50)


PokerStars Hand #154938527542:  Hold'em Limit ($3/$6 USD) - 2016/06/19 12:20:37 ET
Table 'Ashlesha' 10-max Seat #9 is the button
Seat 8: Garuda Black ($74.63 in chips)
Seat 9: dborys ($189 in chips)
dborys: posts small blind $1
tomte999: is sitting out
iskambil: is sitting out
Garuda Black: posts big blind $3
*** HOLE CARDS ***
dborys: raises $3 to $6
Garuda Black: calls $3
*** FLOP *** [Jd 7h 4d]
Garuda Black: checks
dborys: bets $3
Garuda Black: calls $3
*** TURN *** [Jd 7h 4d] [3c]
iskambil leaves the table
Garuda Black: checks
dborys: bets $6
Garuda Black: calls $6
*** RIVER *** [Jd 7h 4d 3c] [Ac]
Garuda Black: checks
dborys: bets $6
Garuda Black: calls $6
*** SHOW DOWN ***
dborys: shows [Ad Ks] (a pair of Aces)
Garuda Black: mucks hand
dborys collected $41.50 from pot
*** SUMMARY ***
Total pot $42 | Rake $0.50
Board [Jd 7h 4d 3c Ac]
Seat 8: Garuda Black (big blind) mucked
Seat 9: dborys (button) (small blind) showed [Ad Ks] and won ($41.50) with a pair of Aces


PokerStars Hand #154938542502:  Hold'em Limit ($3/$6 USD) - 2016/06/19 12:20:57 ET
Table 'Ashlesha' 10-max Seat #8 is the button
Seat 8: Garuda Black ($53.63 in chips)
Seat 9: dborys ($209.50 in chips)
Garuda Black: posts small blind $1
dborys: posts big blind $3
*** HOLE CARDS ***
Garuda Black: folds
Uncalled bet ($2) returned to dborys
dborys collected $2 from pot
dborys: doesn't show hand
*** SUMMARY ***
Total pot $2 | Rake $0
Seat 8: Garuda Black (button) (small blind) folded before Flop
Seat 9: dborys (big blind) collected ($2)


PokerStars Hand #154938546077:  Hold'em Limit ($3/$6 USD) - 2016/06/19 12:21:02 ET
Table 'Ashlesha' 10-max Seat #9 is the button
Seat 8: Garuda Black ($52.63 in chips)
Seat 9: dborys ($210.50 in chips)
dborys: posts small blind $1
Garuda Black: posts big blind $3
*** HOLE CARDS ***
dborys: raises $3 to $6
Garuda Black: raises $3 to $9
dborys: calls $3
*** FLOP *** [Kc 5c 2d]
Garuda Black: bets $3
dborys: calls $3
*** TURN *** [Kc 5c 2d] [5h]
Garuda Black: bets $6
dborys: calls $6
*** RIVER *** [Kc 5c 2d 5h] [6c]
Garuda Black: bets $6
dborys: calls $6
*** SHOW DOWN ***
Garuda Black: shows [7s 7c] (two pair, Sevens and Fives)
dborys: shows [7h 7d] (two pair, Sevens and Fives)
Garuda Black collected $23.75 from pot
dborys collected $23.75 from pot
*** SUMMARY ***
Total pot $48 | Rake $0.50
Board [Kc 5c 2d 5h 6c]
Seat 8: Garuda Black (big blind) showed [7s 7c] and won ($23.75) with two pair, Sevens and Fives
Seat 9: dborys (button) (small blind) showed [7h 7d] and won ($23.75) with two pair, Sevens and Fives


PokerStars Hand #154938558085:  Hold'em Limit ($3/$6 USD) - 2016/06/19 12:21:18 ET
Table 'Ashlesha' 10-max Seat #8 is the button
Seat 8: Garuda Black ($52.38 in chips)
Seat 9: dborys ($210.25 in chips)
Garuda Black: posts small blind $1
dborys: posts big blind $3
*** HOLE CARDS ***
Garuda Black: raises $3 to $6
dborys: raises $3 to $9
Garuda Black: calls $3
*** FLOP *** [5s 7c 4c]
dborys: checks
Garuda Black: bets $3
dborys: raises $3 to $6
Garuda Black: calls $3
*** TURN *** [5s 7c 4c] [Jd]
dborys: bets $6
Garuda Black: calls $6
*** RIVER *** [5s 7c 4c Jd] [3d]
dborys: bets $6
Garuda Black: calls $6
*** SHOW DOWN ***
dborys: shows [8d 8h] (a pair of Eights)
Garuda Black: mucks hand
dborys collected $53.50 from pot
*** SUMMARY ***
Total pot $54 | Rake $0.50
Board [5s 7c 4c Jd 3d]
Seat 8: Garuda Black (button) (small blind) mucked
Seat 9: dborys (big blind) showed [8d 8h] and won ($53.50) with a pair of Eights


PokerStars Hand #154938580674:  Hold'em Limit ($3/$6 USD) - 2016/06/19 12:21:48 ET
Table 'Ashlesha' 10-max Seat #8 is the button
Seat 8: Garuda Black ($19.38 in chips)
Seat 9: dborys ($242.51 in chips)
Garuda Black: posts small blind $1
dborys: posts big blind $3
*** HOLE CARDS ***
Garuda Black: folds
Uncalled bet ($2) returned to dborys
dborys collected $2 from pot
dborys: doesn't show hand
*** SUMMARY ***
Total pot $2 | Rake $0
Seat 8: Garuda Black (button) (small blind) folded before Flop
Seat 9: dborys (big blind) collected ($2)


PokerStars Hand #154938573520:  Hold'em Limit ($3/$6 USD) - 2016/06/19 12:21:39 ET
Table 'Ashlesha' 10-max Seat #9 is the button
Seat 8: Garuda Black ($25.38 in chips)
Seat 9: dborys ($236.75 in chips)
dborys: posts small blind $1
Garuda Black: posts big blind $3
*** HOLE CARDS ***
dborys: raises $3 to $6
Garuda Black: calls $3
*** FLOP *** [Kc Js 2s]
Garuda Black: checks
dborys: bets $3
Garuda Black: folds
Uncalled bet ($3) returned to dborys
dborys collected $11.76 from pot
dborys: doesn't show hand
*** SUMMARY ***
Total pot $12 | Rake $0.24
Board [Kc Js 2s]
Seat 8: Garuda Black (big blind) folded on the Flop
Seat 9: dborys (button) (small blind) collected ($11.76)


PokerStars Hand #154938777330:  Hold'em Limit ($3/$6 USD) - 2016/06/19 12:26:10 ET
Table 'Ashlesha' 10-max Seat #8 is the button
Seat 8: mowinmo ($111 in chips)
Seat 9: dborys ($252.15 in chips)
mowinmo: posts small blind $1
dborys: posts big blind $3
*** HOLE CARDS ***
mowinmo: raises $3 to $6
dborys: raises $3 to $9
mowinmo: calls $3
*** FLOP *** [Jc Kc 9c]
dborys: bets $3
mowinmo: folds
Uncalled bet ($3) returned to dborys
dborys collected $17.64 from pot
dborys: doesn't show hand
*** SUMMARY ***
Total pot $18 | Rake $0.36
Board [Jc Kc 9c]
Seat 8: mowinmo (button) (small blind) folded on the Flop
Seat 9: dborys (big blind) collected ($17.64)


PokerStars Hand #154938792153:  Hold'em Limit ($3/$6 USD) - 2016/06/19 12:26:29 ET
Table 'Ashlesha' 10-max Seat #9 is the button
Seat 8: mowinmo ($102 in chips)
Seat 9: dborys ($260.79 in chips)
dborys: posts small blind $1
mowinmo: posts big blind $3
*** HOLE CARDS ***
dborys: raises $3 to $6
mowinmo: calls $3
*** FLOP *** [3d Ah 8h]
mowinmo: checks
dborys: checks
*** TURN *** [3d Ah 8h] [8s]
mowinmo: bets $6
dborys: folds
Uncalled bet ($6) returned to mowinmo
mowinmo collected $11.76 from pot
mowinmo: doesn't show hand
*** SUMMARY ***
Total pot $12 | Rake $0.24
Board [3d Ah 8h 8s]
Seat 8: mowinmo (big blind) collected ($11.76)
Seat 9: dborys (button) (small blind) folded on the Turn


PokerStars Hand #154938747423:  Hold'em Limit ($3/$6 USD) - 2016/06/19 12:25:30 ET
Table 'Ashlesha' 10-max Seat #9 is the button
Seat 8: mowinmo ($120 in chips)
Seat 9: dborys ($243.51 in chips)
dborys: posts small blind $1
mowinmo: posts big blind $3
*** HOLE CARDS ***
dborys: raises $3 to $6
mowinmo: calls $3
*** FLOP *** [9c 7s Kh]
mowinmo: checks
dborys: bets $3
mowinmo: calls $3
*** TURN *** [9c 7s Kh] [3h]
mowinmo: checks
dborys: checks
*** RIVER *** [9c 7s Kh 3h] [7d]
mowinmo: checks
dborys: checks
*** SHOW DOWN ***
mowinmo: shows [6s Tc] (a pair of Sevens)
dborys: shows [4d Ac] (a pair of Sevens - Ace kicker)
dborys collected $17.64 from pot
*** SUMMARY ***
Total pot $18 | Rake $0.36
Board [9c 7s Kh 3h 7d]
Seat 8: mowinmo (big blind) showed [6s Tc] and lost with a pair of Sevens
Seat 9: dborys (button) (small blind) showed [4d Ac] and won ($17.64) with a pair of Sevens


PokerStars Hand #154938818918:  Hold'em Limit ($3/$6 USD) - 2016/06/19 12:27:05 ET
Table 'Ashlesha' 10-max Seat #9 is the button
Seat 8: mowinmo ($110.76 in chips)
Seat 9: dborys ($251.79 in chips)
dborys: posts small blind $1
mowinmo: posts big blind $3
*** HOLE CARDS ***
iskambil joins the table at seat #5
dborys: raises $3 to $6
mowinmo: raises $3 to $9
dborys: calls $3
*** FLOP *** [2d 3h 5s]
mowinmo: bets $3
dborys: calls $3
*** TURN *** [2d 3h 5s] [Jd]
mowinmo: bets $6
dborys: calls $6
*** RIVER *** [2d 3h 5s Jd] [5c]
mowinmo: bets $6
dborys: folds
Uncalled bet ($6) returned to mowinmo
mowinmo collected $35.50 from pot
mowinmo: doesn't show hand
*** SUMMARY ***
Total pot $36 | Rake $0.50
Board [2d 3h 5s Jd 5c]
Seat 8: mowinmo (big blind) collected ($35.50)
Seat 9: dborys (button) (small blind) folded on the River


PokerStars Hand #154938855910:  Hold'em Limit ($3/$6 USD) - 2016/06/19 12:27:54 ET
Table 'Ashlesha' 10-max Seat #5 is the button
Seat 5: iskambil ($69 in chips)
Seat 9: dborys ($233.79 in chips)
iskambil: posts small blind $1
dborys: posts big blind $3
*** HOLE CARDS ***
iskambil: raises $3 to $6
dborys: calls $3
*** FLOP *** [6d Kd Ah]
dborys: checks
iskambil: bets $3
dborys: raises $3 to $6
iskambil: raises $3 to $9
dborys: calls $3
*** TURN *** [6d Kd Ah] [9c]
dborys: checks
iskambil: bets $6
dborys: calls $6
*** RIVER *** [6d Kd Ah 9c] [4s]
dborys: checks
iskambil: checks
*** SHOW DOWN ***
dborys: shows [Kc 8h] (a pair of Kings)
iskambil: mucks hand
dborys collected $41.50 from pot
*** SUMMARY ***
Total pot $42 | Rake $0.50
Board [6d Kd Ah 9c 4s]
Seat 5: iskambil (button) (small blind) mucked
Seat 9: dborys (big blind) showed [Kc 8h] and won ($41.50) with a pair of Kings


PokerStars Hand #154938913607:  Hold'em Limit ($3/$6 USD) - 2016/06/19 12:29:11 ET
Table 'Ashlesha' 10-max Seat #5 is the button
Seat 5: iskambil ($24 in chips)
Seat 9: dborys ($277.79 in chips)
iskambil: posts small blind $1
dborys: posts big blind $3
*** HOLE CARDS ***
iskambil: raises $3 to $6
dborys: calls $3
*** FLOP *** [4s 9s Td]
dborys: checks
iskambil: bets $3
dborys: calls $3
*** TURN *** [4s 9s Td] [5h]
dborys: checks
iskambil: bets $6
dborys: calls $6
*** RIVER *** [4s 9s Td 5h] [Ah]
dborys: checks
iskambil: bets $6
dborys: calls $6
*** SHOW DOWN ***
iskambil: shows [Qh Tc] (a pair of Tens)
dborys: mucks hand
iskambil collected $41.50 from pot
*** SUMMARY ***
Total pot $42 | Rake $0.50
Board [4s 9s Td 5h Ah]
Seat 5: iskambil (button) (small blind) showed [Qh Tc] and won ($41.50) with a pair of Tens
Seat 9: dborys (big blind) mucked


PokerStars Hand #154938879823:  Hold'em Limit ($3/$6 USD) - 2016/06/19 12:28:26 ET
Table 'Ashlesha' 10-max Seat #9 is the button
Seat 5: iskambil ($48 in chips)
Seat 9: dborys ($254.29 in chips)
dborys: posts small blind $1
iskambil: posts big blind $3
*** HOLE CARDS ***
dborys: raises $3 to $6
iskambil: raises $3 to $9
dborys: calls $3
*** FLOP *** [6h Jh 4h]
iskambil: bets $3
dborys: calls $3
*** TURN *** [6h Jh 4h] [2h]
iskambil: checks
dborys: bets $6
iskambil: calls $6
*** RIVER *** [6h Jh 4h 2h] [Qh]
iskambil: checks
dborys: bets $6
iskambil: calls $6
*** SHOW DOWN ***
dborys: shows [Th Qc] (a flush, Queen high)
iskambil: mucks hand
dborys collected $47.50 from pot
*** SUMMARY ***
Total pot $48 | Rake $0.50
Board [6h Jh 4h 2h Qh]
Seat 5: iskambil (big blind) mucked
Seat 9: dborys (button) (small blind) showed [Th Qc] and won ($47.50) with a flush, Queen high


PokerStars Hand #154938953141:  Hold'em Limit ($3/$6 USD) - 2016/06/19 12:30:03 ET
Table 'Ashlesha' 10-max Seat #5 is the button
Seat 5: iskambil ($41.50 in chips)
Seat 9: dborys ($259.79 in chips)
iskambil: posts small blind $1
dborys: posts big blind $3
*** HOLE CARDS ***
iskambil: raises $3 to $6
dborys: calls $3
*** FLOP *** [Ah Qc 3h]
dborys: checks
iskambil: bets $3
dborys: folds
Uncalled bet ($3) returned to iskambil
iskambil collected $11.76 from pot
*** SUMMARY ***
Total pot $12 | Rake $0.24
Board [Ah Qc 3h]
Seat 5: iskambil (button) (small blind) collected ($11.76)
Seat 9: dborys (big blind) folded on the Flop


PokerStars Hand #154938976737:  Hold'em Limit ($3/$6 USD) - 2016/06/19 12:30:34 ET
Table 'Ashlesha' 10-max Seat #5 is the button
Seat 5: iskambil ($44.26 in chips)
Seat 9: dborys ($256.79 in chips)
iskambil: posts small blind $1
dborys: posts big blind $3
*** HOLE CARDS ***
charlys65 joins the table at seat #4
iskambil: folds
Uncalled bet ($2) returned to dborys
dborys collected $2 from pot
dborys: doesn't show hand
*** SUMMARY ***
Total pot $2 | Rake $0
Seat 5: iskambil (button) (small blind) folded before Flop
Seat 9: dborys (big blind) collected ($2)


PokerStars Hand #154939010720:  Hold'em Limit ($3/$6 USD) - 2016/06/19 12:31:19 ET
Table 'Ashlesha' 10-max Seat #5 is the button
Seat 5: iskambil ($43.26 in chips)
Seat 9: dborys ($285.99 in chips)
flash94x will be allowed to play after the button
iskambil: posts small blind $1
dborys: posts big blind $3
*** HOLE CARDS ***
iskambil: raises $3 to $6
dborys: calls $3
*** FLOP *** [6h Td Jc]
dborys: checks
tomte999 joins the table at seat #6
flash94x leaves the table
iskambil: bets $3
dborys: folds
Uncalled bet ($3) returned to iskambil
iskambil collected $11.76 from pot
*** SUMMARY ***
Total pot $12 | Rake $0.24
Board [6h Td Jc]
Seat 5: iskambil (button) (small blind) collected ($11.76)
Seat 9: dborys (big blind) folded on the Flop


PokerStars Hand #154939825484:  Hold'em Limit ($3/$6 USD) - 2016/06/19 12:48:59 ET
Table 'Ashlesha' 10-max Seat #6 is the button
Seat 5: iskambil ($123.66 in chips)
Seat 6: tomte999 ($91.11 in chips)
tomte999: posts small blind $1
dborys: is sitting out
iskambil: posts big blind $3
*** HOLE CARDS ***
tomte999: raises $3 to $6
iskambil: folds
Uncalled bet ($3) returned to tomte999
tomte999 collected $6 from pot
tomte999: doesn't show hand
*** SUMMARY ***
Total pot $6 | Rake $0
Seat 5: iskambil (big blind) folded before Flop
Seat 6: tomte999 (button) (small blind) collected ($6)


