PokerStars Hand #150515748767:  Hold'em Limit ($3/$6 USD) - 2016/03/17 19:13:27 ET
Table 'Asios II' 6-max Seat #4 is the button
Seat 1: Zubasa07 ($499 in chips)
Seat 4: Molot7530 ($121 in chips)
Molot7530: posts small blind $1
Zubasa07: posts big blind $3
*** HOLE CARDS ***
Molot7530: folds
Uncalled bet ($2) returned to Zubasa07
Zubasa07 collected $2 from pot
*** SUMMARY ***
Total pot $2 | Rake $0
Seat 1: Zubasa07 (big blind) collected ($2)
Seat 4: Molot7530 (button) (small blind) folded before Flop


PokerStars Hand #150515781207:  Hold'em Limit ($3/$6 USD) - 2016/03/17 19:14:11 ET
Table 'Asios II' 6-max Seat #1 is the button
Seat 1: Zubasa07 ($486 in chips)
Seat 4: Molot7530 ($133.50 in chips)
Zubasa07: posts small blind $1
Molot7530: posts big blind $3
*** HOLE CARDS ***
Zubasa07: raises $3 to $6
Molot7530: calls $3
*** FLOP *** [Qs 2s Jh]
Molot7530: checks
Zubasa07: bets $3
Molot7530: calls $3
*** TURN *** [Qs 2s Jh] [2c]
Molot7530: checks
Zubasa07: checks
*** RIVER *** [Qs 2s Jh 2c] [3s]
Molot7530: bets $6
Zubasa07: calls $6
*** SHOW DOWN ***
Molot7530: shows [Qc 8c] (two pair, Queens and Deuces)
Zubasa07: mucks hand
Molot7530 collected $29.50 from pot
*** SUMMARY ***
Total pot $30 | Rake $0.50
Board [Qs 2s Jh 2c 3s]
Seat 1: Zubasa07 (button) (small blind) mucked
Seat 4: Molot7530 (big blind) showed [Qc 8c] and won ($29.50) with two pair, Queens and Deuces


PokerStars Hand #150515777453:  Hold'em Limit ($3/$6 USD) - 2016/03/17 19:14:06 ET
Table 'Asios II' 6-max Seat #4 is the button
Seat 1: Zubasa07 ($485 in chips)
Seat 4: Molot7530 ($134.50 in chips)
Molot7530: posts small blind $1
Zubasa07: posts big blind $3
*** HOLE CARDS ***
Molot7530: folds
Uncalled bet ($2) returned to Zubasa07
Zubasa07 collected $2 from pot
Zubasa07: doesn't show hand
*** SUMMARY ***
Total pot $2 | Rake $0
Seat 1: Zubasa07 (big blind) collected ($2)
Seat 4: Molot7530 (button) (small blind) folded before Flop


PokerStars Hand #150515752689:  Hold'em Limit ($3/$6 USD) - 2016/03/17 19:13:32 ET
Table 'Asios II' 6-max Seat #1 is the button
Seat 1: Zubasa07 ($500 in chips)
Seat 4: Molot7530 ($120 in chips)
Zubasa07: posts small blind $1
Molot7530: posts big blind $3
*** HOLE CARDS ***
Zubasa07: raises $3 to $6
Molot7530: calls $3
*** FLOP *** [6s Js 7s]
Molot7530: checks
Zubasa07: bets $3
Molot7530: calls $3
*** TURN *** [6s Js 7s] [Kd]
Molot7530: checks
Zubasa07: checks
*** RIVER *** [6s Js 7s Kd] [6h]
Molot7530: bets $6
Zubasa07: calls $6
*** SHOW DOWN ***
Molot7530: shows [6c 4d] (three of a kind, Sixes)
Zubasa07: mucks hand
Molot7530 collected $29.50 from pot
*** SUMMARY ***
Total pot $30 | Rake $0.50
Board [6s Js 7s Kd 6h]
Seat 1: Zubasa07 (button) (small blind) mucked
Seat 4: Molot7530 (big blind) showed [6c 4d] and won ($29.50) with three of a kind, Sixes


PokerStars Hand #150515795821:  Hold'em Limit ($3/$6 USD) - 2016/03/17 19:14:31 ET
Table 'Asios II' 6-max Seat #4 is the button
Seat 1: Zubasa07 ($471 in chips)
Seat 4: Molot7530 ($148 in chips)
Molot7530: posts small blind $1
Zubasa07: posts big blind $3
*** HOLE CARDS ***
Molot7530: folds
Uncalled bet ($2) returned to Zubasa07
Zubasa07 collected $2 from pot
Zubasa07: doesn't show hand
*** SUMMARY ***
Total pot $2 | Rake $0
Seat 1: Zubasa07 (big blind) collected ($2)
Seat 4: Molot7530 (button) (small blind) folded before Flop


PokerStars Hand #150515799602:  Hold'em Limit ($3/$6 USD) - 2016/03/17 19:14:36 ET
Table 'Asios II' 6-max Seat #1 is the button
Seat 1: Zubasa07 ($472 in chips)
Seat 4: Molot7530 ($147 in chips)
Zubasa07: posts small blind $1
Molot7530: posts big blind $3
*** HOLE CARDS ***
Zubasa07: raises $3 to $6
Molot7530: calls $3
*** FLOP *** [9d 6c Ac]
Molot7530: checks
Zubasa07: bets $3
Molot7530: raises $3 to $6
Zubasa07: folds
Uncalled bet ($3) returned to Molot7530
Molot7530 collected $17.64 from pot
*** SUMMARY ***
Total pot $18 | Rake $0.36
Board [9d 6c Ac]
Seat 1: Zubasa07 (button) (small blind) folded on the Flop
Seat 4: Molot7530 (big blind) collected ($17.64)


PokerStars Hand #150515814782:  Hold'em Limit ($3/$6 USD) - 2016/03/17 19:14:57 ET
Table 'Asios II' 6-max Seat #4 is the button
Seat 1: Zubasa07 ($463 in chips)
Seat 4: Molot7530 ($155.64 in chips)
Molot7530: posts small blind $1
Zubasa07: posts big blind $3
*** HOLE CARDS ***
Molot7530: raises $3 to $6
Zubasa07: calls $3
*** FLOP *** [5s Jc 9h]
Zubasa07: checks
Molot7530: bets $3
Zubasa07: raises $3 to $6
Molot7530: calls $3
*** TURN *** [5s Jc 9h] [Td]
Zubasa07: bets $6
Molot7530: folds
Uncalled bet ($6) returned to Zubasa07
Zubasa07 collected $23.52 from pot
Zubasa07: doesn't show hand
*** SUMMARY ***
Total pot $24 | Rake $0.48
Board [5s Jc 9h Td]
Seat 1: Zubasa07 (big blind) collected ($23.52)
Seat 4: Molot7530 (button) (small blind) folded on the Turn


PokerStars Hand #150515841909:  Hold'em Limit ($3/$6 USD) - 2016/03/17 19:15:34 ET
Table 'Asios II' 6-max Seat #1 is the button
Seat 1: Zubasa07 ($474.52 in chips)
Seat 4: Molot7530 ($143.64 in chips)
Zubasa07: posts small blind $1
Molot7530: posts big blind $3
*** HOLE CARDS ***
Zubasa07: raises $3 to $6
Molot7530: calls $3
*** FLOP *** [7h Js 2s]
Molot7530: checks
Zubasa07: bets $3
Molot7530: raises $3 to $6
Zubasa07: calls $3
*** TURN *** [7h Js 2s] [9c]
Molot7530: bets $6
Zubasa07: calls $6
*** RIVER *** [7h Js 2s 9c] [As]
Molot7530: bets $6
Zubasa07: calls $6
*** SHOW DOWN ***
Molot7530: shows [6s 8s] (a flush, Ace high)
Zubasa07: mucks hand
Molot7530 collected $47.50 from pot
*** SUMMARY ***
Total pot $48 | Rake $0.50
Board [7h Js 2s 9c As]
Seat 1: Zubasa07 (button) (small blind) mucked
Seat 4: Molot7530 (big blind) showed [6s 8s] and won ($47.50) with a flush, Ace high


PokerStars Hand #150516196790:  Hold'em Limit ($3/$6 USD) - 2016/03/17 19:23:17 ET
Table 'Asios II' 6-max Seat #1 is the button
Seat 1: Zubasa07 ($450.52 in chips)
Seat 3: bankfackaren ($86.51 in chips)
Zubasa07: posts small blind $1
bankfackaren: posts big blind $3
*** HOLE CARDS ***
GoliafUa joins the table at seat #4
Zubasa07: folds
Uncalled bet ($2) returned to bankfackaren
bankfackaren collected $2 from pot
*** SUMMARY ***
Total pot $2 | Rake $0
Seat 1: Zubasa07 (button) (small blind) folded before Flop
Seat 3: bankfackaren (big blind) collected ($2)


PokerStars Hand #150516205769:  Hold'em Limit ($3/$6 USD) - 2016/03/17 19:23:29 ET
Table 'Asios II' 6-max Seat #3 is the button
Seat 1: Zubasa07 ($449.52 in chips)
Seat 3: bankfackaren ($87.51 in chips)
bankfackaren: posts small blind $1
Zubasa07: posts big blind $3
*** HOLE CARDS ***
bankfackaren: calls $2
Zubasa07: raises $3 to $6
bankfackaren: calls $3
*** FLOP *** [Js 3h Kd]
Zubasa07: bets $3
bankfackaren: calls $3
*** TURN *** [Js 3h Kd] [Ad]
Zubasa07: bets $6
bankfackaren: raises $6 to $12
Zubasa07: folds
Uncalled bet ($6) returned to bankfackaren
bankfackaren collected $29.50 from pot
*** SUMMARY ***
Total pot $30 | Rake $0.50
Board [Js 3h Kd Ad]
Seat 1: Zubasa07 (big blind) folded on the Turn
Seat 3: bankfackaren (button) (small blind) collected ($29.50)


PokerStars Hand #150516266236:  Hold'em Limit ($3/$6 USD) - 2016/03/17 19:24:52 ET
Table 'Asios II' 6-max Seat #1 is the button
Seat 1: Zubasa07 ($405.52 in chips)
Seat 3: bankfackaren ($130.51 in chips)
Zubasa07: posts small blind $1
bankfackaren: posts big blind $3
*** HOLE CARDS ***
Zubasa07: raises $3 to $6
bankfackaren: calls $3
*** FLOP *** [9h Th 3d]
bankfackaren: checks
Zubasa07: bets $3
bankfackaren: folds
Uncalled bet ($3) returned to Zubasa07
Zubasa07 collected $11.76 from pot
Zubasa07: doesn't show hand
*** SUMMARY ***
Total pot $12 | Rake $0.24
Board [9h Th 3d]
Seat 1: Zubasa07 (button) (small blind) collected ($11.76)
Seat 3: bankfackaren (big blind) folded on the Flop


PokerStars Hand #150516262213:  Hold'em Limit ($3/$6 USD) - 2016/03/17 19:24:46 ET
Table 'Asios II' 6-max Seat #3 is the button
Seat 1: Zubasa07 ($404.52 in chips)
Seat 3: bankfackaren ($131.51 in chips)
bankfackaren: posts small blind $1
Zubasa07: posts big blind $3
*** HOLE CARDS ***
bankfackaren: folds
Uncalled bet ($2) returned to Zubasa07
Zubasa07 collected $2 from pot
Zubasa07: doesn't show hand
*** SUMMARY ***
Total pot $2 | Rake $0
Seat 1: Zubasa07 (big blind) collected ($2)
Seat 3: bankfackaren (button) (small blind) folded before Flop


PokerStars Hand #150516239420:  Hold'em Limit ($3/$6 USD) - 2016/03/17 19:24:15 ET
Table 'Asios II' 6-max Seat #1 is the button
Seat 1: Zubasa07 ($434.52 in chips)
Seat 3: bankfackaren ($102.01 in chips)
Zubasa07: posts small blind $1
bankfackaren: posts big blind $3
*** HOLE CARDS ***
Zubasa07: raises $3 to $6
bankfackaren: raises $3 to $9
Zubasa07: calls $3
*** FLOP *** [5d Jc Jd]
bankfackaren: bets $3
Zubasa07: calls $3
*** TURN *** [5d Jc Jd] [Js]
bankfackaren: bets $6
Zubasa07: raises $6 to $12
bankfackaren: calls $6
*** RIVER *** [5d Jc Jd Js] [7s]
bankfackaren: bets $6
Zubasa07: calls $6
*** SHOW DOWN ***
bankfackaren: shows [Td Th] (a full house, Jacks full of Tens)
Zubasa07: mucks hand
bankfackaren collected $59.50 from pot
*** SUMMARY ***
Total pot $60 | Rake $0.50
Board [5d Jc Jd Js 7s]
Seat 1: Zubasa07 (button) (small blind) mucked
Seat 3: bankfackaren (big blind) showed [Td Th] and won ($59.50) with a full house, Jacks full of Tens


PokerStars Hand #150516277664:  Hold'em Limit ($3/$6 USD) - 2016/03/17 19:25:07 ET
Table 'Asios II' 6-max Seat #3 is the button
Seat 1: Zubasa07 ($411.28 in chips)
Seat 3: bankfackaren ($124.51 in chips)
bankfackaren: posts small blind $1
Zubasa07: posts big blind $3
*** HOLE CARDS ***
bankfackaren: calls $2
Zubasa07: checks
*** FLOP *** [6c 2d 4d]
Zubasa07: bets $3
bankfackaren: calls $3
*** TURN *** [6c 2d 4d] [Qh]
Zubasa07: bets $6
bankfackaren: calls $6
*** RIVER *** [6c 2d 4d Qh] [As]
Zubasa07: checks
bankfackaren: bets $6
Zubasa07: calls $6
*** SHOW DOWN ***
bankfackaren: shows [Qs 8s] (a pair of Queens)
Zubasa07: mucks hand
bankfackaren collected $35.50 from pot
*** SUMMARY ***
Total pot $36 | Rake $0.50
Board [6c 2d 4d Qh As]
Seat 1: Zubasa07 (big blind) mucked
Seat 3: bankfackaren (button) (small blind) showed [Qs 8s] and won ($35.50) with a pair of Queens


PokerStars Hand #150516351034:  Hold'em Limit ($3/$6 USD) - 2016/03/17 19:26:49 ET
Table 'Asios II' 6-max Seat #1 is the button
Seat 1: Zubasa07 ($379.28 in chips)
Seat 3: bankfackaren ($155.51 in chips)
Zubasa07: posts small blind $1
bankfackaren: posts big blind $3
*** HOLE CARDS ***
Zubasa07: raises $3 to $6
Molot7530 joins the table at seat #2
bankfackaren: calls $3
*** FLOP *** [Ks Kh Js]
bankfackaren: checks
Zubasa07: bets $3
bankfackaren: calls $3
*** TURN *** [Ks Kh Js] [Ah]
bankfackaren: checks
Zubasa07: checks
*** RIVER *** [Ks Kh Js Ah] [Qd]
bankfackaren: bets $6
Zubasa07: folds
Uncalled bet ($6) returned to bankfackaren
bankfackaren collected $17.64 from pot
*** SUMMARY ***
Total pot $18 | Rake $0.36
Board [Ks Kh Js Ah Qd]
Seat 1: Zubasa07 (button) (small blind) folded on the River
Seat 3: bankfackaren (big blind) collected ($17.64)


PokerStars Hand #150516347335:  Hold'em Limit ($3/$6 USD) - 2016/03/17 19:26:44 ET
Table 'Asios II' 6-max Seat #3 is the button
Seat 1: Zubasa07 ($378.28 in chips)
Seat 3: bankfackaren ($156.51 in chips)
bankfackaren: posts small blind $1
Zubasa07: posts big blind $3
*** HOLE CARDS ***
bankfackaren: folds
Uncalled bet ($2) returned to Zubasa07
Zubasa07 collected $2 from pot
Zubasa07: doesn't show hand
*** SUMMARY ***
Total pot $2 | Rake $0
Seat 1: Zubasa07 (big blind) collected ($2)
Seat 3: bankfackaren (button) (small blind) folded before Flop


PokerStars Hand #150516304331:  Hold'em Limit ($3/$6 USD) - 2016/03/17 19:25:44 ET
Table 'Asios II' 6-max Seat #1 is the button
Seat 1: Zubasa07 ($393.28 in chips)
Seat 3: bankfackaren ($142.01 in chips)
Zubasa07: posts small blind $1
bankfackaren: posts big blind $3
*** HOLE CARDS ***
Zubasa07: raises $3 to $6
bankfackaren: calls $3
*** FLOP *** [3s 4d 8h]
bankfackaren: checks
Zubasa07: bets $3
bankfackaren: calls $3
*** TURN *** [3s 4d 8h] [9d]
bankfackaren: checks
Zubasa07: checks
*** RIVER *** [3s 4d 8h 9d] [5d]
bankfackaren: bets $6
Zubasa07: calls $6
*** SHOW DOWN ***
bankfackaren: shows [Kd 2d] (a flush, King high)
Zubasa07: mucks hand
bankfackaren collected $29.50 from pot
*** SUMMARY ***
Total pot $30 | Rake $0.50
Board [3s 4d 8h 9d 5d]
Seat 1: Zubasa07 (button) (small blind) mucked
Seat 3: bankfackaren (big blind) showed [Kd 2d] and won ($29.50) with a flush, King high


PokerStars Hand #150516382594:  Hold'em Limit ($3/$6 USD) - 2016/03/17 19:27:32 ET
Table 'Asios II' 6-max Seat #3 is the button
Seat 1: Zubasa07 ($370.28 in chips)
Seat 3: bankfackaren ($164.15 in chips)
bankfackaren: posts small blind $1
Zubasa07: posts big blind $3
*** HOLE CARDS ***
bankfackaren: folds
Uncalled bet ($2) returned to Zubasa07
Zubasa07 collected $2 from pot
Zubasa07: doesn't show hand
*** SUMMARY ***
Total pot $2 | Rake $0
Seat 1: Zubasa07 (big blind) collected ($2)
Seat 3: bankfackaren (button) (small blind) folded before Flop


PokerStars Hand #150517007220:  Hold'em Limit ($3/$6 USD) - 2016/03/17 19:42:29 ET
Table 'Asios II' 6-max Seat #5 is the button
Seat 2: Molot7530 ($120.54 in chips)
Seat 5: PycV ($174 in chips)
lanford will be allowed to play after the button
PycV: posts small blind $1
Zubasa07: is sitting out
Molot7530: posts big blind $3
*** HOLE CARDS ***
PycV: raises $3 to $6
Molot7530: calls $3
*** FLOP *** [Ts 5c 3d]
Molot7530: checks
PycV: bets $3
Molot7530: folds
Uncalled bet ($3) returned to PycV
PycV collected $11.76 from pot
PycV: doesn't show hand
*** SUMMARY ***
Total pot $12 | Rake $0.24
Board [Ts 5c 3d]
Seat 2: Molot7530 (big blind) folded on the Flop
Seat 5: PycV (button) (small blind) collected ($11.76)


PokerStars Hand #150517058773:  Hold'em Limit ($3/$6 USD) - 2016/03/17 19:43:47 ET
Table 'Asios II' 6-max Seat #2 is the button
Seat 2: Molot7530 ($92.54 in chips)
Seat 5: PycV ($186.37 in chips)
Molot7530: posts small blind $1
lanford: is sitting out
PycV: posts big blind $3
*** HOLE CARDS ***
Molot7530: raises $3 to $6
lanford leaves the table
PycV: folds
Uncalled bet ($3) returned to Molot7530
Molot7530 collected $6 from pot
*** SUMMARY ***
Total pot $6 | Rake $0
Seat 2: Molot7530 (button) (small blind) collected ($6)
Seat 5: PycV (big blind) folded before Flop


PokerStars Hand #150517064432:  Hold'em Limit ($3/$6 USD) - 2016/03/17 19:43:56 ET
Table 'Asios II' 6-max Seat #5 is the button
Seat 2: Molot7530 ($95.54 in chips)
Seat 5: PycV ($183.37 in chips)
PycV: posts small blind $1
Molot7530: posts big blind $3
*** HOLE CARDS ***
PycV: raises $3 to $6
Molot7530: folds
Uncalled bet ($3) returned to PycV
PycV collected $6 from pot
PycV: doesn't show hand
*** SUMMARY ***
Total pot $6 | Rake $0
Seat 2: Molot7530 (big blind) folded before Flop
Seat 5: PycV (button) (small blind) collected ($6)


PokerStars Hand #150517069571:  Hold'em Limit ($3/$6 USD) - 2016/03/17 19:44:03 ET
Table 'Asios II' 6-max Seat #2 is the button
Seat 2: Molot7530 ($92.54 in chips)
Seat 5: PycV ($186.37 in chips)
Molot7530: posts small blind $1
PycV: posts big blind $3
*** HOLE CARDS ***
Molot7530: folds
Uncalled bet ($2) returned to PycV
PycV collected $2 from pot
PycV: doesn't show hand
*** SUMMARY ***
Total pot $2 | Rake $0
Seat 2: Molot7530 (button) (small blind) folded before Flop
Seat 5: PycV (big blind) collected ($2)


PokerStars Hand #150517073153:  Hold'em Limit ($3/$6 USD) - 2016/03/17 19:44:09 ET
Table 'Asios II' 6-max Seat #5 is the button
Seat 2: Molot7530 ($91.54 in chips)
Seat 5: PycV ($187.37 in chips)
PycV: posts small blind $1
Molot7530: posts big blind $3
*** HOLE CARDS ***
PycV: raises $3 to $6
Molot7530: raises $3 to $9
PycV: calls $3
*** FLOP *** [9s 7h Ac]
MARIBORO8 leaves the table
Molot7530: bets $3
PycV: calls $3
*** TURN *** [9s 7h Ac] [Ks]
Zubasa07 leaves the table
Molot7530: bets $6
PycV: calls $6
*** RIVER *** [9s 7h Ac Ks] [6d]
Molot7530: bets $6
PycV: calls $6
*** SHOW DOWN ***
Molot7530: shows [Th Qd] (high card Ace)
PycV: shows [3s Ad] (a pair of Aces)
PycV collected $47.50 from pot
*** SUMMARY ***
Total pot $48 | Rake $0.50
Board [9s 7h Ac Ks 6d]
Seat 2: Molot7530 (big blind) showed [Th Qd] and lost with high card Ace
Seat 5: PycV (button) (small blind) showed [3s Ad] and won ($47.50) with a pair of Aces


PokerStars Hand #150517089872:  Hold'em Limit ($3/$6 USD) - 2016/03/17 19:44:34 ET
Table 'Asios II' 6-max Seat #2 is the button
Seat 2: Molot7530 ($67.54 in chips)
Seat 5: PycV ($210.87 in chips)
Molot7530: posts small blind $1
PycV: posts big blind $3
*** HOLE CARDS ***
Molot7530: raises $3 to $6
PycV: raises $3 to $9
Molot7530: calls $3
*** FLOP *** [4h As 2c]
PycV: bets $3
Molot7530: raises $3 to $6
PycV: calls $3
*** TURN *** [4h As 2c] [3c]
PycV: checks
Molot7530: bets $6
PycV: calls $6
*** RIVER *** [4h As 2c 3c] [Th]
PycV: checks
Molot7530: bets $6
PycV: calls $6
*** SHOW DOWN ***
Molot7530: shows [8h 5c] (a straight, Ace to Five)
PycV: mucks hand
Molot7530 collected $53.50 from pot
ThePredator9 joins the table at seat #1
*** SUMMARY ***
Total pot $54 | Rake $0.50
Board [4h As 2c 3c Th]
Seat 2: Molot7530 (button) (small blind) showed [8h 5c] and won ($53.50) with a straight, Ace to Five
Seat 5: PycV (big blind) mucked


