PokerStars Hand #165630435491:  Hold'em Limit ($3/$6 USD) - 2017/02/03 16:09:13 ET
Table 'Asios' 6-max Seat #1 is the button
Seat 1: laubes04 ($120 in chips)
Seat 2: loretta849 ($120 in chips)
laubes04: posts small blind $1
loretta849: posts big blind $3
*** HOLE CARDS ***
laubes04: raises $3 to $6
loretta849: calls $3
*** FLOP *** [2c 9s Jh]
loretta849: checks
laubes04: bets $3
loretta849: calls $3
*** TURN *** [2c 9s Jh] [Kd]
loretta849: checks
laubes04: bets $6
loretta849: calls $6
*** RIVER *** [2c 9s Jh Kd] [Ac]
andrey0709 joins the table at seat #6
loretta849: checks
laubes04: bets $6
loretta849: calls $6
*** SHOW DOWN ***
laubes04: shows [4s 7c] (high card Ace)
loretta849: shows [Kh 6s] (a pair of Kings)
loretta849 collected $41.50 from pot
*** SUMMARY ***
Total pot $42 | Rake $0.50
Board [2c 9s Jh Kd Ac]
Seat 1: laubes04 (button) (small blind) showed [4s 7c] and lost with high card Ace
Seat 2: loretta849 (big blind) showed [Kh 6s] and won ($41.50) with a pair of Kings


PokerStars Hand #165630545126:  Hold'em Limit ($3/$6 USD) - 2017/02/03 16:11:06 ET
Table 'Asios' 6-max Seat #1 is the button
Seat 1: laubes04 ($59 in chips)
Seat 2: loretta849 ($158.24 in chips)
laubes04: posts small blind $1
loretta849: posts big blind $3
*** HOLE CARDS ***
laubes04: folds
Uncalled bet ($2) returned to loretta849
loretta849 collected $2 from pot
loretta849: doesn't show hand
*** SUMMARY ***
Total pot $2 | Rake $0
Seat 1: laubes04 (button) (small blind) folded before Flop
Seat 2: loretta849 (big blind) collected ($2)


PokerStars Hand #165630538547:  Hold'em Limit ($3/$6 USD) - 2017/02/03 16:10:59 ET
Table 'Asios' 6-max Seat #2 is the button
Seat 1: laubes04 ($58 in chips)
Seat 2: loretta849 ($159.24 in chips)
loretta849: posts small blind $1
andrey0709: is sitting out
laubes04: posts big blind $3
*** HOLE CARDS ***
loretta849: folds
Uncalled bet ($2) returned to laubes04
laubes04 collected $2 from pot
laubes04: doesn't show hand
*** SUMMARY ***
Total pot $2 | Rake $0
Seat 1: laubes04 (big blind) collected ($2)
Seat 2: loretta849 (button) (small blind) folded before Flop


PokerStars Hand #165630551193:  Hold'em Limit ($3/$6 USD) - 2017/02/03 16:11:12 ET
Table 'Asios' 6-max Seat #2 is the button
Seat 1: laubes04 ($58 in chips)
Seat 2: loretta849 ($159.24 in chips)
loretta849: posts small blind $1
laubes04: posts big blind $3
*** HOLE CARDS ***
loretta849: folds
Uncalled bet ($2) returned to laubes04
laubes04 collected $2 from pot
laubes04: doesn't show hand
*** SUMMARY ***
Total pot $2 | Rake $0
Seat 1: laubes04 (big blind) collected ($2)
Seat 2: loretta849 (button) (small blind) folded before Flop


PokerStars Hand #165630556816:  Hold'em Limit ($3/$6 USD) - 2017/02/03 16:11:18 ET
Table 'Asios' 6-max Seat #1 is the button
Seat 1: laubes04 ($59 in chips)
Seat 2: loretta849 ($158.24 in chips)
laubes04: posts small blind $1
loretta849: posts big blind $3
*** HOLE CARDS ***
laubes04: raises $3 to $6
loretta849: calls $3
*** FLOP *** [Th Kh 5h]
loretta849: checks
laubes04: bets $3
loretta849: calls $3
*** TURN *** [Th Kh 5h] [Js]
loretta849: checks
laubes04: bets $6
loretta849: folds
Uncalled bet ($6) returned to laubes04
laubes04 collected $17.64 from pot
laubes04: doesn't show hand
*** SUMMARY ***
Total pot $18 | Rake $0.36
Board [Th Kh 5h Js]
Seat 1: laubes04 (button) (small blind) collected ($17.64)
Seat 2: loretta849 (big blind) folded on the Turn


PokerStars Hand #165630651859:  Hold'em Limit ($3/$6 USD) - 2017/02/03 16:12:55 ET
Table 'Asios' 6-max Seat #2 is the button
Seat 1: laubes04 ($56.14 in chips)
Seat 2: loretta849 ($159.74 in chips)
loretta849: posts small blind $1
laubes04: posts big blind $3
*** HOLE CARDS ***
loretta849: raises $3 to $6
andrey0709 leaves the table
laubes04: calls $3
*** FLOP *** [4c Qs 9h]
laubes04: checks
loretta849: checks
*** TURN *** [4c Qs 9h] [Kc]
laubes04: checks
loretta849: bets $6
laubes04: folds
Uncalled bet ($6) returned to loretta849
loretta849 collected $11.76 from pot
loretta849: doesn't show hand
*** SUMMARY ***
Total pot $12 | Rake $0.24
Board [4c Qs 9h Kc]
Seat 1: laubes04 (big blind) folded on the Turn
Seat 2: loretta849 (button) (small blind) collected ($11.76)


PokerStars Hand #165630646069:  Hold'em Limit ($3/$6 USD) - 2017/02/03 16:12:49 ET
Table 'Asios' 6-max Seat #1 is the button
Seat 1: laubes04 ($57.14 in chips)
Seat 2: loretta849 ($158.74 in chips)
laubes04: posts small blind $1
loretta849: posts big blind $3
*** HOLE CARDS ***
laubes04: folds
Uncalled bet ($2) returned to loretta849
loretta849 collected $2 from pot
loretta849: doesn't show hand
*** SUMMARY ***
Total pot $2 | Rake $0
Seat 1: laubes04 (button) (small blind) folded before Flop
Seat 2: loretta849 (big blind) collected ($2)


PokerStars Hand #165630613700:  Hold'em Limit ($3/$6 USD) - 2017/02/03 16:12:16 ET
Table 'Asios' 6-max Seat #2 is the button
Seat 1: laubes04 ($81.14 in chips)
Seat 2: loretta849 ($135.24 in chips)
loretta849: posts small blind $1
laubes04: posts big blind $3
*** HOLE CARDS ***
loretta849: raises $3 to $6
laubes04: calls $3
*** FLOP *** [4c Ts 3c]
laubes04: checks
loretta849: bets $3
laubes04: raises $3 to $6
loretta849: calls $3
*** TURN *** [4c Ts 3c] [Qh]
laubes04: bets $6
loretta849: raises $6 to $12
laubes04: calls $6
*** RIVER *** [4c Ts 3c Qh] [Ac]
laubes04: checks
loretta849: bets $6
laubes04: folds
Uncalled bet ($6) returned to loretta849
loretta849 collected $47.50 from pot
loretta849: doesn't show hand
*** SUMMARY ***
Total pot $48 | Rake $0.50
Board [4c Ts 3c Qh Ac]
Seat 1: laubes04 (big blind) folded on the River
Seat 2: loretta849 (button) (small blind) collected ($47.50)


PokerStars Hand #165630608801:  Hold'em Limit ($3/$6 USD) - 2017/02/03 16:12:11 ET
Table 'Asios' 6-max Seat #1 is the button
Seat 1: laubes04 ($82.14 in chips)
Seat 2: loretta849 ($134.24 in chips)
laubes04: posts small blind $1
loretta849: posts big blind $3
*** HOLE CARDS ***
laubes04: folds
Uncalled bet ($2) returned to loretta849
loretta849 collected $2 from pot
loretta849: doesn't show hand
*** SUMMARY ***
Total pot $2 | Rake $0
Seat 1: laubes04 (button) (small blind) folded before Flop
Seat 2: loretta849 (big blind) collected ($2)


PokerStars Hand #165630671417:  Hold'em Limit ($3/$6 USD) - 2017/02/03 16:13:16 ET
Table 'Asios' 6-max Seat #1 is the button
Seat 1: laubes04 ($50.14 in chips)
Seat 2: loretta849 ($165.50 in chips)
laubes04: posts small blind $1
loretta849: posts big blind $3
*** HOLE CARDS ***
laubes04: raises $3 to $6
loretta849: calls $3
*** FLOP *** [Jd 7s 5h]
loretta849: checks
laubes04: bets $3
loretta849: calls $3
*** TURN *** [Jd 7s 5h] [7c]
loretta849: checks
laubes04: bets $6
loretta849: calls $6
*** RIVER *** [Jd 7s 5h 7c] [Tc]
loretta849: checks
laubes04: bets $6
loretta849: calls $6
*** SHOW DOWN ***
laubes04: shows [Td Kc] (two pair, Tens and Sevens)
loretta849: mucks hand
laubes04 collected $41.50 from pot
*** SUMMARY ***
Total pot $42 | Rake $0.50
Board [Jd 7s 5h 7c Tc]
Seat 1: laubes04 (button) (small blind) showed [Td Kc] and won ($41.50) with two pair, Tens and Sevens
Seat 2: loretta849 (big blind) mucked


PokerStars Hand #165630740042:  Hold'em Limit ($3/$6 USD) - 2017/02/03 16:14:26 ET
Table 'Asios' 6-max Seat #2 is the button
Seat 1: laubes04 ($60.64 in chips)
Seat 2: loretta849 ($154.14 in chips)
loretta849: posts small blind $1
laubes04: posts big blind $3
*** HOLE CARDS ***
loretta849: raises $3 to $6
laubes04: calls $3
*** FLOP *** [9s 6d 7c]
laubes04: checks
loretta849: checks
*** TURN *** [9s 6d 7c] [Ah]
laubes04: checks
loretta849: bets $6
laubes04: calls $6
*** RIVER *** [9s 6d 7c Ah] [Qd]
laubes04: checks
loretta849: checks
*** SHOW DOWN ***
laubes04: shows [9h Td] (a pair of Nines)
loretta849: mucks hand
laubes04 collected $23.52 from pot
*** SUMMARY ***
Total pot $24 | Rake $0.48
Board [9s 6d 7c Ah Qd]
Seat 1: laubes04 (big blind) showed [9h Td] and won ($23.52) with a pair of Nines
Seat 2: loretta849 (button) (small blind) mucked


PokerStars Hand #165630704517:  Hold'em Limit ($3/$6 USD) - 2017/02/03 16:13:49 ET
Table 'Asios' 6-max Seat #2 is the button
Seat 1: laubes04 ($70.64 in chips)
Seat 2: loretta849 ($144.50 in chips)
loretta849: posts small blind $1
laubes04: posts big blind $3
*** HOLE CARDS ***
loretta849: raises $3 to $6
laubes04: calls $3
*** FLOP *** [2h 8d 6h]
laubes04: checks
loretta849: bets $3
laubes04: calls $3
*** TURN *** [2h 8d 6h] [9c]
laubes04: checks
loretta849: bets $6
laubes04: folds
Uncalled bet ($6) returned to loretta849
loretta849 collected $17.64 from pot
loretta849: doesn't show hand
*** SUMMARY ***
Total pot $18 | Rake $0.36
Board [2h 8d 6h 9c]
Seat 1: laubes04 (big blind) folded on the Turn
Seat 2: loretta849 (button) (small blind) collected ($17.64)


PokerStars Hand #165630801458:  Hold'em Limit ($3/$6 USD) - 2017/02/03 16:15:28 ET
Table 'Asios' 6-max Seat #2 is the button
Seat 1: laubes04 ($51.16 in chips)
Seat 2: loretta849 ($162.64 in chips)
loretta849: posts small blind $1
laubes04: posts big blind $3
*** HOLE CARDS ***
loretta849: raises $3 to $6
laubes04: calls $3
*** FLOP *** [7d 7h 7c]
laubes04: checks
loretta849: bets $3
laubes04: calls $3
*** TURN *** [7d 7h 7c] [3s]
laubes04: checks
loretta849: bets $6
laubes04: calls $6
*** RIVER *** [7d 7h 7c 3s] [5h]
laubes04: checks
loretta849: checks
*** SHOW DOWN ***
laubes04: shows [Jh 4s] (three of a kind, Sevens)
loretta849: shows [Kc 2h] (three of a kind, Sevens - King kicker)
loretta849 collected $29.50 from pot
*** SUMMARY ***
Total pot $30 | Rake $0.50
Board [7d 7h 7c 3s 5h]
Seat 1: laubes04 (big blind) showed [Jh 4s] and lost with three of a kind, Sevens
Seat 2: loretta849 (button) (small blind) showed [Kc 2h] and won ($29.50) with three of a kind, Sevens


PokerStars Hand #165630764001:  Hold'em Limit ($3/$6 USD) - 2017/02/03 16:14:50 ET
Table 'Asios' 6-max Seat #1 is the button
Seat 1: laubes04 ($72.16 in chips)
Seat 2: loretta849 ($142.14 in chips)
laubes04: posts small blind $1
loretta849: posts big blind $3
*** HOLE CARDS ***
laubes04: raises $3 to $6
loretta849: calls $3
*** FLOP *** [Qc 5h As]
loretta849: checks
laubes04: bets $3
loretta849: calls $3
*** TURN *** [Qc 5h As] [2d]
loretta849: checks
laubes04: checks
*** RIVER *** [Qc 5h As 2d] [Kd]
loretta849: checks
laubes04: bets $6
loretta849: raises $6 to $12
laubes04: calls $6
*** SHOW DOWN ***
loretta849: shows [4s 3h] (a straight, Ace to Five)
laubes04: mucks hand
loretta849 collected $41.50 from pot
*** SUMMARY ***
Total pot $42 | Rake $0.50
Board [Qc 5h As 2d Kd]
Seat 1: laubes04 (button) (small blind) mucked
Seat 2: loretta849 (big blind) showed [4s 3h] and won ($41.50) with a straight, Ace to Five


PokerStars Hand #165630822748:  Hold'em Limit ($3/$6 USD) - 2017/02/03 16:15:50 ET
Table 'Asios' 6-max Seat #1 is the button
Seat 1: laubes04 ($36.16 in chips)
Seat 2: loretta849 ($177.14 in chips)
laubes04: posts small blind $1
loretta849: posts big blind $3
*** HOLE CARDS ***
laubes04: raises $3 to $6
loretta849: calls $3
*** FLOP *** [4h 9d Ks]
loretta849: checks
laubes04: bets $3
loretta849: calls $3
*** TURN *** [4h 9d Ks] [Jd]
loretta849: checks
laubes04: checks
*** RIVER *** [4h 9d Ks Jd] [6s]
loretta849: bets $6
laubes04: raises $6 to $12
loretta849: raises $6 to $18
abs2001 joins the table at seat #4
laubes04: folds
Uncalled bet ($6) returned to loretta849
loretta849 collected $41.50 from pot
loretta849: doesn't show hand
*** SUMMARY ***
Total pot $42 | Rake $0.50
Board [4h 9d Ks Jd 6s]
Seat 1: laubes04 (button) (small blind) folded on the River
Seat 2: loretta849 (big blind) collected ($41.50)


PokerStars Hand #165630918396:  Hold'em Limit ($3/$6 USD) - 2017/02/03 16:17:26 ET
Table 'Asios' 6-max Seat #2 is the button
Seat 2: loretta849 ($158.64 in chips)
Seat 4: abs2001 ($172.48 in chips)
loretta849: posts small blind $1
abs2001: posts big blind $3
*** HOLE CARDS ***
loretta849: raises $3 to $6
abs2001: calls $3
*** FLOP *** [9s 7s 4s]
abs2001: checks
loretta849: bets $3
abs2001: calls $3
*** TURN *** [9s 7s 4s] [6c]
abs2001: checks
loretta849: checks
*** RIVER *** [9s 7s 4s 6c] [8d]
abs2001: bets $6
loretta849: calls $6
*** SHOW DOWN ***
abs2001: shows [5c 6s] (a straight, Five to Nine)
loretta849: shows [Ts Ah] (a straight, Six to Ten)
loretta849 collected $29.50 from pot
*** SUMMARY ***
Total pot $30 | Rake $0.50
Board [9s 7s 4s 6c 8d]
Seat 2: loretta849 (button) (small blind) showed [Ts Ah] and won ($29.50) with a straight, Six to Ten
Seat 4: abs2001 (big blind) showed [5c 6s] and lost with a straight, Five to Nine


PokerStars Hand #165630895652:  Hold'em Limit ($3/$6 USD) - 2017/02/03 16:17:03 ET
Table 'Asios' 6-max Seat #4 is the button
Seat 2: loretta849 ($188.64 in chips)
Seat 4: abs2001 ($142.98 in chips)
abs2001: posts small blind $1
loretta849: posts big blind $3
*** HOLE CARDS ***
abs2001: raises $3 to $6
loretta849: raises $3 to $9
abs2001: calls $3
*** FLOP *** [4d 5s 3h]
loretta849: bets $3
abs2001: calls $3
*** TURN *** [4d 5s 3h] [Th]
loretta849: bets $6
abs2001: calls $6
*** RIVER *** [4d 5s 3h Th] [Kc]
loretta849: bets $6
abs2001: raises $6 to $12
loretta849: calls $6
*** SHOW DOWN ***
abs2001: shows [2c Ks] (a pair of Kings)
loretta849: mucks hand
abs2001 collected $59.50 from pot
*** SUMMARY ***
Total pot $60 | Rake $0.50
Board [4d 5s 3h Th Kc]
Seat 2: loretta849 (big blind) mucked
Seat 4: abs2001 (button) (small blind) showed [2c Ks] and won ($59.50) with a pair of Kings


PokerStars Hand #165631104024:  Hold'em Limit ($3/$6 USD) - 2017/02/03 16:20:35 ET
Table 'Asios' 6-max Seat #2 is the button
Seat 2: loretta849 ($149.69 in chips)
Seat 4: abs2001 ($146.88 in chips)
loretta849: posts small blind $1
abs2001: posts big blind $3
*** HOLE CARDS ***
loretta849: raises $3 to $6
abs2001: calls $3
*** FLOP *** [4c 7d Kh]
abs2001: checks
laubes04 leaves the table
loretta849: bets $3
abs2001: folds
Uncalled bet ($3) returned to loretta849
loretta849 collected $11.76 from pot
loretta849: doesn't show hand
Evgenia56 joins the table at seat #5
*** SUMMARY ***
Total pot $12 | Rake $0.24
Board [4c 7d Kh]
Seat 2: loretta849 (button) (small blind) collected ($11.76)
Seat 4: abs2001 (big blind) folded on the Flop


PokerStars Hand #165631099258:  Hold'em Limit ($3/$6 USD) - 2017/02/03 16:20:30 ET
Table 'Asios' 6-max Seat #4 is the button
Seat 2: loretta849 ($148.69 in chips)
Seat 4: abs2001 ($147.88 in chips)
abs2001: posts small blind $1
laubes04: is sitting out
loretta849: posts big blind $3
*** HOLE CARDS ***
abs2001: folds
Uncalled bet ($2) returned to loretta849
loretta849 collected $2 from pot
loretta849: doesn't show hand
*** SUMMARY ***
Total pot $2 | Rake $0
Seat 2: loretta849 (big blind) collected ($2)
Seat 4: abs2001 (button) (small blind) folded before Flop


PokerStars Hand #165633166614:  Hold'em Limit ($3/$6 USD) - 2017/02/03 16:55:49 ET
Table 'Asios' 6-max Seat #5 is the button
Seat 2: Chessnok ($166.38 in chips)
Seat 5: Carl1891 ($183.17 in chips)
Carl1891: posts small blind $1
krytalex: is sitting out
michehh5 joins the table at seat #3
Chessnok: posts big blind $3
*** HOLE CARDS ***
Carl1891: raises $3 to $6
Chessnok: calls $3
*** FLOP *** [Td 2d 8d]
Chessnok: checks
Carl1891: bets $3
Chessnok: folds
Uncalled bet ($3) returned to Carl1891
Carl1891 collected $11.76 from pot
Carl1891: doesn't show hand
*** SUMMARY ***
Total pot $12 | Rake $0.24
Board [Td 2d 8d]
Seat 2: Chessnok (big blind) folded on the Flop
Seat 5: Carl1891 (button) (small blind) collected ($11.76)


PokerStars Hand #165633434891:  Hold'em Limit ($3/$6 USD) - 2017/02/03 17:01:16 ET
Table 'Asios' 6-max Seat #4 is the button
Seat 3: michehh5 ($13.05 in chips)
Seat 4: 234599330 ($136.07 in chips)
234599330: posts small blind $1
Homasapien: is sitting out
Chessnok: is sitting out
michehh5: posts big blind $3
*** HOLE CARDS ***
234599330: raises $3 to $6
michehh5: folds
Uncalled bet ($3) returned to 234599330
234599330 collected $6 from pot
234599330: doesn't show hand
*** SUMMARY ***
Total pot $6 | Rake $0
Seat 3: michehh5 (big blind) folded before Flop
Seat 4: 234599330 (button) (small blind) collected ($6)


