PokerStars Hand #150518827805:  Hold'em Limit ($3/$6 USD) - 2016/03/17 20:32:07 ET
Table 'Asios II' 6-max Seat #5 is the button
Seat 5: SmellyToes4u ($56 in chips)
Seat 6: e4115ulb ($175.96 in chips)
SmellyToes4u: posts small blind $1
e4115ulb: posts big blind $3
*** HOLE CARDS ***
SmellyToes4u: raises $3 to $6
e4115ulb: folds
Uncalled bet ($3) returned to SmellyToes4u
SmellyToes4u collected $6 from pot
SmellyToes4u: doesn't show hand
*** SUMMARY ***
Total pot $6 | Rake $0
Seat 5: SmellyToes4u (button) (small blind) collected ($6)
Seat 6: e4115ulb (big blind) folded before Flop


PokerStars Hand #150518802546:  Hold'em Limit ($3/$6 USD) - 2016/03/17 20:31:22 ET
Table 'Asios II' 6-max Seat #3 is the button
Seat 3: JayEm82 ($135.12 in chips)
Seat 5: SmellyToes4u ($72.89 in chips)
e4115ulb will be allowed to play after the button
JayEm82: posts small blind $1
yuanfei: is sitting out
SmellyToes4u: posts big blind $3
*** HOLE CARDS ***
yuanfei leaves the table
JayEm82: raises $3 to $6
SmellyToes4u: calls $3
*** FLOP *** [9d 7c 5d]
SmellyToes4u: checks
JayEm82: bets $3
SmellyToes4u: raises $3 to $6
JayEm82: calls $3
*** TURN *** [9d 7c 5d] [4s]
SmellyToes4u: bets $6
JayEm82: calls $6
*** RIVER *** [9d 7c 5d 4s] [4d]
SmellyToes4u: bets $6
JayEm82: calls $6
*** SHOW DOWN ***
SmellyToes4u: shows [8d 7s] (two pair, Sevens and Fours)
JayEm82: shows [Jh 9s] (two pair, Nines and Fours)
JayEm82 collected $47.50 from pot
*** SUMMARY ***
Total pot $48 | Rake $0.50
Board [9d 7c 5d 4s 4d]
Seat 3: JayEm82 (button) (small blind) showed [Jh 9s] and won ($47.50) with two pair, Nines and Fours
Seat 5: SmellyToes4u (big blind) showed [8d 7s] and lost with two pair, Sevens and Fours


PokerStars Hand #150518902912:  Hold'em Limit ($3/$6 USD) - 2016/03/17 20:34:20 ET
Table 'Asios II' 6-max Seat #3 is the button
Seat 3: -25an- ($3.54 in chips)
Seat 5: SmellyToes4u ($86.02 in chips)
-25an-: posts small blind $1
SmellyToes4u: posts big blind $3
*** HOLE CARDS ***
-25an-: raises $0.54 to $3.54 and is all-in
SmellyToes4u: calls $0.54
*** FLOP *** [7d 9s 8s]
*** TURN *** [7d 9s 8s] [Ac]
*** RIVER *** [7d 9s 8s Ac] [6h]
*** SHOW DOWN ***
SmellyToes4u: shows [3s 6d] (a pair of Sixes)
-25an-: shows [Ah 5h] (a straight, Five to Nine)
-25an- collected $6.94 from pot
*** SUMMARY ***
Total pot $7.08 | Rake $0.14
Board [7d 9s 8s Ac 6h]
Seat 3: -25an- (button) (small blind) showed [Ah 5h] and won ($6.94) with a straight, Five to Nine
Seat 5: SmellyToes4u (big blind) showed [3s 6d] and lost with a pair of Sixes


PokerStars Hand #150518896296:  Hold'em Limit ($3/$6 USD) - 2016/03/17 20:34:08 ET
Table 'Asios II' 6-max Seat #5 is the button
Seat 3: -25an- ($9.54 in chips)
Seat 5: SmellyToes4u ($80.26 in chips)
SmellyToes4u: posts small blind $1
-25an-: posts big blind $3
*** HOLE CARDS ***
SmellyToes4u: raises $3 to $6
-25an-: calls $3
*** FLOP *** [Th 4h Ks]
-25an-: checks
SmellyToes4u: bets $3
-25an-: folds
Uncalled bet ($3) returned to SmellyToes4u
SmellyToes4u collected $11.76 from pot
SmellyToes4u: doesn't show hand
*** SUMMARY ***
Total pot $12 | Rake $0.24
Board [Th 4h Ks]
Seat 3: -25an- (big blind) folded on the Flop
Seat 5: SmellyToes4u (button) (small blind) collected ($11.76)


PokerStars Hand #150518893660:  Hold'em Limit ($3/$6 USD) - 2016/03/17 20:34:04 ET
Table 'Asios II' 6-max Seat #3 is the button
Seat 3: -25an- ($10.54 in chips)
Seat 5: SmellyToes4u ($79.26 in chips)
-25an-: posts small blind $1
SmellyToes4u: posts big blind $3
*** HOLE CARDS ***
-25an-: folds
Uncalled bet ($2) returned to SmellyToes4u
SmellyToes4u collected $2 from pot
SmellyToes4u: doesn't show hand
*** SUMMARY ***
Total pot $2 | Rake $0
Seat 3: -25an- (button) (small blind) folded before Flop
Seat 5: SmellyToes4u (big blind) collected ($2)


PokerStars Hand #150518886116:  Hold'em Limit ($3/$6 USD) - 2016/03/17 20:33:50 ET
Table 'Asios II' 6-max Seat #5 is the button
Seat 3: -25an- ($16.54 in chips)
Seat 5: SmellyToes4u ($73.50 in chips)
SmellyToes4u: posts small blind $1
-25an-: posts big blind $3
*** HOLE CARDS ***
SmellyToes4u: raises $3 to $6
-25an-: calls $3
*** FLOP *** [Ts 4h Th]
-25an-: checks
SmellyToes4u: bets $3
-25an-: folds
Uncalled bet ($3) returned to SmellyToes4u
SmellyToes4u collected $11.76 from pot
SmellyToes4u: doesn't show hand
*** SUMMARY ***
Total pot $12 | Rake $0.24
Board [Ts 4h Th]
Seat 3: -25an- (big blind) folded on the Flop
Seat 5: SmellyToes4u (button) (small blind) collected ($11.76)


PokerStars Hand #150518871521:  Hold'em Limit ($3/$6 USD) - 2016/03/17 20:33:24 ET
Table 'Asios II' 6-max Seat #3 is the button
Seat 3: -25an- ($31.54 in chips)
Seat 5: SmellyToes4u ($59 in chips)
-25an-: posts small blind $1
SmellyToes4u: posts big blind $3
*** HOLE CARDS ***
-25an-: calls $2
SmellyToes4u: raises $3 to $6
-25an-: calls $3
*** FLOP *** [Ah 8c 9d]
SmellyToes4u: bets $3
-25an-: calls $3
*** TURN *** [Ah 8c 9d] [9c]
SmellyToes4u: bets $6
-25an-: calls $6
*** RIVER *** [Ah 8c 9d 9c] [Ad]
SmellyToes4u: checks
-25an-: checks
*** SHOW DOWN ***
SmellyToes4u: shows [As Qh] (a full house, Aces full of Nines)
-25an-: mucks hand
SmellyToes4u collected $29.50 from pot
*** SUMMARY ***
Total pot $30 | Rake $0.50
Board [Ah 8c 9d 9c Ad]
Seat 3: -25an- (button) (small blind) mucked
Seat 5: SmellyToes4u (big blind) showed [As Qh] and won ($29.50) with a full house, Aces full of Nines


PokerStars Hand #150518909808:  Hold'em Limit ($3/$6 USD) - 2016/03/17 20:34:33 ET
Table 'Asios II' 6-max Seat #5 is the button
Seat 3: -25an- ($6.94 in chips)
Seat 5: SmellyToes4u ($82.48 in chips)
SmellyToes4u: posts small blind $1
-25an-: posts big blind $3
*** HOLE CARDS ***
SmellyToes4u: raises $3 to $6
-25an-: calls $3
*** FLOP *** [Jd Qc 7h]
-25an-: bets $0.94 and is all-in
SmellyToes4u: calls $0.94
*** TURN *** [Jd Qc 7h] [9h]
*** RIVER *** [Jd Qc 7h 9h] [8s]
*** SHOW DOWN ***
-25an-: shows [3h 7d] (a pair of Sevens)
SmellyToes4u: shows [9c Qs] (two pair, Queens and Nines)
SmellyToes4u collected $13.60 from pot
*** SUMMARY ***
Total pot $13.88 | Rake $0.28
Board [Jd Qc 7h 9h 8s]
Seat 3: -25an- (big blind) showed [3h 7d] and lost with a pair of Sevens
Seat 5: SmellyToes4u (button) (small blind) showed [9c Qs] and won ($13.60) with two pair, Queens and Nines


PokerStars Hand #150519734012:  Hold'em Limit ($3/$6 USD) - 2016/03/17 21:00:45 ET
Table 'Asios II' 6-max Seat #4 is the button
Seat 4: Ramosh1974 ($187.44 in chips)
Seat 5: TinaTurner72 ($120 in chips)
Ramosh1974: posts small blind $1
TinaTurner72: posts big blind $3
*** HOLE CARDS ***
Ramosh1974: raises $3 to $6
TinaTurner72: raises $3 to $9
Ramosh1974: raises $3 to $12
Betting is capped
TinaTurner72: calls $3
*** FLOP *** [4d 3c 5s]
TinaTurner72: checks
Ramosh1974: bets $3
TinaTurner72: raises $3 to $6
Ramosh1974: raises $3 to $9
TinaTurner72: calls $3
*** TURN *** [4d 3c 5s] [Qh]
TinaTurner72: checks
Ramosh1974: bets $6
TinaTurner72: calls $6
*** RIVER *** [4d 3c 5s Qh] [Qs]
TinaTurner72: checks
Ramosh1974: bets $6
TinaTurner72: calls $6
*** SHOW DOWN ***
Ramosh1974: shows [7h 7c] (two pair, Queens and Sevens)
TinaTurner72: shows [9d 9s] (two pair, Queens and Nines)
TinaTurner72 collected $65.50 from pot
*** SUMMARY ***
Total pot $66 | Rake $0.50
Board [4d 3c 5s Qh Qs]
Seat 4: Ramosh1974 (button) (small blind) showed [7h 7c] and lost with two pair, Queens and Sevens
Seat 5: TinaTurner72 (big blind) showed [9d 9s] and won ($65.50) with two pair, Queens and Nines


PokerStars Hand #150519773305:  Hold'em Limit ($3/$6 USD) - 2016/03/17 21:02:05 ET
Table 'Asios II' 6-max Seat #4 is the button
Seat 4: Ramosh1974 ($139.44 in chips)
Seat 5: TinaTurner72 ($167 in chips)
Ramosh1974: posts small blind $1
TinaTurner72: posts big blind $3
*** HOLE CARDS ***
Ramosh1974: folds
Uncalled bet ($2) returned to TinaTurner72
TinaTurner72 collected $2 from pot
TinaTurner72: doesn't show hand
*** SUMMARY ***
Total pot $2 | Rake $0
Seat 4: Ramosh1974 (button) (small blind) folded before Flop
Seat 5: TinaTurner72 (big blind) collected ($2)


PokerStars Hand #150519754247:  Hold'em Limit ($3/$6 USD) - 2016/03/17 21:01:27 ET
Table 'Asios II' 6-max Seat #5 is the button
Seat 4: Ramosh1974 ($154.44 in chips)
Seat 5: TinaTurner72 ($152.50 in chips)
TinaTurner72: posts small blind $1
Ramosh1974: posts big blind $3
*** HOLE CARDS ***
TinaTurner72: raises $3 to $6
Ramosh1974: calls $3
*** FLOP *** [5d Js Qd]
Ramosh1974: checks
TinaTurner72: bets $3
Ramosh1974: calls $3
*** TURN *** [5d Js Qd] [4h]
Ramosh1974: checks
TinaTurner72: bets $6
Ramosh1974: calls $6
*** RIVER *** [5d Js Qd 4h] [8h]
Ramosh1974: checks
TinaTurner72: checks
*** SHOW DOWN ***
Ramosh1974: shows [Kh 5c] (a pair of Fives)
TinaTurner72: shows [7h 8c] (a pair of Eights)
TinaTurner72 collected $29.50 from pot
*** SUMMARY ***
Total pot $30 | Rake $0.50
Board [5d Js Qd 4h 8h]
Seat 4: Ramosh1974 (big blind) showed [Kh 5c] and lost with a pair of Fives
Seat 5: TinaTurner72 (button) (small blind) showed [7h 8c] and won ($29.50) with a pair of Eights


PokerStars Hand #150520737401:  Hold'em Limit ($3/$6 USD) - 2016/03/17 21:34:52 ET
Table 'Asios II' 6-max Seat #5 is the button
Seat 2: Molot7530 ($120 in chips)
Seat 5: TinaTurner72 ($120 in chips)
TinaTurner72: posts small blind $1
Molot7530: posts big blind $3
*** HOLE CARDS ***
TinaTurner72: raises $3 to $6
Molot7530: folds
Uncalled bet ($3) returned to TinaTurner72
TinaTurner72 collected $6 from pot
*** SUMMARY ***
Total pot $6 | Rake $0
Seat 2: Molot7530 (big blind) folded before Flop
Seat 5: TinaTurner72 (button) (small blind) collected ($6)


PokerStars Hand #150521019696:  Hold'em Limit ($3/$6 USD) - 2016/03/17 21:45:10 ET
Table 'Asios II' 6-max Seat #5 is the button
Seat 1: ng777 ($114.79 in chips)
Seat 5: TinaTurner72 ($277.72 in chips)
TinaTurner72: posts small blind $1
ng777: posts big blind $3
*** HOLE CARDS ***
TinaTurner72: raises $3 to $6
ng777: calls $3
*** FLOP *** [2d 3d 4s]
ng777: checks
TinaTurner72: bets $3
ng777: calls $3
*** TURN *** [2d 3d 4s] [3s]
ng777: checks
TinaTurner72: bets $6
ng777: calls $6
*** RIVER *** [2d 3d 4s 3s] [7s]
ng777: checks
TinaTurner72: bets $6
ng777: folds
Uncalled bet ($6) returned to TinaTurner72
TinaTurner72 collected $29.50 from pot
TinaTurner72: doesn't show hand
*** SUMMARY ***
Total pot $30 | Rake $0.50
Board [2d 3d 4s 3s 7s]
Seat 1: ng777 (big blind) folded on the River
Seat 5: TinaTurner72 (button) (small blind) collected ($29.50)


PokerStars Hand #150520996443:  Hold'em Limit ($3/$6 USD) - 2016/03/17 21:44:18 ET
Table 'Asios II' 6-max Seat #5 is the button
Seat 1: ng777 ($151.03 in chips)
Seat 5: TinaTurner72 ($242.22 in chips)
TinaTurner72: posts small blind $1
ng777: posts big blind $3
*** HOLE CARDS ***
TinaTurner72: raises $3 to $6
ng777: raises $3 to $9
TinaTurner72: calls $3
*** FLOP *** [9c 4h 5s]
ng777: bets $3
TinaTurner72: calls $3
*** TURN *** [9c 4h 5s] [5c]
ng777: bets $6
TinaTurner72: raises $6 to $12
ng777: raises $6 to $18
TinaTurner72: raises $6 to $24
Betting is capped
ng777: calls $6
*** RIVER *** [9c 4h 5s 5c] [9h]
ng777: checks
TinaTurner72: bets $6
ng777: calls $6
*** SHOW DOWN ***
TinaTurner72: shows [Jh 5h] (a full house, Fives full of Nines)
ng777: mucks hand
TinaTurner72 collected $83.50 from pot
*** SUMMARY ***
Total pot $84 | Rake $0.50
Board [9c 4h 5s 5c 9h]
Seat 1: ng777 (big blind) mucked
Seat 5: TinaTurner72 (button) (small blind) showed [Jh 5h] and won ($83.50) with a full house, Fives full of Nines


PokerStars Hand #150521626360:  Hold'em Limit ($3/$6 USD) - 2016/03/17 22:09:11 ET
Table 'Asios II' 6-max Seat #2 is the button
Seat 2: Molot7530 ($96.83 in chips)
Seat 4: JayEm82 ($189.41 in chips)
Molot7530: posts small blind $1
JayEm82: posts big blind $3
*** HOLE CARDS ***
Molot7530: folds
Uncalled bet ($2) returned to JayEm82
JayEm82 collected $2 from pot
JayEm82: doesn't show hand
*** SUMMARY ***
Total pot $2 | Rake $0
Seat 2: Molot7530 (button) (small blind) folded before Flop
Seat 4: JayEm82 (big blind) collected ($2)


PokerStars Hand #150521620435:  Hold'em Limit ($3/$6 USD) - 2016/03/17 22:08:57 ET
Table 'Asios II' 6-max Seat #4 is the button
Seat 2: Molot7530 ($105.83 in chips)
Seat 4: JayEm82 ($180.77 in chips)
JayEm82: posts small blind $1
Molot7530: posts big blind $3
*** HOLE CARDS ***
JayEm82: raises $3 to $6
Molot7530: calls $3
*** FLOP *** [Js Qs 5h]
Molot7530: checks
JayEm82: bets $3
Molot7530: calls $3
*** TURN *** [Js Qs 5h] [Ad]
Molot7530: checks
JayEm82: bets $6
Molot7530: folds
Uncalled bet ($6) returned to JayEm82
JayEm82 collected $17.64 from pot
JayEm82: doesn't show hand
*** SUMMARY ***
Total pot $18 | Rake $0.36
Board [Js Qs 5h Ad]
Seat 2: Molot7530 (big blind) folded on the Turn
Seat 4: JayEm82 (button) (small blind) collected ($17.64)


PokerStars Hand #150521613716:  Hold'em Limit ($3/$6 USD) - 2016/03/17 22:08:41 ET
Table 'Asios II' 6-max Seat #2 is the button
Seat 2: Molot7530 ($79.33 in chips)
Seat 4: JayEm82 ($207.77 in chips)
Molot7530: posts small blind $1
JayEm82: posts big blind $3
*** HOLE CARDS ***
Molot7530: raises $3 to $6
JayEm82: raises $3 to $9
Cool Moe Mac leaves the table
Molot7530: calls $3
*** FLOP *** [Jh 2h Ac]
JayEm82: bets $3
Molot7530: raises $3 to $6
JayEm82: calls $3
*** TURN *** [Jh 2h Ac] [8s]
JayEm82: checks
Molot7530: bets $6
JayEm82: calls $6
*** RIVER *** [Jh 2h Ac 8s] [Qc]
JayEm82: checks
Molot7530: bets $6
JayEm82: calls $6
*** SHOW DOWN ***
Molot7530: shows [8h Jc] (two pair, Jacks and Eights)
JayEm82: mucks hand
Molot7530 collected $53.50 from pot
*** SUMMARY ***
Total pot $54 | Rake $0.50
Board [Jh 2h Ac 8s Qc]
Seat 2: Molot7530 (button) (small blind) showed [8h Jc] and won ($53.50) with two pair, Jacks and Eights
Seat 4: JayEm82 (big blind) mucked


PokerStars Hand #150521611672:  Hold'em Limit ($3/$6 USD) - 2016/03/17 22:08:36 ET
Table 'Asios II' 6-max Seat #4 is the button
Seat 2: Molot7530 ($78.33 in chips)
Seat 4: JayEm82 ($208.77 in chips)
JayEm82: posts small blind $1
Cool Moe Mac: is sitting out
Molot7530: posts big blind $3
*** HOLE CARDS ***
JayEm82: folds
Uncalled bet ($2) returned to Molot7530
Molot7530 collected $2 from pot
*** SUMMARY ***
Total pot $2 | Rake $0
Seat 2: Molot7530 (big blind) collected ($2)
Seat 4: JayEm82 (button) (small blind) folded before Flop


PokerStars Hand #150521628419:  Hold'em Limit ($3/$6 USD) - 2016/03/17 22:09:16 ET
Table 'Asios II' 6-max Seat #4 is the button
Seat 2: Molot7530 ($95.83 in chips)
Seat 4: JayEm82 ($190.41 in chips)
JayEm82: posts small blind $1
Molot7530: posts big blind $3
*** HOLE CARDS ***
JayEm82: raises $3 to $6
Molot7530: raises $3 to $9
JayEm82: calls $3
*** FLOP *** [6c Tc 8c]
Molot7530: bets $3
JayEm82: calls $3
*** TURN *** [6c Tc 8c] [8h]
Molot7530: bets $6
JayEm82: raises $6 to $12
Molot7530: calls $6
*** RIVER *** [6c Tc 8c 8h] [8s]
Molot7530: bets $6
JayEm82: calls $6
*** SHOW DOWN ***
Molot7530: shows [4d 2d] (three of a kind, Eights)
JayEm82: shows [Qd Ac] (three of a kind, Eights - Ace kicker)
JayEm82 collected $59.50 from pot
*** SUMMARY ***
Total pot $60 | Rake $0.50
Board [6c Tc 8c 8h 8s]
Seat 2: Molot7530 (big blind) showed [4d 2d] and lost with three of a kind, Eights
Seat 4: JayEm82 (button) (small blind) showed [Qd Ac] and won ($59.50) with three of a kind, Eights


PokerStars Hand #150521658530:  Hold'em Limit ($3/$6 USD) - 2016/03/17 22:10:16 ET
Table 'Asios II' 6-max Seat #2 is the button
Seat 2: Molot7530 ($59.35 in chips)
Seat 4: JayEm82 ($225.41 in chips)
Molot7530: posts small blind $1
JayEm82: posts big blind $3
*** HOLE CARDS ***
Molot7530: raises $3 to $6
JayEm82: calls $3
*** FLOP *** [8s 9c 6s]
JayEm82: checks
Molot7530: bets $3
JayEm82: folds
Uncalled bet ($3) returned to Molot7530
Molot7530 collected $11.76 from pot
*** SUMMARY ***
Total pot $12 | Rake $0.24
Board [8s 9c 6s]
Seat 2: Molot7530 (button) (small blind) collected ($11.76)
Seat 4: JayEm82 (big blind) folded on the Flop


PokerStars Hand #150521656316:  Hold'em Limit ($3/$6 USD) - 2016/03/17 22:10:11 ET
Table 'Asios II' 6-max Seat #4 is the button
Seat 2: Molot7530 ($58.35 in chips)
Seat 4: JayEm82 ($226.41 in chips)
JayEm82: posts small blind $1
Molot7530: posts big blind $3
*** HOLE CARDS ***
JayEm82: folds
Uncalled bet ($2) returned to Molot7530
Molot7530 collected $2 from pot
*** SUMMARY ***
Total pot $2 | Rake $0
Seat 2: Molot7530 (big blind) collected ($2)
Seat 4: JayEm82 (button) (small blind) folded before Flop


PokerStars Hand #150521644245:  Hold'em Limit ($3/$6 USD) - 2016/03/17 22:09:54 ET
Table 'Asios II' 6-max Seat #2 is the button
Seat 2: Molot7530 ($76.35 in chips)
Seat 4: JayEm82 ($208.91 in chips)
Molot7530: posts small blind $1
JayEm82: posts big blind $3
*** HOLE CARDS ***
Molot7530: raises $3 to $6
JayEm82: raises $3 to $9
Molot7530: calls $3
*** FLOP *** [Jc 8c 6c]
JayEm82: checks
Molot7530: bets $3
JayEm82: calls $3
*** TURN *** [Jc 8c 6c] [8s]
JayEm82: checks
Molot7530: bets $6
JayEm82: calls $6
*** RIVER *** [Jc 8c 6c 8s] [Ah]
JayEm82: checks
Molot7530: checks
*** SHOW DOWN ***
JayEm82: shows [Ac Kd] (two pair, Aces and Eights)
Molot7530: mucks hand
JayEm82 collected $35.50 from pot
*** SUMMARY ***
Total pot $36 | Rake $0.50
Board [Jc 8c 6c 8s Ah]
Seat 2: Molot7530 (button) (small blind) mucked
Seat 4: JayEm82 (big blind) showed [Ac Kd] and won ($35.50) with two pair, Aces and Eights


PokerStars Hand #150521638478:  Hold'em Limit ($3/$6 USD) - 2016/03/17 22:09:40 ET
Table 'Asios II' 6-max Seat #4 is the button
Seat 2: Molot7530 ($64.83 in chips)
Seat 4: JayEm82 ($220.91 in chips)
JayEm82: posts small blind $1
Molot7530: posts big blind $3
*** HOLE CARDS ***
JayEm82: raises $3 to $6
Molot7530: calls $3
*** FLOP *** [Qh 8s 6s]
Molot7530: checks
JayEm82: checks
*** TURN *** [Qh 8s 6s] [5d]
Molot7530: checks
JayEm82: checks
*** RIVER *** [Qh 8s 6s 5d] [4h]
Molot7530: bets $6
JayEm82: calls $6
*** SHOW DOWN ***
Molot7530: shows [Ts 7h] (a straight, Four to Eight)
JayEm82: mucks hand
Molot7530 collected $23.52 from pot
*** SUMMARY ***
Total pot $24 | Rake $0.48
Board [Qh 8s 6s 5d 4h]
Seat 2: Molot7530 (big blind) showed [Ts 7h] and won ($23.52) with a straight, Four to Eight
Seat 4: JayEm82 (button) (small blind) mucked


PokerStars Hand #150521635928:  Hold'em Limit ($3/$6 USD) - 2016/03/17 22:09:34 ET
Table 'Asios II' 6-max Seat #2 is the button
Seat 2: Molot7530 ($65.83 in chips)
Seat 4: JayEm82 ($219.91 in chips)
Molot7530: posts small blind $1
JayEm82: posts big blind $3
*** HOLE CARDS ***
Molot7530: folds
Uncalled bet ($2) returned to JayEm82
JayEm82 collected $2 from pot
JayEm82: doesn't show hand
*** SUMMARY ***
Total pot $2 | Rake $0
Seat 2: Molot7530 (button) (small blind) folded before Flop
Seat 4: JayEm82 (big blind) collected ($2)


PokerStars Hand #150521679163:  Hold'em Limit ($3/$6 USD) - 2016/03/17 22:11:07 ET
Table 'Asios II' 6-max Seat #4 is the button
Seat 2: Molot7530 ($50.11 in chips)
Seat 4: JayEm82 ($233.81 in chips)
JayEm82: posts small blind $1
Molot7530: posts big blind $3
*** HOLE CARDS ***
JayEm82: folds
Uncalled bet ($2) returned to Molot7530
Molot7530 collected $2 from pot
*** SUMMARY ***
Total pot $2 | Rake $0
Seat 2: Molot7530 (big blind) collected ($2)
Seat 4: JayEm82 (button) (small blind) folded before Flop


PokerStars Hand #150521673588:  Hold'em Limit ($3/$6 USD) - 2016/03/17 22:10:53 ET
Table 'Asios II' 6-max Seat #2 is the button
Seat 2: Molot7530 ($59.11 in chips)
Seat 4: JayEm82 ($225.17 in chips)
Molot7530: posts small blind $1
JayEm82: posts big blind $3
*** HOLE CARDS ***
Molot7530: raises $3 to $6
JayEm82: calls $3
*** FLOP *** [4c 6d Tc]
JayEm82: bets $3
Molot7530: calls $3
*** TURN *** [4c 6d Tc] [2d]
JayEm82: bets $6
Molot7530: folds
Uncalled bet ($6) returned to JayEm82
JayEm82 collected $17.64 from pot
JayEm82: doesn't show hand
*** SUMMARY ***
Total pot $18 | Rake $0.36
Board [4c 6d Tc 2d]
Seat 2: Molot7530 (button) (small blind) folded on the Turn
Seat 4: JayEm82 (big blind) collected ($17.64)


PokerStars Hand #150521663006:  Hold'em Limit ($3/$6 USD) - 2016/03/17 22:10:27 ET
Table 'Asios II' 6-max Seat #4 is the button
Seat 2: Molot7530 ($65.11 in chips)
Seat 4: JayEm82 ($219.41 in chips)
JayEm82: posts small blind $1
Molot7530: posts big blind $3
*** HOLE CARDS ***
JayEm82: raises $3 to $6
Molot7530: calls $3
*** FLOP *** [8d Td 5s]
Molot7530: checks
JayEm82: checks
*** TURN *** [8d Td 5s] [4c]
Molot7530: checks
JayEm82: bets $6
Molot7530: folds
Uncalled bet ($6) returned to JayEm82
JayEm82 collected $11.76 from pot
JayEm82: doesn't show hand
*** SUMMARY ***
Total pot $12 | Rake $0.24
Board [8d Td 5s 4c]
Seat 2: Molot7530 (big blind) folded on the Turn
Seat 4: JayEm82 (button) (small blind) collected ($11.76)


PokerStars Hand #150521681760:  Hold'em Limit ($3/$6 USD) - 2016/03/17 22:11:13 ET
Table 'Asios II' 6-max Seat #2 is the button
Seat 2: Molot7530 ($51.11 in chips)
Seat 4: JayEm82 ($232.81 in chips)
Molot7530: posts small blind $1
JayEm82: posts big blind $3
*** HOLE CARDS ***
Molot7530: folds
Uncalled bet ($2) returned to JayEm82
JayEm82 collected $2 from pot
JayEm82: doesn't show hand
*** SUMMARY ***
Total pot $2 | Rake $0
Seat 2: Molot7530 (button) (small blind) folded before Flop
Seat 4: JayEm82 (big blind) collected ($2)


PokerStars Hand #150521706089:  Hold'em Limit ($3/$6 USD) - 2016/03/17 22:12:13 ET
Table 'Asios II' 6-max Seat #2 is the button
Seat 2: Molot7530 ($34.72 in chips)
Seat 4: JayEm82 ($248.20 in chips)
Molot7530: posts small blind $1
JayEm82: posts big blind $3
*** HOLE CARDS ***
Molot7530: raises $3 to $6
JayEm82: folds
Uncalled bet ($3) returned to Molot7530
Molot7530 collected $6 from pot
*** SUMMARY ***
Total pot $6 | Rake $0
Seat 2: Molot7530 (button) (small blind) collected ($6)
Seat 4: JayEm82 (big blind) folded before Flop


PokerStars Hand #150521704363:  Hold'em Limit ($3/$6 USD) - 2016/03/17 22:12:09 ET
Table 'Asios II' 6-max Seat #4 is the button
Seat 2: Molot7530 ($33.72 in chips)
Seat 4: JayEm82 ($249.20 in chips)
JayEm82: posts small blind $1
Molot7530: posts big blind $3
*** HOLE CARDS ***
JayEm82: folds
Uncalled bet ($2) returned to Molot7530
Molot7530 collected $2 from pot
*** SUMMARY ***
Total pot $2 | Rake $0
Seat 2: Molot7530 (big blind) collected ($2)
Seat 4: JayEm82 (button) (small blind) folded before Flop


PokerStars Hand #150521696677:  Hold'em Limit ($3/$6 USD) - 2016/03/17 22:11:50 ET
Table 'Asios II' 6-max Seat #2 is the button
Seat 2: Molot7530 ($17.11 in chips)
Seat 4: JayEm82 ($266.31 in chips)
Molot7530: posts small blind $1
JayEm82: posts big blind $3
*** HOLE CARDS ***
Molot7530: raises $3 to $6
JayEm82: calls $3
*** FLOP *** [7d 3d 4s]
JayEm82: checks
Molot7530: bets $3
JayEm82: raises $3 to $6
Molot7530: calls $3
*** TURN *** [7d 3d 4s] [5d]
JayEm82: bets $6
Molot7530: calls $5.11 and is all-in
Uncalled bet ($0.89) returned to JayEm82
*** RIVER *** [7d 3d 4s 5d] [Td]
*** SHOW DOWN ***
JayEm82: shows [Ks 6c] (a straight, Three to Seven)
Molot7530: shows [3s Kd] (a flush, King high)
Molot7530 collected $33.72 from pot
*** SUMMARY ***
Total pot $34.22 | Rake $0.50
Board [7d 3d 4s 5d Td]
Seat 2: Molot7530 (button) (small blind) showed [3s Kd] and won ($33.72) with a flush, King high
Seat 4: JayEm82 (big blind) showed [Ks 6c] and lost with a straight, Three to Seven


PokerStars Hand #150521684949:  Hold'em Limit ($3/$6 USD) - 2016/03/17 22:11:21 ET
Table 'Asios II' 6-max Seat #4 is the button
Seat 2: Molot7530 ($50.11 in chips)
Seat 4: JayEm82 ($233.81 in chips)
JayEm82: posts small blind $1
Molot7530: posts big blind $3
*** HOLE CARDS ***
JayEm82: raises $3 to $6
Molot7530: raises $3 to $9
JayEm82: raises $3 to $12
Betting is capped
Molot7530: calls $3
*** FLOP *** [5h 2c 2s]
Molot7530: bets $3
JayEm82: calls $3
*** TURN *** [5h 2c 2s] [Ks]
Molot7530: bets $6
JayEm82: raises $6 to $12
Molot7530: calls $6
*** RIVER *** [5h 2c 2s Ks] [5s]
Molot7530: checks
JayEm82: bets $6
Molot7530: calls $6
*** SHOW DOWN ***
JayEm82: shows [Kh Kd] (a full house, Kings full of Fives)
Molot7530: mucks hand
JayEm82 collected $65.50 from pot
*** SUMMARY ***
Total pot $66 | Rake $0.50
Board [5h 2c 2s Ks 5s]
Seat 2: Molot7530 (big blind) mucked
Seat 4: JayEm82 (button) (small blind) showed [Kh Kd] and won ($65.50) with a full house, Kings full of Fives


PokerStars Hand #150521708638:  Hold'em Limit ($3/$6 USD) - 2016/03/17 22:12:19 ET
Table 'Asios II' 6-max Seat #4 is the button
Seat 2: Molot7530 ($37.72 in chips)
Seat 4: JayEm82 ($245.20 in chips)
JayEm82: posts small blind $1
Molot7530: posts big blind $3
*** HOLE CARDS ***
JayEm82: raises $3 to $6
Molot7530: calls $3
*** FLOP *** [Qc Ad 5c]
Molot7530: checks
JayEm82: bets $3
Molot7530: calls $3
*** TURN *** [Qc Ad 5c] [2s]
Molot7530: checks
JayEm82: checks
*** RIVER *** [Qc Ad 5c 2s] [9s]
Molot7530: bets $6
JayEm82: calls $6
*** SHOW DOWN ***
Molot7530: shows [2d 5s] (two pair, Fives and Deuces)
JayEm82: mucks hand
Molot7530 collected $29.50 from pot
*** SUMMARY ***
Total pot $30 | Rake $0.50
Board [Qc Ad 5c 2s 9s]
Seat 2: Molot7530 (big blind) showed [2d 5s] and won ($29.50) with two pair, Fives and Deuces
Seat 4: JayEm82 (button) (small blind) mucked


PokerStars Hand #150521733140:  Hold'em Limit ($3/$6 USD) - 2016/03/17 22:13:20 ET
Table 'Asios II' 6-max Seat #2 is the button
Seat 2: Molot7530 ($42.72 in chips)
Seat 4: JayEm82 ($238.70 in chips)
Molot7530: posts small blind $1
JayEm82: posts big blind $3
*** HOLE CARDS ***
Molot7530: raises $3 to $6
JayEm82: raises $3 to $9
Molot7530: raises $3 to $12
Betting is capped
JayEm82: calls $3
*** FLOP *** [As Qc Ac]
JayEm82: checks
Molot7530: bets $3
JayEm82: calls $3
*** TURN *** [As Qc Ac] [Qh]
JayEm82: checks
Molot7530: checks
*** RIVER *** [As Qc Ac Qh] [Ad]
JayEm82: bets $6
Molot7530: calls $6
*** SHOW DOWN ***
JayEm82: shows [Kh Ks] (a full house, Aces full of Kings)
Molot7530: mucks hand
JayEm82 collected $41.50 from pot
*** SUMMARY ***
Total pot $42 | Rake $0.50
Board [As Qc Ac Qh Ad]
Seat 2: Molot7530 (button) (small blind) mucked
Seat 4: JayEm82 (big blind) showed [Kh Ks] and won ($41.50) with a full house, Aces full of Kings


PokerStars Hand #150521727797:  Hold'em Limit ($3/$6 USD) - 2016/03/17 22:13:07 ET
Table 'Asios II' 6-max Seat #4 is the button
Seat 2: Molot7530 ($25.22 in chips)
Seat 4: JayEm82 ($256.70 in chips)
JayEm82: posts small blind $1
Molot7530: posts big blind $3
*** HOLE CARDS ***
JayEm82: raises $3 to $6
Molot7530: calls $3
*** FLOP *** [9c Ts Jc]
Molot7530: checks
JayEm82: checks
*** TURN *** [9c Ts Jc] [Ah]
Molot7530: bets $6
JayEm82: calls $6
*** RIVER *** [9c Ts Jc Ah] [7c]
Molot7530: bets $6
JayEm82: calls $6
*** SHOW DOWN ***
Molot7530: shows [Tc 2h] (a pair of Tens)
JayEm82: mucks hand
Molot7530 collected $35.50 from pot
*** SUMMARY ***
Total pot $36 | Rake $0.50
Board [9c Ts Jc Ah 7c]
Seat 2: Molot7530 (big blind) showed [Tc 2h] and won ($35.50) with a pair of Tens
Seat 4: JayEm82 (button) (small blind) mucked


PokerStars Hand #150521718764:  Hold'em Limit ($3/$6 USD) - 2016/03/17 22:12:44 ET
Table 'Asios II' 6-max Seat #2 is the button
Seat 2: Molot7530 ($52.22 in chips)
Seat 4: JayEm82 ($230.20 in chips)
Molot7530: posts small blind $1
JayEm82: posts big blind $3
*** HOLE CARDS ***
Molot7530: raises $3 to $6
JayEm82: raises $3 to $9
Molot7530: calls $3
*** FLOP *** [5h 7c Js]
JayEm82: bets $3
Molot7530: raises $3 to $6
JayEm82: calls $3
*** TURN *** [5h 7c Js] [4d]
JayEm82: bets $6
Molot7530: calls $6
*** RIVER *** [5h 7c Js 4d] [2c]
JayEm82: bets $6
Molot7530: calls $6
*** SHOW DOWN ***
JayEm82: shows [8h 8c] (a pair of Eights)
Molot7530: mucks hand
JayEm82 collected $53.50 from pot
*** SUMMARY ***
Total pot $54 | Rake $0.50
Board [5h 7c Js 4d 2c]
Seat 2: Molot7530 (button) (small blind) mucked
Seat 4: JayEm82 (big blind) showed [8h 8c] and won ($53.50) with a pair of Eights


PokerStars Hand #150521754498:  Hold'em Limit ($3/$6 USD) - 2016/03/17 22:14:13 ET
Table 'Asios II' 6-max Seat #2 is the button
Seat 2: Molot7530 ($33.48 in chips)
Seat 4: JayEm82 ($247.20 in chips)
Molot7530: posts small blind $1
JayEm82: posts big blind $3
*** HOLE CARDS ***
Molot7530: folds
Uncalled bet ($2) returned to JayEm82
JayEm82 collected $2 from pot
JayEm82: doesn't show hand
*** SUMMARY ***
Total pot $2 | Rake $0
Seat 2: Molot7530 (button) (small blind) folded before Flop
Seat 4: JayEm82 (big blind) collected ($2)


PokerStars Hand #150521752521:  Hold'em Limit ($3/$6 USD) - 2016/03/17 22:14:08 ET
Table 'Asios II' 6-max Seat #4 is the button
Seat 2: Molot7530 ($32.48 in chips)
Seat 4: JayEm82 ($248.20 in chips)
JayEm82: posts small blind $1
Molot7530: posts big blind $3
*** HOLE CARDS ***
JayEm82: folds
Uncalled bet ($2) returned to Molot7530
Molot7530 collected $2 from pot
*** SUMMARY ***
Total pot $2 | Rake $0
Seat 2: Molot7530 (big blind) collected ($2)
Seat 4: JayEm82 (button) (small blind) folded before Flop


PokerStars Hand #150521749775:  Hold'em Limit ($3/$6 USD) - 2016/03/17 22:14:01 ET
Table 'Asios II' 6-max Seat #2 is the button
Seat 2: Molot7530 ($29.48 in chips)
Seat 4: JayEm82 ($251.20 in chips)
Molot7530: posts small blind $1
JayEm82: posts big blind $3
*** HOLE CARDS ***
Molot7530: raises $3 to $6
JayEm82: folds
Uncalled bet ($3) returned to Molot7530
Molot7530 collected $6 from pot
*** SUMMARY ***
Total pot $6 | Rake $0
Seat 2: Molot7530 (button) (small blind) collected ($6)
Seat 4: JayEm82 (big blind) folded before Flop


PokerStars Hand #150521746201:  Hold'em Limit ($3/$6 USD) - 2016/03/17 22:13:52 ET
Table 'Asios II' 6-max Seat #4 is the button
Seat 2: Molot7530 ($28.48 in chips)
Seat 4: JayEm82 ($252.20 in chips)
JayEm82: posts small blind $1
Molot7530: posts big blind $3
*** HOLE CARDS ***
JayEm82: folds
Uncalled bet ($2) returned to Molot7530
Molot7530 collected $2 from pot
*** SUMMARY ***
Total pot $2 | Rake $0
Seat 2: Molot7530 (big blind) collected ($2)
Seat 4: JayEm82 (button) (small blind) folded before Flop


PokerStars Hand #150521741935:  Hold'em Limit ($3/$6 USD) - 2016/03/17 22:13:42 ET
Table 'Asios II' 6-max Seat #2 is the button
Seat 2: Molot7530 ($22.72 in chips)
Seat 4: JayEm82 ($258.20 in chips)
Molot7530: posts small blind $1
JayEm82: posts big blind $3
*** HOLE CARDS ***
Molot7530: raises $3 to $6
JayEm82: calls $3
*** FLOP *** [9c 5d Ac]
JayEm82: checks
Molot7530: bets $3
JayEm82: folds
Uncalled bet ($3) returned to Molot7530
Molot7530 collected $11.76 from pot
*** SUMMARY ***
Total pot $12 | Rake $0.24
Board [9c 5d Ac]
Seat 2: Molot7530 (button) (small blind) collected ($11.76)
Seat 4: JayEm82 (big blind) folded on the Flop


PokerStars Hand #150521740161:  Hold'em Limit ($3/$6 USD) - 2016/03/17 22:13:37 ET
Table 'Asios II' 6-max Seat #4 is the button
Seat 2: Molot7530 ($21.72 in chips)
Seat 4: JayEm82 ($259.20 in chips)
JayEm82: posts small blind $1
Molot7530: posts big blind $3
*** HOLE CARDS ***
JayEm82: folds
Uncalled bet ($2) returned to Molot7530
Molot7530 collected $2 from pot
*** SUMMARY ***
Total pot $2 | Rake $0
Seat 2: Molot7530 (big blind) collected ($2)
Seat 4: JayEm82 (button) (small blind) folded before Flop


PokerStars Hand #150521777822:  Hold'em Limit ($3/$6 USD) - 2016/03/17 22:15:10 ET
Table 'Asios II' 6-max Seat #4 is the button
Seat 2: Molot7530 ($32.24 in chips)
Seat 4: JayEm82 ($247.96 in chips)
JayEm82: posts small blind $1
Molot7530: posts big blind $3
*** HOLE CARDS ***
JayEm82: folds
Uncalled bet ($2) returned to Molot7530
Molot7530 collected $2 from pot
*** SUMMARY ***
Total pot $2 | Rake $0
Seat 2: Molot7530 (big blind) collected ($2)
Seat 4: JayEm82 (button) (small blind) folded before Flop


PokerStars Hand #150521771556:  Hold'em Limit ($3/$6 USD) - 2016/03/17 22:14:55 ET
Table 'Asios II' 6-max Seat #2 is the button
Seat 2: Molot7530 ($26.48 in chips)
Seat 4: JayEm82 ($253.96 in chips)
Molot7530: posts small blind $1
JayEm82: posts big blind $3
*** HOLE CARDS ***
Molot7530: raises $3 to $6
JayEm82: calls $3
*** FLOP *** [8h 7h As]
JayEm82: checks
Molot7530: bets $3
JayEm82: folds
Uncalled bet ($3) returned to Molot7530
Molot7530 collected $11.76 from pot
*** SUMMARY ***
Total pot $12 | Rake $0.24
Board [8h 7h As]
Seat 2: Molot7530 (button) (small blind) collected ($11.76)
Seat 4: JayEm82 (big blind) folded on the Flop


PokerStars Hand #150521756796:  Hold'em Limit ($3/$6 USD) - 2016/03/17 22:14:19 ET
Table 'Asios II' 6-max Seat #4 is the button
Seat 2: Molot7530 ($32.48 in chips)
Seat 4: JayEm82 ($248.20 in chips)
JayEm82: posts small blind $1
Molot7530: posts big blind $3
*** HOLE CARDS ***
JayEm82: raises $3 to $6
Molot7530: calls $3
*** FLOP *** [8d 8c 9s]
Molot7530: checks
JayEm82: bets $3
Molot7530: folds
Uncalled bet ($3) returned to JayEm82
JayEm82 collected $11.76 from pot
JayEm82: doesn't show hand
*** SUMMARY ***
Total pot $12 | Rake $0.24
Board [8d 8c 9s]
Seat 2: Molot7530 (big blind) folded on the Flop
Seat 4: JayEm82 (button) (small blind) collected ($11.76)


PokerStars Hand #150521801456:  Hold'em Limit ($3/$6 USD) - 2016/03/17 22:16:08 ET
Table 'Asios II' 6-max Seat #4 is the button
Seat 2: Molot7530 ($63.74 in chips)
Seat 4: JayEm82 ($215.96 in chips)
JayEm82: posts small blind $1
Molot7530: posts big blind $3
*** HOLE CARDS ***
JayEm82: raises $3 to $6
Molot7530: raises $3 to $9
JayEm82: calls $3
*** FLOP *** [4s Js Th]
Molot7530: bets $3
JayEm82: calls $3
*** TURN *** [4s Js Th] [5s]
Molot7530: bets $6
JayEm82: calls $6
*** RIVER *** [4s Js Th 5s] [As]
Molot7530: bets $6
JayEm82: folds
Uncalled bet ($6) returned to Molot7530
Molot7530 collected $35.50 from pot
*** SUMMARY ***
Total pot $36 | Rake $0.50
Board [4s Js Th 5s As]
Seat 2: Molot7530 (big blind) collected ($35.50)
Seat 4: JayEm82 (button) (small blind) folded on the River


PokerStars Hand #150521811940:  Hold'em Limit ($3/$6 USD) - 2016/03/17 22:16:33 ET
Table 'Asios II' 6-max Seat #4 is the button
Seat 2: Molot7530 ($84.24 in chips)
Seat 4: JayEm82 ($194.96 in chips)
JayEm82: posts small blind $1
Molot7530: posts big blind $3
*** HOLE CARDS ***
JayEm82: folds
Uncalled bet ($2) returned to Molot7530
Molot7530 collected $2 from pot
*** SUMMARY ***
Total pot $2 | Rake $0
Seat 2: Molot7530 (big blind) collected ($2)
Seat 4: JayEm82 (button) (small blind) folded before Flop


PokerStars Hand #150521809595:  Hold'em Limit ($3/$6 USD) - 2016/03/17 22:16:28 ET
Table 'Asios II' 6-max Seat #2 is the button
Seat 2: Molot7530 ($81.24 in chips)
Seat 4: JayEm82 ($197.96 in chips)
Molot7530: posts small blind $1
JayEm82: posts big blind $3
*** HOLE CARDS ***
VolkovDmitri joins the table at seat #3
Molot7530: raises $3 to $6
JayEm82: folds
Uncalled bet ($3) returned to Molot7530
Molot7530 collected $6 from pot
*** SUMMARY ***
Total pot $6 | Rake $0
Seat 2: Molot7530 (button) (small blind) collected ($6)
Seat 4: JayEm82 (big blind) folded before Flop


PokerStars Hand #150521798596:  Hold'em Limit ($3/$6 USD) - 2016/03/17 22:16:01 ET
Table 'Asios II' 6-max Seat #2 is the button
Seat 2: Molot7530 ($60.74 in chips)
Seat 4: JayEm82 ($218.96 in chips)
Molot7530: posts small blind $1
JayEm82: posts big blind $3
*** HOLE CARDS ***
Molot7530: raises $3 to $6
JayEm82: folds
Uncalled bet ($3) returned to Molot7530
Molot7530 collected $6 from pot
*** SUMMARY ***
Total pot $6 | Rake $0
Seat 2: Molot7530 (button) (small blind) collected ($6)
Seat 4: JayEm82 (big blind) folded before Flop


PokerStars Hand #150521796085:  Hold'em Limit ($3/$6 USD) - 2016/03/17 22:15:55 ET
Table 'Asios II' 6-max Seat #4 is the button
Seat 2: Molot7530 ($59.74 in chips)
Seat 4: JayEm82 ($219.96 in chips)
JayEm82: posts small blind $1
Molot7530: posts big blind $3
*** HOLE CARDS ***
JayEm82: folds
Uncalled bet ($2) returned to Molot7530
Molot7530 collected $2 from pot
*** SUMMARY ***
Total pot $2 | Rake $0
Seat 2: Molot7530 (big blind) collected ($2)
Seat 4: JayEm82 (button) (small blind) folded before Flop


PokerStars Hand #150521794142:  Hold'em Limit ($3/$6 USD) - 2016/03/17 22:15:50 ET
Table 'Asios II' 6-max Seat #2 is the button
Seat 2: Molot7530 ($60.74 in chips)
Seat 4: JayEm82 ($218.96 in chips)
Molot7530: posts small blind $1
JayEm82: posts big blind $3
*** HOLE CARDS ***
Molot7530: folds
Uncalled bet ($2) returned to JayEm82
JayEm82 collected $2 from pot
JayEm82: doesn't show hand
*** SUMMARY ***
Total pot $2 | Rake $0
Seat 2: Molot7530 (button) (small blind) folded before Flop
Seat 4: JayEm82 (big blind) collected ($2)


PokerStars Hand #150521791768:  Hold'em Limit ($3/$6 USD) - 2016/03/17 22:15:45 ET
Table 'Asios II' 6-max Seat #4 is the button
Seat 2: Molot7530 ($59.74 in chips)
Seat 4: JayEm82 ($219.96 in chips)
JayEm82: posts small blind $1
Molot7530: posts big blind $3
*** HOLE CARDS ***
JayEm82: folds
Uncalled bet ($2) returned to Molot7530
Molot7530 collected $2 from pot
*** SUMMARY ***
Total pot $2 | Rake $0
Seat 2: Molot7530 (big blind) collected ($2)
Seat 4: JayEm82 (button) (small blind) folded before Flop


PokerStars Hand #150521783428:  Hold'em Limit ($3/$6 USD) - 2016/03/17 22:15:24 ET
Table 'Asios II' 6-max Seat #2 is the button
Seat 2: Molot7530 ($33.24 in chips)
Seat 4: JayEm82 ($246.96 in chips)
Molot7530: posts small blind $1
JayEm82: posts big blind $3
*** HOLE CARDS ***
Molot7530: raises $3 to $6
JayEm82: raises $3 to $9
Molot7530: raises $3 to $12
Betting is capped
JayEm82: calls $3
*** FLOP *** [Jh Jd 8c]
JayEm82: checks
Molot7530: bets $3
JayEm82: calls $3
*** TURN *** [Jh Jd 8c] [2s]
JayEm82: checks
Molot7530: bets $6
JayEm82: calls $6
*** RIVER *** [Jh Jd 8c 2s] [Th]
JayEm82: checks
Molot7530: bets $6
JayEm82: calls $6
*** SHOW DOWN ***
Molot7530: shows [Kd Ah] (a pair of Jacks)
JayEm82: mucks hand
Molot7530 collected $53.50 from pot
*** SUMMARY ***
Total pot $54 | Rake $0.50
Board [Jh Jd 8c 2s Th]
Seat 2: Molot7530 (button) (small blind) showed [Kd Ah] and won ($53.50) with a pair of Jacks
Seat 4: JayEm82 (big blind) mucked


PokerStars Hand #150521872295:  Hold'em Limit ($3/$6 USD) - 2016/03/17 22:19:03 ET
Table 'Asios II' 6-max Seat #4 is the button
Seat 3: VolkovDmitri ($120 in chips)
Seat 4: JayEm82 ($189.24 in chips)
JayEm82: posts small blind $1
Molot7530: is sitting out
VolkovDmitri: posts big blind $3
*** HOLE CARDS ***
JayEm82: folds
Uncalled bet ($2) returned to VolkovDmitri
VolkovDmitri collected $2 from pot
VolkovDmitri: doesn't show hand
*** SUMMARY ***
Total pot $2 | Rake $0
Seat 3: VolkovDmitri (big blind) collected ($2)
Seat 4: JayEm82 (button) (small blind) folded before Flop


