PokerStars Hand #176250308705:  Hold'em Limit ($3/$6 USD) - 2017/09/28 20:41:37 ET
Table 'Asios' 6-max Seat #3 is the button
Seat 3: Ag3r0n ($73 in chips)
Seat 6: Hurlingham55 ($149 in chips)
Ag3r0n: posts small blind $1
Hurlingham55: posts big blind $3
*** HOLE CARDS ***
Ag3r0n: folds
Uncalled bet ($2) returned to Hurlingham55
Hurlingham55 collected $2 from pot
Hurlingham55: doesn't show hand
*** SUMMARY ***
Total pot $2 | Rake $0
Seat 3: Ag3r0n (button) (small blind) folded before Flop
Seat 6: Hurlingham55 (big blind) collected ($2)


PokerStars Hand #176250305045:  Hold'em Limit ($3/$6 USD) - 2017/09/28 20:41:29 ET
Table 'Asios' 6-max Seat #6 is the button
Seat 3: Ag3r0n ($72 in chips)
Seat 6: Hurlingham55 ($150 in chips)
Hurlingham55: posts small blind $1
Ag3r0n: posts big blind $3
*** HOLE CARDS ***
Hurlingham55: folds
Uncalled bet ($2) returned to Ag3r0n
Ag3r0n collected $2 from pot
Ag3r0n: doesn't show hand
*** SUMMARY ***
Total pot $2 | Rake $0
Seat 3: Ag3r0n (big blind) collected ($2)
Seat 6: Hurlingham55 (button) (small blind) folded before Flop


PokerStars Hand #176250310743:  Hold'em Limit ($3/$6 USD) - 2017/09/28 20:41:42 ET
Table 'Asios' 6-max Seat #6 is the button
Seat 3: Ag3r0n ($72 in chips)
Seat 6: Hurlingham55 ($150 in chips)
Hurlingham55: posts small blind $1
Ag3r0n: posts big blind $3
*** HOLE CARDS ***
Hurlingham55: raises $3 to $6
Ag3r0n: calls $3
*** FLOP *** [Th Qh 9s]
Ag3r0n: checks
Hurlingham55: bets $3
Ag3r0n: calls $3
*** TURN *** [Th Qh 9s] [2h]
Ag3r0n: checks
Hurlingham55: bets $6
Ag3r0n: calls $6
*** RIVER *** [Th Qh 9s 2h] [3c]
Ag3r0n: checks
Hurlingham55: bets $6
Ag3r0n: folds
Uncalled bet ($6) returned to Hurlingham55
Hurlingham55 collected $29.50 from pot
Hurlingham55: doesn't show hand
*** SUMMARY ***
Total pot $30 | Rake $0.50
Board [Th Qh 9s 2h 3c]
Seat 3: Ag3r0n (big blind) folded on the River
Seat 6: Hurlingham55 (button) (small blind) collected ($29.50)


PokerStars Hand #176250333882:  Hold'em Limit ($3/$6 USD) - 2017/09/28 20:42:36 ET
Table 'Asios' 6-max Seat #6 is the button
Seat 3: Ag3r0n ($72 in chips)
Seat 6: Hurlingham55 ($185 in chips)
Hurlingham55: posts small blind $1
Ag3r0n: posts big blind $3
*** HOLE CARDS ***
Hurlingham55: folds
Uncalled bet ($2) returned to Ag3r0n
Ag3r0n collected $2 from pot
Ag3r0n: doesn't show hand
*** SUMMARY ***
Total pot $2 | Rake $0
Seat 3: Ag3r0n (big blind) collected ($2)
Seat 6: Hurlingham55 (button) (small blind) folded before Flop


PokerStars Hand #176250320340:  Hold'em Limit ($3/$6 USD) - 2017/09/28 20:42:05 ET
Table 'Asios' 6-max Seat #3 is the button
Seat 3: Ag3r0n ($72 in chips)
Seat 6: Hurlingham55 ($164.50 in chips)
Ag3r0n: posts small blind $1
Hurlingham55: posts big blind $3
*** HOLE CARDS ***
Ag3r0n: raises $3 to $6
Hurlingham55: calls $3
*** FLOP *** [3c 2c 8s]
Hurlingham55: checks
Ag3r0n: bets $3
Hurlingham55: calls $3
*** TURN *** [3c 2c 8s] [As]
Hurlingham55: checks
Ag3r0n: bets $6
Hurlingham55: raises $6 to $12
Ag3r0n: calls $6
*** RIVER *** [3c 2c 8s As] [4c]
Hurlingham55: checks
Ag3r0n: checks
*** SHOW DOWN ***
Hurlingham55: shows [Ah Kd] (a pair of Aces)
Ag3r0n: mucks hand
Hurlingham55 collected $41.50 from pot
*** SUMMARY ***
Total pot $42 | Rake $0.50
Board [3c 2c 8s As 4c]
Seat 3: Ag3r0n (button) (small blind) mucked
Seat 6: Hurlingham55 (big blind) showed [Ah Kd] and won ($41.50) with a pair of Aces


PokerStars Hand #176250338399:  Hold'em Limit ($3/$6 USD) - 2017/09/28 20:42:47 ET
Table 'Asios' 6-max Seat #6 is the button
Seat 3: Ag3r0n ($72 in chips)
Seat 6: Hurlingham55 ($185 in chips)
Hurlingham55: posts small blind $1
Ag3r0n: posts big blind $3
*** HOLE CARDS ***
Hurlingham55: folds
Uncalled bet ($2) returned to Ag3r0n
Ag3r0n collected $2 from pot
Ag3r0n: doesn't show hand
*** SUMMARY ***
Total pot $2 | Rake $0
Seat 3: Ag3r0n (big blind) collected ($2)
Seat 6: Hurlingham55 (button) (small blind) folded before Flop


PokerStars Hand #176250336361:  Hold'em Limit ($3/$6 USD) - 2017/09/28 20:42:42 ET
Table 'Asios' 6-max Seat #3 is the button
Seat 3: Ag3r0n ($73 in chips)
Seat 6: Hurlingham55 ($184 in chips)
Ag3r0n: posts small blind $1
Hurlingham55: posts big blind $3
*** HOLE CARDS ***
Ag3r0n: folds
Uncalled bet ($2) returned to Hurlingham55
Hurlingham55 collected $2 from pot
Hurlingham55: doesn't show hand
*** SUMMARY ***
Total pot $2 | Rake $0
Seat 3: Ag3r0n (button) (small blind) folded before Flop
Seat 6: Hurlingham55 (big blind) collected ($2)


PokerStars Hand #176250353024:  Hold'em Limit ($3/$6 USD) - 2017/09/28 20:43:22 ET
Table 'Asios' 6-max Seat #6 is the button
Seat 3: Ag3r0n ($72 in chips)
Seat 6: Hurlingham55 ($201.50 in chips)
Hurlingham55: posts small blind $1
Ag3r0n: posts big blind $3
*** HOLE CARDS ***
Hurlingham55: raises $3 to $6
Ag3r0n: raises $3 to $9
Hurlingham55: calls $3
*** FLOP *** [5c Jc 6h]
Ag3r0n: bets $3
Hurlingham55: calls $3
*** TURN *** [5c Jc 6h] [4d]
Ag3r0n: checks
Hurlingham55: bets $6
Ag3r0n: calls $6
*** RIVER *** [5c Jc 6h 4d] [Qh]
Ag3r0n: checks
Hurlingham55: bets $6
Ag3r0n: raises $6 to $12
Hurlingham55: folds
Uncalled bet ($6) returned to Ag3r0n
Ag3r0n collected $47.50 from pot
Ag3r0n: doesn't show hand
*** SUMMARY ***
Total pot $48 | Rake $0.50
Board [5c Jc 6h 4d Qh]
Seat 3: Ag3r0n (big blind) collected ($47.50)
Seat 6: Hurlingham55 (button) (small blind) folded on the River


PokerStars Hand #176250340772:  Hold'em Limit ($3/$6 USD) - 2017/09/28 20:42:53 ET
Table 'Asios' 6-max Seat #3 is the button
Seat 3: Ag3r0n ($73 in chips)
Seat 6: Hurlingham55 ($184 in chips)
Ag3r0n: posts small blind $1
Hurlingham55: posts big blind $3
*** HOLE CARDS ***
Ag3r0n: raises $3 to $6
Hurlingham55: calls $3
*** FLOP *** [Th 2c 8h]
Hurlingham55: checks
Ag3r0n: bets $3
Hurlingham55: raises $3 to $6
Ag3r0n: calls $3
*** TURN *** [Th 2c 8h] [7h]
Hurlingham55: bets $6
Ag3r0n: calls $6
*** RIVER *** [Th 2c 8h 7h] [7c]
Hurlingham55: bets $6
Ag3r0n: folds
Uncalled bet ($6) returned to Hurlingham55
Hurlingham55 collected $35.50 from pot
Hurlingham55: doesn't show hand
*** SUMMARY ***
Total pot $36 | Rake $0.50
Board [Th 2c 8h 7h 7c]
Seat 3: Ag3r0n (button) (small blind) folded on the River
Seat 6: Hurlingham55 (big blind) collected ($35.50)


PokerStars Hand #176250366778:  Hold'em Limit ($3/$6 USD) - 2017/09/28 20:43:55 ET
Table 'Asios' 6-max Seat #3 is the button
Seat 3: Ag3r0n ($95.50 in chips)
Seat 6: Hurlingham55 ($177.50 in chips)
Ag3r0n: posts small blind $1
Hurlingham55: posts big blind $3
*** HOLE CARDS ***
Ag3r0n: folds
Uncalled bet ($2) returned to Hurlingham55
Hurlingham55 collected $2 from pot
Hurlingham55: doesn't show hand
*** SUMMARY ***
Total pot $2 | Rake $0
Seat 3: Ag3r0n (button) (small blind) folded before Flop
Seat 6: Hurlingham55 (big blind) collected ($2)


PokerStars Hand #176250371482:  Hold'em Limit ($3/$6 USD) - 2017/09/28 20:44:06 ET
Table 'Asios' 6-max Seat #3 is the button
Seat 3: Ag3r0n ($95.50 in chips)
Seat 6: Hurlingham55 ($177.50 in chips)
Ag3r0n: posts small blind $1
Hurlingham55: posts big blind $3
*** HOLE CARDS ***
sismos404 joins the table at seat #2
Ag3r0n: raises $3 to $6
Hurlingham55: raises $3 to $9
Ag3r0n: raises $3 to $12
Betting is capped
Hurlingham55: calls $3
*** FLOP *** [Qd 7s 2d]
Hurlingham55: checks
Ag3r0n: bets $3
Hurlingham55: calls $3
*** TURN *** [Qd 7s 2d] [As]
Hurlingham55: checks
Ag3r0n: checks
*** RIVER *** [Qd 7s 2d As] [5d]
Hurlingham55: checks
Ag3r0n: bets $6
Hurlingham55: folds
Uncalled bet ($6) returned to Ag3r0n
Ag3r0n collected $29.50 from pot
Ag3r0n: doesn't show hand
*** SUMMARY ***
Total pot $30 | Rake $0.50
Board [Qd 7s 2d As 5d]
Seat 3: Ag3r0n (button) (small blind) collected ($29.50)
Seat 6: Hurlingham55 (big blind) folded on the River


PokerStars Hand #176250902089:  Hold'em Limit ($3/$6 USD) - 2017/09/28 21:06:21 ET
Table 'Asios' 6-max Seat #6 is the button
Seat 1: CharginWapos ($120 in chips)
Seat 6: Hurlingham55 ($100.53 in chips)
Hurlingham55: posts small blind $1
CharginWapos: posts big blind $3
*** HOLE CARDS ***
Hurlingham55: raises $3 to $6
CharginWapos: folds
Uncalled bet ($3) returned to Hurlingham55
Hurlingham55 collected $6 from pot
Hurlingham55: doesn't show hand
*** SUMMARY ***
Total pot $6 | Rake $0
Seat 1: CharginWapos (big blind) folded before Flop
Seat 6: Hurlingham55 (button) (small blind) collected ($6)


PokerStars Hand #176250888488:  Hold'em Limit ($3/$6 USD) - 2017/09/28 21:05:46 ET
Table 'Asios' 6-max Seat #2 is the button
Seat 2: sismos404 ($65.76 in chips)
Seat 6: Hurlingham55 ($99.53 in chips)
CharginWapos will be allowed to play after the button
sismos404: posts small blind $1
Ag3r0n: is sitting out
Hurlingham55: posts big blind $3
*** HOLE CARDS ***
sismos404 has timed out
sismos404: folds
Uncalled bet ($2) returned to Hurlingham55
Hurlingham55 collected $2 from pot
Hurlingham55: doesn't show hand
*** SUMMARY ***
Total pot $2 | Rake $0
Seat 2: sismos404 (button) (small blind) folded before Flop
Seat 6: Hurlingham55 (big blind) collected ($2)


PokerStars Hand #176250928866:  Hold'em Limit ($3/$6 USD) - 2017/09/28 21:07:27 ET
Table 'Asios' 6-max Seat #6 is the button
Seat 1: CharginWapos ($131.19 in chips)
Seat 6: Hurlingham55 ($100.53 in chips)
Hurlingham55: posts small blind $1
CharginWapos: posts big blind $3
*** HOLE CARDS ***
Hurlingham55: raises $3 to $6
CharginWapos: folds
Uncalled bet ($3) returned to Hurlingham55
Hurlingham55 collected $6 from pot
Hurlingham55: doesn't show hand
*** SUMMARY ***
Total pot $6 | Rake $0
Seat 1: CharginWapos (big blind) folded before Flop
Seat 6: Hurlingham55 (button) (small blind) collected ($6)


PokerStars Hand #176250934706:  Hold'em Limit ($3/$6 USD) - 2017/09/28 21:07:41 ET
Table 'Asios' 6-max Seat #1 is the button
Seat 1: CharginWapos ($128.19 in chips)
Seat 6: Hurlingham55 ($103.53 in chips)
CharginWapos: posts small blind $1
Hurlingham55: posts big blind $3
*** HOLE CARDS ***
CharginWapos: raises $3 to $6
Hurlingham55: folds
Uncalled bet ($3) returned to CharginWapos
CharginWapos collected $6 from pot
CharginWapos: doesn't show hand
*** SUMMARY ***
Total pot $6 | Rake $0
Seat 1: CharginWapos (button) (small blind) collected ($6)
Seat 6: Hurlingham55 (big blind) folded before Flop


PokerStars Hand #176250938410:  Hold'em Limit ($3/$6 USD) - 2017/09/28 21:07:50 ET
Table 'Asios' 6-max Seat #6 is the button
Seat 1: CharginWapos ($131.19 in chips)
Seat 6: Hurlingham55 ($100.53 in chips)
Hurlingham55: posts small blind $1
CharginWapos: posts big blind $3
*** HOLE CARDS ***
Hurlingham55: folds
Uncalled bet ($2) returned to CharginWapos
CharginWapos collected $2 from pot
CharginWapos: doesn't show hand
*** SUMMARY ***
Total pot $2 | Rake $0
Seat 1: CharginWapos (big blind) collected ($2)
Seat 6: Hurlingham55 (button) (small blind) folded before Flop


PokerStars Hand #176250940846:  Hold'em Limit ($3/$6 USD) - 2017/09/28 21:07:56 ET
Table 'Asios' 6-max Seat #1 is the button
Seat 1: CharginWapos ($132.19 in chips)
Seat 6: Hurlingham55 ($99.53 in chips)
CharginWapos: posts small blind $1
Hurlingham55: posts big blind $3
*** HOLE CARDS ***
CharginWapos: folds
Uncalled bet ($2) returned to Hurlingham55
Hurlingham55 collected $2 from pot
Hurlingham55: doesn't show hand
*** SUMMARY ***
Total pot $2 | Rake $0
Seat 1: CharginWapos (button) (small blind) folded before Flop
Seat 6: Hurlingham55 (big blind) collected ($2)


PokerStars Hand #176250954225:  Hold'em Limit ($3/$6 USD) - 2017/09/28 21:08:29 ET
Table 'Asios' 6-max Seat #6 is the button
Seat 1: CharginWapos ($131.19 in chips)
Seat 6: Hurlingham55 ($100.53 in chips)
Hurlingham55: posts small blind $1
CharginWapos: posts big blind $3
*** HOLE CARDS ***
Hurlingham55: raises $3 to $6
CharginWapos: folds
Uncalled bet ($3) returned to Hurlingham55
Hurlingham55 collected $6 from pot
Hurlingham55: doesn't show hand
*** SUMMARY ***
Total pot $6 | Rake $0
Seat 1: CharginWapos (big blind) folded before Flop
Seat 6: Hurlingham55 (button) (small blind) collected ($6)


PokerStars Hand #176250947282:  Hold'em Limit ($3/$6 USD) - 2017/09/28 21:08:12 ET
Table 'Asios' 6-max Seat #1 is the button
Seat 1: CharginWapos ($132.19 in chips)
Seat 6: Hurlingham55 ($99.53 in chips)
CharginWapos: posts small blind $1
Hurlingham55: posts big blind $3
*** HOLE CARDS ***
CharginWapos: folds
Uncalled bet ($2) returned to Hurlingham55
Hurlingham55 collected $2 from pot
Hurlingham55: doesn't show hand
*** SUMMARY ***
Total pot $2 | Rake $0
Seat 1: CharginWapos (button) (small blind) folded before Flop
Seat 6: Hurlingham55 (big blind) collected ($2)


PokerStars Hand #176250942956:  Hold'em Limit ($3/$6 USD) - 2017/09/28 21:08:01 ET
Table 'Asios' 6-max Seat #6 is the button
Seat 1: CharginWapos ($131.19 in chips)
Seat 6: Hurlingham55 ($100.53 in chips)
Hurlingham55: posts small blind $1
CharginWapos: posts big blind $3
*** HOLE CARDS ***
Hurlingham55: folds
Uncalled bet ($2) returned to CharginWapos
CharginWapos collected $2 from pot
CharginWapos: doesn't show hand
*** SUMMARY ***
Total pot $2 | Rake $0
Seat 1: CharginWapos (big blind) collected ($2)
Seat 6: Hurlingham55 (button) (small blind) folded before Flop


PokerStars Hand #176250951921:  Hold'em Limit ($3/$6 USD) - 2017/09/28 21:08:23 ET
Table 'Asios' 6-max Seat #1 is the button
Seat 1: CharginWapos ($132.19 in chips)
Seat 6: Hurlingham55 ($99.53 in chips)
CharginWapos: posts small blind $1
Hurlingham55: posts big blind $3
*** HOLE CARDS ***
CharginWapos: folds
Uncalled bet ($2) returned to Hurlingham55
Hurlingham55 collected $2 from pot
Hurlingham55: doesn't show hand
*** SUMMARY ***
Total pot $2 | Rake $0
Seat 1: CharginWapos (button) (small blind) folded before Flop
Seat 6: Hurlingham55 (big blind) collected ($2)


PokerStars Hand #176250949496:  Hold'em Limit ($3/$6 USD) - 2017/09/28 21:08:17 ET
Table 'Asios' 6-max Seat #6 is the button
Seat 1: CharginWapos ($131.19 in chips)
Seat 6: Hurlingham55 ($100.53 in chips)
Hurlingham55: posts small blind $1
CharginWapos: posts big blind $3
*** HOLE CARDS ***
Hurlingham55: folds
Uncalled bet ($2) returned to CharginWapos
CharginWapos collected $2 from pot
CharginWapos: doesn't show hand
*** SUMMARY ***
Total pot $2 | Rake $0
Seat 1: CharginWapos (big blind) collected ($2)
Seat 6: Hurlingham55 (button) (small blind) folded before Flop


PokerStars Hand #176250983573:  Hold'em Limit ($3/$6 USD) - 2017/09/28 21:09:42 ET
Table 'Asios' 6-max Seat #6 is the button
Seat 1: CharginWapos ($127.07 in chips)
Seat 6: Hurlingham55 ($104.53 in chips)
Hurlingham55: posts small blind $1
CharginWapos: posts big blind $3
*** HOLE CARDS ***
Hurlingham55: raises $3 to $6
CharginWapos: folds
Uncalled bet ($3) returned to Hurlingham55
Hurlingham55 collected $6 from pot
Hurlingham55: doesn't show hand
*** SUMMARY ***
Total pot $6 | Rake $0
Seat 1: CharginWapos (big blind) folded before Flop
Seat 6: Hurlingham55 (button) (small blind) collected ($6)


PokerStars Hand #176250981418:  Hold'em Limit ($3/$6 USD) - 2017/09/28 21:09:37 ET
Table 'Asios' 6-max Seat #1 is the button
Seat 1: CharginWapos ($128.07 in chips)
Seat 6: Hurlingham55 ($103.53 in chips)
CharginWapos: posts small blind $1
Hurlingham55: posts big blind $3
*** HOLE CARDS ***
CharginWapos: folds
Uncalled bet ($2) returned to Hurlingham55
Hurlingham55 collected $2 from pot
Hurlingham55: doesn't show hand
*** SUMMARY ***
Total pot $2 | Rake $0
Seat 1: CharginWapos (button) (small blind) folded before Flop
Seat 6: Hurlingham55 (big blind) collected ($2)


PokerStars Hand #176250974206:  Hold'em Limit ($3/$6 USD) - 2017/09/28 21:09:18 ET
Table 'Asios' 6-max Seat #1 is the button
Seat 1: CharginWapos ($132.07 in chips)
Seat 6: Hurlingham55 ($99.53 in chips)
CharginWapos: posts small blind $1
Hurlingham55: posts big blind $3
*** HOLE CARDS ***
CharginWapos: folds
Uncalled bet ($2) returned to Hurlingham55
Hurlingham55 collected $2 from pot
Hurlingham55: doesn't show hand
*** SUMMARY ***
Total pot $2 | Rake $0
Seat 1: CharginWapos (button) (small blind) folded before Flop
Seat 6: Hurlingham55 (big blind) collected ($2)


PokerStars Hand #176250971475:  Hold'em Limit ($3/$6 USD) - 2017/09/28 21:09:12 ET
Table 'Asios' 6-max Seat #6 is the button
Seat 1: CharginWapos ($131.07 in chips)
Seat 6: Hurlingham55 ($100.53 in chips)
Hurlingham55: posts small blind $1
CharginWapos: posts big blind $3
*** HOLE CARDS ***
Hurlingham55: folds
Uncalled bet ($2) returned to CharginWapos
CharginWapos collected $2 from pot
CharginWapos: doesn't show hand
*** SUMMARY ***
Total pot $2 | Rake $0
Seat 1: CharginWapos (big blind) collected ($2)
Seat 6: Hurlingham55 (button) (small blind) folded before Flop


PokerStars Hand #176250959939:  Hold'em Limit ($3/$6 USD) - 2017/09/28 21:08:43 ET
Table 'Asios' 6-max Seat #1 is the button
Seat 1: CharginWapos ($128.19 in chips)
Seat 6: Hurlingham55 ($103.53 in chips)
CharginWapos: posts small blind $1
Hurlingham55: posts big blind $3
*** HOLE CARDS ***
CharginWapos: calls $2
Hurlingham55: checks
*** FLOP *** [9s Kc 4c]
Hurlingham55: checks
CharginWapos: checks
*** TURN *** [9s Kc 4c] [8d]
Hurlingham55: checks
CharginWapos: checks
*** RIVER *** [9s Kc 4c 8d] [Kd]
Hurlingham55: checks
CharginWapos: bets $6
Hurlingham55: folds
Uncalled bet ($6) returned to CharginWapos
CharginWapos collected $5.88 from pot
CharginWapos: doesn't show hand
*** SUMMARY ***
Total pot $6 | Rake $0.12
Board [9s Kc 4c 8d Kd]
Seat 1: CharginWapos (button) (small blind) collected ($5.88)
Seat 6: Hurlingham55 (big blind) folded on the River


PokerStars Hand #176250976104:  Hold'em Limit ($3/$6 USD) - 2017/09/28 21:09:23 ET
Table 'Asios' 6-max Seat #6 is the button
Seat 1: CharginWapos ($131.07 in chips)
Seat 6: Hurlingham55 ($100.53 in chips)
Hurlingham55: posts small blind $1
CharginWapos: posts big blind $3
*** HOLE CARDS ***
Hurlingham55: raises $3 to $6
CharginWapos: folds
Uncalled bet ($3) returned to Hurlingham55
Hurlingham55 collected $6 from pot
Hurlingham55: doesn't show hand
*** SUMMARY ***
Total pot $6 | Rake $0
Seat 1: CharginWapos (big blind) folded before Flop
Seat 6: Hurlingham55 (button) (small blind) collected ($6)


PokerStars Hand #176250986572:  Hold'em Limit ($3/$6 USD) - 2017/09/28 21:09:50 ET
Table 'Asios' 6-max Seat #1 is the button
Seat 1: CharginWapos ($124.07 in chips)
Seat 6: Hurlingham55 ($107.53 in chips)
CharginWapos: posts small blind $1
Hurlingham55: posts big blind $3
*** HOLE CARDS ***
CharginWapos: folds
Uncalled bet ($2) returned to Hurlingham55
Hurlingham55 collected $2 from pot
Hurlingham55: doesn't show hand
*** SUMMARY ***
Total pot $2 | Rake $0
Seat 1: CharginWapos (button) (small blind) folded before Flop
Seat 6: Hurlingham55 (big blind) collected ($2)


PokerStars Hand #176251007625:  Hold'em Limit ($3/$6 USD) - 2017/09/28 21:10:42 ET
Table 'Asios' 6-max Seat #1 is the button
Seat 1: CharginWapos ($143.57 in chips)
Seat 6: Hurlingham55 ($87.53 in chips)
CharginWapos: posts small blind $1
Hurlingham55: posts big blind $3
*** HOLE CARDS ***
CharginWapos: folds
Uncalled bet ($2) returned to Hurlingham55
Hurlingham55 collected $2 from pot
Hurlingham55: doesn't show hand
*** SUMMARY ***
Total pot $2 | Rake $0
Seat 1: CharginWapos (button) (small blind) folded before Flop
Seat 6: Hurlingham55 (big blind) collected ($2)


PokerStars Hand #176250992294:  Hold'em Limit ($3/$6 USD) - 2017/09/28 21:10:04 ET
Table 'Asios' 6-max Seat #6 is the button
Seat 1: CharginWapos ($123.07 in chips)
Seat 6: Hurlingham55 ($108.53 in chips)
Hurlingham55: posts small blind $1
CharginWapos: posts big blind $3
*** HOLE CARDS ***
Hurlingham55: raises $3 to $6
CharginWapos: raises $3 to $9
Hurlingham55: raises $3 to $12
Betting is capped
CharginWapos: calls $3
*** FLOP *** [2d Ad Jh]
CharginWapos: checks
Hurlingham55: bets $3
CharginWapos: calls $3
*** TURN *** [2d Ad Jh] [9s]
CharginWapos: checks
Hurlingham55: bets $6
CharginWapos: raises $6 to $12
Hurlingham55: folds
Uncalled bet ($6) returned to CharginWapos
CharginWapos collected $41.50 from pot
CharginWapos: doesn't show hand
*** SUMMARY ***
Total pot $42 | Rake $0.50
Board [2d Ad Jh 9s]
Seat 1: CharginWapos (big blind) collected ($41.50)
Seat 6: Hurlingham55 (button) (small blind) folded on the Turn


