PokerStars Hand #165153459574:  Hold'em Limit ($3/$6 USD) - 2017/01/25 13:25:15 ET
Table 'Askella' 6-max Seat #6 is the button
Seat 4: Great_Kang ($120 in chips)
Seat 6: Dron21200 ($30 in chips)
Dron21200: posts small blind $1
Great_Kang: posts big blind $3
*** HOLE CARDS ***
Dron21200: calls $2
Great_Kang: raises $3 to $6
Dron21200: calls $3
*** FLOP *** [9h Jd 2s]
Great_Kang: checks
Dron21200: checks
*** TURN *** [9h Jd 2s] [Kh]
Great_Kang: bets $6
Dron21200: calls $6
*** RIVER *** [9h Jd 2s Kh] [As]
Great_Kang: checks
Dron21200: checks
*** SHOW DOWN ***
Great_Kang: shows [Jh Qd] (a pair of Jacks)
Dron21200: shows [Kd 7s] (a pair of Kings)
Dron21200 collected $23.52 from pot
*** SUMMARY ***
Total pot $24 | Rake $0.48
Board [9h Jd 2s Kh As]
Seat 4: Great_Kang (big blind) showed [Jh Qd] and lost with a pair of Jacks
Seat 6: Dron21200 (button) (small blind) showed [Kd 7s] and won ($23.52) with a pair of Kings


PokerStars Hand #165153496712:  Hold'em Limit ($3/$6 USD) - 2017/01/25 13:25:55 ET
Table 'Askella' 6-max Seat #4 is the button
Seat 4: Great_Kang ($120 in chips)
Seat 6: Dron21200 ($41.52 in chips)
Great_Kang: posts small blind $1
Dron21200: posts big blind $3
*** HOLE CARDS ***
Ale4o joins the table at seat #1
Great_Kang: raises $3 to $6
Dron21200: calls $3
*** FLOP *** [Jc 4c Qd]
Dron21200: checks
Great_Kang: bets $3
Dron21200: folds
Uncalled bet ($3) returned to Great_Kang
Great_Kang collected $11.76 from pot
Great_Kang: doesn't show hand
*** SUMMARY ***
Total pot $12 | Rake $0.24
Board [Jc 4c Qd]
Seat 4: Great_Kang (button) (small blind) collected ($11.76)
Seat 6: Dron21200 (big blind) folded on the Flop


PokerStars Hand #165153622966:  Hold'em Limit ($3/$6 USD) - 2017/01/25 13:28:14 ET
Table 'Askella' 6-max Seat #4 is the button
Seat 1: Ale4o ($102.25 in chips)
Seat 4: Great_Kang ($145.47 in chips)
volkovsky will be allowed to play after the button
Great_Kang: posts small blind $1
Ale4o: posts big blind $3
*** HOLE CARDS ***
Great_Kang: raises $3 to $6
Dron21200 leaves the table
Ale4o: folds
Uncalled bet ($3) returned to Great_Kang
Great_Kang collected $6 from pot
Great_Kang: doesn't show hand
*** SUMMARY ***
Total pot $6 | Rake $0
Seat 1: Ale4o (big blind) folded before Flop
Seat 4: Great_Kang (button) (small blind) collected ($6)


