PokerStars Hand #146327798238:  Hold'em Limit ($3/$6 USD) - 2016/01/02 9:53:11 ET
Table 'Asmodeus' 6-max Seat #4 is the button
Seat 1: gorcea_vs ($52.99 in chips)
Seat 4: BuzovaPro ($72.76 in chips)
BuzovaPro: posts small blind $1
gorcea_vs: posts big blind $3
*** HOLE CARDS ***
BuzovaPro: folds
Uncalled bet ($2) returned to gorcea_vs
gorcea_vs collected $2 from pot
gorcea_vs: doesn't show hand
*** SUMMARY ***
Total pot $2 | Rake $0
Seat 1: gorcea_vs (big blind) collected ($2)
Seat 4: BuzovaPro (button) (small blind) folded before Flop


PokerStars Hand #146327783180:  Hold'em Limit ($3/$6 USD) - 2016/01/02 9:52:54 ET
Table 'Asmodeus' 6-max Seat #1 is the button
Seat 1: gorcea_vs ($47.23 in chips)
Seat 4: BuzovaPro ($78.76 in chips)
gorcea_vs: posts small blind $1
BuzovaPro: posts big blind $3
*** HOLE CARDS ***
gorcea_vs: raises $3 to $6
BuzovaPro: calls $3
*** FLOP *** [9h 6d As]
BuzovaPro: checks
gorcea_vs: bets $3
BuzovaPro: folds
Uncalled bet ($3) returned to gorcea_vs
gorcea_vs collected $11.76 from pot
gorcea_vs: doesn't show hand
*** SUMMARY ***
Total pot $12 | Rake $0.24
Board [9h 6d As]
Seat 1: gorcea_vs (button) (small blind) collected ($11.76)
Seat 4: BuzovaPro (big blind) folded on the Flop


PokerStars Hand #146327750745:  Hold'em Limit ($3/$6 USD) - 2016/01/02 9:52:17 ET
Table 'Asmodeus' 6-max Seat #4 is the button
Seat 1: gorcea_vs ($53.23 in chips)
Seat 4: BuzovaPro ($73 in chips)
BuzovaPro: posts small blind $1
gorcea_vs: posts big blind $3
*** HOLE CARDS ***
BuzovaPro: raises $3 to $6
gorcea_vs: calls $3
*** FLOP *** [Kd 8h 9d]
gorcea_vs: checks
BuzovaPro: checks
*** TURN *** [Kd 8h 9d] [9s]
gorcea_vs: checks
BuzovaPro: checks
*** RIVER *** [Kd 8h 9d 9s] [3d]
gorcea_vs: checks
BuzovaPro: bets $6
gorcea_vs: folds
Uncalled bet ($6) returned to BuzovaPro
BuzovaPro collected $11.76 from pot
BuzovaPro: doesn't show hand
*** SUMMARY ***
Total pot $12 | Rake $0.24
Board [Kd 8h 9d 9s 3d]
Seat 1: gorcea_vs (big blind) folded on the River
Seat 4: BuzovaPro (button) (small blind) collected ($11.76)


PokerStars Hand #146327846602:  Hold'em Limit ($3/$6 USD) - 2016/01/02 9:54:06 ET
Table 'Asmodeus' 6-max Seat #1 is the button
Seat 1: gorcea_vs ($29.99 in chips)
Seat 4: BuzovaPro ($95.26 in chips)
gorcea_vs: posts small blind $1
BuzovaPro: posts big blind $3
*** HOLE CARDS ***
gorcea_vs: raises $3 to $6
BuzovaPro: folds
Uncalled bet ($3) returned to gorcea_vs
gorcea_vs collected $6 from pot
gorcea_vs: doesn't show hand
*** SUMMARY ***
Total pot $6 | Rake $0
Seat 1: gorcea_vs (button) (small blind) collected ($6)
Seat 4: BuzovaPro (big blind) folded before Flop


PokerStars Hand #146327830780:  Hold'em Limit ($3/$6 USD) - 2016/01/02 9:53:48 ET
Table 'Asmodeus' 6-max Seat #4 is the button
Seat 1: gorcea_vs ($35.99 in chips)
Seat 4: BuzovaPro ($89.50 in chips)
BuzovaPro: posts small blind $1
gorcea_vs: posts big blind $3
*** HOLE CARDS ***
BuzovaPro: raises $3 to $6
gorcea_vs: calls $3
*** FLOP *** [2c 9c 2d]
gorcea_vs: checks
BuzovaPro: checks
*** TURN *** [2c 9c 2d] [Ks]
gorcea_vs: checks
BuzovaPro: bets $6
gorcea_vs: folds
Uncalled bet ($6) returned to BuzovaPro
BuzovaPro collected $11.76 from pot
BuzovaPro: doesn't show hand
*** SUMMARY ***
Total pot $12 | Rake $0.24
Board [2c 9c 2d Ks]
Seat 1: gorcea_vs (big blind) folded on the Turn
Seat 4: BuzovaPro (button) (small blind) collected ($11.76)


PokerStars Hand #146327802711:  Hold'em Limit ($3/$6 USD) - 2016/01/02 9:53:16 ET
Table 'Asmodeus' 6-max Seat #1 is the button
Seat 1: gorcea_vs ($53.99 in chips)
Seat 4: BuzovaPro ($72 in chips)
gorcea_vs: posts small blind $1
BuzovaPro: posts big blind $3
*** HOLE CARDS ***
gorcea_vs: raises $3 to $6
BuzovaPro: calls $3
*** FLOP *** [2s 6s 9s]
BuzovaPro: checks
gorcea_vs: bets $3
BuzovaPro: raises $3 to $6
gorcea_vs: calls $3
*** TURN *** [2s 6s 9s] [Qh]
BuzovaPro: bets $6
gorcea_vs: calls $6
*** RIVER *** [2s 6s 9s Qh] [5s]
BuzovaPro: checks
gorcea_vs: checks
*** SHOW DOWN ***
BuzovaPro: shows [4c 4s] (a flush, Nine high)
gorcea_vs: mucks hand
BuzovaPro collected $35.50 from pot
*** SUMMARY ***
Total pot $36 | Rake $0.50
Board [2s 6s 9s Qh 5s]
Seat 1: gorcea_vs (button) (small blind) mucked
Seat 4: BuzovaPro (big blind) showed [4c 4s] and won ($35.50) with a flush, Nine high


PokerStars Hand #146327898795:  Hold'em Limit ($3/$6 USD) - 2016/01/02 9:55:06 ET
Table 'Asmodeus' 6-max Seat #1 is the button
Seat 1: gorcea_vs ($12.99 in chips)
Seat 4: BuzovaPro ($111.76 in chips)
gorcea_vs: posts small blind $1
BuzovaPro: posts big blind $3
*** HOLE CARDS ***
gorcea_vs: folds
Uncalled bet ($2) returned to BuzovaPro
BuzovaPro collected $2 from pot
BuzovaPro: doesn't show hand
*** SUMMARY ***
Total pot $2 | Rake $0
Seat 1: gorcea_vs (button) (small blind) folded before Flop
Seat 4: BuzovaPro (big blind) collected ($2)


PokerStars Hand #146327893019:  Hold'em Limit ($3/$6 USD) - 2016/01/02 9:54:59 ET
Table 'Asmodeus' 6-max Seat #4 is the button
Seat 1: gorcea_vs ($15.99 in chips)
Seat 4: BuzovaPro ($108.76 in chips)
BuzovaPro: posts small blind $1
gorcea_vs: posts big blind $3
*** HOLE CARDS ***
BuzovaPro: raises $3 to $6
gorcea_vs: folds
Uncalled bet ($3) returned to BuzovaPro
BuzovaPro collected $6 from pot
BuzovaPro: doesn't show hand
*** SUMMARY ***
Total pot $6 | Rake $0
Seat 1: gorcea_vs (big blind) folded before Flop
Seat 4: BuzovaPro (button) (small blind) collected ($6)


PokerStars Hand #146327861728:  Hold'em Limit ($3/$6 USD) - 2016/01/02 9:54:23 ET
Table 'Asmodeus' 6-max Seat #1 is the button
Seat 1: gorcea_vs ($33.99 in chips)
Seat 4: BuzovaPro ($91.26 in chips)
gorcea_vs: posts small blind $1
BuzovaPro: posts big blind $3
*** HOLE CARDS ***
gorcea_vs: raises $3 to $6
BuzovaPro: calls $3
*** FLOP *** [9h Kh 2h]
BuzovaPro: checks
gorcea_vs: bets $3
BuzovaPro: raises $3 to $6
gorcea_vs: calls $3
*** TURN *** [9h Kh 2h] [7d]
BuzovaPro: bets $6
gorcea_vs: calls $6
*** RIVER *** [9h Kh 2h 7d] [3c]
BuzovaPro: bets $6
gorcea_vs: folds
Uncalled bet ($6) returned to BuzovaPro
BuzovaPro collected $35.50 from pot
BuzovaPro: doesn't show hand
*** SUMMARY ***
Total pot $36 | Rake $0.50
Board [9h Kh 2h 7d 3c]
Seat 1: gorcea_vs (button) (small blind) folded on the River
Seat 4: BuzovaPro (big blind) collected ($35.50)


PokerStars Hand #146327854620:  Hold'em Limit ($3/$6 USD) - 2016/01/02 9:54:15 ET
Table 'Asmodeus' 6-max Seat #4 is the button
Seat 1: gorcea_vs ($32.99 in chips)
Seat 4: BuzovaPro ($92.26 in chips)
BuzovaPro: posts small blind $1
gorcea_vs: posts big blind $3
*** HOLE CARDS ***
BuzovaPro: folds
Uncalled bet ($2) returned to gorcea_vs
gorcea_vs collected $2 from pot
gorcea_vs: doesn't show hand
*** SUMMARY ***
Total pot $2 | Rake $0
Seat 1: gorcea_vs (big blind) collected ($2)
Seat 4: BuzovaPro (button) (small blind) folded before Flop


PokerStars Hand #146327902395:  Hold'em Limit ($3/$6 USD) - 2016/01/02 9:55:10 ET
Table 'Asmodeus' 6-max Seat #4 is the button
Seat 1: gorcea_vs ($11.99 in chips)
Seat 4: BuzovaPro ($112.76 in chips)
BuzovaPro: posts small blind $1
gorcea_vs: posts big blind $3
*** HOLE CARDS ***
BuzovaPro: raises $3 to $6
gorcea_vs: raises $3 to $9
BuzovaPro: raises $3 to $12
Betting is capped
gorcea_vs: calls $2.99 and is all-in
Uncalled bet ($0.01) returned to BuzovaPro
*** FLOP *** [8s 6s 7h]
*** TURN *** [8s 6s 7h] [4s]
*** RIVER *** [8s 6s 7h 4s] [9d]
*** SHOW DOWN ***
gorcea_vs: shows [Ah Ts] (a straight, Six to Ten)
BuzovaPro: shows [9c Ks] (a pair of Nines)
gorcea_vs collected $23.50 from pot
*** SUMMARY ***
Total pot $23.98 | Rake $0.48
Board [8s 6s 7h 4s 9d]
Seat 1: gorcea_vs (big blind) showed [Ah Ts] and won ($23.50) with a straight, Six to Ten
Seat 4: BuzovaPro (button) (small blind) showed [9c Ks] and lost with a pair of Nines


PokerStars Hand #146328052019:  Hold'em Limit ($3/$6 USD) - 2016/01/02 9:58:35 ET
Table 'Asmodeus' 6-max Seat #4 is the button
Seat 1: gorcea_vs ($76.38 in chips)
Seat 4: BuzovaPro ($121.27 in chips)
BuzovaPro: posts small blind $1
gorcea_vs: posts big blind $3
*** HOLE CARDS ***
BuzovaPro: folds
Uncalled bet ($2) returned to gorcea_vs
gorcea_vs collected $2 from pot
gorcea_vs: doesn't show hand
*** SUMMARY ***
Total pot $2 | Rake $0
Seat 1: gorcea_vs (big blind) collected ($2)
Seat 4: BuzovaPro (button) (small blind) folded before Flop


PokerStars Hand #146328091183:  Hold'em Limit ($3/$6 USD) - 2016/01/02 9:59:28 ET
Table 'Asmodeus' 6-max Seat #4 is the button
Seat 1: gorcea_vs ($103.88 in chips)
Seat 4: BuzovaPro ($93.27 in chips)
BuzovaPro: posts small blind $1
gorcea_vs: posts big blind $3
*** HOLE CARDS ***
BuzovaPro: raises $3 to $6
gorcea_vs: calls $3
*** FLOP *** [2h 5h Qd]
gorcea_vs: checks
BuzovaPro: bets $3
gorcea_vs: calls $3
*** TURN *** [2h 5h Qd] [4c]
gorcea_vs: checks
BuzovaPro: checks
*** RIVER *** [2h 5h Qd 4c] [5s]
gorcea_vs: bets $6
BuzovaPro: folds
Uncalled bet ($6) returned to gorcea_vs
gorcea_vs collected $17.64 from pot
gorcea_vs: doesn't show hand
*** SUMMARY ***
Total pot $18 | Rake $0.36
Board [2h 5h Qd 4c 5s]
Seat 1: gorcea_vs (big blind) collected ($17.64)
Seat 4: BuzovaPro (button) (small blind) folded on the River


PokerStars Hand #146328057134:  Hold'em Limit ($3/$6 USD) - 2016/01/02 9:58:42 ET
Table 'Asmodeus' 6-max Seat #1 is the button
Seat 1: gorcea_vs ($77.38 in chips)
Seat 4: BuzovaPro ($120.27 in chips)
gorcea_vs: posts small blind $1
BuzovaPro: posts big blind $3
*** HOLE CARDS ***
gorcea_vs: raises $3 to $6
BuzovaPro: calls $3
*** FLOP *** [Kh Qc 6c]
BuzovaPro: checks
gorcea_vs: bets $3
Bob Servant joins the table at seat #3
BuzovaPro: calls $3
*** TURN *** [Kh Qc 6c] [Jc]
BuzovaPro: checks
gorcea_vs: bets $6
BuzovaPro: calls $6
*** RIVER *** [Kh Qc 6c Jc] [Td]
BuzovaPro: bets $6
gorcea_vs: raises $6 to $12
BuzovaPro: calls $6
*** SHOW DOWN ***
gorcea_vs: shows [8c 4c] (a flush, Queen high)
BuzovaPro: mucks hand
gorcea_vs collected $53.50 from pot
*** SUMMARY ***
Total pot $54 | Rake $0.50
Board [Kh Qc 6c Jc Td]
Seat 1: gorcea_vs (button) (small blind) showed [8c 4c] and won ($53.50) with a flush, Queen high
Seat 4: BuzovaPro (big blind) mucked


PokerStars Hand #146328253981:  Hold'em Limit ($3/$6 USD) - 2016/01/02 10:02:40 ET
Table 'Asmodeus' 6-max Seat #4 is the button
Seat 1: gorcea_vs ($58.02 in chips)
Seat 4: BuzovaPro ($118.49 in chips)
BuzovaPro: posts small blind $1
gorcea_vs: posts big blind $3
*** HOLE CARDS ***
BuzovaPro: raises $3 to $6
gorcea_vs: calls $3
*** FLOP *** [Qc 8h 9s]
gorcea_vs: checks
Necromadx joins the table at seat #2
BuzovaPro: bets $3
gorcea_vs: calls $3
*** TURN *** [Qc 8h 9s] [Ts]
gorcea_vs: checks
BuzovaPro: bets $6
gorcea_vs: calls $6
*** RIVER *** [Qc 8h 9s Ts] [Th]
gorcea_vs: checks
BuzovaPro: bets $6
gorcea_vs: calls $6
*** SHOW DOWN ***
BuzovaPro: shows [Jc 9d] (a straight, Eight to Queen)
gorcea_vs: mucks hand
BuzovaPro collected $41.50 from pot
*** SUMMARY ***
Total pot $42 | Rake $0.50
Board [Qc 8h 9s Ts Th]
Seat 1: gorcea_vs (big blind) mucked
Seat 4: BuzovaPro (button) (small blind) showed [Jc 9d] and won ($41.50) with a straight, Eight to Queen


PokerStars Hand #146328219260:  Hold'em Limit ($3/$6 USD) - 2016/01/02 10:02:03 ET
Table 'Asmodeus' 6-max Seat #1 is the button
Seat 1: gorcea_vs ($34.52 in chips)
Seat 4: BuzovaPro ($142.49 in chips)
gorcea_vs: posts small blind $1
Bob Servant: is sitting out
BuzovaPro: posts big blind $3
*** HOLE CARDS ***
gorcea_vs: raises $3 to $6
BuzovaPro: calls $3
*** FLOP *** [Ac 5s 9h]
BuzovaPro: checks
gorcea_vs: bets $3
Bob Servant leaves the table
BuzovaPro: raises $3 to $6
gorcea_vs: calls $3
*** TURN *** [Ac 5s 9h] [7h]
BuzovaPro: bets $6
gorcea_vs: raises $6 to $12
BuzovaPro: calls $6
*** RIVER *** [Ac 5s 9h 7h] [Js]
BuzovaPro: checks
gorcea_vs: bets $6
BuzovaPro: folds
Uncalled bet ($6) returned to gorcea_vs
gorcea_vs collected $47.50 from pot
gorcea_vs: doesn't show hand
*** SUMMARY ***
Total pot $48 | Rake $0.50
Board [Ac 5s 9h 7h Js]
Seat 1: gorcea_vs (button) (small blind) collected ($47.50)
Seat 4: BuzovaPro (big blind) folded on the River


PokerStars Hand #146328298314:  Hold'em Limit ($3/$6 USD) - 2016/01/02 10:03:29 ET
Table 'Asmodeus' 6-max Seat #2 is the button
Seat 1: gorcea_vs ($56.85 in chips)
Seat 2: Necromadx ($120 in chips)
Necromadx: posts small blind $1
BuzovaPro: is sitting out
gorcea_vs: posts big blind $3
*** HOLE CARDS ***
BuzovaPro leaves the table
Necromadx: raises $3 to $6
gorcea_vs: calls $3
*** FLOP *** [Jc 6h 2s]
gorcea_vs: checks
Necromadx: bets $3
gorcea_vs: raises $3 to $6
Necromadx: calls $3
*** TURN *** [Jc 6h 2s] [Qh]
gorcea_vs: bets $6
Necromadx: calls $6
*** RIVER *** [Jc 6h 2s Qh] [4h]
gorcea_vs: bets $6
Necromadx: calls $6
*** SHOW DOWN ***
gorcea_vs: shows [Qd 2c] (two pair, Queens and Deuces)
Necromadx: mucks hand
gorcea_vs collected $47.50 from pot
*** SUMMARY ***
Total pot $48 | Rake $0.50
Board [Jc 6h 2s Qh 4h]
Seat 1: gorcea_vs (big blind) showed [Qd 2c] and won ($47.50) with two pair, Queens and Deuces
Seat 2: Necromadx (button) (small blind) mucked


PokerStars Hand #146328403138:  Hold'em Limit ($3/$6 USD) - 2016/01/02 10:05:20 ET
Table 'Asmodeus' 6-max Seat #2 is the button
Seat 1: gorcea_vs ($70.35 in chips)
Seat 2: Necromadx ($128 in chips)
Necromadx: posts small blind $1
gorcea_vs: posts big blind $3
*** HOLE CARDS ***
Necromadx: folds
Uncalled bet ($2) returned to gorcea_vs
gorcea_vs collected $2 from pot
gorcea_vs: doesn't show hand
*** SUMMARY ***
Total pot $2 | Rake $0
Seat 1: gorcea_vs (big blind) collected ($2)
Seat 2: Necromadx (button) (small blind) folded before Flop


PokerStars Hand #146328396713:  Hold'em Limit ($3/$6 USD) - 2016/01/02 10:05:14 ET
Table 'Asmodeus' 6-max Seat #1 is the button
Seat 1: gorcea_vs ($67.35 in chips)
Seat 2: Necromadx ($131 in chips)
gorcea_vs: posts small blind $1
Necromadx: posts big blind $3
*** HOLE CARDS ***
gorcea_vs: raises $3 to $6
Necromadx: folds
Uncalled bet ($3) returned to gorcea_vs
gorcea_vs collected $6 from pot
gorcea_vs: doesn't show hand
*** SUMMARY ***
Total pot $6 | Rake $0
Seat 1: gorcea_vs (button) (small blind) collected ($6)
Seat 2: Necromadx (big blind) folded before Flop


PokerStars Hand #146328381502:  Hold'em Limit ($3/$6 USD) - 2016/01/02 10:04:57 ET
Table 'Asmodeus' 6-max Seat #2 is the button
Seat 1: gorcea_vs ($40.85 in chips)
Seat 2: Necromadx ($158 in chips)
Necromadx: posts small blind $1
gorcea_vs: posts big blind $3
*** HOLE CARDS ***
Necromadx: raises $3 to $6
gorcea_vs: calls $3
*** FLOP *** [Ks 2h 9d]
gorcea_vs: checks
Necromadx: bets $3
gorcea_vs: calls $3
*** TURN *** [Ks 2h 9d] [4s]
gorcea_vs: checks
Necromadx: bets $6
gorcea_vs: raises $6 to $12
Necromadx: calls $6
*** RIVER *** [Ks 2h 9d 4s] [Qc]
gorcea_vs: bets $6
Necromadx: calls $6
*** SHOW DOWN ***
gorcea_vs: shows [9s 4h] (two pair, Nines and Fours)
Necromadx: mucks hand
gorcea_vs collected $53.50 from pot
*** SUMMARY ***
Total pot $54 | Rake $0.50
Board [Ks 2h 9d 4s Qc]
Seat 1: gorcea_vs (big blind) showed [9s 4h] and won ($53.50) with two pair, Nines and Fours
Seat 2: Necromadx (button) (small blind) mucked


PokerStars Hand #146328370051:  Hold'em Limit ($3/$6 USD) - 2016/01/02 10:04:45 ET
Table 'Asmodeus' 6-max Seat #1 is the button
Seat 1: gorcea_vs ($64.85 in chips)
Seat 2: Necromadx ($134.50 in chips)
gorcea_vs: posts small blind $1
Necromadx: posts big blind $3
*** HOLE CARDS ***
gorcea_vs: raises $3 to $6
Necromadx: raises $3 to $9
gorcea_vs: calls $3
*** FLOP *** [7d Td 9c]
Necromadx: bets $3
gorcea_vs: calls $3
*** TURN *** [7d Td 9c] [2d]
Necromadx: bets $6
gorcea_vs: calls $6
*** RIVER *** [7d Td 9c 2d] [6h]
Necromadx: bets $6
gorcea_vs: calls $6
*** SHOW DOWN ***
Necromadx: shows [8h Jh] (a straight, Seven to Jack)
gorcea_vs: mucks hand
Necromadx collected $47.50 from pot
*** SUMMARY ***
Total pot $48 | Rake $0.50
Board [7d Td 9c 2d 6h]
Seat 1: gorcea_vs (button) (small blind) mucked
Seat 2: Necromadx (big blind) showed [8h Jh] and won ($47.50) with a straight, Seven to Jack


PokerStars Hand #146328357557:  Hold'em Limit ($3/$6 USD) - 2016/01/02 10:04:32 ET
Table 'Asmodeus' 6-max Seat #2 is the button
Seat 1: gorcea_vs ($50.35 in chips)
Seat 2: Necromadx ($149.50 in chips)
Necromadx: posts small blind $1
gorcea_vs: posts big blind $3
*** HOLE CARDS ***
Necromadx: raises $3 to $6
gorcea_vs: calls $3
*** FLOP *** [2s Ac 3d]
gorcea_vs: checks
Necromadx: bets $3
gorcea_vs: calls $3
*** TURN *** [2s Ac 3d] [Qd]
gorcea_vs: checks
Necromadx: checks
*** RIVER *** [2s Ac 3d Qd] [9d]
gorcea_vs: bets $6
Necromadx: calls $6
*** SHOW DOWN ***
gorcea_vs: shows [Td 2d] (a flush, Queen high)
Necromadx: mucks hand
gorcea_vs collected $29.50 from pot
*** SUMMARY ***
Total pot $30 | Rake $0.50
Board [2s Ac 3d Qd 9d]
Seat 1: gorcea_vs (big blind) showed [Td 2d] and won ($29.50) with a flush, Queen high
Seat 2: Necromadx (button) (small blind) mucked


PokerStars Hand #146328328960:  Hold'em Limit ($3/$6 USD) - 2016/01/02 10:04:01 ET
Table 'Asmodeus' 6-max Seat #1 is the button
Seat 1: gorcea_vs ($80.35 in chips)
Seat 2: Necromadx ($120 in chips)
gorcea_vs: posts small blind $1
Necromadx: posts big blind $3
*** HOLE CARDS ***
gorcea_vs: raises $3 to $6
Necromadx: raises $3 to $9
gorcea_vs: calls $3
*** FLOP *** [7d 9c 6c]
Necromadx: bets $3
gorcea_vs: calls $3
*** TURN *** [7d 9c 6c] [7c]
Necromadx: bets $6
gorcea_vs: calls $6
*** RIVER *** [7d 9c 6c 7c] [Kh]
Necromadx: bets $6
gorcea_vs: raises $6 to $12
Necromadx: raises $6 to $18
gorcea_vs: folds
Uncalled bet ($6) returned to Necromadx
Necromadx collected $59.50 from pot
Necromadx: doesn't show hand
*** SUMMARY ***
Total pot $60 | Rake $0.50
Board [7d 9c 6c 7c Kh]
Seat 1: gorcea_vs (button) (small blind) folded on the River
Seat 2: Necromadx (big blind) collected ($59.50)


PokerStars Hand #146328421071:  Hold'em Limit ($3/$6 USD) - 2016/01/02 10:05:40 ET
Table 'Asmodeus' 6-max Seat #1 is the button
Seat 1: gorcea_vs ($68.35 in chips)
Seat 2: Necromadx ($129.76 in chips)
gorcea_vs: posts small blind $1
Necromadx: posts big blind $3
*** HOLE CARDS ***
gorcea_vs: raises $3 to $6
Necromadx: raises $3 to $9
gorcea_vs: raises $3 to $12
Betting is capped
Necromadx: calls $3
*** FLOP *** [Qh 2h Ts]
Necromadx: checks
gorcea_vs: bets $3
Necromadx: calls $3
*** TURN *** [Qh 2h Ts] [9h]
Necromadx: checks
gorcea_vs: bets $6
Necromadx: raises $6 to $12
gorcea_vs: raises $6 to $18
Necromadx: calls $6
*** RIVER *** [Qh 2h Ts 9h] [6s]
Necromadx: checks
musto111 joins the table at seat #3
gorcea_vs: bets $6
Necromadx: calls $6
*** SHOW DOWN ***
gorcea_vs: shows [4h 5h] (a flush, Queen high)
Necromadx: mucks hand
gorcea_vs collected $77.50 from pot
*** SUMMARY ***
Total pot $78 | Rake $0.50
Board [Qh 2h Ts 9h 6s]
Seat 1: gorcea_vs (button) (small blind) showed [4h 5h] and won ($77.50) with a flush, Queen high
Seat 2: Necromadx (big blind) mucked


PokerStars Hand #146328412567:  Hold'em Limit ($3/$6 USD) - 2016/01/02 10:05:31 ET
Table 'Asmodeus' 6-max Seat #2 is the button
Seat 1: gorcea_vs ($74.35 in chips)
Seat 2: Necromadx ($124 in chips)
Necromadx: posts small blind $1
gorcea_vs: posts big blind $3
*** HOLE CARDS ***
Necromadx: raises $3 to $6
gorcea_vs: calls $3
*** FLOP *** [Qh Ad 4c]
gorcea_vs: checks
Necromadx: bets $3
gorcea_vs: folds
Uncalled bet ($3) returned to Necromadx
Necromadx collected $11.76 from pot
Necromadx: doesn't show hand
*** SUMMARY ***
Total pot $12 | Rake $0.24
Board [Qh Ad 4c]
Seat 1: gorcea_vs (big blind) folded on the Flop
Seat 2: Necromadx (button) (small blind) collected ($11.76)


PokerStars Hand #146328407028:  Hold'em Limit ($3/$6 USD) - 2016/01/02 10:05:25 ET
Table 'Asmodeus' 6-max Seat #1 is the button
Seat 1: gorcea_vs ($71.35 in chips)
Seat 2: Necromadx ($127 in chips)
gorcea_vs: posts small blind $1
Necromadx: posts big blind $3
*** HOLE CARDS ***
gorcea_vs: raises $3 to $6
Necromadx: folds
Uncalled bet ($3) returned to gorcea_vs
gorcea_vs collected $6 from pot
gorcea_vs: doesn't show hand
*** SUMMARY ***
Total pot $6 | Rake $0
Seat 1: gorcea_vs (button) (small blind) collected ($6)
Seat 2: Necromadx (big blind) folded before Flop


PokerStars Hand #146334846875:  Hold'em Limit ($3/$6 USD) - 2016/01/02 11:55:28 ET
Table 'Asmodeus' 6-max Seat #3 is the button
Seat 3: julenchu ($67 in chips)
Seat 6: 7superpoker ($98.14 in chips)
julenchu: posts small blind $1
7superpoker: posts big blind $3
*** HOLE CARDS ***
julenchu: calls $2
7superpoker: checks
*** FLOP *** [Jd Td 6d]
7superpoker: bets $3
julenchu: raises $3 to $6
7superpoker: calls $3
*** TURN *** [Jd Td 6d] [8s]
7superpoker: checks
julenchu: bets $6
7superpoker: calls $6
*** RIVER *** [Jd Td 6d 8s] [7c]
7superpoker: bets $6
julenchu: calls $6
*** SHOW DOWN ***
7superpoker: shows [9d Kh] (a straight, Seven to Jack)
julenchu: shows [8c 9s] (a straight, Seven to Jack)
7superpoker collected $20.75 from pot
julenchu collected $20.75 from pot
*** SUMMARY ***
Total pot $42 | Rake $0.50
Board [Jd Td 6d 8s 7c]
Seat 3: julenchu (button) (small blind) showed [8c 9s] and won ($20.75) with a straight, Seven to Jack
Seat 6: 7superpoker (big blind) showed [9d Kh] and won ($20.75) with a straight, Seven to Jack


PokerStars Hand #146345279042:  Hold'em Limit ($3/$6 USD) - 2016/01/02 14:48:54 ET
Table 'Asmodeus' 6-max Seat #5 is the button
Seat 4: Xerxesklonk ($87.46 in chips)
Seat 5: julenchu ($22.99 in chips)
julenchu: posts small blind $1
PelonCabelao: is sitting out
lanford: is sitting out
Xerxesklonk: posts big blind $3
*** HOLE CARDS ***
PelonCabelao leaves the table
lanford leaves the table
julenchu: raises $3 to $6
Xerxesklonk: folds
Uncalled bet ($3) returned to julenchu
julenchu collected $6 from pot
julenchu: doesn't show hand
*** SUMMARY ***
Total pot $6 | Rake $0
Seat 4: Xerxesklonk (big blind) folded before Flop
Seat 5: julenchu (button) (small blind) collected ($6)


PokerStars Hand #146345311149:  Hold'em Limit ($3/$6 USD) - 2016/01/02 14:49:25 ET
Table 'Asmodeus' 6-max Seat #5 is the button
Seat 4: Xerxesklonk ($101.96 in chips)
Seat 5: julenchu ($7.99 in chips)
julenchu: posts small blind $1
Xerxesklonk: posts big blind $3
*** HOLE CARDS ***
julenchu: folds
Uncalled bet ($2) returned to Xerxesklonk
Xerxesklonk collected $2 from pot
Xerxesklonk: doesn't show hand
*** SUMMARY ***
Total pot $2 | Rake $0
Seat 4: Xerxesklonk (big blind) collected ($2)
Seat 5: julenchu (button) (small blind) folded before Flop


PokerStars Hand #146345289965:  Hold'em Limit ($3/$6 USD) - 2016/01/02 14:49:05 ET
Table 'Asmodeus' 6-max Seat #4 is the button
Seat 4: Xerxesklonk ($84.46 in chips)
Seat 5: julenchu ($25.99 in chips)
Xerxesklonk: posts small blind $1
julenchu: posts big blind $3
*** HOLE CARDS ***
Xerxesklonk: raises $3 to $6
julenchu: raises $3 to $9
Xerxesklonk: calls $3
*** FLOP *** [As 2d 9d]
julenchu: bets $3
Xerxesklonk: raises $3 to $6
julenchu: raises $3 to $9
Xerxesklonk: calls $3
*** TURN *** [As 2d 9d] [Tc]
julenchu: checks
Xerxesklonk: bets $6
julenchu: folds
Uncalled bet ($6) returned to Xerxesklonk
Xerxesklonk collected $35.50 from pot
Xerxesklonk: doesn't show hand
*** SUMMARY ***
Total pot $36 | Rake $0.50
Board [As 2d 9d Tc]
Seat 4: Xerxesklonk (button) (small blind) collected ($35.50)
Seat 5: julenchu (big blind) folded on the Turn


PokerStars Hand #146345316154:  Hold'em Limit ($3/$6 USD) - 2016/01/02 14:49:29 ET
Table 'Asmodeus' 6-max Seat #4 is the button
Seat 4: Xerxesklonk ($102.96 in chips)
Seat 5: julenchu ($6.99 in chips)
Xerxesklonk: posts small blind $1
julenchu: posts big blind $3
*** HOLE CARDS ***
Xerxesklonk: folds
Uncalled bet ($2) returned to julenchu
julenchu collected $2 from pot
julenchu: doesn't show hand
*** SUMMARY ***
Total pot $2 | Rake $0
Seat 4: Xerxesklonk (button) (small blind) folded before Flop
Seat 5: julenchu (big blind) collected ($2)


PokerStars Hand #146345322038:  Hold'em Limit ($3/$6 USD) - 2016/01/02 14:49:35 ET
Table 'Asmodeus' 6-max Seat #5 is the button
Seat 4: Xerxesklonk ($101.96 in chips)
Seat 5: julenchu ($7.99 in chips)
julenchu: posts small blind $1
Xerxesklonk: posts big blind $3
*** HOLE CARDS ***
julenchu: raises $3 to $6
Xerxesklonk: calls $3
*** FLOP *** [Jc 2d 2h]
Xerxesklonk: bets $3
julenchu: calls $1.99 and is all-in
Uncalled bet ($1.01) returned to Xerxesklonk
*** TURN *** [Jc 2d 2h] [9d]
*** RIVER *** [Jc 2d 2h 9d] [5s]
*** SHOW DOWN ***
Xerxesklonk: shows [Qc Tc] (a pair of Deuces)
julenchu: shows [3c 8c] (a pair of Deuces - lower kicker)
Xerxesklonk collected $15.66 from pot
*** SUMMARY ***
Total pot $15.98 | Rake $0.32
Board [Jc 2d 2h 9d 5s]
Seat 4: Xerxesklonk (big blind) showed [Qc Tc] and won ($15.66) with a pair of Deuces
Seat 5: julenchu (button) (small blind) showed [3c 8c] and lost with a pair of Deuces


