PokerStars Hand #146441315978:  Hold'em Limit ($3/$6 USD) - 2016/01/04 6:27:05 ET
Table 'Asmodeus II' 2-max Seat #1 is the button
Seat 1: kolaz03 ($72 in chips)
Seat 2: baur017017 ($38.76 in chips)
kolaz03: posts small blind $1
baur017017: posts big blind $3
*** HOLE CARDS ***
kolaz03: raises $3 to $6
baur017017: raises $3 to $9
kolaz03: calls $3
*** FLOP *** [3d 8s Jd]
baur017017: bets $3
kolaz03: calls $3
*** TURN *** [3d 8s Jd] [9c]
baur017017: checks
kolaz03: bets $6
baur017017: calls $6
*** RIVER *** [3d 8s Jd 9c] [Ac]
baur017017: checks
kolaz03: checks
*** SHOW DOWN ***
baur017017: shows [5h Qh] (high card Ace)
kolaz03: shows [2d 2h] (a pair of Deuces)
kolaz03 collected $35.50 from pot
*** SUMMARY ***
Total pot $36 | Rake $0.50
Board [3d 8s Jd 9c Ac]
Seat 1: kolaz03 (button) (small blind) showed [2d 2h] and won ($35.50) with a pair of Deuces
Seat 2: baur017017 (big blind) showed [5h Qh] and lost with high card Ace


PokerStars Hand #146441303804:  Hold'em Limit ($3/$6 USD) - 2016/01/04 6:26:43 ET
Table 'Asmodeus II' 2-max Seat #2 is the button
Seat 1: kolaz03 ($72 in chips)
Seat 2: baur017017 ($33 in chips)
baur017017: posts small blind $1
kolaz03: posts big blind $3
*** HOLE CARDS ***
baur017017: raises $3 to $6
kolaz03: calls $3
*** FLOP *** [3s Ts 8s]
kolaz03: checks
baur017017: bets $3
kolaz03: folds
Uncalled bet ($3) returned to baur017017
baur017017 collected $11.76 from pot
baur017017: doesn't show hand
*** SUMMARY ***
Total pot $12 | Rake $0.24
Board [3s Ts 8s]
Seat 1: kolaz03 (big blind) folded on the Flop
Seat 2: baur017017 (button) (small blind) collected ($11.76)


PokerStars Hand #146441334707:  Hold'em Limit ($3/$6 USD) - 2016/01/04 6:27:39 ET
Table 'Asmodeus II' 2-max Seat #2 is the button
Seat 1: kolaz03 ($89.50 in chips)
Seat 2: baur017017 ($20.76 in chips)
baur017017: posts small blind $1
kolaz03: posts big blind $3
*** HOLE CARDS ***
baur017017: raises $3 to $6
kolaz03: calls $3
*** FLOP *** [Qs 2c 5h]
kolaz03: checks
baur017017: bets $3
kolaz03: calls $3
*** TURN *** [Qs 2c 5h] [9h]
kolaz03: checks
baur017017: bets $6
kolaz03: raises $6 to $12
baur017017: calls $5.76 and is all-in
Uncalled bet ($0.24) returned to kolaz03
*** RIVER *** [Qs 2c 5h 9h] [8d]
*** SHOW DOWN ***
kolaz03: shows [3s Kc] (high card King)
baur017017: shows [Ah 4h] (high card Ace)
baur017017 collected $41.02 from pot
*** SUMMARY ***
Total pot $41.52 | Rake $0.50
Board [Qs 2c 5h 9h 8d]
Seat 1: kolaz03 (big blind) showed [3s Kc] and lost with high card King
Seat 2: baur017017 (button) (small blind) showed [Ah 4h] and won ($41.02) with high card Ace


PokerStars Hand #146441347008:  Hold'em Limit ($3/$6 USD) - 2016/01/04 6:28:02 ET
Table 'Asmodeus II' 2-max Seat #1 is the button
Seat 1: kolaz03 ($72 in chips)
Seat 2: baur017017 ($41.02 in chips)
kolaz03: posts small blind $1
baur017017: posts big blind $3
*** HOLE CARDS ***
kolaz03: raises $3 to $6
baur017017: raises $3 to $9
kolaz03: calls $3
*** FLOP *** [6s 2s Jc]
baur017017: bets $3
kolaz03: folds
Uncalled bet ($3) returned to baur017017
baur017017 collected $17.64 from pot
*** SUMMARY ***
Total pot $18 | Rake $0.36
Board [6s 2s Jc]
Seat 1: kolaz03 (button) (small blind) folded on the Flop
Seat 2: baur017017 (big blind) collected ($17.64)


PokerStars Hand #146441371546:  Hold'em Limit ($3/$6 USD) - 2016/01/04 6:28:47 ET
Table 'Asmodeus II' 2-max Seat #1 is the button
Seat 1: kolaz03 ($73 in chips)
Seat 2: baur017017 ($48.66 in chips)
kolaz03: posts small blind $1
baur017017: posts big blind $3
*** HOLE CARDS ***
kolaz03: folds
Uncalled bet ($2) returned to baur017017
baur017017 collected $2 from pot
*** SUMMARY ***
Total pot $2 | Rake $0
Seat 1: kolaz03 (button) (small blind) folded before Flop
Seat 2: baur017017 (big blind) collected ($2)


PokerStars Hand #146441367077:  Hold'em Limit ($3/$6 USD) - 2016/01/04 6:28:38 ET
Table 'Asmodeus II' 2-max Seat #2 is the button
Seat 1: kolaz03 ($72 in chips)
Seat 2: baur017017 ($49.66 in chips)
baur017017: posts small blind $1
kolaz03: posts big blind $3
*** HOLE CARDS ***
baur017017: folds
Uncalled bet ($2) returned to kolaz03
kolaz03 collected $2 from pot
kolaz03: doesn't show hand
*** SUMMARY ***
Total pot $2 | Rake $0
Seat 1: kolaz03 (big blind) collected ($2)
Seat 2: baur017017 (button) (small blind) folded before Flop


PokerStars Hand #146441388208:  Hold'em Limit ($3/$6 USD) - 2016/01/04 6:29:17 ET
Table 'Asmodeus II' 2-max Seat #1 is the button
Seat 1: kolaz03 ($89.50 in chips)
Seat 2: baur017017 ($31.66 in chips)
kolaz03: posts small blind $1
baur017017: posts big blind $3
*** HOLE CARDS ***
kolaz03: folds
Uncalled bet ($2) returned to baur017017
baur017017 collected $2 from pot
*** SUMMARY ***
Total pot $2 | Rake $0
Seat 1: kolaz03 (button) (small blind) folded before Flop
Seat 2: baur017017 (big blind) collected ($2)


PokerStars Hand #146441375414:  Hold'em Limit ($3/$6 USD) - 2016/01/04 6:28:54 ET
Table 'Asmodeus II' 2-max Seat #2 is the button
Seat 1: kolaz03 ($72 in chips)
Seat 2: baur017017 ($49.66 in chips)
baur017017: posts small blind $1
kolaz03: posts big blind $3
*** HOLE CARDS ***
baur017017: raises $3 to $6
kolaz03: calls $3
*** FLOP *** [Kc 7c 9h]
kolaz03: checks
baur017017: bets $3
kolaz03: raises $3 to $6
baur017017: calls $3
*** TURN *** [Kc 7c 9h] [Ks]
kolaz03: bets $6
baur017017: calls $6
*** RIVER *** [Kc 7c 9h Ks] [Jc]
kolaz03: bets $6
baur017017: folds
Uncalled bet ($6) returned to kolaz03
kolaz03 collected $35.50 from pot
kolaz03: doesn't show hand
*** SUMMARY ***
Total pot $36 | Rake $0.50
Board [Kc 7c 9h Ks Jc]
Seat 1: kolaz03 (big blind) collected ($35.50)
Seat 2: baur017017 (button) (small blind) folded on the River


PokerStars Hand #146441392378:  Hold'em Limit ($3/$6 USD) - 2016/01/04 6:29:24 ET
Table 'Asmodeus II' 2-max Seat #2 is the button
Seat 1: kolaz03 ($88.50 in chips)
Seat 2: baur017017 ($32.66 in chips)
baur017017: posts small blind $1
kolaz03: posts big blind $3
*** HOLE CARDS ***
baur017017: raises $3 to $6
kolaz03: calls $3
*** FLOP *** [5d 6h Qs]
kolaz03: checks
baur017017: bets $3
kolaz03: raises $3 to $6
baur017017: calls $3
*** TURN *** [5d 6h Qs] [2h]
kolaz03: bets $6
baur017017: folds
Uncalled bet ($6) returned to kolaz03
kolaz03 collected $23.52 from pot
kolaz03: doesn't show hand
*** SUMMARY ***
Total pot $24 | Rake $0.48
Board [5d 6h Qs 2h]
Seat 1: kolaz03 (big blind) collected ($23.52)
Seat 2: baur017017 (button) (small blind) folded on the Turn


PokerStars Hand #146441402738:  Hold'em Limit ($3/$6 USD) - 2016/01/04 6:29:43 ET
Table 'Asmodeus II' 2-max Seat #1 is the button
Seat 1: kolaz03 ($100.02 in chips)
Seat 2: baur017017 ($20.66 in chips)
kolaz03: posts small blind $1
baur017017: posts big blind $3
*** HOLE CARDS ***
kolaz03: raises $3 to $6
baur017017: calls $3
*** FLOP *** [2c 5d 3d]
baur017017: checks
kolaz03: checks
*** TURN *** [2c 5d 3d] [Kh]
baur017017: checks
kolaz03: checks
*** RIVER *** [2c 5d 3d Kh] [Js]
baur017017: checks
kolaz03: checks
*** SHOW DOWN ***
baur017017: shows [9c Tc] (high card King)
kolaz03: shows [7d Qs] (high card King - Queen kicker)
kolaz03 collected $11.76 from pot
*** SUMMARY ***
Total pot $12 | Rake $0.24
Board [2c 5d 3d Kh Js]
Seat 1: kolaz03 (button) (small blind) showed [7d Qs] and won ($11.76) with high card King
Seat 2: baur017017 (big blind) showed [9c Tc] and lost with high card King


PokerStars Hand #146441432729:  Hold'em Limit ($3/$6 USD) - 2016/01/04 6:30:36 ET
Table 'Asmodeus II' 2-max Seat #1 is the button
Seat 1: kolaz03 ($91.12 in chips)
Seat 2: baur017017 ($28.82 in chips)
kolaz03: posts small blind $1
baur017017: posts big blind $3
*** HOLE CARDS ***
kolaz03: raises $3 to $6
baur017017: calls $3
*** FLOP *** [6c Qs 4h]
baur017017: checks
kolaz03: bets $3
baur017017: folds
Uncalled bet ($3) returned to kolaz03
kolaz03 collected $11.76 from pot
kolaz03: doesn't show hand
*** SUMMARY ***
Total pot $12 | Rake $0.24
Board [6c Qs 4h]
Seat 1: kolaz03 (button) (small blind) collected ($11.76)
Seat 2: baur017017 (big blind) folded on the Flop


PokerStars Hand #146441415174:  Hold'em Limit ($3/$6 USD) - 2016/01/04 6:30:04 ET
Table 'Asmodeus II' 2-max Seat #2 is the button
Seat 1: kolaz03 ($105.78 in chips)
Seat 2: baur017017 ($14.66 in chips)
baur017017: posts small blind $1
kolaz03: posts big blind $3
*** HOLE CARDS ***
baur017017: raises $3 to $6
kolaz03: raises $3 to $9
baur017017: raises $3 to $12
Betting is capped
kolaz03: calls $3
*** FLOP *** [Kd Kh Jc]
kolaz03: bets $3
baur017017: calls $2.66 and is all-in
Uncalled bet ($0.34) returned to kolaz03
*** TURN *** [Kd Kh Jc] [4d]
*** RIVER *** [Kd Kh Jc 4d] [9s]
*** SHOW DOWN ***
kolaz03: shows [Ts Td] (two pair, Kings and Tens)
baur017017: shows [As Ah] (two pair, Aces and Kings)
baur017017 collected $28.82 from pot
*** SUMMARY ***
Total pot $29.32 | Rake $0.50
Board [Kd Kh Jc 4d 9s]
Seat 1: kolaz03 (big blind) showed [Ts Td] and lost with two pair, Kings and Tens
Seat 2: baur017017 (button) (small blind) showed [As Ah] and won ($28.82) with two pair, Aces and Kings


PokerStars Hand #146441441265:  Hold'em Limit ($3/$6 USD) - 2016/01/04 6:30:51 ET
Table 'Asmodeus II' 2-max Seat #2 is the button
Seat 1: kolaz03 ($96.88 in chips)
Seat 2: baur017017 ($22.82 in chips)
baur017017: posts small blind $1
kolaz03: posts big blind $3
*** HOLE CARDS ***
baur017017: folds
Uncalled bet ($2) returned to kolaz03
kolaz03 collected $2 from pot
kolaz03: doesn't show hand
*** SUMMARY ***
Total pot $2 | Rake $0
Seat 1: kolaz03 (big blind) collected ($2)
Seat 2: baur017017 (button) (small blind) folded before Flop


PokerStars Hand #146441445196:  Hold'em Limit ($3/$6 USD) - 2016/01/04 6:30:58 ET
Table 'Asmodeus II' 2-max Seat #1 is the button
Seat 1: kolaz03 ($97.88 in chips)
Seat 2: baur017017 ($21.82 in chips)
kolaz03: posts small blind $1
baur017017: posts big blind $3
*** HOLE CARDS ***
kolaz03: raises $3 to $6
baur017017: calls $3
*** FLOP *** [Kh 8h 4c]
baur017017: checks
kolaz03: bets $3
baur017017: calls $3
*** TURN *** [Kh 8h 4c] [Ah]
baur017017: checks
kolaz03: checks
*** RIVER *** [Kh 8h 4c Ah] [6d]
baur017017: checks
kolaz03: checks
*** SHOW DOWN ***
baur017017: shows [Qh 4d] (a pair of Fours)
kolaz03: mucks hand
baur017017 collected $17.64 from pot
*** SUMMARY ***
Total pot $18 | Rake $0.36
Board [Kh 8h 4c Ah 6d]
Seat 1: kolaz03 (button) (small blind) mucked
Seat 2: baur017017 (big blind) showed [Qh 4d] and won ($17.64) with a pair of Fours


PokerStars Hand #146441496305:  Hold'em Limit ($3/$6 USD) - 2016/01/04 6:32:28 ET
Table 'Asmodeus II' 2-max Seat #2 is the button
Seat 1: kolaz03 ($88.88 in chips)
Seat 2: baur017017 ($30.46 in chips)
baur017017: posts small blind $1
kolaz03: posts big blind $3
*** HOLE CARDS ***
baur017017: raises $3 to $6
kolaz03: raises $3 to $9
baur017017: raises $3 to $12
Betting is capped
kolaz03: calls $3
*** FLOP *** [Th 4d 7c]
kolaz03: checks
baur017017: bets $3
kolaz03: raises $3 to $6
baur017017: calls $3
*** TURN *** [Th 4d 7c] [3c]
kolaz03: checks
baur017017: bets $6
kolaz03: raises $6 to $12
baur017017: raises $0.46 to $12.46 and is all-in
kolaz03: calls $0.46
*** RIVER *** [Th 4d 7c 3c] [2c]
*** SHOW DOWN ***
kolaz03: shows [Js Ts] (a pair of Tens)
baur017017: shows [Ad Jh] (high card Ace)
kolaz03 collected $60.42 from pot
*** SUMMARY ***
Total pot $60.92 | Rake $0.50
Board [Th 4d 7c 3c 2c]
Seat 1: kolaz03 (big blind) showed [Js Ts] and won ($60.42) with a pair of Tens
Seat 2: baur017017 (button) (small blind) showed [Ad Jh] and lost with high card Ace


PokerStars Hand #146441563166:  Hold'em Limit ($3/$6 USD) - 2016/01/04 6:34:25 ET
Table 'Asmodeus II' 2-max Seat #1 is the button
Seat 1: kolaz03 ($118.84 in chips)
Seat 2: baur017017 ($33 in chips)
kolaz03: posts small blind $1
baur017017: posts big blind $3
*** HOLE CARDS ***
kolaz03: raises $3 to $6
baur017017: calls $3
*** FLOP *** [8c Kc As]
baur017017: checks
kolaz03: bets $3
baur017017: folds
Uncalled bet ($3) returned to kolaz03
kolaz03 collected $11.76 from pot
kolaz03: doesn't show hand
*** SUMMARY ***
Total pot $12 | Rake $0.24
Board [8c Kc As]
Seat 1: kolaz03 (button) (small blind) collected ($11.76)
Seat 2: baur017017 (big blind) folded on the Flop


PokerStars Hand #146441622604:  Hold'em Limit ($3/$6 USD) - 2016/01/04 6:36:09 ET
Table 'Asmodeus II' 2-max Seat #1 is the button
Seat 1: kolaz03 ($145.10 in chips)
Seat 2: baur017017 ($6 in chips)
kolaz03: posts small blind $1
baur017017: posts big blind $3
*** HOLE CARDS ***
kolaz03: folds
Uncalled bet ($2) returned to baur017017
baur017017 collected $2 from pot
*** SUMMARY ***
Total pot $2 | Rake $0
Seat 1: kolaz03 (button) (small blind) folded before Flop
Seat 2: baur017017 (big blind) collected ($2)


PokerStars Hand #146441576505:  Hold'em Limit ($3/$6 USD) - 2016/01/04 6:34:49 ET
Table 'Asmodeus II' 2-max Seat #2 is the button
Seat 1: kolaz03 ($124.60 in chips)
Seat 2: baur017017 ($27 in chips)
baur017017: posts small blind $1
kolaz03: posts big blind $3
*** HOLE CARDS ***
baur017017: raises $3 to $6
kolaz03: calls $3
*** FLOP *** [Qs Ad 8h]
kolaz03: checks
baur017017: bets $3
kolaz03: calls $3
*** TURN *** [Qs Ad 8h] [5s]
kolaz03: checks
baur017017: bets $6
kolaz03: raises $6 to $12
baur017017: calls $6
*** RIVER *** [Qs Ad 8h 5s] [3c]
kolaz03: bets $6
baur017017: folds
Uncalled bet ($6) returned to kolaz03
kolaz03 collected $41.50 from pot
kolaz03: doesn't show hand
*** SUMMARY ***
Total pot $42 | Rake $0.50
Board [Qs Ad 8h 5s 3c]
Seat 1: kolaz03 (big blind) collected ($41.50)
Seat 2: baur017017 (button) (small blind) folded on the River


PokerStars Hand #146441663672:  Hold'em Limit ($3/$6 USD) - 2016/01/04 6:37:21 ET
Table 'Asmodeus II' 2-max Seat #2 is the button
Seat 1: kolaz03 ($144.10 in chips)
Seat 2: baur017017 ($7 in chips)
baur017017: posts small blind $1
kolaz03: posts big blind $3
*** HOLE CARDS ***
baur017017 is disconnected
baur017017 is connected
baur017017 has timed out
baur017017: folds
Uncalled bet ($2) returned to kolaz03
kolaz03 collected $2 from pot
kolaz03: doesn't show hand
*** SUMMARY ***
Total pot $2 | Rake $0
Seat 1: kolaz03 (big blind) collected ($2)
Seat 2: baur017017 (button) (small blind) folded before Flop


PokerStars Hand #146441755393:  Hold'em Limit ($3/$6 USD) - 2016/01/04 6:40:02 ET
Table 'Asmodeus II' 2-max Seat #1 is the button
Seat 1: kolaz03 ($145.10 in chips)
Seat 2: baur017017 ($6 in chips)
kolaz03: posts small blind $1
baur017017 is disconnected
baur017017 is connected
baur017017: posts big blind $3
*** HOLE CARDS ***
kolaz03: raises $3 to $6
baur017017: calls $3 and is all-in
*** FLOP *** [Kd 2c 4d]
*** TURN *** [Kd 2c 4d] [8s]
*** RIVER *** [Kd 2c 4d 8s] [Jc]
*** SHOW DOWN ***
baur017017: shows [Qc 7d] (high card King)
kolaz03: shows [8d Jh] (two pair, Jacks and Eights)
kolaz03 collected $11.76 from pot
*** SUMMARY ***
Total pot $12 | Rake $0.24
Board [Kd 2c 4d 8s Jc]
Seat 1: kolaz03 (button) (small blind) showed [8d Jh] and won ($11.76) with two pair, Jacks and Eights
Seat 2: baur017017 (big blind) showed [Qc 7d] and lost with high card King


PokerStars Hand #146441791531:  Hold'em Limit ($3/$6 USD) - 2016/01/04 6:41:06 ET
Table 'Asmodeus II' 2-max Seat #2 is the button
Seat 1: kolaz03 ($150.86 in chips)
Seat 2: baur017017 ($33 in chips)
baur017017: posts small blind $1
kolaz03: posts big blind $3
*** HOLE CARDS ***
baur017017: raises $3 to $6
kolaz03: folds
Uncalled bet ($3) returned to baur017017
baur017017 collected $6 from pot
*** SUMMARY ***
Total pot $6 | Rake $0
Seat 1: kolaz03 (big blind) folded before Flop
Seat 2: baur017017 (button) (small blind) collected ($6)


