PokerStars Hand #167654868643:  Hold'em Limit ($3/$6 USD) - 2017/03/16 5:48:28 ET
Table 'Asmodeus' 6-max Seat #4 is the button
Seat 3: 7ardis ($69.11 in chips)
Seat 4: KIT426 ($200.86 in chips)
KIT426: posts small blind $1
7ardis: posts big blind $3
*** HOLE CARDS ***
KIT426: raises $3 to $6
7ardis: raises $3 to $9
KIT426: calls $3
*** FLOP *** [Js 6d 9h]
7ardis: bets $3
KIT426: calls $3
*** TURN *** [Js 6d 9h] [Tc]
7ardis: bets $6
KIT426: calls $6
*** RIVER *** [Js 6d 9h Tc] [Qs]
7ardis: bets $6
KIT426: calls $6
*** SHOW DOWN ***
7ardis: shows [4d Kd] (a straight, Nine to King)
KIT426: mucks hand
7ardis collected $47.50 from pot
*** SUMMARY ***
Total pot $48 | Rake $0.50
Board [Js 6d 9h Tc Qs]
Seat 3: 7ardis (big blind) showed [4d Kd] and won ($47.50) with a straight, Nine to King
Seat 4: KIT426 (button) (small blind) mucked


PokerStars Hand #167654884268:  Hold'em Limit ($3/$6 USD) - 2017/03/16 5:49:11 ET
Table 'Asmodeus' 6-max Seat #4 is the button
Seat 3: 7ardis ($94.37 in chips)
Seat 4: KIT426 ($174.86 in chips)
KIT426: posts small blind $1
7ardis: posts big blind $3
*** HOLE CARDS ***
KIT426: raises $3 to $6
7ardis: calls $3
*** FLOP *** [9d 9s 9c]
7ardis: checks
KIT426: bets $3
7ardis: calls $3
*** TURN *** [9d 9s 9c] [Qh]
7ardis: checks
KIT426: bets $6
7ardis: folds
Uncalled bet ($6) returned to KIT426
KIT426 collected $17.64 from pot
*** SUMMARY ***
Total pot $18 | Rake $0.36
Board [9d 9s 9c Qh]
Seat 3: 7ardis (big blind) folded on the Turn
Seat 4: KIT426 (button) (small blind) collected ($17.64)


PokerStars Hand #167654888912:  Hold'em Limit ($3/$6 USD) - 2017/03/16 5:49:24 ET
Table 'Asmodeus' 6-max Seat #3 is the button
Seat 3: 7ardis ($85.37 in chips)
Seat 4: KIT426 ($183.50 in chips)
7ardis: posts small blind $1
KIT426: posts big blind $3
*** HOLE CARDS ***
7ardis: raises $3 to $6
KIT426: folds
Uncalled bet ($3) returned to 7ardis
7ardis collected $6 from pot
7ardis: doesn't show hand
*** SUMMARY ***
Total pot $6 | Rake $0
Seat 3: 7ardis (button) (small blind) collected ($6)
Seat 4: KIT426 (big blind) folded before Flop


PokerStars Hand #167654882177:  Hold'em Limit ($3/$6 USD) - 2017/03/16 5:49:06 ET
Table 'Asmodeus' 6-max Seat #3 is the button
Seat 3: 7ardis ($95.37 in chips)
Seat 4: KIT426 ($173.86 in chips)
7ardis: posts small blind $1
KIT426: posts big blind $3
*** HOLE CARDS ***
7ardis: folds
Uncalled bet ($2) returned to KIT426
KIT426 collected $2 from pot
*** SUMMARY ***
Total pot $2 | Rake $0
Seat 3: 7ardis (button) (small blind) folded before Flop
Seat 4: KIT426 (big blind) collected ($2)


PokerStars Hand #167654879343:  Hold'em Limit ($3/$6 USD) - 2017/03/16 5:48:58 ET
Table 'Asmodeus' 6-max Seat #4 is the button
Seat 3: 7ardis ($98.37 in chips)
Seat 4: KIT426 ($170.86 in chips)
KIT426: posts small blind $1
7ardis: posts big blind $3
*** HOLE CARDS ***
KIT426: raises $3 to $6
7ardis: folds
Uncalled bet ($3) returned to KIT426
KIT426 collected $6 from pot
*** SUMMARY ***
Total pot $6 | Rake $0
Seat 3: 7ardis (big blind) folded before Flop
Seat 4: KIT426 (button) (small blind) collected ($6)


PokerStars Hand #167654891999:  Hold'em Limit ($3/$6 USD) - 2017/03/16 5:49:33 ET
Table 'Asmodeus' 6-max Seat #4 is the button
Seat 3: 7ardis ($88.37 in chips)
Seat 4: KIT426 ($180.50 in chips)
KIT426: posts small blind $1
7ardis: posts big blind $3
*** HOLE CARDS ***
KIT426: calls $2
7ardis: checks
*** FLOP *** [Tc 6s 7h]
7ardis: bets $3
KIT426: folds
Uncalled bet ($3) returned to 7ardis
7ardis collected $5.88 from pot
7ardis: doesn't show hand
*** SUMMARY ***
Total pot $6 | Rake $0.12
Board [Tc 6s 7h]
Seat 3: 7ardis (big blind) collected ($5.88)
Seat 4: KIT426 (button) (small blind) folded on the Flop


PokerStars Hand #167654875380:  Hold'em Limit ($3/$6 USD) - 2017/03/16 5:48:47 ET
Table 'Asmodeus' 6-max Seat #3 is the button
Seat 3: 7ardis ($92.61 in chips)
Seat 4: KIT426 ($176.86 in chips)
7ardis: posts small blind $1
KIT426: posts big blind $3
*** HOLE CARDS ***
7ardis: raises $3 to $6
KIT426: calls $3
*** FLOP *** [4d Jc Td]
KIT426: checks
7ardis: bets $3
KIT426: folds
Uncalled bet ($3) returned to 7ardis
7ardis collected $11.76 from pot
7ardis: doesn't show hand
*** SUMMARY ***
Total pot $12 | Rake $0.24
Board [4d Jc Td]
Seat 3: 7ardis (button) (small blind) collected ($11.76)
Seat 4: KIT426 (big blind) folded on the Flop


PokerStars Hand #167654896332:  Hold'em Limit ($3/$6 USD) - 2017/03/16 5:49:45 ET
Table 'Asmodeus' 6-max Seat #3 is the button
Seat 3: 7ardis ($91.25 in chips)
Seat 4: KIT426 ($177.50 in chips)
7ardis: posts small blind $1
KIT426: posts big blind $3
*** HOLE CARDS ***
7ardis: raises $3 to $6
KIT426: calls $3
*** FLOP *** [4s Jc Js]
Fantomet joins the table at seat #5
KIT426: checks
7ardis: checks
*** TURN *** [4s Jc Js] [2h]
KIT426: bets $6
7ardis: folds
Uncalled bet ($6) returned to KIT426
KIT426 collected $11.76 from pot
*** SUMMARY ***
Total pot $12 | Rake $0.24
Board [4s Jc Js 2h]
Seat 3: 7ardis (button) (small blind) folded on the Turn
Seat 4: KIT426 (big blind) collected ($11.76)


PokerStars Hand #167655553843:  Hold'em Limit ($3/$6 USD) - 2017/03/16 6:19:28 ET
Table 'Asmodeus' 6-max Seat #4 is the button
Seat 3: 7ardis ($76.90 in chips)
Seat 4: KIT426 ($203.13 in chips)
KIT426: posts small blind $1
7ardis: posts big blind $3
*** HOLE CARDS ***
KIT426: folds
Uncalled bet ($2) returned to 7ardis
7ardis collected $2 from pot
7ardis: doesn't show hand
*** SUMMARY ***
Total pot $2 | Rake $0
Seat 3: 7ardis (big blind) collected ($2)
Seat 4: KIT426 (button) (small blind) folded before Flop


PokerStars Hand #167655549527:  Hold'em Limit ($3/$6 USD) - 2017/03/16 6:19:17 ET
Table 'Asmodeus' 6-max Seat #3 is the button
Seat 3: 7ardis ($85.90 in chips)
Seat 4: KIT426 ($194.49 in chips)
7ardis: posts small blind $1
KIT426: posts big blind $3
*** HOLE CARDS ***
7ardis: raises $3 to $6
sanman07 leaves the table
KIT426: calls $3
*** FLOP *** [6c 5h 9s]
KIT426: checks
7ardis: bets $3
KIT426: raises $3 to $6
7ardis: folds
Uncalled bet ($3) returned to KIT426
KIT426 collected $17.64 from pot
*** SUMMARY ***
Total pot $18 | Rake $0.36
Board [6c 5h 9s]
Seat 3: 7ardis (button) (small blind) folded on the Flop
Seat 4: KIT426 (big blind) collected ($17.64)


PokerStars Hand #167655555872:  Hold'em Limit ($3/$6 USD) - 2017/03/16 6:19:33 ET
Table 'Asmodeus' 6-max Seat #3 is the button
Seat 3: 7ardis ($77.90 in chips)
Seat 4: KIT426 ($202.13 in chips)
7ardis: posts small blind $1
KIT426: posts big blind $3
*** HOLE CARDS ***
7ardis: raises $3 to $6
KIT426: calls $3
*** FLOP *** [3d 6c Js]
KIT426: checks
7ardis: bets $3
KIT426: calls $3
*** TURN *** [3d 6c Js] [2s]
KIT426: checks
7ardis: bets $6
KIT426: calls $6
*** RIVER *** [3d 6c Js 2s] [Tc]
KIT426: checks
7ardis: bets $6
KIT426: calls $6
*** SHOW DOWN ***
7ardis: shows [Ah 4d] (high card Ace)
KIT426: shows [As 6h] (a pair of Sixes)
KIT426 collected $41.50 from pot
*** SUMMARY ***
Total pot $42 | Rake $0.50
Board [3d 6c Js 2s Tc]
Seat 3: 7ardis (button) (small blind) showed [Ah 4d] and lost with high card Ace
Seat 4: KIT426 (big blind) showed [As 6h] and won ($41.50) with a pair of Sixes


PokerStars Hand #167655567213:  Hold'em Limit ($3/$6 USD) - 2017/03/16 6:20:03 ET
Table 'Asmodeus' 6-max Seat #3 is the button
Seat 3: 7ardis ($38.90 in chips)
Seat 4: KIT426 ($240.13 in chips)
7ardis: posts small blind $1
KIT426: posts big blind $3
*** HOLE CARDS ***
7ardis: folds
Uncalled bet ($2) returned to KIT426
KIT426 collected $2 from pot
*** SUMMARY ***
Total pot $2 | Rake $0
Seat 3: 7ardis (button) (small blind) folded before Flop
Seat 4: KIT426 (big blind) collected ($2)


PokerStars Hand #167655562058:  Hold'em Limit ($3/$6 USD) - 2017/03/16 6:19:49 ET
Table 'Asmodeus' 6-max Seat #4 is the button
Seat 3: 7ardis ($56.90 in chips)
Seat 4: KIT426 ($222.63 in chips)
KIT426: posts small blind $1
Fabulous108 was removed from the table for failing to post
7ardis: posts big blind $3
*** HOLE CARDS ***
KIT426: calls $2
7ardis: checks
*** FLOP *** [2c 6d 3s]
7ardis: bets $3
KIT426: calls $3
*** TURN *** [2c 6d 3s] [Ks]
7ardis: bets $6
KIT426: calls $6
*** RIVER *** [2c 6d 3s Ks] [Kc]
7ardis: bets $6
KIT426: calls $6
*** SHOW DOWN ***
7ardis: shows [Ts 3c] (two pair, Kings and Threes)
KIT426: shows [Ah 6c] (two pair, Kings and Sixes)
KIT426 collected $35.50 from pot
*** SUMMARY ***
Total pot $36 | Rake $0.50
Board [2c 6d 3s Ks Kc]
Seat 3: 7ardis (big blind) showed [Ts 3c] and lost with two pair, Kings and Threes
Seat 4: KIT426 (button) (small blind) showed [Ah 6c] and won ($35.50) with two pair, Kings and Sixes


