PokerStars Hand #163200371999:  Hold'em Limit ($3/$6 USD) - 2016/12/19 13:48:30 ET
Table 'Aspasia' 6-max Seat #4 is the button
Seat 3: Junsku ($127.71 in chips)
Seat 4: AzureCaper ($83.50 in chips)
AzureCaper: posts small blind $1
Junsku: posts big blind $3
*** HOLE CARDS ***
AzureCaper: folds
Uncalled bet ($2) returned to Junsku
Junsku collected $2 from pot
Junsku: doesn't show hand
*** SUMMARY ***
Total pot $2 | Rake $0
Seat 3: Junsku (big blind) collected ($2)
Seat 4: AzureCaper (button) (small blind) folded before Flop


PokerStars Hand #163200355878:  Hold'em Limit ($3/$6 USD) - 2016/12/19 13:48:13 ET
Table 'Aspasia' 6-max Seat #3 is the button
Seat 3: Junsku ($121.95 in chips)
Seat 4: AzureCaper ($89.50 in chips)
Junsku: posts small blind $1
AzureCaper: posts big blind $3
*** HOLE CARDS ***
Junsku: raises $3 to $6
AzureCaper: calls $3
*** FLOP *** [Th Qc Ad]
AzureCaper: checks
Junsku: bets $3
AzureCaper: folds
Uncalled bet ($3) returned to Junsku
Junsku collected $11.76 from pot
Junsku: doesn't show hand
*** SUMMARY ***
Total pot $12 | Rake $0.24
Board [Th Qc Ad]
Seat 3: Junsku (button) (small blind) collected ($11.76)
Seat 4: AzureCaper (big blind) folded on the Flop


PokerStars Hand #163200348310:  Hold'em Limit ($3/$6 USD) - 2016/12/19 13:48:05 ET
Table 'Aspasia' 6-max Seat #4 is the button
Seat 3: Junsku ($124.95 in chips)
Seat 4: AzureCaper ($86.50 in chips)
AzureCaper: posts small blind $1
Junsku: posts big blind $3
*** HOLE CARDS ***
AzureCaper: raises $3 to $6
Junsku: folds
Uncalled bet ($3) returned to AzureCaper
AzureCaper collected $6 from pot
AzureCaper: doesn't show hand
*** SUMMARY ***
Total pot $6 | Rake $0
Seat 3: Junsku (big blind) folded before Flop
Seat 4: AzureCaper (button) (small blind) collected ($6)


PokerStars Hand #163200343552:  Hold'em Limit ($3/$6 USD) - 2016/12/19 13:48:00 ET
Table 'Aspasia' 6-max Seat #3 is the button
Seat 3: Junsku ($125.95 in chips)
Seat 4: AzureCaper ($85.50 in chips)
Junsku: posts small blind $1
AzureCaper: posts big blind $3
*** HOLE CARDS ***
Junsku: folds
Uncalled bet ($2) returned to AzureCaper
AzureCaper collected $2 from pot
AzureCaper: doesn't show hand
*** SUMMARY ***
Total pot $2 | Rake $0
Seat 3: Junsku (button) (small blind) folded before Flop
Seat 4: AzureCaper (big blind) collected ($2)


PokerStars Hand #163200333998:  Hold'em Limit ($3/$6 USD) - 2016/12/19 13:47:50 ET
Table 'Aspasia' 6-max Seat #4 is the button
Seat 3: Junsku ($124.95 in chips)
Seat 4: AzureCaper ($86.50 in chips)
AzureCaper: posts small blind $1
Junsku: posts big blind $3
*** HOLE CARDS ***
AzureCaper: folds
Uncalled bet ($2) returned to Junsku
Junsku collected $2 from pot
Junsku: doesn't show hand
*** SUMMARY ***
Total pot $2 | Rake $0
Seat 3: Junsku (big blind) collected ($2)
Seat 4: AzureCaper (button) (small blind) folded before Flop


PokerStars Hand #163200312136:  Hold'em Limit ($3/$6 USD) - 2016/12/19 13:47:26 ET
Table 'Aspasia' 6-max Seat #3 is the button
Seat 3: Junsku ($139.95 in chips)
Seat 4: AzureCaper ($72 in chips)
Junsku: posts small blind $1
AzureCaper: posts big blind $3
*** HOLE CARDS ***
Junsku: raises $3 to $6
AzureCaper: calls $3
*** FLOP *** [Ac 9s 9c]
AzureCaper: checks
Junsku: bets $3
AzureCaper: calls $3
*** TURN *** [Ac 9s 9c] [Jh]
AzureCaper: checks
Junsku: checks
*** RIVER *** [Ac 9s 9c Jh] [4h]
AzureCaper: bets $6
Junsku: calls $6
*** SHOW DOWN ***
AzureCaper: shows [Qs Jd] (two pair, Jacks and Nines)
Junsku: mucks hand
AzureCaper collected $29.50 from pot
*** SUMMARY ***
Total pot $30 | Rake $0.50
Board [Ac 9s 9c Jh 4h]
Seat 3: Junsku (button) (small blind) mucked
Seat 4: AzureCaper (big blind) showed [Qs Jd] and won ($29.50) with two pair, Jacks and Nines


PokerStars Hand #163200507554:  Hold'em Limit ($3/$6 USD) - 2016/12/19 13:50:55 ET
Table 'Aspasia' 6-max Seat #4 is the button
Seat 3: Junsku ($133.37 in chips)
Seat 4: AzureCaper ($89.14 in chips)
AzureCaper: posts small blind $1
Junsku: posts big blind $3
*** HOLE CARDS ***
AzureCaper: raises $3 to $6
Junsku: folds
Uncalled bet ($3) returned to AzureCaper
AzureCaper collected $6 from pot
AzureCaper: doesn't show hand
*** SUMMARY ***
Total pot $6 | Rake $0
Seat 3: Junsku (big blind) folded before Flop
Seat 4: AzureCaper (button) (small blind) collected ($6)


PokerStars Hand #163200492520:  Hold'em Limit ($3/$6 USD) - 2016/12/19 13:50:39 ET
Table 'Aspasia' 6-max Seat #3 is the button
Seat 3: Junsku ($127.61 in chips)
Seat 4: AzureCaper ($95.14 in chips)
Junsku: posts small blind $1
AzureCaper: posts big blind $3
*** HOLE CARDS ***
Junsku: raises $3 to $6
AzureCaper: calls $3
*** FLOP *** [4h Tc Ts]
AzureCaper: checks
Junsku: checks
*** TURN *** [4h Tc Ts] [8s]
AzureCaper: checks
Junsku: bets $6
AzureCaper: folds
Uncalled bet ($6) returned to Junsku
Junsku collected $11.76 from pot
Junsku: doesn't show hand
*** SUMMARY ***
Total pot $12 | Rake $0.24
Board [4h Tc Ts 8s]
Seat 3: Junsku (button) (small blind) collected ($11.76)
Seat 4: AzureCaper (big blind) folded on the Turn


PokerStars Hand #163200485903:  Hold'em Limit ($3/$6 USD) - 2016/12/19 13:50:32 ET
Table 'Aspasia' 6-max Seat #4 is the button
Seat 3: Junsku ($130.61 in chips)
Seat 4: AzureCaper ($92.14 in chips)
AzureCaper: posts small blind $1
Junsku: posts big blind $3
*** HOLE CARDS ***
AzureCaper: raises $3 to $6
Junsku: folds
Uncalled bet ($3) returned to AzureCaper
AzureCaper collected $6 from pot
AzureCaper: doesn't show hand
*** SUMMARY ***
Total pot $6 | Rake $0
Seat 3: Junsku (big blind) folded before Flop
Seat 4: AzureCaper (button) (small blind) collected ($6)


PokerStars Hand #163200474076:  Hold'em Limit ($3/$6 USD) - 2016/12/19 13:50:19 ET
Table 'Aspasia' 6-max Seat #3 is the button
Seat 3: Junsku ($124.85 in chips)
Seat 4: AzureCaper ($98.14 in chips)
Junsku: posts small blind $1
AzureCaper: posts big blind $3
*** HOLE CARDS ***
Junsku: raises $3 to $6
AzureCaper: calls $3
*** FLOP *** [Qs 6d 9d]
AzureCaper: checks
Junsku: bets $3
AzureCaper: folds
Uncalled bet ($3) returned to Junsku
Junsku collected $11.76 from pot
Junsku: doesn't show hand
*** SUMMARY ***
Total pot $12 | Rake $0.24
Board [Qs 6d 9d]
Seat 3: Junsku (button) (small blind) collected ($11.76)
Seat 4: AzureCaper (big blind) folded on the Flop


PokerStars Hand #163200447483:  Hold'em Limit ($3/$6 USD) - 2016/12/19 13:49:51 ET
Table 'Aspasia' 6-max Seat #4 is the button
Seat 3: Junsku ($142.85 in chips)
Seat 4: AzureCaper ($80.64 in chips)
AzureCaper: posts small blind $1
Junsku: posts big blind $3
*** HOLE CARDS ***
AzureCaper: raises $3 to $6
Junsku: calls $3
*** FLOP *** [Qh 2h Jd]
Junsku: bets $3
AzureCaper: raises $3 to $6
Junsku: calls $3
*** TURN *** [Qh 2h Jd] [9c]
Junsku: checks
AzureCaper: bets $6
Junsku: calls $6
*** RIVER *** [Qh 2h Jd 9c] [7s]
Junsku: checks
AzureCaper: checks
*** SHOW DOWN ***
Junsku: shows [8d Kh] (high card King)
AzureCaper: shows [Td 9s] (a pair of Nines)
AzureCaper collected $35.50 from pot
*** SUMMARY ***
Total pot $36 | Rake $0.50
Board [Qh 2h Jd 9c 7s]
Seat 3: Junsku (big blind) showed [8d Kh] and lost with high card King
Seat 4: AzureCaper (button) (small blind) showed [Td 9s] and won ($35.50) with a pair of Nines


PokerStars Hand #163200377271:  Hold'em Limit ($3/$6 USD) - 2016/12/19 13:48:36 ET
Table 'Aspasia' 6-max Seat #3 is the button
Seat 3: Junsku ($128.71 in chips)
Seat 4: AzureCaper ($82.50 in chips)
Junsku: posts small blind $1
AzureCaper: posts big blind $3
*** HOLE CARDS ***
Junsku: raises $3 to $6
AzureCaper: calls $3
*** FLOP *** [Kh 3c 3h]
AzureCaper: checks
Junsku: bets $3
AzureCaper: calls $3
*** TURN *** [Kh 3c 3h] [Ad]
AzureCaper: checks
Junsku: bets $6
AzureCaper: calls $6
*** RIVER *** [Kh 3c 3h Ad] [6c]
AzureCaper: checks
Junsku: bets $6
AzureCaper: folds
Uncalled bet ($6) returned to Junsku
Junsku collected $29.50 from pot
Junsku: doesn't show hand
*** SUMMARY ***
Total pot $30 | Rake $0.50
Board [Kh 3c 3h Ad 6c]
Seat 3: Junsku (button) (small blind) collected ($29.50)
Seat 4: AzureCaper (big blind) folded on the River


PokerStars Hand #163200405813:  Hold'em Limit ($3/$6 USD) - 2016/12/19 13:49:06 ET
Table 'Aspasia' 6-max Seat #4 is the button
Seat 3: Junsku ($143.21 in chips)
Seat 4: AzureCaper ($72 in chips)
AzureCaper: posts small blind $1
Junsku: posts big blind $3
*** HOLE CARDS ***
AzureCaper: raises $3 to $6
Junsku: raises $3 to $9
AzureCaper: calls $3
*** FLOP *** [7c Qh Ts]
Junsku: bets $3
AzureCaper: folds
Uncalled bet ($3) returned to Junsku
Junsku collected $17.64 from pot
Junsku: doesn't show hand
*** SUMMARY ***
Total pot $18 | Rake $0.36
Board [7c Qh Ts]
Seat 3: Junsku (big blind) collected ($17.64)
Seat 4: AzureCaper (button) (small blind) folded on the Flop


PokerStars Hand #163200560670:  Hold'em Limit ($3/$6 USD) - 2016/12/19 13:51:52 ET
Table 'Aspasia' 6-max Seat #4 is the button
Seat 3: Junsku ($146.87 in chips)
Seat 4: AzureCaper ($75.14 in chips)
AzureCaper: posts small blind $1
Junsku: posts big blind $3
*** HOLE CARDS ***
AzureCaper: folds
Uncalled bet ($2) returned to Junsku
Junsku collected $2 from pot
Junsku: doesn't show hand
*** SUMMARY ***
Total pot $2 | Rake $0
Seat 3: Junsku (big blind) collected ($2)
Seat 4: AzureCaper (button) (small blind) folded before Flop


PokerStars Hand #163200555497:  Hold'em Limit ($3/$6 USD) - 2016/12/19 13:51:46 ET
Table 'Aspasia' 6-max Seat #3 is the button
Seat 3: Junsku ($147.87 in chips)
Seat 4: AzureCaper ($74.14 in chips)
Junsku: posts small blind $1
AzureCaper: posts big blind $3
*** HOLE CARDS ***
Junsku: folds
Uncalled bet ($2) returned to AzureCaper
AzureCaper collected $2 from pot
AzureCaper: doesn't show hand
*** SUMMARY ***
Total pot $2 | Rake $0
Seat 3: Junsku (button) (small blind) folded before Flop
Seat 4: AzureCaper (big blind) collected ($2)


PokerStars Hand #163200533752:  Hold'em Limit ($3/$6 USD) - 2016/12/19 13:51:23 ET
Table 'Aspasia' 6-max Seat #4 is the button
Seat 3: Junsku ($133.37 in chips)
Seat 4: AzureCaper ($89.14 in chips)
AzureCaper: posts small blind $1
Junsku: posts big blind $3
*** HOLE CARDS ***
AzureCaper: raises $3 to $6
Junsku: calls $3
*** FLOP *** [6c Kh 5c]
Junsku: checks
AzureCaper: bets $3
Junsku: calls $3
*** TURN *** [6c Kh 5c] [Ah]
Junsku: checks
AzureCaper: bets $6
Junsku: calls $6
*** RIVER *** [6c Kh 5c Ah] [9h]
Junsku: checks
AzureCaper: checks
*** SHOW DOWN ***
Junsku: shows [4d Kc] (a pair of Kings)
AzureCaper: mucks hand
Junsku collected $29.50 from pot
*** SUMMARY ***
Total pot $30 | Rake $0.50
Board [6c Kh 5c Ah 9h]
Seat 3: Junsku (big blind) showed [4d Kc] and won ($29.50) with a pair of Kings
Seat 4: AzureCaper (button) (small blind) mucked


PokerStars Hand #163200524203:  Hold'em Limit ($3/$6 USD) - 2016/12/19 13:51:13 ET
Table 'Aspasia' 6-max Seat #3 is the button
Seat 3: Junsku ($130.37 in chips)
Seat 4: AzureCaper ($92.14 in chips)
Junsku: posts small blind $1
AzureCaper: posts big blind $3
*** HOLE CARDS ***
Junsku: raises $3 to $6
AzureCaper: folds
Uncalled bet ($3) returned to Junsku
Junsku collected $6 from pot
Junsku: doesn't show hand
*** SUMMARY ***
Total pot $6 | Rake $0
Seat 3: Junsku (button) (small blind) collected ($6)
Seat 4: AzureCaper (big blind) folded before Flop


PokerStars Hand #163200518686:  Hold'em Limit ($3/$6 USD) - 2016/12/19 13:51:07 ET
Table 'Aspasia' 6-max Seat #4 is the button
Seat 3: Junsku ($129.37 in chips)
Seat 4: AzureCaper ($93.14 in chips)
AzureCaper: posts small blind $1
Junsku: posts big blind $3
*** HOLE CARDS ***
AzureCaper: folds
Uncalled bet ($2) returned to Junsku
Junsku collected $2 from pot
Junsku: doesn't show hand
*** SUMMARY ***
Total pot $2 | Rake $0
Seat 3: Junsku (big blind) collected ($2)
Seat 4: AzureCaper (button) (small blind) folded before Flop


PokerStars Hand #163200600201:  Hold'em Limit ($3/$6 USD) - 2016/12/19 13:52:34 ET
Table 'Aspasia' 6-max Seat #3 is the button
Seat 3: Junsku ($151.87 in chips)
Seat 4: AzureCaper ($72 in chips)
Junsku: posts small blind $1
AzureCaper: posts big blind $3
*** HOLE CARDS ***
Junsku: raises $3 to $6
AzureCaper: calls $3
*** FLOP *** [Ac 9h 6c]
AzureCaper: checks
Junsku: bets $3
AzureCaper: calls $3
*** TURN *** [Ac 9h 6c] [9c]
AzureCaper: checks
Junsku: bets $6
AzureCaper: folds
Uncalled bet ($6) returned to Junsku
Junsku collected $17.64 from pot
Junsku: doesn't show hand
*** SUMMARY ***
Total pot $18 | Rake $0.36
Board [Ac 9h 6c 9c]
Seat 3: Junsku (button) (small blind) collected ($17.64)
Seat 4: AzureCaper (big blind) folded on the Turn


PokerStars Hand #163200594634:  Hold'em Limit ($3/$6 USD) - 2016/12/19 13:52:28 ET
Table 'Aspasia' 6-max Seat #4 is the button
Seat 3: Junsku ($150.87 in chips)
Seat 4: AzureCaper ($73 in chips)
AzureCaper: posts small blind $1
Junsku: posts big blind $3
*** HOLE CARDS ***
AzureCaper: folds
Uncalled bet ($2) returned to Junsku
Junsku collected $2 from pot
Junsku: doesn't show hand
*** SUMMARY ***
Total pot $2 | Rake $0
Seat 3: Junsku (big blind) collected ($2)
Seat 4: AzureCaper (button) (small blind) folded before Flop


PokerStars Hand #163200589759:  Hold'em Limit ($3/$6 USD) - 2016/12/19 13:52:23 ET
Table 'Aspasia' 6-max Seat #3 is the button
Seat 3: Junsku ($151.87 in chips)
Seat 4: AzureCaper ($72 in chips)
Junsku: posts small blind $1
AzureCaper: posts big blind $3
*** HOLE CARDS ***
Junsku: folds
Uncalled bet ($2) returned to AzureCaper
AzureCaper collected $2 from pot
AzureCaper: doesn't show hand
*** SUMMARY ***
Total pot $2 | Rake $0
Seat 3: Junsku (button) (small blind) folded before Flop
Seat 4: AzureCaper (big blind) collected ($2)


PokerStars Hand #163200581799:  Hold'em Limit ($3/$6 USD) - 2016/12/19 13:52:14 ET
Table 'Aspasia' 6-max Seat #4 is the button
Seat 3: Junsku ($150.87 in chips)
Seat 4: AzureCaper ($73 in chips)
AzureCaper: posts small blind $1
Junsku: posts big blind $3
*** HOLE CARDS ***
AzureCaper: folds
Uncalled bet ($2) returned to Junsku
Junsku collected $2 from pot
Junsku: doesn't show hand
*** SUMMARY ***
Total pot $2 | Rake $0
Seat 3: Junsku (big blind) collected ($2)
Seat 4: AzureCaper (button) (small blind) folded before Flop


PokerStars Hand #163200577193:  Hold'em Limit ($3/$6 USD) - 2016/12/19 13:52:09 ET
Table 'Aspasia' 6-max Seat #3 is the button
Seat 3: Junsku ($151.87 in chips)
Seat 4: AzureCaper ($72 in chips)
Junsku: posts small blind $1
AzureCaper: posts big blind $3
*** HOLE CARDS ***
Junsku: folds
Uncalled bet ($2) returned to AzureCaper
AzureCaper collected $2 from pot
AzureCaper: doesn't show hand
*** SUMMARY ***
Total pot $2 | Rake $0
Seat 3: Junsku (button) (small blind) folded before Flop
Seat 4: AzureCaper (big blind) collected ($2)


PokerStars Hand #163200572519:  Hold'em Limit ($3/$6 USD) - 2016/12/19 13:52:04 ET
Table 'Aspasia' 6-max Seat #4 is the button
Seat 3: Junsku ($150.87 in chips)
Seat 4: AzureCaper ($72 in chips)
AzureCaper: posts small blind $1
Junsku: posts big blind $3
*** HOLE CARDS ***
AzureCaper: folds
Uncalled bet ($2) returned to Junsku
Junsku collected $2 from pot
Junsku: doesn't show hand
*** SUMMARY ***
Total pot $2 | Rake $0
Seat 3: Junsku (big blind) collected ($2)
Seat 4: AzureCaper (button) (small blind) folded before Flop


PokerStars Hand #163200565363:  Hold'em Limit ($3/$6 USD) - 2016/12/19 13:51:57 ET
Table 'Aspasia' 6-max Seat #3 is the button
Seat 3: Junsku ($147.87 in chips)
Seat 4: AzureCaper ($74.14 in chips)
Junsku: posts small blind $1
AzureCaper: posts big blind $3
*** HOLE CARDS ***
Junsku: raises $3 to $6
AzureCaper: folds
Uncalled bet ($3) returned to Junsku
Junsku collected $6 from pot
Junsku: doesn't show hand
*** SUMMARY ***
Total pot $6 | Rake $0
Seat 3: Junsku (button) (small blind) collected ($6)
Seat 4: AzureCaper (big blind) folded before Flop


PokerStars Hand #163200721406:  Hold'em Limit ($3/$6 USD) - 2016/12/19 13:54:45 ET
Table 'Aspasia' 6-max Seat #3 is the button
Seat 3: Junsku ($148.67 in chips)
Seat 4: AzureCaper ($94.26 in chips)
Junsku: posts small blind $1
AzureCaper: posts big blind $3
*** HOLE CARDS ***
Junsku: raises $3 to $6
AzureCaper: folds
Uncalled bet ($3) returned to Junsku
Junsku collected $6 from pot
Junsku: doesn't show hand
*** SUMMARY ***
Total pot $6 | Rake $0
Seat 3: Junsku (button) (small blind) collected ($6)
Seat 4: AzureCaper (big blind) folded before Flop


PokerStars Hand #163200710206:  Hold'em Limit ($3/$6 USD) - 2016/12/19 13:54:33 ET
Table 'Aspasia' 6-max Seat #4 is the button
Seat 3: Junsku ($140.03 in chips)
Seat 4: AzureCaper ($103.26 in chips)
AzureCaper: posts small blind $1
Junsku: posts big blind $3
*** HOLE CARDS ***
AzureCaper: raises $3 to $6
Junsku: raises $3 to $9
AzureCaper: calls $3
*** FLOP *** [Js 2h 8h]
Junsku: bets $3
AzureCaper: folds
Uncalled bet ($3) returned to Junsku
Junsku collected $17.64 from pot
Junsku: doesn't show hand
*** SUMMARY ***
Total pot $18 | Rake $0.36
Board [Js 2h 8h]
Seat 3: Junsku (big blind) collected ($17.64)
Seat 4: AzureCaper (button) (small blind) folded on the Flop


PokerStars Hand #163200705760:  Hold'em Limit ($3/$6 USD) - 2016/12/19 13:54:28 ET
Table 'Aspasia' 6-max Seat #3 is the button
Seat 3: Junsku ($141.03 in chips)
Seat 4: AzureCaper ($102.26 in chips)
Junsku: posts small blind $1
AzureCaper: posts big blind $3
*** HOLE CARDS ***
Junsku: folds
Uncalled bet ($2) returned to AzureCaper
AzureCaper collected $2 from pot
AzureCaper: doesn't show hand
*** SUMMARY ***
Total pot $2 | Rake $0
Seat 3: Junsku (button) (small blind) folded before Flop
Seat 4: AzureCaper (big blind) collected ($2)


PokerStars Hand #163200692621:  Hold'em Limit ($3/$6 USD) - 2016/12/19 13:54:14 ET
Table 'Aspasia' 6-max Seat #4 is the button
Seat 3: Junsku ($147.03 in chips)
Seat 4: AzureCaper ($96.50 in chips)
AzureCaper: posts small blind $1
Junsku: posts big blind $3
*** HOLE CARDS ***
AzureCaper: raises $3 to $6
Junsku: calls $3
*** FLOP *** [9s Th 9h]
Junsku: checks
AzureCaper: bets $3
Junsku: folds
Uncalled bet ($3) returned to AzureCaper
AzureCaper collected $11.76 from pot
AzureCaper: doesn't show hand
*** SUMMARY ***
Total pot $12 | Rake $0.24
Board [9s Th 9h]
Seat 3: Junsku (big blind) folded on the Flop
Seat 4: AzureCaper (button) (small blind) collected ($11.76)


PokerStars Hand #163200686571:  Hold'em Limit ($3/$6 USD) - 2016/12/19 13:54:07 ET
Table 'Aspasia' 6-max Seat #3 is the button
Seat 3: Junsku ($144.03 in chips)
Seat 4: AzureCaper ($99.50 in chips)
Junsku: posts small blind $1
AzureCaper: posts big blind $3
*** HOLE CARDS ***
Junsku: raises $3 to $6
AzureCaper: folds
Uncalled bet ($3) returned to Junsku
Junsku collected $6 from pot
Junsku: doesn't show hand
*** SUMMARY ***
Total pot $6 | Rake $0
Seat 3: Junsku (button) (small blind) collected ($6)
Seat 4: AzureCaper (big blind) folded before Flop


PokerStars Hand #163200681795:  Hold'em Limit ($3/$6 USD) - 2016/12/19 13:54:02 ET
Table 'Aspasia' 6-max Seat #4 is the button
Seat 3: Junsku ($147.03 in chips)
Seat 4: AzureCaper ($96.50 in chips)
AzureCaper: posts small blind $1
Junsku: posts big blind $3
*** HOLE CARDS ***
AzureCaper: raises $3 to $6
Junsku: folds
Uncalled bet ($3) returned to AzureCaper
AzureCaper collected $6 from pot
AzureCaper: doesn't show hand
*** SUMMARY ***
Total pot $6 | Rake $0
Seat 3: Junsku (big blind) folded before Flop
Seat 4: AzureCaper (button) (small blind) collected ($6)


PokerStars Hand #163200676077:  Hold'em Limit ($3/$6 USD) - 2016/12/19 13:53:56 ET
Table 'Aspasia' 6-max Seat #3 is the button
Seat 3: Junsku ($144.03 in chips)
Seat 4: AzureCaper ($99.50 in chips)
Junsku: posts small blind $1
AzureCaper: posts big blind $3
*** HOLE CARDS ***
Junsku: raises $3 to $6
AzureCaper: folds
Uncalled bet ($3) returned to Junsku
Junsku collected $6 from pot
Junsku: doesn't show hand
*** SUMMARY ***
Total pot $6 | Rake $0
Seat 3: Junsku (button) (small blind) collected ($6)
Seat 4: AzureCaper (big blind) folded before Flop


PokerStars Hand #163200653329:  Hold'em Limit ($3/$6 USD) - 2016/12/19 13:53:31 ET
Table 'Aspasia' 6-max Seat #4 is the button
Seat 3: Junsku ($171.03 in chips)
Seat 4: AzureCaper ($73 in chips)
AzureCaper: posts small blind $1
Junsku: posts big blind $3
*** HOLE CARDS ***
AzureCaper: raises $3 to $6
Junsku: calls $3
*** FLOP *** [6d 7h 8s]
Junsku: bets $3
AzureCaper: calls $3
*** TURN *** [6d 7h 8s] [As]
Junsku: bets $6
AzureCaper: raises $6 to $12
Junsku: calls $6
*** RIVER *** [6d 7h 8s As] [Tc]
Junsku: checks
AzureCaper: bets $6
Junsku: calls $6
*** SHOW DOWN ***
AzureCaper: shows [Ad 6s] (two pair, Aces and Sixes)
Junsku: mucks hand
AzureCaper collected $53.50 from pot
*** SUMMARY ***
Total pot $54 | Rake $0.50
Board [6d 7h 8s As Tc]
Seat 3: Junsku (big blind) mucked
Seat 4: AzureCaper (button) (small blind) showed [Ad 6s] and won ($53.50) with two pair, Aces and Sixes


PokerStars Hand #163200773221:  Hold'em Limit ($3/$6 USD) - 2016/12/19 13:55:46 ET
Table 'Aspasia' 6-max Seat #4 is the button
Seat 3: Junsku ($163.31 in chips)
Seat 4: AzureCaper ($79.26 in chips)
AzureCaper: posts small blind $1
Junsku: posts big blind $3
*** HOLE CARDS ***
AzureCaper: folds
Uncalled bet ($2) returned to Junsku
Junsku collected $2 from pot
Junsku: doesn't show hand
*** SUMMARY ***
Total pot $2 | Rake $0
Seat 3: Junsku (big blind) collected ($2)
Seat 4: AzureCaper (button) (small blind) folded before Flop


PokerStars Hand #163200769176:  Hold'em Limit ($3/$6 USD) - 2016/12/19 13:55:41 ET
Table 'Aspasia' 6-max Seat #3 is the button
Seat 3: Junsku ($164.31 in chips)
Seat 4: AzureCaper ($78.26 in chips)
Junsku: posts small blind $1
AzureCaper: posts big blind $3
*** HOLE CARDS ***
Junsku: folds
Uncalled bet ($2) returned to AzureCaper
AzureCaper collected $2 from pot
AzureCaper: doesn't show hand
*** SUMMARY ***
Total pot $2 | Rake $0
Seat 3: Junsku (button) (small blind) folded before Flop
Seat 4: AzureCaper (big blind) collected ($2)


PokerStars Hand #163200751350:  Hold'em Limit ($3/$6 USD) - 2016/12/19 13:55:18 ET
Table 'Aspasia' 6-max Seat #4 is the button
Seat 3: Junsku ($155.67 in chips)
Seat 4: AzureCaper ($87.26 in chips)
AzureCaper: posts small blind $1
Junsku: posts big blind $3
*** HOLE CARDS ***
AzureCaper: raises $3 to $6
Junsku: calls $3
*** FLOP *** [2s 6c 5h]
Junsku: checks
AzureCaper: bets $3
Junsku: calls $3
*** TURN *** [2s 6c 5h] [Jd]
Junsku: checks
AzureCaper: checks
*** RIVER *** [2s 6c 5h Jd] [3d]
Junsku: bets $6
AzureCaper: folds
Uncalled bet ($6) returned to Junsku
Junsku collected $17.64 from pot
Junsku: doesn't show hand
*** SUMMARY ***
Total pot $18 | Rake $0.36
Board [2s 6c 5h Jd 3d]
Seat 3: Junsku (big blind) collected ($17.64)
Seat 4: AzureCaper (button) (small blind) folded on the River


PokerStars Hand #163200742809:  Hold'em Limit ($3/$6 USD) - 2016/12/19 13:55:08 ET
Table 'Aspasia' 6-max Seat #3 is the button
Seat 3: Junsku ($152.67 in chips)
Seat 4: AzureCaper ($90.26 in chips)
Junsku: posts small blind $1
AzureCaper: posts big blind $3
*** HOLE CARDS ***
Junsku: raises $3 to $6
AzureCaper: folds
Uncalled bet ($3) returned to Junsku
Junsku collected $6 from pot
Junsku: doesn't show hand
*** SUMMARY ***
Total pot $6 | Rake $0
Seat 3: Junsku (button) (small blind) collected ($6)
Seat 4: AzureCaper (big blind) folded before Flop


PokerStars Hand #163200737587:  Hold'em Limit ($3/$6 USD) - 2016/12/19 13:55:02 ET
Table 'Aspasia' 6-max Seat #4 is the button
Seat 3: Junsku ($151.67 in chips)
Seat 4: AzureCaper ($91.26 in chips)
AzureCaper: posts small blind $1
Junsku: posts big blind $3
*** HOLE CARDS ***
AzureCaper: folds
Uncalled bet ($2) returned to Junsku
Junsku collected $2 from pot
Junsku: doesn't show hand
*** SUMMARY ***
Total pot $2 | Rake $0
Seat 3: Junsku (big blind) collected ($2)
Seat 4: AzureCaper (button) (small blind) folded before Flop


PokerStars Hand #163200733008:  Hold'em Limit ($3/$6 USD) - 2016/12/19 13:54:57 ET
Table 'Aspasia' 6-max Seat #3 is the button
Seat 3: Junsku ($152.67 in chips)
Seat 4: AzureCaper ($90.26 in chips)
Junsku: posts small blind $1
AzureCaper: posts big blind $3
*** HOLE CARDS ***
Junsku: folds
Uncalled bet ($2) returned to AzureCaper
AzureCaper collected $2 from pot
AzureCaper: doesn't show hand
*** SUMMARY ***
Total pot $2 | Rake $0
Seat 3: Junsku (button) (small blind) folded before Flop
Seat 4: AzureCaper (big blind) collected ($2)


PokerStars Hand #163200727851:  Hold'em Limit ($3/$6 USD) - 2016/12/19 13:54:52 ET
Table 'Aspasia' 6-max Seat #4 is the button
Seat 3: Junsku ($151.67 in chips)
Seat 4: AzureCaper ($91.26 in chips)
AzureCaper: posts small blind $1
Junsku: posts big blind $3
*** HOLE CARDS ***
AzureCaper: folds
Uncalled bet ($2) returned to Junsku
Junsku collected $2 from pot
Junsku: doesn't show hand
*** SUMMARY ***
Total pot $2 | Rake $0
Seat 3: Junsku (big blind) collected ($2)
Seat 4: AzureCaper (button) (small blind) folded before Flop


PokerStars Hand #163200812457:  Hold'em Limit ($3/$6 USD) - 2016/12/19 13:56:37 ET
Table 'Aspasia' 6-max Seat #4 is the button
Seat 3: Junsku ($181.71 in chips)
Seat 4: AzureCaper ($72 in chips)
AzureCaper: posts small blind $1
Junsku: posts big blind $3
*** HOLE CARDS ***
AzureCaper: raises $3 to $6
Junsku: calls $3
*** FLOP *** [9h 4d Ks]
Junsku: checks
AzureCaper: bets $3
Junsku: folds
Uncalled bet ($3) returned to AzureCaper
AzureCaper collected $11.76 from pot
AzureCaper: doesn't show hand
*** SUMMARY ***
Total pot $12 | Rake $0.24
Board [9h 4d Ks]
Seat 3: Junsku (big blind) folded on the Flop
Seat 4: AzureCaper (button) (small blind) collected ($11.76)


PokerStars Hand #163200799807:  Hold'em Limit ($3/$6 USD) - 2016/12/19 13:56:21 ET
Table 'Aspasia' 6-max Seat #3 is the button
Seat 3: Junsku ($175.95 in chips)
Seat 4: AzureCaper ($72 in chips)
Junsku: posts small blind $1
AzureCaper: posts big blind $3
*** HOLE CARDS ***
Junsku: raises $3 to $6
AzureCaper: calls $3
*** FLOP *** [8s 3d 2h]
AzureCaper: checks
Junsku: checks
*** TURN *** [8s 3d 2h] [6d]
AzureCaper: checks
Junsku: bets $6
AzureCaper: folds
Uncalled bet ($6) returned to Junsku
Junsku collected $11.76 from pot
Junsku: doesn't show hand
*** SUMMARY ***
Total pot $12 | Rake $0.24
Board [8s 3d 2h 6d]
Seat 3: Junsku (button) (small blind) collected ($11.76)
Seat 4: AzureCaper (big blind) folded on the Turn


PokerStars Hand #163200787090:  Hold'em Limit ($3/$6 USD) - 2016/12/19 13:56:04 ET
Table 'Aspasia' 6-max Seat #4 is the button
Seat 3: Junsku ($167.31 in chips)
Seat 4: AzureCaper ($75.26 in chips)
AzureCaper: posts small blind $1
Junsku: posts big blind $3
*** HOLE CARDS ***
AzureCaper: raises $3 to $6
Junsku: calls $3
*** FLOP *** [Th 6s 7s]
Junsku: checks
AzureCaper: bets $3
Junsku: raises $3 to $6
AzureCaper: folds
Uncalled bet ($3) returned to Junsku
Junsku collected $17.64 from pot
Junsku: doesn't show hand
*** SUMMARY ***
Total pot $18 | Rake $0.36
Board [Th 6s 7s]
Seat 3: Junsku (big blind) collected ($17.64)
Seat 4: AzureCaper (button) (small blind) folded on the Flop


PokerStars Hand #163200778235:  Hold'em Limit ($3/$6 USD) - 2016/12/19 13:55:53 ET
Table 'Aspasia' 6-max Seat #3 is the button
Seat 3: Junsku ($164.31 in chips)
Seat 4: AzureCaper ($78.26 in chips)
Junsku: posts small blind $1
AzureCaper: posts big blind $3
*** HOLE CARDS ***
Junsku: raises $3 to $6
AzureCaper: folds
Uncalled bet ($3) returned to Junsku
Junsku collected $6 from pot
Junsku: doesn't show hand
*** SUMMARY ***
Total pot $6 | Rake $0
Seat 3: Junsku (button) (small blind) collected ($6)
Seat 4: AzureCaper (big blind) folded before Flop


PokerStars Hand #163200822501:  Hold'em Limit ($3/$6 USD) - 2016/12/19 13:56:50 ET
Table 'Aspasia' 6-max Seat #3 is the button
Seat 3: Junsku ($175.71 in chips)
Seat 4: AzureCaper ($77.76 in chips)
Junsku: posts small blind $1
AzureCaper: posts big blind $3
*** HOLE CARDS ***
_fayzulllo_ joins the table at seat #5
Junsku: raises $3 to $6
AzureCaper: calls $3
*** FLOP *** [9s Tc 2c]
AzureCaper: checks
Junsku: bets $3
denn69 joins the table at seat #6
AzureCaper: folds
Uncalled bet ($3) returned to Junsku
Junsku collected $11.76 from pot
Junsku: doesn't show hand
*** SUMMARY ***
Total pot $12 | Rake $0.24
Board [9s Tc 2c]
Seat 3: Junsku (button) (small blind) collected ($11.76)
Seat 4: AzureCaper (big blind) folded on the Flop


PokerStars Hand #163206906995:  Hold'em Limit ($3/$6 USD) - 2016/12/19 15:40:38 ET
Table 'Aspasia' 6-max Seat #4 is the button
Seat 4: Titanic001 ($130.50 in chips)
Seat 5: ABATAPP ($240.64 in chips)
Titanic001: posts small blind $1
ABATAPP: posts big blind $3
*** HOLE CARDS ***
Titanic001: raises $3 to $6
ABATAPP: calls $3
*** FLOP *** [7h Td Qh]
ABATAPP: checks
Junsku leaves the table
Titanic001: bets $3
ABATAPP: calls $3
*** TURN *** [7h Td Qh] [Ts]
ABATAPP: checks
Titanic001: bets $6
ABATAPP: calls $6
*** RIVER *** [7h Td Qh Ts] [7s]
ABATAPP: checks
Titanic001: checks
*** SHOW DOWN ***
ABATAPP: shows [Jh As] (two pair, Tens and Sevens)
Titanic001: shows [2d Qd] (two pair, Queens and Tens)
Titanic001 collected $29.50 from pot
*** SUMMARY ***
Total pot $30 | Rake $0.50
Board [7h Td Qh Ts 7s]
Seat 4: Titanic001 (button) (small blind) showed [2d Qd] and won ($29.50) with two pair, Queens and Tens
Seat 5: ABATAPP (big blind) showed [Jh As] and lost with two pair, Tens and Sevens


PokerStars Hand #163206938205:  Hold'em Limit ($3/$6 USD) - 2016/12/19 15:41:08 ET
Table 'Aspasia' 6-max Seat #5 is the button
Seat 4: Titanic001 ($145 in chips)
Seat 5: ABATAPP ($225.64 in chips)
ABATAPP: posts small blind $1
Titanic001: posts big blind $3
*** HOLE CARDS ***
ABATAPP: raises $3 to $6
Titanic001: folds
Uncalled bet ($3) returned to ABATAPP
ABATAPP collected $6 from pot
ABATAPP: doesn't show hand
*** SUMMARY ***
Total pot $6 | Rake $0
Seat 4: Titanic001 (big blind) folded before Flop
Seat 5: ABATAPP (button) (small blind) collected ($6)


PokerStars Hand #163209122008:  Hold'em Limit ($3/$6 USD) - 2016/12/19 16:18:09 ET
Table 'Aspasia' 6-max Seat #4 is the button
Seat 3: Capone_TS ($111.41 in chips)
Seat 4: Titanic001 ($188.32 in chips)
Titanic001: posts small blind $1
Capone_TS: posts big blind $3
*** HOLE CARDS ***
Titanic001: folds
Uncalled bet ($2) returned to Capone_TS
Capone_TS collected $2 from pot
Capone_TS: doesn't show hand
GRAILKO joins the table at seat #5
*** SUMMARY ***
Total pot $2 | Rake $0
Seat 3: Capone_TS (big blind) collected ($2)
Seat 4: Titanic001 (button) (small blind) folded before Flop


PokerStars Hand #163209127036:  Hold'em Limit ($3/$6 USD) - 2016/12/19 16:18:14 ET
Table 'Aspasia' 6-max Seat #3 is the button
Seat 3: Capone_TS ($112.41 in chips)
Seat 4: Titanic001 ($187.32 in chips)
Capone_TS: posts small blind $1
Titanic001: posts big blind $3
*** HOLE CARDS ***
Capone_TS: raises $3 to $6
Titanic001: calls $3
*** FLOP *** [Tc Td Qc]
Titanic001: checks
Capone_TS: bets $3
Titanic001: calls $3
*** TURN *** [Tc Td Qc] [2c]
Titanic001: checks
Capone_TS: bets $6
Titanic001: calls $6
*** RIVER *** [Tc Td Qc 2c] [8c]
Titanic001: checks
Capone_TS: checks
*** SHOW DOWN ***
Titanic001: shows [5c 6c] (a flush, Queen high)
Capone_TS: mucks hand
Titanic001 collected $29.50 from pot
*** SUMMARY ***
Total pot $30 | Rake $0.50
Board [Tc Td Qc 2c 8c]
Seat 3: Capone_TS (button) (small blind) mucked
Seat 4: Titanic001 (big blind) showed [5c 6c] and won ($29.50) with a flush, Queen high


PokerStars Hand #163209864806:  Hold'em Limit ($3/$6 USD) - 2016/12/19 16:30:42 ET
Table 'Aspasia' 6-max Seat #4 is the button
Seat 2: liamOS ($163.92 in chips)
Seat 4: Titanic001 ($147.20 in chips)
Titanic001: posts small blind $1
GRAILKO: is sitting out
liamOS: posts big blind $3
*** HOLE CARDS ***
Titanic001: folds
Uncalled bet ($2) returned to liamOS
GRAILKO leaves the table
liamOS collected $2 from pot
liamOS: doesn't show hand
*** SUMMARY ***
Total pot $2 | Rake $0
Seat 2: liamOS (big blind) collected ($2)
Seat 4: Titanic001 (button) (small blind) folded before Flop


PokerStars Hand #163209870103:  Hold'em Limit ($3/$6 USD) - 2016/12/19 16:30:48 ET
Table 'Aspasia' 6-max Seat #2 is the button
Seat 2: liamOS ($164.92 in chips)
Seat 4: Titanic001 ($146.20 in chips)
liamOS: posts small blind $1
Titanic001: posts big blind $3
*** HOLE CARDS ***
liamOS: raises $3 to $6
Titanic001: calls $3
*** FLOP *** [Ac Ah 8c]
Titanic001: checks
liamOS: checks
*** TURN *** [Ac Ah 8c] [6d]
Titanic001: checks
liamOS: bets $6
Titanic001: folds
Uncalled bet ($6) returned to liamOS
liamOS collected $11.76 from pot
liamOS: doesn't show hand
*** SUMMARY ***
Total pot $12 | Rake $0.24
Board [Ac Ah 8c 6d]
Seat 2: liamOS (button) (small blind) collected ($11.76)
Seat 4: Titanic001 (big blind) folded on the Turn


PokerStars Hand #163209911622:  Hold'em Limit ($3/$6 USD) - 2016/12/19 16:31:31 ET
Table 'Aspasia' 6-max Seat #2 is the button
Seat 2: liamOS ($185.18 in chips)
Seat 4: Titanic001 ($125.20 in chips)
liamOS: posts small blind $1
Titanic001: posts big blind $3
*** HOLE CARDS ***
liamOS: calls $2
Titanic001: raises $3 to $6
liamOS: calls $3
*** FLOP *** [Th Qh 8h]
Titanic001: bets $3
liamOS: folds
Uncalled bet ($3) returned to Titanic001
Titanic001 collected $11.76 from pot
*** SUMMARY ***
Total pot $12 | Rake $0.24
Board [Th Qh 8h]
Seat 2: liamOS (button) (small blind) folded on the Flop
Seat 4: Titanic001 (big blind) collected ($11.76)


PokerStars Hand #163209888535:  Hold'em Limit ($3/$6 USD) - 2016/12/19 16:31:07 ET
Table 'Aspasia' 6-max Seat #4 is the button
Seat 2: liamOS ($170.68 in chips)
Seat 4: Titanic001 ($140.20 in chips)
Titanic001: posts small blind $1
liamOS: posts big blind $3
*** HOLE CARDS ***
Titanic001: raises $3 to $6
liamOS: calls $3
*** FLOP *** [9h 6s 5d]
liamOS: checks
Titanic001: bets $3
liamOS: calls $3
*** TURN *** [9h 6s 5d] [9c]
liamOS: checks
Titanic001: checks
*** RIVER *** [9h 6s 5d 9c] [Ts]
liamOS: checks
Titanic001: bets $6
liamOS: calls $6
*** SHOW DOWN ***
Titanic001: shows [7c Qc] (a pair of Nines)
liamOS: shows [Ks Jd] (a pair of Nines - King kicker)
liamOS collected $29.50 from pot
*** SUMMARY ***
Total pot $30 | Rake $0.50
Board [9h 6s 5d 9c Ts]
Seat 2: liamOS (big blind) showed [Ks Jd] and won ($29.50) with a pair of Nines
Seat 4: Titanic001 (button) (small blind) showed [7c Qc] and lost with a pair of Nines


