PokerStars Hand #157433412171:  Hold'em Limit ($3/$6 USD) - 2016/08/18 12:01:24 ET
Table 'Aspasia II' 6-max Seat #4 is the button
Seat 1: megabaitt ($94.21 in chips)
Seat 4: Actionni13 ($150 in chips)
Actionni13: posts small blind $1
megabaitt: posts big blind $3
*** HOLE CARDS ***
Actionni13: raises $3 to $6
megabaitt: calls $3
*** FLOP *** [8c 3d 6c]
megabaitt: bets $3
Actionni13: folds
Uncalled bet ($3) returned to megabaitt
megabaitt collected $11.76 from pot
megabaitt: doesn't show hand
*** SUMMARY ***
Total pot $12 | Rake $0.24
Board [8c 3d 6c]
Seat 1: megabaitt (big blind) collected ($11.76)
Seat 4: Actionni13 (button) (small blind) folded on the Flop


PokerStars Hand #157433404609:  Hold'em Limit ($3/$6 USD) - 2016/08/18 12:01:11 ET
Table 'Aspasia II' 6-max Seat #1 is the button
Seat 1: megabaitt ($88.45 in chips)
Seat 4: Actionni13 ($155.76 in chips)
megabaitt: posts small blind $1
Actionni13: posts big blind $3
*** HOLE CARDS ***
Jokkez 85 joins the table at seat #3
megabaitt: raises $3 to $6
Actionni13: calls $3
*** FLOP *** [4s 9s Kc]
Velbor107 joins the table at seat #2
Actionni13: checks
megabaitt: bets $3
Actionni13: folds
Uncalled bet ($3) returned to megabaitt
megabaitt collected $11.76 from pot
megabaitt: doesn't show hand
*** SUMMARY ***
Total pot $12 | Rake $0.24
Board [4s 9s Kc]
Seat 1: megabaitt (button) (small blind) collected ($11.76)
Seat 4: Actionni13 (big blind) folded on the Flop


PokerStars Hand #157440720937:  Hold'em Limit ($3/$6 USD) - 2016/08/18 15:02:45 ET
Table 'Aspasia II' 6-max Seat #1 is the button
Seat 1: krytalex ($226.88 in chips)
Seat 3: Chessnok ($108.46 in chips)
SONCKG will be allowed to play after the button
krytalex: posts small blind $1
AllinRamstad: is sitting out
Chessnok: posts big blind $3
*** HOLE CARDS ***
AllinRamstad leaves the table
krytalex: raises $3 to $6
Chessnok: calls $3
*** FLOP *** [6s 4c 8s]
CrongCrong leaves the table
Chessnok: bets $3
krytalex: folds
Uncalled bet ($3) returned to Chessnok
Chessnok collected $11.76 from pot
Chessnok: doesn't show hand
*** SUMMARY ***
Total pot $12 | Rake $0.24
Board [6s 4c 8s]
Seat 1: krytalex (button) (small blind) folded on the Flop
Seat 3: Chessnok (big blind) collected ($11.76)


PokerStars Hand #157442617178:  Hold'em Limit ($3/$6 USD) - 2016/08/18 15:43:25 ET
Table 'Aspasia II' 6-max Seat #5 is the button
Seat 4: AllinRamstad ($125.52 in chips)
Seat 5: $polu4atel*$ ($48.99 in chips)
$polu4atel*$: posts small blind $1
poooohpooh: is sitting out
AllinRamstad: posts big blind $3
*** HOLE CARDS ***
poooohpooh leaves the table
$polu4atel*$: raises $3 to $6
AllinRamstad: calls $3
*** FLOP *** [6s 4s Kd]
AllinRamstad: checks
$polu4atel*$: bets $3
AllinRamstad: calls $3
*** TURN *** [6s 4s Kd] [Ts]
AllinRamstad: checks
$polu4atel*$: checks
*** RIVER *** [6s 4s Kd Ts] [8d]
AllinRamstad: checks
$polu4atel*$: checks
*** SHOW DOWN ***
AllinRamstad: shows [Ad 7c] (high card Ace)
$polu4atel*$: mucks hand
AllinRamstad collected $17.64 from pot
*** SUMMARY ***
Total pot $18 | Rake $0.36
Board [6s 4s Kd Ts 8d]
Seat 4: AllinRamstad (big blind) showed [Ad 7c] and won ($17.64) with high card Ace
Seat 5: $polu4atel*$ (button) (small blind) mucked


