PokerStars Hand #153253031375:  Hold'em Limit ($3/$6 USD) - 2016/05/13 10:51:53 ET
Table 'Asplinda' 6-max Seat #3 is the button
Seat 3: 5PRUT5 ($30 in chips)
Seat 4: Agrotait ($72 in chips)
5PRUT5: posts small blind $1
Agrotait: posts big blind $3
*** HOLE CARDS ***
5PRUT5: raises $3 to $6
Agrotait: folds
Uncalled bet ($3) returned to 5PRUT5
5PRUT5 collected $6 from pot
5PRUT5: doesn't show hand
*** SUMMARY ***
Total pot $6 | Rake $0
Seat 3: 5PRUT5 (button) (small blind) collected ($6)
Seat 4: Agrotait (big blind) folded before Flop


PokerStars Hand #153253070885:  Hold'em Limit ($3/$6 USD) - 2016/05/13 10:52:57 ET
Table 'Asplinda' 6-max Seat #4 is the button
Seat 3: 5PRUT5 ($29.76 in chips)
Seat 4: Agrotait ($71.64 in chips)
Agrotait: posts small blind $1
5PRUT5: posts big blind $3
*** HOLE CARDS ***
Agrotait: raises $3 to $6
5PRUT5: folds
Uncalled bet ($3) returned to Agrotait
Agrotait collected $6 from pot
Agrotait: doesn't show hand
*** SUMMARY ***
Total pot $6 | Rake $0
Seat 3: 5PRUT5 (big blind) folded before Flop
Seat 4: Agrotait (button) (small blind) collected ($6)


PokerStars Hand #153253051380:  Hold'em Limit ($3/$6 USD) - 2016/05/13 10:52:25 ET
Table 'Asplinda' 6-max Seat #3 is the button
Seat 3: 5PRUT5 ($24 in chips)
Seat 4: Agrotait ($77.64 in chips)
5PRUT5: posts small blind $1
Agrotait: posts big blind $3
*** HOLE CARDS ***
5PRUT5: raises $3 to $6
Agrotait: calls $3
*** FLOP *** [Qh 2d 3s]
Agrotait: checks
5PRUT5: bets $3
Agrotait: folds
Uncalled bet ($3) returned to 5PRUT5
5PRUT5 collected $11.76 from pot
5PRUT5: doesn't show hand
*** SUMMARY ***
Total pot $12 | Rake $0.24
Board [Qh 2d 3s]
Seat 3: 5PRUT5 (button) (small blind) collected ($11.76)
Seat 4: Agrotait (big blind) folded on the Flop


PokerStars Hand #153253095858:  Hold'em Limit ($3/$6 USD) - 2016/05/13 10:53:38 ET
Table 'Asplinda' 6-max Seat #4 is the button
Seat 3: 5PRUT5 ($11.76 in chips)
Seat 4: Agrotait ($89.14 in chips)
Agrotait: posts small blind $1
5PRUT5: posts big blind $3
*** HOLE CARDS ***
Agrotait: raises $3 to $6
5PRUT5: calls $3
*** FLOP *** [3d 9h 2c]
5PRUT5: bets $3
Agrotait: raises $3 to $6
5PRUT5: calls $2.76 and is all-in
Uncalled bet ($0.24) returned to Agrotait
*** TURN *** [3d 9h 2c] [2d]
*** RIVER *** [3d 9h 2c 2d] [Kc]
*** SHOW DOWN ***
5PRUT5: shows [5s 6c] (a pair of Deuces)
Agrotait: shows [4h As] (a pair of Deuces - Ace kicker)
Agrotait collected $23.05 from pot
*** SUMMARY ***
Total pot $23.52 | Rake $0.47
Board [3d 9h 2c 2d Kc]
Seat 3: 5PRUT5 (big blind) showed [5s 6c] and lost with a pair of Deuces
Seat 4: Agrotait (button) (small blind) showed [4h As] and won ($23.05) with a pair of Deuces


