PokerStars Hand #147372787633:  Hold'em Limit ($3/$6 USD) - 2016/01/20 12:23:17 ET
Table 'Asplinda' 2-max Seat #1 is the button
Seat 1: _fayzulllo_ ($57 in chips)
Seat 2: 7moneymaster ($314.50 in chips)
_fayzulllo_: posts small blind $1
7moneymaster: posts big blind $3
*** HOLE CARDS ***
_fayzulllo_: calls $2
7moneymaster: raises $3 to $6
_fayzulllo_: calls $3
*** FLOP *** [Qs 9s Td]
7moneymaster: bets $3
_fayzulllo_: calls $3
*** TURN *** [Qs 9s Td] [3d]
7moneymaster: checks
_fayzulllo_: bets $6
7moneymaster: folds
Uncalled bet ($6) returned to _fayzulllo_
_fayzulllo_ collected $17.64 from pot
_fayzulllo_: doesn't show hand
*** SUMMARY ***
Total pot $18 | Rake $0.36
Board [Qs 9s Td 3d]
Seat 1: _fayzulllo_ (button) (small blind) collected ($17.64)
Seat 2: 7moneymaster (big blind) folded on the Turn


PokerStars Hand #147372888895:  Hold'em Limit ($3/$6 USD) - 2016/01/20 12:25:07 ET
Table 'Asplinda' 2-max Seat #2 is the button
Seat 1: _fayzulllo_ ($47.40 in chips)
Seat 2: 7moneymaster ($323 in chips)
7moneymaster: posts small blind $1
_fayzulllo_: posts big blind $3
*** HOLE CARDS ***
7moneymaster: raises $3 to $6
_fayzulllo_: folds
Uncalled bet ($3) returned to 7moneymaster
7moneymaster collected $6 from pot
7moneymaster: doesn't show hand
*** SUMMARY ***
Total pot $6 | Rake $0
Seat 1: _fayzulllo_ (big blind) folded before Flop
Seat 2: 7moneymaster (button) (small blind) collected ($6)


PokerStars Hand #147372869663:  Hold'em Limit ($3/$6 USD) - 2016/01/20 12:24:46 ET
Table 'Asplinda' 2-max Seat #1 is the button
Seat 1: _fayzulllo_ ($41.64 in chips)
Seat 2: 7moneymaster ($329 in chips)
_fayzulllo_: posts small blind $1
7moneymaster: posts big blind $3
*** HOLE CARDS ***
_fayzulllo_: raises $3 to $6
7moneymaster: calls $3
*** FLOP *** [Tc Jd As]
7moneymaster: checks
_fayzulllo_: bets $3
7moneymaster: folds
Uncalled bet ($3) returned to _fayzulllo_
_fayzulllo_ collected $11.76 from pot
_fayzulllo_: doesn't show hand
*** SUMMARY ***
Total pot $12 | Rake $0.24
Board [Tc Jd As]
Seat 1: _fayzulllo_ (button) (small blind) collected ($11.76)
Seat 2: 7moneymaster (big blind) folded on the Flop


PokerStars Hand #147372920790:  Hold'em Limit ($3/$6 USD) - 2016/01/20 12:25:42 ET
Table 'Asplinda' 2-max Seat #1 is the button
Seat 1: _fayzulllo_ ($48.28 in chips)
Seat 2: 7moneymaster ($322 in chips)
_fayzulllo_: posts small blind $1
7moneymaster: posts big blind $3
*** HOLE CARDS ***
_fayzulllo_: calls $2
7moneymaster: checks
*** FLOP *** [4c 6d Qh]
7moneymaster: checks
_fayzulllo_: bets $3
7moneymaster: folds
Uncalled bet ($3) returned to _fayzulllo_
_fayzulllo_ collected $5.88 from pot
_fayzulllo_: doesn't show hand
*** SUMMARY ***
Total pot $6 | Rake $0.12
Board [4c 6d Qh]
Seat 1: _fayzulllo_ (button) (small blind) collected ($5.88)
Seat 2: 7moneymaster (big blind) folded on the Flop


PokerStars Hand #147372913319:  Hold'em Limit ($3/$6 USD) - 2016/01/20 12:25:34 ET
Table 'Asplinda' 2-max Seat #2 is the button
Seat 1: _fayzulllo_ ($47.28 in chips)
Seat 2: 7moneymaster ($323 in chips)
7moneymaster: posts small blind $1
_fayzulllo_: posts big blind $3
*** HOLE CARDS ***
7moneymaster: folds
Uncalled bet ($2) returned to _fayzulllo_
_fayzulllo_ collected $2 from pot
_fayzulllo_: doesn't show hand
*** SUMMARY ***
Total pot $2 | Rake $0
Seat 1: _fayzulllo_ (big blind) collected ($2)
Seat 2: 7moneymaster (button) (small blind) folded before Flop


PokerStars Hand #147372896537:  Hold'em Limit ($3/$6 USD) - 2016/01/20 12:25:16 ET
Table 'Asplinda' 2-max Seat #1 is the button
Seat 1: _fayzulllo_ ($44.40 in chips)
Seat 2: 7moneymaster ($326 in chips)
_fayzulllo_: posts small blind $1
7moneymaster: posts big blind $3
*** HOLE CARDS ***
_fayzulllo_: calls $2
7moneymaster: checks
*** FLOP *** [4h Ts 8s]
7moneymaster: checks
_fayzulllo_: bets $3
7moneymaster: folds
Uncalled bet ($3) returned to _fayzulllo_
_fayzulllo_ collected $5.88 from pot
_fayzulllo_: doesn't show hand
*** SUMMARY ***
Total pot $6 | Rake $0.12
Board [4h Ts 8s]
Seat 1: _fayzulllo_ (button) (small blind) collected ($5.88)
Seat 2: 7moneymaster (big blind) folded on the Flop


PokerStars Hand #147372983127:  Hold'em Limit ($3/$6 USD) - 2016/01/20 12:26:50 ET
Table 'Asplinda' 2-max Seat #2 is the button
Seat 1: _fayzulllo_ ($68.66 in chips)
Seat 2: 7moneymaster ($300.76 in chips)
7moneymaster: posts small blind $1
_fayzulllo_: posts big blind $3
*** HOLE CARDS ***
7moneymaster: folds
Uncalled bet ($2) returned to _fayzulllo_
_fayzulllo_ collected $2 from pot
_fayzulllo_: doesn't show hand
*** SUMMARY ***
Total pot $2 | Rake $0
Seat 1: _fayzulllo_ (big blind) collected ($2)
Seat 2: 7moneymaster (button) (small blind) folded before Flop


PokerStars Hand #147372964812:  Hold'em Limit ($3/$6 USD) - 2016/01/20 12:26:30 ET
Table 'Asplinda' 2-max Seat #1 is the button
Seat 1: _fayzulllo_ ($74.66 in chips)
Seat 2: 7moneymaster ($295 in chips)
_fayzulllo_: posts small blind $1
7moneymaster: posts big blind $3
*** HOLE CARDS ***
_fayzulllo_: calls $2
7moneymaster: raises $3 to $6
_fayzulllo_: calls $3
*** FLOP *** [Js Qs Qc]
7moneymaster: checks
_fayzulllo_: checks
*** TURN *** [Js Qs Qc] [8s]
7moneymaster: bets $6
_fayzulllo_: folds
Uncalled bet ($6) returned to 7moneymaster
7moneymaster collected $11.76 from pot
7moneymaster: doesn't show hand
*** SUMMARY ***
Total pot $12 | Rake $0.24
Board [Js Qs Qc 8s]
Seat 1: _fayzulllo_ (button) (small blind) folded on the Turn
Seat 2: 7moneymaster (big blind) collected ($11.76)


PokerStars Hand #147372939926:  Hold'em Limit ($3/$6 USD) - 2016/01/20 12:26:03 ET
Table 'Asplinda' 2-max Seat #2 is the button
Seat 1: _fayzulllo_ ($51.16 in chips)
Seat 2: 7moneymaster ($319 in chips)
7moneymaster: posts small blind $1
_fayzulllo_: posts big blind $3
*** HOLE CARDS ***
7moneymaster: raises $3 to $6
_fayzulllo_: raises $3 to $9
7moneymaster: calls $3
*** FLOP *** [9c 6h 5d]
_fayzulllo_: bets $3
7moneymaster: calls $3
*** TURN *** [9c 6h 5d] [Jh]
_fayzulllo_: checks
7moneymaster: bets $6
_fayzulllo_: calls $6
*** RIVER *** [9c 6h 5d Jh] [6d]
_fayzulllo_: checks
7moneymaster: bets $6
_fayzulllo_: calls $6
*** SHOW DOWN ***
7moneymaster: shows [5s 4d] (two pair, Sixes and Fives)
_fayzulllo_: shows [3h 9d] (two pair, Nines and Sixes)
_fayzulllo_ collected $47.50 from pot
*** SUMMARY ***
Total pot $48 | Rake $0.50
Board [9c 6h 5d Jh 6d]
Seat 1: _fayzulllo_ (big blind) showed [3h 9d] and won ($47.50) with two pair, Nines and Sixes
Seat 2: 7moneymaster (button) (small blind) showed [5s 4d] and lost with two pair, Sixes and Fives


PokerStars Hand #147373042262:  Hold'em Limit ($3/$6 USD) - 2016/01/20 12:27:54 ET
Table 'Asplinda' 2-max Seat #1 is the button
Seat 1: _fayzulllo_ ($84.16 in chips)
Seat 2: 7moneymaster ($284.40 in chips)
_fayzulllo_: posts small blind $1
7moneymaster: posts big blind $3
*** HOLE CARDS ***
_fayzulllo_: calls $2
7moneymaster: raises $3 to $6
_fayzulllo_: calls $3
*** FLOP *** [Ts 7s 3d]
7moneymaster: bets $3
_fayzulllo_: calls $3
*** TURN *** [Ts 7s 3d] [Qd]
7moneymaster: bets $6
_fayzulllo_: folds
Uncalled bet ($6) returned to 7moneymaster
7moneymaster collected $17.64 from pot
7moneymaster: doesn't show hand
*** SUMMARY ***
Total pot $18 | Rake $0.36
Board [Ts 7s 3d Qd]
Seat 1: _fayzulllo_ (button) (small blind) folded on the Turn
Seat 2: 7moneymaster (big blind) collected ($17.64)


PokerStars Hand #147373021795:  Hold'em Limit ($3/$6 USD) - 2016/01/20 12:27:32 ET
Table 'Asplinda' 2-max Seat #2 is the button
Seat 1: _fayzulllo_ ($93.16 in chips)
Seat 2: 7moneymaster ($275.76 in chips)
7moneymaster: posts small blind $1
_fayzulllo_: posts big blind $3
*** HOLE CARDS ***
7moneymaster: raises $3 to $6
_fayzulllo_: calls $3
*** FLOP *** [5c Ts 4d]
_fayzulllo_: checks
7moneymaster: bets $3
_fayzulllo_: calls $3
*** TURN *** [5c Ts 4d] [4s]
_fayzulllo_: checks
7moneymaster: bets $6
_fayzulllo_: folds
Uncalled bet ($6) returned to 7moneymaster
7moneymaster collected $17.64 from pot
7moneymaster: doesn't show hand
*** SUMMARY ***
Total pot $18 | Rake $0.36
Board [5c Ts 4d 4s]
Seat 1: _fayzulllo_ (big blind) folded on the Turn
Seat 2: 7moneymaster (button) (small blind) collected ($17.64)


PokerStars Hand #147372990980:  Hold'em Limit ($3/$6 USD) - 2016/01/20 12:26:58 ET
Table 'Asplinda' 2-max Seat #1 is the button
Seat 1: _fayzulllo_ ($69.66 in chips)
Seat 2: 7moneymaster ($299.76 in chips)
_fayzulllo_: posts small blind $1
7moneymaster: posts big blind $3
*** HOLE CARDS ***
_fayzulllo_: raises $3 to $6
7moneymaster: calls $3
*** FLOP *** [As 4s 7s]
7moneymaster: checks
_fayzulllo_: bets $3
7moneymaster: raises $3 to $6
_fayzulllo_: calls $3
*** TURN *** [As 4s 7s] [4c]
7moneymaster: bets $6
_fayzulllo_: calls $6
*** RIVER *** [As 4s 7s 4c] [2h]
7moneymaster: bets $6
_fayzulllo_: raises $6 to $12
7moneymaster: folds
Uncalled bet ($6) returned to _fayzulllo_
_fayzulllo_ collected $47.50 from pot
*** SUMMARY ***
Total pot $48 | Rake $0.50
Board [As 4s 7s 4c 2h]
Seat 1: _fayzulllo_ (button) (small blind) collected ($47.50)
Seat 2: 7moneymaster (big blind) folded on the River


PokerStars Hand #147373094744:  Hold'em Limit ($3/$6 USD) - 2016/01/20 12:28:51 ET
Table 'Asplinda' 2-max Seat #1 is the button
Seat 1: _fayzulllo_ ($92.66 in chips)
Seat 2: 7moneymaster ($275.04 in chips)
_fayzulllo_: posts small blind $1
7moneymaster: posts big blind $3
*** HOLE CARDS ***
_fayzulllo_: calls $2
7moneymaster: checks
*** FLOP *** [Qh 8s 4c]
7moneymaster: checks
_fayzulllo_: checks
*** TURN *** [Qh 8s 4c] [8c]
7moneymaster: checks
_fayzulllo_: bets $6
7moneymaster: raises $6 to $12
_fayzulllo_: calls $6
*** RIVER *** [Qh 8s 4c 8c] [7c]
7moneymaster: checks
_fayzulllo_: checks
*** SHOW DOWN ***
7moneymaster: shows [4d 6d] (two pair, Eights and Fours)
_fayzulllo_: shows [Ac 3c] (a flush, Ace high)
_fayzulllo_ collected $29.50 from pot
*** SUMMARY ***
Total pot $30 | Rake $0.50
Board [Qh 8s 4c 8c 7c]
Seat 1: _fayzulllo_ (button) (small blind) showed [Ac 3c] and won ($29.50) with a flush, Ace high
Seat 2: 7moneymaster (big blind) showed [4d 6d] and lost with two pair, Eights and Fours


PokerStars Hand #147373060524:  Hold'em Limit ($3/$6 USD) - 2016/01/20 12:28:14 ET
Table 'Asplinda' 2-max Seat #2 is the button
Seat 1: _fayzulllo_ ($75.16 in chips)
Seat 2: 7moneymaster ($293.04 in chips)
7moneymaster: posts small blind $1
_fayzulllo_: posts big blind $3
*** HOLE CARDS ***
7moneymaster: raises $3 to $6
_fayzulllo_: calls $3
*** FLOP *** [4h 4s Kc]
_fayzulllo_: checks
7moneymaster: bets $3
_fayzulllo_: raises $3 to $6
7moneymaster: calls $3
*** TURN *** [4h 4s Kc] [Js]
_fayzulllo_: bets $6
7moneymaster: calls $6
*** RIVER *** [4h 4s Kc Js] [Ah]
_fayzulllo_: checks
7moneymaster: checks
*** SHOW DOWN ***
_fayzulllo_: shows [9h Qc] (a pair of Fours)
7moneymaster: mucks hand
_fayzulllo_ collected $35.50 from pot
*** SUMMARY ***
Total pot $36 | Rake $0.50
Board [4h 4s Kc Js Ah]
Seat 1: _fayzulllo_ (big blind) showed [9h Qc] and won ($35.50) with a pair of Fours
Seat 2: 7moneymaster (button) (small blind) mucked


PokerStars Hand #147373143418:  Hold'em Limit ($3/$6 USD) - 2016/01/20 12:29:44 ET
Table 'Asplinda' 2-max Seat #1 is the button
Seat 1: _fayzulllo_ ($118.68 in chips)
Seat 2: 7moneymaster ($248.04 in chips)
_fayzulllo_: posts small blind $1
7moneymaster: posts big blind $3
*** HOLE CARDS ***
_fayzulllo_: raises $3 to $6
7moneymaster: calls $3
*** FLOP *** [Td Qc Jc]
7moneymaster: checks
_fayzulllo_: checks
*** TURN *** [Td Qc Jc] [Th]
7moneymaster: checks
_fayzulllo_: checks
*** RIVER *** [Td Qc Jc Th] [6h]
7moneymaster: checks
_fayzulllo_: bets $6
7moneymaster: folds
Uncalled bet ($6) returned to _fayzulllo_
_fayzulllo_ collected $11.76 from pot
*** SUMMARY ***
Total pot $12 | Rake $0.24
Board [Td Qc Jc Th 6h]
Seat 1: _fayzulllo_ (button) (small blind) collected ($11.76)
Seat 2: 7moneymaster (big blind) folded on the River


PokerStars Hand #147373121600:  Hold'em Limit ($3/$6 USD) - 2016/01/20 12:29:20 ET
Table 'Asplinda' 2-max Seat #2 is the button
Seat 1: _fayzulllo_ ($107.16 in chips)
Seat 2: 7moneymaster ($260.04 in chips)
7moneymaster: posts small blind $1
_fayzulllo_: posts big blind $3
*** HOLE CARDS ***
7moneymaster: raises $3 to $6
_fayzulllo_: calls $3
*** FLOP *** [5h 6h Ac]
_fayzulllo_: checks
7moneymaster: bets $3
_fayzulllo_: raises $3 to $6
7moneymaster: calls $3
*** TURN *** [5h 6h Ac] [9s]
_fayzulllo_: checks
7moneymaster: checks
*** RIVER *** [5h 6h Ac 9s] [7d]
_fayzulllo_: checks
7moneymaster: checks
*** SHOW DOWN ***
_fayzulllo_: shows [Jd 6c] (a pair of Sixes)
7moneymaster: mucks hand
_fayzulllo_ collected $23.52 from pot
*** SUMMARY ***
Total pot $24 | Rake $0.48
Board [5h 6h Ac 9s 7d]
Seat 1: _fayzulllo_ (big blind) showed [Jd 6c] and won ($23.52) with a pair of Sixes
Seat 2: 7moneymaster (button) (small blind) mucked


