PokerStars Hand #151631667894:  Hold'em Limit ($3/$6 USD) - 2016/04/08 17:03:50 ET
Table 'Asplinda' 6-max Seat #3 is the button
Seat 3: robertass84 ($120 in chips)
Seat 6: anetkaapro ($123 in chips)
robertass84: posts small blind $1
anetkaapro: posts big blind $3
*** HOLE CARDS ***
robertass84: raises $3 to $6
anetkaapro: calls $3
*** FLOP *** [2h Th 9d]
anetkaapro: checks
robertass84: bets $3
anetkaapro: raises $3 to $6
robertass84: calls $3
*** TURN *** [2h Th 9d] [Qc]
anetkaapro: bets $6
robertass84: calls $6
*** RIVER *** [2h Th 9d Qc] [Jc]
anetkaapro: checks
robertass84: bets $6
anetkaapro: calls $6
*** SHOW DOWN ***
robertass84: shows [Tc Js] (two pair, Jacks and Tens)
anetkaapro: mucks hand
robertass84 collected $47.50 from pot
*** SUMMARY ***
Total pot $48 | Rake $0.50
Board [2h Th 9d Qc Jc]
Seat 3: robertass84 (button) (small blind) showed [Tc Js] and won ($47.50) with two pair, Jacks and Tens
Seat 6: anetkaapro (big blind) mucked


PokerStars Hand #151631700976:  Hold'em Limit ($3/$6 USD) - 2016/04/08 17:04:26 ET
Table 'Asplinda' 6-max Seat #6 is the button
Seat 3: robertass84 ($143.50 in chips)
Seat 6: anetkaapro ($99 in chips)
anetkaapro: posts small blind $1
robertass84: posts big blind $3
*** HOLE CARDS ***
anetkaapro: raises $3 to $6
robertass84: raises $3 to $9
anetkaapro: calls $3
*** FLOP *** [3c Ks 7d]
robertass84: bets $3
anetkaapro: calls $3
*** TURN *** [3c Ks 7d] [5s]
robertass84: bets $6
anetkaapro: folds
Uncalled bet ($6) returned to robertass84
robertass84 collected $23.52 from pot
*** SUMMARY ***
Total pot $24 | Rake $0.48
Board [3c Ks 7d 5s]
Seat 3: robertass84 (big blind) collected ($23.52)
Seat 6: anetkaapro (button) (small blind) folded on the Turn


PokerStars Hand #151631730661:  Hold'em Limit ($3/$6 USD) - 2016/04/08 17:04:58 ET
Table 'Asplinda' 6-max Seat #3 is the button
Seat 3: robertass84 ($155.02 in chips)
Seat 6: anetkaapro ($87 in chips)
robertass84: posts small blind $1
anetkaapro: posts big blind $3
*** HOLE CARDS ***
robertass84: raises $3 to $6
anetkaapro: raises $3 to $9
robertass84: raises $3 to $12
Betting is capped
anetkaapro: calls $3
*** FLOP *** [Qc Js 6d]
anetkaapro: checks
robertass84: bets $3
anetkaapro: calls $3
*** TURN *** [Qc Js 6d] [Tc]
anetkaapro: checks
robertass84: bets $6
anetkaapro: folds
Uncalled bet ($6) returned to robertass84
robertass84 collected $29.50 from pot
robertass84: doesn't show hand
*** SUMMARY ***
Total pot $30 | Rake $0.50
Board [Qc Js 6d Tc]
Seat 3: robertass84 (button) (small blind) collected ($29.50)
Seat 6: anetkaapro (big blind) folded on the Turn


PokerStars Hand #151631748008:  Hold'em Limit ($3/$6 USD) - 2016/04/08 17:05:16 ET
Table 'Asplinda' 6-max Seat #6 is the button
Seat 3: robertass84 ($169.52 in chips)
Seat 6: anetkaapro ($72 in chips)
anetkaapro: posts small blind $1
robertass84: posts big blind $3
*** HOLE CARDS ***
anetkaapro: raises $3 to $6
robertass84: calls $3
*** FLOP *** [7c 4d Kc]
robertass84: checks
anetkaapro: bets $3
robertass84: folds
Uncalled bet ($3) returned to anetkaapro
anetkaapro collected $11.76 from pot
anetkaapro: doesn't show hand
*** SUMMARY ***
Total pot $12 | Rake $0.24
Board [7c 4d Kc]
Seat 3: robertass84 (big blind) folded on the Flop
Seat 6: anetkaapro (button) (small blind) collected ($11.76)


