PokerStars Hand #156678569350:  Hold'em Limit ($3/$6 USD) - 2016/07/31 10:54:59 ET
Table 'Asporina' 6-max Seat #5 is the button
Seat 4: VolkovDmitri ($120.64 in chips)
Seat 5: RabbitNrAS ($34.64 in chips)
RabbitNrAS: posts small blind $1
VolkovDmitri: posts big blind $3
*** HOLE CARDS ***
janco222 joins the table at seat #1
RabbitNrAS: raises $3 to $6
VolkovDmitri: calls $3
*** FLOP *** [Qc Td Js]
VolkovDmitri: bets $3
RabbitNrAS: raises $3 to $6
janco222 leaves the table
VolkovDmitri: calls $3
*** TURN *** [Qc Td Js] [4h]
VolkovDmitri: checks
RabbitNrAS: bets $6
VolkovDmitri: raises $6 to $12
RabbitNrAS: calls $6
*** RIVER *** [Qc Td Js 4h] [Ac]
VolkovDmitri: checks
RabbitNrAS: checks
*** SHOW DOWN ***
VolkovDmitri: shows [4s Jc] (two pair, Jacks and Fours)
RabbitNrAS: mucks hand
VolkovDmitri collected $47.50 from pot
*** SUMMARY ***
Total pot $48 | Rake $0.50
Board [Qc Td Js 4h Ac]
Seat 4: VolkovDmitri (big blind) showed [4s Jc] and won ($47.50) with two pair, Jacks and Fours
Seat 5: RabbitNrAS (button) (small blind) mucked


PokerStars Hand #156678557651:  Hold'em Limit ($3/$6 USD) - 2016/07/31 10:54:42 ET
Table 'Asporina' 6-max Seat #4 is the button
Seat 4: VolkovDmitri ($129.64 in chips)
Seat 5: RabbitNrAS ($26 in chips)
VolkovDmitri: posts small blind $1
RabbitNrAS: posts big blind $3
*** HOLE CARDS ***
VolkovDmitri: raises $3 to $6
RabbitNrAS: calls $3
*** FLOP *** [6s 6h 8h]
RabbitNrAS: checks
VolkovDmitri: bets $3
RabbitNrAS: calls $3
*** TURN *** [6s 6h 8h] [Tc]
RabbitNrAS: checks
VolkovDmitri: checks
*** RIVER *** [6s 6h 8h Tc] [3d]
RabbitNrAS: bets $6
VolkovDmitri: folds
Uncalled bet ($6) returned to RabbitNrAS
RabbitNrAS collected $17.64 from pot
RabbitNrAS: doesn't show hand
*** SUMMARY ***
Total pot $18 | Rake $0.36
Board [6s 6h 8h Tc 3d]
Seat 4: VolkovDmitri (button) (small blind) folded on the River
Seat 5: RabbitNrAS (big blind) collected ($17.64)


PokerStars Hand #156678554330:  Hold'em Limit ($3/$6 USD) - 2016/07/31 10:54:37 ET
Table 'Asporina' 6-max Seat #5 is the button
Seat 4: VolkovDmitri ($128.64 in chips)
Seat 5: RabbitNrAS ($27 in chips)
RabbitNrAS: posts small blind $1
VolkovDmitri: posts big blind $3
*** HOLE CARDS ***
RabbitNrAS: folds
Uncalled bet ($2) returned to VolkovDmitri
VolkovDmitri collected $2 from pot
VolkovDmitri: doesn't show hand
*** SUMMARY ***
Total pot $2 | Rake $0
Seat 4: VolkovDmitri (big blind) collected ($2)
Seat 5: RabbitNrAS (button) (small blind) folded before Flop


PokerStars Hand #156678542218:  Hold'em Limit ($3/$6 USD) - 2016/07/31 10:54:20 ET
Table 'Asporina' 6-max Seat #4 is the button
Seat 4: VolkovDmitri ($120 in chips)
Seat 5: RabbitNrAS ($36 in chips)
VolkovDmitri: posts small blind $1
RabbitNrAS: posts big blind $3
*** HOLE CARDS ***
VolkovDmitri: raises $3 to $6
RabbitNrAS: calls $3
*** FLOP *** [6d Qd Js]
RabbitNrAS: checks
VolkovDmitri: bets $3
RabbitNrAS: calls $3
*** TURN *** [6d Qd Js] [2d]
RabbitNrAS: checks
VolkovDmitri: bets $6
RabbitNrAS: folds
Uncalled bet ($6) returned to VolkovDmitri
VolkovDmitri collected $17.64 from pot
VolkovDmitri: doesn't show hand
*** SUMMARY ***
Total pot $18 | Rake $0.36
Board [6d Qd Js 2d]
Seat 4: VolkovDmitri (button) (small blind) collected ($17.64)
Seat 5: RabbitNrAS (big blind) folded on the Turn


PokerStars Hand #156678619192:  Hold'em Limit ($3/$6 USD) - 2016/07/31 10:56:27 ET
Table 'Asporina' 6-max Seat #5 is the button
Seat 4: VolkovDmitri ($123 in chips)
Seat 5: RabbitNrAS ($38.20 in chips)
RabbitNrAS: posts small blind $1
VolkovDmitri: posts big blind $3
*** HOLE CARDS ***
RabbitNrAS: folds
Uncalled bet ($2) returned to VolkovDmitri
VolkovDmitri collected $2 from pot
VolkovDmitri: doesn't show hand
*** SUMMARY ***
Total pot $2 | Rake $0
Seat 4: VolkovDmitri (big blind) collected ($2)
Seat 5: RabbitNrAS (button) (small blind) folded before Flop


PokerStars Hand #156678615937:  Hold'em Limit ($3/$6 USD) - 2016/07/31 10:56:22 ET
Table 'Asporina' 6-max Seat #4 is the button
Seat 4: VolkovDmitri ($120 in chips)
Seat 5: RabbitNrAS ($41.20 in chips)
VolkovDmitri: posts small blind $1
RabbitNrAS: posts big blind $3
*** HOLE CARDS ***
VolkovDmitri: raises $3 to $6
RabbitNrAS: folds
Uncalled bet ($3) returned to VolkovDmitri
VolkovDmitri collected $6 from pot
VolkovDmitri: doesn't show hand
*** SUMMARY ***
Total pot $6 | Rake $0
Seat 4: VolkovDmitri (button) (small blind) collected ($6)
Seat 5: RabbitNrAS (big blind) folded before Flop


PokerStars Hand #156678611646:  Hold'em Limit ($3/$6 USD) - 2016/07/31 10:56:14 ET
Table 'Asporina' 6-max Seat #5 is the button
Seat 4: VolkovDmitri ($123 in chips)
Seat 5: RabbitNrAS ($38.20 in chips)
RabbitNrAS: posts small blind $1
VolkovDmitri: posts big blind $3
*** HOLE CARDS ***
RabbitNrAS: raises $3 to $6
VolkovDmitri: folds
Uncalled bet ($3) returned to RabbitNrAS
RabbitNrAS collected $6 from pot
RabbitNrAS: doesn't show hand
*** SUMMARY ***
Total pot $6 | Rake $0
Seat 4: VolkovDmitri (big blind) folded before Flop
Seat 5: RabbitNrAS (button) (small blind) collected ($6)


PokerStars Hand #156678608854:  Hold'em Limit ($3/$6 USD) - 2016/07/31 10:56:09 ET
Table 'Asporina' 6-max Seat #4 is the button
Seat 4: VolkovDmitri ($120 in chips)
Seat 5: RabbitNrAS ($41.20 in chips)
VolkovDmitri: posts small blind $1
RabbitNrAS: posts big blind $3
*** HOLE CARDS ***
VolkovDmitri: raises $3 to $6
RabbitNrAS: folds
Uncalled bet ($3) returned to VolkovDmitri
VolkovDmitri collected $6 from pot
VolkovDmitri: doesn't show hand
*** SUMMARY ***
Total pot $6 | Rake $0
Seat 4: VolkovDmitri (button) (small blind) collected ($6)
Seat 5: RabbitNrAS (big blind) folded before Flop


PokerStars Hand #156678596092:  Hold'em Limit ($3/$6 USD) - 2016/07/31 10:55:45 ET
Table 'Asporina' 6-max Seat #5 is the button
Seat 4: VolkovDmitri ($133.50 in chips)
Seat 5: RabbitNrAS ($20.85 in chips)
RabbitNrAS: posts small blind $1
VolkovDmitri: posts big blind $3
*** HOLE CARDS ***
RabbitNrAS: raises $3 to $6
VolkovDmitri: raises $3 to $9
RabbitNrAS: calls $3
*** FLOP *** [5c 5h 8s]
VolkovDmitri: bets $3
RabbitNrAS: calls $3
*** TURN *** [5c 5h 8s] [7s]
VolkovDmitri: bets $6
RabbitNrAS: calls $6
*** RIVER *** [5c 5h 8s 7s] [3d]
VolkovDmitri: bets $6
RabbitNrAS: calls $2.85 and is all-in
Uncalled bet ($3.15) returned to VolkovDmitri
*** SHOW DOWN ***
VolkovDmitri: shows [Jh 7h] (two pair, Sevens and Fives)
RabbitNrAS: shows [7c Ad] (two pair, Sevens and Fives - Ace kicker)
RabbitNrAS collected $41.20 from pot
*** SUMMARY ***
Total pot $41.70 | Rake $0.50
Board [5c 5h 8s 7s 3d]
Seat 4: VolkovDmitri (big blind) showed [Jh 7h] and lost with two pair, Sevens and Fives
Seat 5: RabbitNrAS (button) (small blind) showed [7c Ad] and won ($41.20) with two pair, Sevens and Fives


PokerStars Hand #156678584204:  Hold'em Limit ($3/$6 USD) - 2016/07/31 10:55:23 ET
Table 'Asporina' 6-max Seat #4 is the button
Seat 4: VolkovDmitri ($144.14 in chips)
Seat 5: RabbitNrAS ($10.64 in chips)
VolkovDmitri: posts small blind $1
RabbitNrAS: posts big blind $3
*** HOLE CARDS ***
VolkovDmitri: raises $3 to $6
RabbitNrAS: calls $3
*** FLOP *** [7c 9d Kh]
RabbitNrAS: checks
VolkovDmitri: bets $3
RabbitNrAS: raises $1.64 to $4.64 and is all-in
VolkovDmitri: calls $1.64
*** TURN *** [7c 9d Kh] [3h]
*** RIVER *** [7c 9d Kh 3h] [9h]
*** SHOW DOWN ***
RabbitNrAS: shows [Ks 6s] (two pair, Kings and Nines)
VolkovDmitri: shows [6h 6d] (two pair, Nines and Sixes)
RabbitNrAS collected $20.85 from pot
*** SUMMARY ***
Total pot $21.28 | Rake $0.43
Board [7c 9d Kh 3h 9h]
Seat 4: VolkovDmitri (button) (small blind) showed [6h 6d] and lost with two pair, Nines and Sixes
Seat 5: RabbitNrAS (big blind) showed [Ks 6s] and won ($20.85) with two pair, Kings and Nines


PokerStars Hand #156678634316:  Hold'em Limit ($3/$6 USD) - 2016/07/31 10:56:55 ET
Table 'Asporina' 6-max Seat #4 is the button
Seat 4: VolkovDmitri ($120 in chips)
Seat 5: RabbitNrAS ($54.70 in chips)
VolkovDmitri: posts small blind $1
RabbitNrAS: posts big blind $3
*** HOLE CARDS ***
VolkovDmitri: raises $3 to $6
RabbitNrAS: calls $3
*** FLOP *** [9h 2h 4s]
RabbitNrAS: checks
VolkovDmitri: bets $3
RabbitNrAS: calls $3
*** TURN *** [9h 2h 4s] [Js]
RabbitNrAS: checks
VolkovDmitri: checks
*** RIVER *** [9h 2h 4s Js] [Td]
RabbitNrAS: checks
VolkovDmitri: checks
*** SHOW DOWN ***
RabbitNrAS: shows [As 2d] (a pair of Deuces)
VolkovDmitri: mucks hand
RabbitNrAS collected $17.64 from pot
*** SUMMARY ***
Total pot $18 | Rake $0.36
Board [9h 2h 4s Js Td]
Seat 4: VolkovDmitri (button) (small blind) mucked
Seat 5: RabbitNrAS (big blind) showed [As 2d] and won ($17.64) with a pair of Deuces


PokerStars Hand #156678624309:  Hold'em Limit ($3/$6 USD) - 2016/07/31 10:56:37 ET
Table 'Asporina' 6-max Seat #5 is the button
Seat 4: VolkovDmitri ($127 in chips)
Seat 5: RabbitNrAS ($34.20 in chips)
RabbitNrAS: posts small blind $1
VolkovDmitri: posts big blind $3
*** HOLE CARDS ***
RabbitNrAS: raises $3 to $6
VolkovDmitri: calls $3
*** FLOP *** [As 4h 8c]
VolkovDmitri: checks
RabbitNrAS: bets $3
VolkovDmitri: calls $3
*** TURN *** [As 4h 8c] [2c]
VolkovDmitri: checks
RabbitNrAS: bets $6
VolkovDmitri: calls $6
*** RIVER *** [As 4h 8c 2c] [2s]
VolkovDmitri: checks
RabbitNrAS: bets $6
VolkovDmitri: calls $6
*** SHOW DOWN ***
RabbitNrAS: shows [Jc 8h] (two pair, Eights and Deuces)
VolkovDmitri: mucks hand
RabbitNrAS collected $41.50 from pot
*** SUMMARY ***
Total pot $42 | Rake $0.50
Board [As 4h 8c 2c 2s]
Seat 4: VolkovDmitri (big blind) mucked
Seat 5: RabbitNrAS (button) (small blind) showed [Jc 8h] and won ($41.50) with two pair, Eights and Deuces


PokerStars Hand #156678621702:  Hold'em Limit ($3/$6 USD) - 2016/07/31 10:56:32 ET
Table 'Asporina' 6-max Seat #4 is the button
Seat 4: VolkovDmitri ($124 in chips)
Seat 5: RabbitNrAS ($37.20 in chips)
VolkovDmitri: posts small blind $1
RabbitNrAS: posts big blind $3
*** HOLE CARDS ***
VolkovDmitri: raises $3 to $6
RabbitNrAS: folds
Uncalled bet ($3) returned to VolkovDmitri
VolkovDmitri collected $6 from pot
VolkovDmitri: doesn't show hand
*** SUMMARY ***
Total pot $6 | Rake $0
Seat 4: VolkovDmitri (button) (small blind) collected ($6)
Seat 5: RabbitNrAS (big blind) folded before Flop


PokerStars Hand #156678659374:  Hold'em Limit ($3/$6 USD) - 2016/07/31 10:57:42 ET
Table 'Asporina' 6-max Seat #4 is the button
Seat 4: VolkovDmitri ($120 in chips)
Seat 5: RabbitNrAS ($89.84 in chips)
VolkovDmitri: posts small blind $1
RabbitNrAS: posts big blind $3
*** HOLE CARDS ***
VolkovDmitri: raises $3 to $6
RabbitNrAS: calls $3
*** FLOP *** [2h 9s Jh]
RabbitNrAS: checks
VolkovDmitri: bets $3
RabbitNrAS: calls $3
*** TURN *** [2h 9s Jh] [5h]
RabbitNrAS: checks
VolkovDmitri: bets $6
RabbitNrAS: raises $6 to $12
VolkovDmitri: calls $6
*** RIVER *** [2h 9s Jh 5h] [Kd]
RabbitNrAS: bets $6
VolkovDmitri: calls $6
*** SHOW DOWN ***
RabbitNrAS: shows [9c Jd] (two pair, Jacks and Nines)
VolkovDmitri: mucks hand
RabbitNrAS collected $53.50 from pot
*** SUMMARY ***
Total pot $54 | Rake $0.50
Board [2h 9s Jh 5h Kd]
Seat 4: VolkovDmitri (button) (small blind) mucked
Seat 5: RabbitNrAS (big blind) showed [9c Jd] and won ($53.50) with two pair, Jacks and Nines


PokerStars Hand #156678644880:  Hold'em Limit ($3/$6 USD) - 2016/07/31 10:57:15 ET
Table 'Asporina' 6-max Seat #5 is the button
Seat 4: VolkovDmitri ($120 in chips)
Seat 5: RabbitNrAS ($63.34 in chips)
RabbitNrAS: posts small blind $1
VolkovDmitri: posts big blind $3
*** HOLE CARDS ***
RabbitNrAS: raises $3 to $6
VolkovDmitri: calls $3
*** FLOP *** [3h As 2d]
VolkovDmitri: checks
RabbitNrAS: bets $3
VolkovDmitri: calls $3
*** TURN *** [3h As 2d] [2h]
VolkovDmitri: checks
RabbitNrAS: bets $6
VolkovDmitri: raises $6 to $12
RabbitNrAS: calls $6
*** RIVER *** [3h As 2d 2h] [Ac]
VolkovDmitri: checks
RabbitNrAS: bets $6
VolkovDmitri: calls $6
*** SHOW DOWN ***
RabbitNrAS: shows [4c Ad] (a full house, Aces full of Deuces)
VolkovDmitri: mucks hand
RabbitNrAS collected $53.50 from pot
*** SUMMARY ***
Total pot $54 | Rake $0.50
Board [3h As 2d 2h Ac]
Seat 4: VolkovDmitri (big blind) mucked
Seat 5: RabbitNrAS (button) (small blind) showed [4c Ad] and won ($53.50) with a full house, Aces full of Deuces


PokerStars Hand #156678712964:  Hold'em Limit ($3/$6 USD) - 2016/07/31 10:59:19 ET
Table 'Asporina' 6-max Seat #4 is the button
Seat 4: VolkovDmitri ($120 in chips)
Seat 5: RabbitNrAS ($130.84 in chips)
VolkovDmitri: posts small blind $1
RabbitNrAS: posts big blind $3
*** HOLE CARDS ***
VolkovDmitri: folds
Uncalled bet ($2) returned to RabbitNrAS
RabbitNrAS collected $2 from pot
RabbitNrAS: doesn't show hand
*** SUMMARY ***
Total pot $2 | Rake $0
Seat 4: VolkovDmitri (button) (small blind) folded before Flop
Seat 5: RabbitNrAS (big blind) collected ($2)


PokerStars Hand #156678678039:  Hold'em Limit ($3/$6 USD) - 2016/07/31 10:58:16 ET
Table 'Asporina' 6-max Seat #5 is the button
Seat 4: VolkovDmitri ($120 in chips)
Seat 5: RabbitNrAS ($116.34 in chips)
RabbitNrAS: posts small blind $1
VolkovDmitri: posts big blind $3
*** HOLE CARDS ***
RabbitNrAS: raises $3 to $6
VolkovDmitri: calls $3
*** FLOP *** [6d Qd 6s]
VolkovDmitri: checks
RabbitNrAS: bets $3
VolkovDmitri: calls $3
*** TURN *** [6d Qd 6s] [2h]
VolkovDmitri: checks
RabbitNrAS: checks
*** RIVER *** [6d Qd 6s 2h] [7h]
VolkovDmitri: checks
RabbitNrAS: bets $6
VolkovDmitri: calls $6
*** SHOW DOWN ***
RabbitNrAS: shows [Jh Jd] (two pair, Jacks and Sixes)
VolkovDmitri: mucks hand
RabbitNrAS collected $29.50 from pot
*** SUMMARY ***
Total pot $30 | Rake $0.50
Board [6d Qd 6s 2h 7h]
Seat 4: VolkovDmitri (big blind) mucked
Seat 5: RabbitNrAS (button) (small blind) showed [Jh Jd] and won ($29.50) with two pair, Jacks and Sixes


PokerStars Hand #156678723505:  Hold'em Limit ($3/$6 USD) - 2016/07/31 10:59:38 ET
Table 'Asporina' 6-max Seat #4 is the button
Seat 4: VolkovDmitri ($122.88 in chips)
Seat 5: RabbitNrAS ($128.84 in chips)
VolkovDmitri: posts small blind $1
RabbitNrAS: posts big blind $3
*** HOLE CARDS ***
VolkovDmitri: raises $3 to $6
RabbitNrAS: calls $3
*** FLOP *** [Ac 9s Jd]
RabbitNrAS: checks
VolkovDmitri: bets $3
RabbitNrAS: calls $3
*** TURN *** [Ac 9s Jd] [Jh]
RabbitNrAS: checks
VolkovDmitri: checks
*** RIVER *** [Ac 9s Jd Jh] [6d]
RabbitNrAS: bets $6
VolkovDmitri: calls $6
*** SHOW DOWN ***
RabbitNrAS: shows [8h Tc] (a pair of Jacks)
VolkovDmitri: shows [7h Kc] (a pair of Jacks - Ace+King kicker)
VolkovDmitri collected $29.50 from pot
*** SUMMARY ***
Total pot $30 | Rake $0.50
Board [Ac 9s Jd Jh 6d]
Seat 4: VolkovDmitri (button) (small blind) showed [7h Kc] and won ($29.50) with a pair of Jacks
Seat 5: RabbitNrAS (big blind) showed [8h Tc] and lost with a pair of Jacks


PokerStars Hand #156678717129:  Hold'em Limit ($3/$6 USD) - 2016/07/31 10:59:27 ET
Table 'Asporina' 6-max Seat #5 is the button
Seat 4: VolkovDmitri ($120 in chips)
Seat 5: RabbitNrAS ($131.84 in chips)
RabbitNrAS: posts small blind $1
VolkovDmitri: posts big blind $3
*** HOLE CARDS ***
RabbitNrAS: calls $2
VolkovDmitri: checks
*** FLOP *** [6h 2s Qh]
VolkovDmitri: bets $3
RabbitNrAS: folds
Uncalled bet ($3) returned to VolkovDmitri
VolkovDmitri collected $5.88 from pot
VolkovDmitri: doesn't show hand
*** SUMMARY ***
Total pot $6 | Rake $0.12
Board [6h 2s Qh]
Seat 4: VolkovDmitri (big blind) collected ($5.88)
Seat 5: RabbitNrAS (button) (small blind) folded on the Flop


