PokerStars Hand #159995352280:  Hold'em Limit ($3/$6 USD) - 2016/10/16 1:02:26 ET
Table 'Asterope' 6-max Seat #5 is the button
Seat 4: Agrotait ($60 in chips)
Seat 5: vavosik ($312.09 in chips)
vavosik: posts small blind $1
Agrotait: posts big blind $3
*** HOLE CARDS ***
vavosik: folds
Uncalled bet ($2) returned to Agrotait
Agrotait collected $2 from pot
Agrotait: doesn't show hand
*** SUMMARY ***
Total pot $2 | Rake $0
Seat 4: Agrotait (big blind) collected ($2)
Seat 5: vavosik (button) (small blind) folded before Flop


PokerStars Hand #159995342470:  Hold'em Limit ($3/$6 USD) - 2016/10/16 1:01:46 ET
Table 'Asterope' 6-max Seat #4 is the button
Seat 4: Agrotait ($72 in chips)
Seat 5: vavosik ($300.57 in chips)
Agrotait: posts small blind $1
vavosik: posts big blind $3
*** HOLE CARDS ***
Agrotait: raises $3 to $6
vavosik: raises $3 to $9
Agrotait: calls $3
*** FLOP *** [3d 9d 3c]
vavosik: bets $3
Agrotait: calls $3
*** TURN *** [3d 9d 3c] [Jc]
vavosik: bets $6
Agrotait: folds
Uncalled bet ($6) returned to vavosik
vavosik collected $23.52 from pot
*** SUMMARY ***
Total pot $24 | Rake $0.48
Board [3d 9d 3c Jc]
Seat 4: Agrotait (button) (small blind) folded on the Turn
Seat 5: vavosik (big blind) collected ($23.52)


PokerStars Hand #159995361119:  Hold'em Limit ($3/$6 USD) - 2016/10/16 1:03:01 ET
Table 'Asterope' 6-max Seat #5 is the button
Seat 4: Agrotait ($72 in chips)
Seat 5: vavosik ($316.85 in chips)
vavosik: posts small blind $1
Agrotait: posts big blind $3
*** HOLE CARDS ***
vavosik: raises $3 to $6
Agrotait: calls $3
*** FLOP *** [5c Ah 5s]
Agrotait: checks
vavosik: checks
*** TURN *** [5c Ah 5s] [3s]
Agrotait: checks
vavosik: bets $6
Agrotait: folds
Uncalled bet ($6) returned to vavosik
vavosik collected $11.76 from pot
*** SUMMARY ***
Total pot $12 | Rake $0.24
Board [5c Ah 5s 3s]
Seat 4: Agrotait (big blind) folded on the Turn
Seat 5: vavosik (button) (small blind) collected ($11.76)


PokerStars Hand #159995353476:  Hold'em Limit ($3/$6 USD) - 2016/10/16 1:02:31 ET
Table 'Asterope' 6-max Seat #4 is the button
Seat 4: Agrotait ($61 in chips)
Seat 5: vavosik ($311.09 in chips)
Agrotait: posts small blind $1
vavosik: posts big blind $3
*** HOLE CARDS ***
Agrotait: raises $3 to $6
vavosik: calls $3
*** FLOP *** [Kd Qs Ac]
vavosik: bets $3
Agrotait: folds
Uncalled bet ($3) returned to vavosik
vavosik collected $11.76 from pot
*** SUMMARY ***
Total pot $12 | Rake $0.24
Board [Kd Qs Ac]
Seat 4: Agrotait (button) (small blind) folded on the Flop
Seat 5: vavosik (big blind) collected ($11.76)


PokerStars Hand #159995371491:  Hold'em Limit ($3/$6 USD) - 2016/10/16 1:03:42 ET
Table 'Asterope' 6-max Seat #4 is the button
Seat 4: Agrotait ($66 in chips)
Seat 5: vavosik ($322.61 in chips)
Agrotait: posts small blind $1
vavosik: posts big blind $3
*** HOLE CARDS ***
Agrotait: raises $3 to $6
vavosik: calls $3
*** FLOP *** [Jh 5h 5c]
vavosik: checks
Agrotait: bets $3
vavosik: calls $3
*** TURN *** [Jh 5h 5c] [4s]
vavosik: checks
Agrotait: checks
*** RIVER *** [Jh 5h 5c 4s] [7d]
vavosik: bets $6
Agrotait: folds
Uncalled bet ($6) returned to vavosik
vavosik collected $17.64 from pot
*** SUMMARY ***
Total pot $18 | Rake $0.36
Board [Jh 5h 5c 4s 7d]
Seat 4: Agrotait (button) (small blind) folded on the River
Seat 5: vavosik (big blind) collected ($17.64)


PokerStars Hand #159995385152:  Hold'em Limit ($3/$6 USD) - 2016/10/16 1:04:37 ET
Table 'Asterope' 6-max Seat #5 is the button
Seat 4: Agrotait ($72 in chips)
Seat 5: vavosik ($331.25 in chips)
vavosik: posts small blind $1
Agrotait: posts big blind $3
*** HOLE CARDS ***
vavosik: raises $3 to $6
Agrotait: raises $3 to $9
vavosik: calls $3
*** FLOP *** [2s Jd 7c]
Agrotait: bets $3
vavosik: calls $3
*** TURN *** [2s Jd 7c] [Jc]
Agrotait: checks
vavosik: bets $6
Agrotait: calls $6
*** RIVER *** [2s Jd 7c Jc] [2h]
Agrotait: checks
vavosik: bets $6
Agrotait: calls $6
*** SHOW DOWN ***
vavosik: shows [4h 4s] (two pair, Jacks and Fours)
Agrotait: mucks hand
vavosik collected $47.50 from pot
*** SUMMARY ***
Total pot $48 | Rake $0.50
Board [2s Jd 7c Jc 2h]
Seat 4: Agrotait (big blind) mucked
Seat 5: vavosik (button) (small blind) showed [4h 4s] and won ($47.50) with two pair, Jacks and Fours


PokerStars Hand #159995412529:  Hold'em Limit ($3/$6 USD) - 2016/10/16 1:06:22 ET
Table 'Asterope' 6-max Seat #5 is the button
Seat 4: Agrotait ($101.50 in chips)
Seat 5: vavosik ($324.75 in chips)
vavosik: posts small blind $1
Agrotait: posts big blind $3
*** HOLE CARDS ***
vavosik: raises $3 to $6
Agrotait: calls $3
*** FLOP *** [Ad Qs 7d]
Agrotait: checks
vavosik: bets $3
Agrotait: raises $3 to $6
vavosik: raises $3 to $9
Agrotait: raises $3 to $12
Betting is capped
vavosik: calls $3
*** TURN *** [Ad Qs 7d] [4s]
Agrotait: bets $6
vavosik: raises $6 to $12
Agrotait: calls $6
*** RIVER *** [Ad Qs 7d 4s] [Kc]
Agrotait: checks
vavosik: bets $6
Agrotait: calls $6
*** SHOW DOWN ***
vavosik: shows [7h 4h] (two pair, Sevens and Fours)
Agrotait: shows [7s Ac] (two pair, Aces and Sevens)
Agrotait collected $71.50 from pot
*** SUMMARY ***
Total pot $72 | Rake $0.50
Board [Ad Qs 7d 4s Kc]
Seat 4: Agrotait (big blind) showed [7s Ac] and won ($71.50) with two pair, Aces and Sevens
Seat 5: vavosik (button) (small blind) showed [7h 4h] and lost with two pair, Sevens and Fours


PokerStars Hand #159995404039:  Hold'em Limit ($3/$6 USD) - 2016/10/16 1:05:49 ET
Table 'Asterope' 6-max Seat #4 is the button
Seat 4: Agrotait ($72 in chips)
Seat 5: vavosik ($354.75 in chips)
Agrotait: posts small blind $1
vavosik: posts big blind $3
*** HOLE CARDS ***
Agrotait: raises $3 to $6
vavosik: raises $3 to $9
Agrotait: calls $3
*** FLOP *** [8c Ad Ks]
vavosik: bets $3
Agrotait: calls $3
*** TURN *** [8c Ad Ks] [Tc]
vavosik: bets $6
Agrotait: calls $6
*** RIVER *** [8c Ad Ks Tc] [3d]
vavosik: bets $6
Agrotait: raises $6 to $12
vavosik: calls $6
*** SHOW DOWN ***
Agrotait: shows [3c As] (two pair, Aces and Threes)
vavosik: mucks hand
Agrotait collected $59.50 from pot
*** SUMMARY ***
Total pot $60 | Rake $0.50
Board [8c Ad Ks Tc 3d]
Seat 4: Agrotait (button) (small blind) showed [3c As] and won ($59.50) with two pair, Aces and Threes
Seat 5: vavosik (big blind) mucked


PokerStars Hand #159995429418:  Hold'em Limit ($3/$6 USD) - 2016/10/16 1:07:27 ET
Table 'Asterope' 6-max Seat #4 is the button
Seat 4: Agrotait ($123 in chips)
Seat 5: vavosik ($302.25 in chips)
Agrotait: posts small blind $1
vavosik: posts big blind $3
*** HOLE CARDS ***
Agrotait: folds
Uncalled bet ($2) returned to vavosik
vavosik collected $2 from pot
*** SUMMARY ***
Total pot $2 | Rake $0
Seat 4: Agrotait (button) (small blind) folded before Flop
Seat 5: vavosik (big blind) collected ($2)


PokerStars Hand #159995428191:  Hold'em Limit ($3/$6 USD) - 2016/10/16 1:07:23 ET
Table 'Asterope' 6-max Seat #5 is the button
Seat 4: Agrotait ($122 in chips)
Seat 5: vavosik ($303.25 in chips)
vavosik: posts small blind $1
Agrotait: posts big blind $3
*** HOLE CARDS ***
vavosik: folds
Uncalled bet ($2) returned to Agrotait
Agrotait collected $2 from pot
Agrotait: doesn't show hand
*** SUMMARY ***
Total pot $2 | Rake $0
Seat 4: Agrotait (big blind) collected ($2)
Seat 5: vavosik (button) (small blind) folded before Flop


PokerStars Hand #159995418917:  Hold'em Limit ($3/$6 USD) - 2016/10/16 1:06:47 ET
Table 'Asterope' 6-max Seat #4 is the button
Seat 4: Agrotait ($137 in chips)
Seat 5: vavosik ($288.75 in chips)
Agrotait: posts small blind $1
vavosik: posts big blind $3
*** HOLE CARDS ***
Agrotait: raises $3 to $6
vavosik: calls $3
*** FLOP *** [2c Td Ac]
vavosik: checks
Agrotait: bets $3
vavosik: calls $3
*** TURN *** [2c Td Ac] [Ad]
vavosik: checks
Agrotait: checks
*** RIVER *** [2c Td Ac Ad] [Ah]
vavosik: bets $6
Agrotait: calls $6
*** SHOW DOWN ***
vavosik: shows [2h Ts] (a full house, Aces full of Tens)
Agrotait: mucks hand
vavosik collected $29.50 from pot
*** SUMMARY ***
Total pot $30 | Rake $0.50
Board [2c Td Ac Ad Ah]
Seat 4: Agrotait (button) (small blind) mucked
Seat 5: vavosik (big blind) showed [2h Ts] and won ($29.50) with a full house, Aces full of Tens


PokerStars Hand #159995431156:  Hold'em Limit ($3/$6 USD) - 2016/10/16 1:07:34 ET
Table 'Asterope' 6-max Seat #5 is the button
Seat 4: Agrotait ($122 in chips)
Seat 5: vavosik ($303.25 in chips)
vavosik: posts small blind $1
Agrotait: posts big blind $3
*** HOLE CARDS ***
vavosik: raises $3 to $6
Agrotait: calls $3
*** FLOP *** [As Td 2h]
Agrotait: checks
vavosik: bets $3
Agrotait: calls $3
*** TURN *** [As Td 2h] [7d]
Agrotait: checks
vavosik: bets $6
Agrotait: raises $6 to $12
vavosik: calls $6
*** RIVER *** [As Td 2h 7d] [8s]
Agrotait: bets $6
vavosik: calls $6
*** SHOW DOWN ***
Agrotait: shows [7h Th] (two pair, Tens and Sevens)
vavosik: mucks hand
Agrotait collected $53.50 from pot
*** SUMMARY ***
Total pot $54 | Rake $0.50
Board [As Td 2h 7d 8s]
Seat 4: Agrotait (big blind) showed [7h Th] and won ($53.50) with two pair, Tens and Sevens
Seat 5: vavosik (button) (small blind) mucked


PokerStars Hand #159995455104:  Hold'em Limit ($3/$6 USD) - 2016/10/16 1:09:06 ET
Table 'Asterope' 6-max Seat #5 is the button
Seat 4: Agrotait ($172 in chips)
Seat 5: vavosik ($252.25 in chips)
vavosik: posts small blind $1
Agrotait: posts big blind $3
*** HOLE CARDS ***
vavosik: raises $3 to $6
Agrotait: calls $3
*** FLOP *** [As Qs Js]
Agrotait: checks
vavosik: bets $3
Agrotait: calls $3
*** TURN *** [As Qs Js] [Qh]
Agrotait: checks
vavosik: bets $6
Agrotait: raises $6 to $12
vavosik: calls $6
*** RIVER *** [As Qs Js Qh] [9d]
Agrotait: bets $6
vavosik: calls $6
*** SHOW DOWN ***
Agrotait: shows [Qd 7h] (three of a kind, Queens)
vavosik: mucks hand
Agrotait collected $53.50 from pot
*** SUMMARY ***
Total pot $54 | Rake $0.50
Board [As Qs Js Qh 9d]
Seat 4: Agrotait (big blind) showed [Qd 7h] and won ($53.50) with three of a kind, Queens
Seat 5: vavosik (button) (small blind) mucked


PokerStars Hand #159995464493:  Hold'em Limit ($3/$6 USD) - 2016/10/16 1:09:43 ET
Table 'Asterope' 6-max Seat #4 is the button
Seat 4: Agrotait ($198.50 in chips)
Seat 5: vavosik ($225.25 in chips)
Agrotait: posts small blind $1
vavosik: posts big blind $3
*** HOLE CARDS ***
Agrotait: raises $3 to $6
vavosik: calls $3
*** FLOP *** [Ad 3d Qh]
vavosik: checks
Agrotait: bets $3
vavosik: calls $3
*** TURN *** [Ad 3d Qh] [Kd]
vavosik: checks
Agrotait: checks
*** RIVER *** [Ad 3d Qh Kd] [9d]
vavosik: bets $6
Agrotait: folds
Uncalled bet ($6) returned to vavosik
vavosik collected $17.64 from pot
*** SUMMARY ***
Total pot $18 | Rake $0.36
Board [Ad 3d Qh Kd 9d]
Seat 4: Agrotait (button) (small blind) folded on the River
Seat 5: vavosik (big blind) collected ($17.64)


PokerStars Hand #159995471011:  Hold'em Limit ($3/$6 USD) - 2016/10/16 1:10:09 ET
Table 'Asterope' 6-max Seat #5 is the button
Seat 4: Agrotait ($189.50 in chips)
Seat 5: vavosik ($233.89 in chips)
vavosik: posts small blind $1
Agrotait: posts big blind $3
*** HOLE CARDS ***
vavosik: calls $2
Agrotait: raises $3 to $6
vavosik: calls $3
*** FLOP *** [7d 5s 7h]
Agrotait: bets $3
vavosik: calls $3
*** TURN *** [7d 5s 7h] [9s]
Agrotait: bets $6
vavosik: calls $6
*** RIVER *** [7d 5s 7h 9s] [3d]
Agrotait: bets $6
vavosik: raises $6 to $12
Agrotait: calls $6
*** SHOW DOWN ***
vavosik: shows [Ts 2s] (a pair of Sevens)
Agrotait: shows [8h 8c] (two pair, Eights and Sevens)
Agrotait collected $53.50 from pot
*** SUMMARY ***
Total pot $54 | Rake $0.50
Board [7d 5s 7h 9s 3d]
Seat 4: Agrotait (big blind) showed [8h 8c] and won ($53.50) with two pair, Eights and Sevens
Seat 5: vavosik (button) (small blind) showed [Ts 2s] and lost with a pair of Sevens


PokerStars Hand #159995492628:  Hold'em Limit ($3/$6 USD) - 2016/10/16 1:11:33 ET
Table 'Asterope' 6-max Seat #4 is the button
Seat 4: Agrotait ($204 in chips)
Seat 5: vavosik ($218.41 in chips)
Agrotait: posts small blind $1
vavosik: posts big blind $3
*** HOLE CARDS ***
Agrotait: folds
Uncalled bet ($2) returned to vavosik
vavosik collected $2 from pot
*** SUMMARY ***
Total pot $2 | Rake $0
Seat 4: Agrotait (button) (small blind) folded before Flop
Seat 5: vavosik (big blind) collected ($2)


PokerStars Hand #159995488520:  Hold'em Limit ($3/$6 USD) - 2016/10/16 1:11:17 ET
Table 'Asterope' 6-max Seat #5 is the button
Seat 4: Agrotait ($207 in chips)
Seat 5: vavosik ($215.53 in chips)
vavosik: posts small blind $1
Agrotait: posts big blind $3
*** HOLE CARDS ***
vavosik: calls $2
Agrotait: checks
*** FLOP *** [3d 5h 6s]
Agrotait: checks
vavosik: checks
*** TURN *** [3d 5h 6s] [2s]
Agrotait: checks
vavosik: checks
*** RIVER *** [3d 5h 6s 2s] [3c]
Agrotait: checks
vavosik: checks
*** SHOW DOWN ***
Agrotait: shows [9s Tc] (a pair of Threes)
vavosik: shows [7c Jc] (a pair of Threes - Jack kicker)
vavosik collected $5.88 from pot
*** SUMMARY ***
Total pot $6 | Rake $0.12
Board [3d 5h 6s 2s 3c]
Seat 4: Agrotait (big blind) showed [9s Tc] and lost with a pair of Threes
Seat 5: vavosik (button) (small blind) showed [7c Jc] and won ($5.88) with a pair of Threes


PokerStars Hand #159995476252:  Hold'em Limit ($3/$6 USD) - 2016/10/16 1:10:29 ET
Table 'Asterope' 6-max Seat #4 is the button
Seat 4: Agrotait ($216 in chips)
Seat 5: vavosik ($206.89 in chips)
Agrotait: posts small blind $1
vavosik: posts big blind $3
*** HOLE CARDS ***
Agrotait: raises $3 to $6
vavosik: calls $3
*** FLOP *** [4h 9c 2s]
vavosik: checks
Agrotait: bets $3
vavosik: calls $3
*** TURN *** [4h 9c 2s] [Jh]
vavosik: checks
Agrotait: checks
*** RIVER *** [4h 9c 2s Jh] [5d]
vavosik: bets $6
Agrotait: folds
Uncalled bet ($6) returned to vavosik
vavosik collected $17.64 from pot
*** SUMMARY ***
Total pot $18 | Rake $0.36
Board [4h 9c 2s Jh 5d]
Seat 4: Agrotait (button) (small blind) folded on the River
Seat 5: vavosik (big blind) collected ($17.64)


PokerStars Hand #159995503167:  Hold'em Limit ($3/$6 USD) - 2016/10/16 1:12:14 ET
Table 'Asterope' 6-max Seat #4 is the button
Seat 4: Agrotait ($200 in chips)
Seat 5: vavosik ($222.29 in chips)
Agrotait: posts small blind $1
vavosik: posts big blind $3
*** HOLE CARDS ***
Agrotait: raises $3 to $6
vavosik: calls $3
*** FLOP *** [6c Ah Qd]
vavosik: checks
Agrotait: bets $3
vavosik: calls $3
*** TURN *** [6c Ah Qd] [4h]
vavosik: checks
Agrotait: bets $6
vavosik: calls $6
*** RIVER *** [6c Ah Qd 4h] [9d]
vavosik: checks
Agrotait: checks
*** SHOW DOWN ***
vavosik: shows [Td Kh] (high card Ace)
Agrotait: mucks hand
vavosik collected $29.50 from pot
*** SUMMARY ***
Total pot $30 | Rake $0.50
Board [6c Ah Qd 4h 9d]
Seat 4: Agrotait (button) (small blind) mucked
Seat 5: vavosik (big blind) showed [Td Kh] and won ($29.50) with high card Ace


PokerStars Hand #159995494698:  Hold'em Limit ($3/$6 USD) - 2016/10/16 1:11:41 ET
Table 'Asterope' 6-max Seat #5 is the button
Seat 4: Agrotait ($203 in chips)
Seat 5: vavosik ($219.41 in chips)
vavosik: posts small blind $1
Agrotait: posts big blind $3
*** HOLE CARDS ***
vavosik: calls $2
Agrotait: checks
*** FLOP *** [2c 3h 9s]
Agrotait: checks
vavosik: checks
*** TURN *** [2c 3h 9s] [7c]
Agrotait: checks
vavosik: bets $6
Agrotait: folds
Uncalled bet ($6) returned to vavosik
vavosik collected $5.88 from pot
*** SUMMARY ***
Total pot $6 | Rake $0.12
Board [2c 3h 9s 7c]
Seat 4: Agrotait (big blind) folded on the Turn
Seat 5: vavosik (button) (small blind) collected ($5.88)


PokerStars Hand #159995518045:  Hold'em Limit ($3/$6 USD) - 2016/10/16 1:13:13 ET
Table 'Asterope' 6-max Seat #4 is the button
Seat 4: Agrotait ($173 in chips)
Seat 5: vavosik ($248.31 in chips)
Agrotait: posts small blind $1
vavosik: posts big blind $3
*** HOLE CARDS ***
Agrotait: raises $3 to $6
vavosik: calls $3
*** FLOP *** [Th 5c 6h]
vavosik: checks
Agrotait: bets $3
vavosik: calls $3
*** TURN *** [Th 5c 6h] [Qh]
vavosik: checks
Agrotait: bets $6
vavosik: folds
Uncalled bet ($6) returned to Agrotait
Agrotait collected $17.64 from pot
Agrotait: doesn't show hand
*** SUMMARY ***
Total pot $18 | Rake $0.36
Board [Th 5c 6h Qh]
Seat 4: Agrotait (button) (small blind) collected ($17.64)
Seat 5: vavosik (big blind) folded on the Turn


PokerStars Hand #159995512671:  Hold'em Limit ($3/$6 USD) - 2016/10/16 1:12:51 ET
Table 'Asterope' 6-max Seat #5 is the button
Seat 4: Agrotait ($185 in chips)
Seat 5: vavosik ($236.79 in chips)
vavosik: posts small blind $1
Agrotait: posts big blind $3
*** HOLE CARDS ***
vavosik: calls $2
Agrotait: checks
*** FLOP *** [Jh 8s 5s]
Agrotait: bets $3
vavosik: calls $3
*** TURN *** [Jh 8s 5s] [2s]
Agrotait: checks
vavosik: checks
*** RIVER *** [Jh 8s 5s 2s] [8c]
Agrotait: checks
vavosik: bets $6
Agrotait: calls $6
*** SHOW DOWN ***
vavosik: shows [5d 4s] (two pair, Eights and Fives)
Agrotait: mucks hand
vavosik collected $23.52 from pot
*** SUMMARY ***
Total pot $24 | Rake $0.48
Board [Jh 8s 5s 2s 8c]
Seat 4: Agrotait (big blind) mucked
Seat 5: vavosik (button) (small blind) showed [5d 4s] and won ($23.52) with two pair, Eights and Fives


PokerStars Hand #159995528894:  Hold'em Limit ($3/$6 USD) - 2016/10/16 1:13:55 ET
Table 'Asterope' 6-max Seat #4 is the button
Seat 4: Agrotait ($166.64 in chips)
Seat 5: vavosik ($253.81 in chips)
Agrotait: posts small blind $1
vavosik: posts big blind $3
*** HOLE CARDS ***
Agrotait: raises $3 to $6
vavosik: calls $3
*** FLOP *** [As Qs Kh]
vavosik: checks
Agrotait: bets $3
vavosik: calls $3
*** TURN *** [As Qs Kh] [Qc]
LolDnkaments joins the table at seat #6
vavosik: checks
Agrotait: bets $6
vavosik: calls $6
*** RIVER *** [As Qs Kh Qc] [8s]
vavosik: checks
Agrotait: bets $6
vavosik: calls $6
*** SHOW DOWN ***
Agrotait: shows [5s 9s] (a flush, Ace high)
vavosik: mucks hand
Agrotait collected $41.50 from pot
*** SUMMARY ***
Total pot $42 | Rake $0.50
Board [As Qs Kh Qc 8s]
Seat 4: Agrotait (button) (small blind) showed [5s 9s] and won ($41.50) with a flush, Ace high
Seat 5: vavosik (big blind) mucked


PokerStars Hand #159995522742:  Hold'em Limit ($3/$6 USD) - 2016/10/16 1:13:31 ET
Table 'Asterope' 6-max Seat #5 is the button
Seat 4: Agrotait ($181.64 in chips)
Seat 5: vavosik ($239.31 in chips)
vavosik: posts small blind $1
Agrotait: posts big blind $3
*** HOLE CARDS ***
vavosik: calls $2
Agrotait: raises $3 to $6
vavosik: calls $3
*** FLOP *** [8h Js 3c]
Agrotait: bets $3
vavosik: calls $3
*** TURN *** [8h Js 3c] [8s]
Agrotait: bets $6
vavosik: calls $6
*** RIVER *** [8h Js 3c 8s] [4c]
Agrotait: checks
vavosik: checks
*** SHOW DOWN ***
Agrotait: shows [Ks Td] (a pair of Eights)
vavosik: shows [Ad 7d] (a pair of Eights - Ace kicker)
vavosik collected $29.50 from pot
*** SUMMARY ***
Total pot $30 | Rake $0.50
Board [8h Js 3c 8s 4c]
Seat 4: Agrotait (big blind) showed [Ks Td] and lost with a pair of Eights
Seat 5: vavosik (button) (small blind) showed [Ad 7d] and won ($29.50) with a pair of Eights


