PokerStars Hand #155868999597:  Hold'em Limit ($3/$6 USD) - 2016/07/12 5:33:56 ET
Table 'Asteria II' 6-max Seat #6 is the button
Seat 5: WubboJR ($61.11 in chips)
Seat 6: esk721 ($141.93 in chips)
esk721: posts small blind $1
lokkkk: is sitting out
WubboJR: posts big blind $3
*** HOLE CARDS ***
esk721: folds
Uncalled bet ($2) returned to WubboJR
lokkkk leaves the table
WubboJR collected $2 from pot
WubboJR: doesn't show hand
*** SUMMARY ***
Total pot $2 | Rake $0
Seat 5: WubboJR (big blind) collected ($2)
Seat 6: esk721 (button) (small blind) folded before Flop


PokerStars Hand #155869002043:  Hold'em Limit ($3/$6 USD) - 2016/07/12 5:34:03 ET
Table 'Asteria II' 6-max Seat #5 is the button
Seat 5: WubboJR ($62.11 in chips)
Seat 6: esk721 ($140.93 in chips)
WubboJR: posts small blind $1
esk721: posts big blind $3
*** HOLE CARDS ***
WubboJR: raises $3 to $6
esk721: raises $3 to $9
WubboJR: calls $3
*** FLOP *** [Js Tc 6d]
esk721: bets $3
WubboJR: calls $3
*** TURN *** [Js Tc 6d] [2c]
esk721: bets $6
WubboJR: calls $6
*** RIVER *** [Js Tc 6d 2c] [3s]
esk721: bets $6
WubboJR: folds
Uncalled bet ($6) returned to esk721
esk721 collected $35.50 from pot
esk721: doesn't show hand
*** SUMMARY ***
Total pot $36 | Rake $0.50
Board [Js Tc 6d 2c 3s]
Seat 5: WubboJR (button) (small blind) folded on the River
Seat 6: esk721 (big blind) collected ($35.50)


