PokerStars Hand #172324130536:  Hold'em Limit ($3/$6 USD) - 2017/06/27 18:50:05 ET
Table 'Asteria' 6-max Seat #4 is the button
Seat 3: NewRocker ($114 in chips)
Seat 4: RaisemyNut$ ($125.76 in chips)
RaisemyNut$: posts small blind $1
NewRocker: posts big blind $3
*** HOLE CARDS ***
RaisemyNut$: raises $3 to $6
NewRocker: folds
Uncalled bet ($3) returned to RaisemyNut$
RaisemyNut$ collected $6 from pot
RaisemyNut$: doesn't show hand
*** SUMMARY ***
Total pot $6 | Rake $0
Seat 3: NewRocker (big blind) folded before Flop
Seat 4: RaisemyNut$ (button) (small blind) collected ($6)


PokerStars Hand #172324107337:  Hold'em Limit ($3/$6 USD) - 2017/06/27 18:49:27 ET
Table 'Asteria' 6-max Seat #3 is the button
Seat 3: NewRocker ($120 in chips)
Seat 4: RaisemyNut$ ($120 in chips)
NewRocker: posts small blind $1
RaisemyNut$: posts big blind $3
*** HOLE CARDS ***
NewRocker: calls $2
RaisemyNut$: raises $3 to $6
NewRocker: calls $3
*** FLOP *** [2c 9s Qd]
RaisemyNut$: bets $3
NewRocker: folds
Uncalled bet ($3) returned to RaisemyNut$
RaisemyNut$ collected $11.76 from pot
RaisemyNut$: doesn't show hand
*** SUMMARY ***
Total pot $12 | Rake $0.24
Board [2c 9s Qd]
Seat 3: NewRocker (button) (small blind) folded on the Flop
Seat 4: RaisemyNut$ (big blind) collected ($11.76)


PokerStars Hand #172324168518:  Hold'em Limit ($3/$6 USD) - 2017/06/27 18:51:07 ET
Table 'Asteria' 6-max Seat #3 is the button
Seat 3: NewRocker ($110.52 in chips)
Seat 4: RaisemyNut$ ($128.28 in chips)
NewRocker: posts small blind $1
RaisemyNut$: posts big blind $3
*** HOLE CARDS ***
NewRocker: folds
Uncalled bet ($2) returned to RaisemyNut$
RaisemyNut$ collected $2 from pot
RaisemyNut$: doesn't show hand
*** SUMMARY ***
Total pot $2 | Rake $0
Seat 3: NewRocker (button) (small blind) folded before Flop
Seat 4: RaisemyNut$ (big blind) collected ($2)


PokerStars Hand #172324156370:  Hold'em Limit ($3/$6 USD) - 2017/06/27 18:50:47 ET
Table 'Asteria' 6-max Seat #4 is the button
Seat 3: NewRocker ($99 in chips)
Seat 4: RaisemyNut$ ($140.28 in chips)
RaisemyNut$: posts small blind $1
NewRocker: posts big blind $3
*** HOLE CARDS ***
RaisemyNut$: raises $3 to $6
NewRocker: raises $3 to $9
RaisemyNut$: calls $3
*** FLOP *** [3s 3h 7c]
NewRocker: bets $3
RaisemyNut$: calls $3
*** TURN *** [3s 3h 7c] [3d]
NewRocker: bets $6
RaisemyNut$: folds
Uncalled bet ($6) returned to NewRocker
NewRocker collected $23.52 from pot
NewRocker: doesn't show hand
*** SUMMARY ***
Total pot $24 | Rake $0.48
Board [3s 3h 7c 3d]
Seat 3: NewRocker (big blind) collected ($23.52)
Seat 4: RaisemyNut$ (button) (small blind) folded on the Turn


PokerStars Hand #172324136920:  Hold'em Limit ($3/$6 USD) - 2017/06/27 18:50:15 ET
Table 'Asteria' 6-max Seat #3 is the button
Seat 3: NewRocker ($111 in chips)
Seat 4: RaisemyNut$ ($128.76 in chips)
NewRocker: posts small blind $1
RaisemyNut$: posts big blind $3
*** HOLE CARDS ***
NewRocker: raises $3 to $6
RaisemyNut$: calls $3
*** FLOP *** [3s 3d Ks]
RaisemyNut$: checks
NewRocker: bets $3
RaisemyNut$: raises $3 to $6
NewRocker: calls $3
*** TURN *** [3s 3d Ks] [Js]
RaisemyNut$: bets $6
NewRocker: folds
Uncalled bet ($6) returned to RaisemyNut$
RaisemyNut$ collected $23.52 from pot
RaisemyNut$: doesn't show hand
*** SUMMARY ***
Total pot $24 | Rake $0.48
Board [3s 3d Ks Js]
Seat 3: NewRocker (button) (small blind) folded on the Turn
Seat 4: RaisemyNut$ (big blind) collected ($23.52)


PokerStars Hand #172324213022:  Hold'em Limit ($3/$6 USD) - 2017/06/27 18:52:22 ET
Table 'Asteria' 6-max Seat #3 is the button
Seat 3: NewRocker ($111.16 in chips)
Seat 4: RaisemyNut$ ($127.04 in chips)
NewRocker: posts small blind $1
RaisemyNut$: posts big blind $3
*** HOLE CARDS ***
NewRocker: folds
Uncalled bet ($2) returned to RaisemyNut$
RaisemyNut$ collected $2 from pot
RaisemyNut$: doesn't show hand
*** SUMMARY ***
Total pot $2 | Rake $0
Seat 3: NewRocker (button) (small blind) folded before Flop
Seat 4: RaisemyNut$ (big blind) collected ($2)


PokerStars Hand #172324196891:  Hold'em Limit ($3/$6 USD) - 2017/06/27 18:51:55 ET
Table 'Asteria' 6-max Seat #4 is the button
Seat 3: NewRocker ($102.52 in chips)
Seat 4: RaisemyNut$ ($136.04 in chips)
RaisemyNut$: posts small blind $1
NewRocker: posts big blind $3
*** HOLE CARDS ***
RaisemyNut$: raises $3 to $6
NewRocker: calls $3
*** FLOP *** [7d Jc 9c]
NewRocker: checks
RaisemyNut$: bets $3
NewRocker: calls $3
*** TURN *** [7d Jc 9c] [Jd]
NewRocker: checks
RaisemyNut$: checks
*** RIVER *** [7d Jc 9c Jd] [6c]
NewRocker: bets $6
RaisemyNut$: folds
Uncalled bet ($6) returned to NewRocker
NewRocker collected $17.64 from pot
NewRocker: doesn't show hand
*** SUMMARY ***
Total pot $18 | Rake $0.36
Board [7d Jc 9c Jd 6c]
Seat 3: NewRocker (big blind) collected ($17.64)
Seat 4: RaisemyNut$ (button) (small blind) folded on the River


PokerStars Hand #172324193909:  Hold'em Limit ($3/$6 USD) - 2017/06/27 18:51:50 ET
Table 'Asteria' 6-max Seat #3 is the button
Seat 3: NewRocker ($103.52 in chips)
Seat 4: RaisemyNut$ ($135.04 in chips)
NewRocker: posts small blind $1
RaisemyNut$: posts big blind $3
*** HOLE CARDS ***
NewRocker: folds
Uncalled bet ($2) returned to RaisemyNut$
RaisemyNut$ collected $2 from pot
RaisemyNut$: doesn't show hand
*** SUMMARY ***
Total pot $2 | Rake $0
Seat 3: NewRocker (button) (small blind) folded before Flop
Seat 4: RaisemyNut$ (big blind) collected ($2)


PokerStars Hand #172324190404:  Hold'em Limit ($3/$6 USD) - 2017/06/27 18:51:44 ET
Table 'Asteria' 6-max Seat #4 is the button
Seat 3: NewRocker ($102.52 in chips)
Seat 4: RaisemyNut$ ($136.04 in chips)
RaisemyNut$: posts small blind $1
NewRocker: posts big blind $3
*** HOLE CARDS ***
RaisemyNut$: folds
Uncalled bet ($2) returned to NewRocker
NewRocker collected $2 from pot
NewRocker: doesn't show hand
*** SUMMARY ***
Total pot $2 | Rake $0
Seat 3: NewRocker (big blind) collected ($2)
Seat 4: RaisemyNut$ (button) (small blind) folded before Flop


PokerStars Hand #172324187485:  Hold'em Limit ($3/$6 USD) - 2017/06/27 18:51:39 ET
Table 'Asteria' 6-max Seat #3 is the button
Seat 3: NewRocker ($103.52 in chips)
Seat 4: RaisemyNut$ ($135.04 in chips)
NewRocker: posts small blind $1
RaisemyNut$: posts big blind $3
*** HOLE CARDS ***
NewRocker: folds
Uncalled bet ($2) returned to RaisemyNut$
RaisemyNut$ collected $2 from pot
RaisemyNut$: doesn't show hand
*** SUMMARY ***
Total pot $2 | Rake $0
Seat 3: NewRocker (button) (small blind) folded before Flop
Seat 4: RaisemyNut$ (big blind) collected ($2)


PokerStars Hand #172324177228:  Hold'em Limit ($3/$6 USD) - 2017/06/27 18:51:22 ET
Table 'Asteria' 6-max Seat #4 is the button
Seat 3: NewRocker ($109.52 in chips)
Seat 4: RaisemyNut$ ($129.28 in chips)
RaisemyNut$: posts small blind $1
NewRocker: posts big blind $3
*** HOLE CARDS ***
RaisemyNut$: raises $3 to $6
NewRocker: calls $3
*** FLOP *** [6c Js Ad]
NewRocker: checks
RaisemyNut$: bets $3
NewRocker: folds
Uncalled bet ($3) returned to RaisemyNut$
RaisemyNut$ collected $11.76 from pot
RaisemyNut$: doesn't show hand
*** SUMMARY ***
Total pot $12 | Rake $0.24
Board [6c Js Ad]
Seat 3: NewRocker (big blind) folded on the Flop
Seat 4: RaisemyNut$ (button) (small blind) collected ($11.76)


PokerStars Hand #172324245218:  Hold'em Limit ($3/$6 USD) - 2017/06/27 18:53:15 ET
Table 'Asteria' 6-max Seat #3 is the button
Seat 3: NewRocker ($126.66 in chips)
Seat 4: RaisemyNut$ ($111.04 in chips)
NewRocker: posts small blind $1
RaisemyNut$: posts big blind $3
*** HOLE CARDS ***
NewRocker: raises $3 to $6
RaisemyNut$: folds
Uncalled bet ($3) returned to NewRocker
NewRocker collected $6 from pot
NewRocker: doesn't show hand
*** SUMMARY ***
Total pot $6 | Rake $0
Seat 3: NewRocker (button) (small blind) collected ($6)
Seat 4: RaisemyNut$ (big blind) folded before Flop


PokerStars Hand #172324239877:  Hold'em Limit ($3/$6 USD) - 2017/06/27 18:53:07 ET
Table 'Asteria' 6-max Seat #4 is the button
Seat 3: NewRocker ($129.66 in chips)
Seat 4: RaisemyNut$ ($108.04 in chips)
RaisemyNut$: posts small blind $1
NewRocker: posts big blind $3
*** HOLE CARDS ***
RaisemyNut$: raises $3 to $6
NewRocker: folds
Uncalled bet ($3) returned to RaisemyNut$
RaisemyNut$ collected $6 from pot
RaisemyNut$: doesn't show hand
*** SUMMARY ***
Total pot $6 | Rake $0
Seat 3: NewRocker (big blind) folded before Flop
Seat 4: RaisemyNut$ (button) (small blind) collected ($6)


PokerStars Hand #172324234536:  Hold'em Limit ($3/$6 USD) - 2017/06/27 18:52:58 ET
Table 'Asteria' 6-max Seat #3 is the button
Seat 3: NewRocker ($130.66 in chips)
Seat 4: RaisemyNut$ ($107.04 in chips)
NewRocker: posts small blind $1
RaisemyNut$: posts big blind $3
*** HOLE CARDS ***
NewRocker: folds
Uncalled bet ($2) returned to RaisemyNut$
RaisemyNut$ collected $2 from pot
RaisemyNut$: doesn't show hand
*** SUMMARY ***
Total pot $2 | Rake $0
Seat 3: NewRocker (button) (small blind) folded before Flop
Seat 4: RaisemyNut$ (big blind) collected ($2)


PokerStars Hand #172324216080:  Hold'em Limit ($3/$6 USD) - 2017/06/27 18:52:27 ET
Table 'Asteria' 6-max Seat #4 is the button
Seat 3: NewRocker ($110.16 in chips)
Seat 4: RaisemyNut$ ($128.04 in chips)
RaisemyNut$: posts small blind $1
NewRocker: posts big blind $3
*** HOLE CARDS ***
RaisemyNut$: raises $3 to $6
NewRocker: raises $3 to $9
RaisemyNut$: calls $3
*** FLOP *** [7h Tc 7s]
NewRocker: bets $3
RaisemyNut$: raises $3 to $6
NewRocker: calls $3
*** TURN *** [7h Tc 7s] [8d]
NewRocker: checks
RaisemyNut$: bets $6
NewRocker: raises $6 to $12
RaisemyNut$: folds
Uncalled bet ($6) returned to NewRocker
NewRocker collected $41.50 from pot
NewRocker: doesn't show hand
*** SUMMARY ***
Total pot $42 | Rake $0.50
Board [7h Tc 7s 8d]
Seat 3: NewRocker (big blind) collected ($41.50)
Seat 4: RaisemyNut$ (button) (small blind) folded on the Turn


PokerStars Hand #172324284361:  Hold'em Limit ($3/$6 USD) - 2017/06/27 18:54:20 ET
Table 'Asteria' 6-max Seat #4 is the button
Seat 3: NewRocker ($169.56 in chips)
Seat 4: RaisemyNut$ ($67.04 in chips)
RaisemyNut$: posts small blind $1
NewRocker: posts big blind $3
*** HOLE CARDS ***
RaisemyNut$: folds
Uncalled bet ($2) returned to NewRocker
NewRocker collected $2 from pot
NewRocker: doesn't show hand
*** SUMMARY ***
Total pot $2 | Rake $0
Seat 3: NewRocker (big blind) collected ($2)
Seat 4: RaisemyNut$ (button) (small blind) folded before Flop


PokerStars Hand #172324278198:  Hold'em Limit ($3/$6 USD) - 2017/06/27 18:54:10 ET
Table 'Asteria' 6-max Seat #3 is the button
Seat 3: NewRocker ($163.80 in chips)
Seat 4: RaisemyNut$ ($73.04 in chips)
NewRocker: posts small blind $1
RaisemyNut$: posts big blind $3
*** HOLE CARDS ***
NewRocker: raises $3 to $6
RaisemyNut$: calls $3
*** FLOP *** [4d 6c Qd]
RaisemyNut$: checks
NewRocker: bets $3
RaisemyNut$: folds
Uncalled bet ($3) returned to NewRocker
NewRocker collected $11.76 from pot
NewRocker: doesn't show hand
*** SUMMARY ***
Total pot $12 | Rake $0.24
Board [4d 6c Qd]
Seat 3: NewRocker (button) (small blind) collected ($11.76)
Seat 4: RaisemyNut$ (big blind) folded on the Flop


PokerStars Hand #172324263025:  Hold'em Limit ($3/$6 USD) - 2017/06/27 18:53:45 ET
Table 'Asteria' 6-max Seat #4 is the button
Seat 3: NewRocker ($137.30 in chips)
Seat 4: RaisemyNut$ ($100.04 in chips)
RaisemyNut$: posts small blind $1
NewRocker: posts big blind $3
*** HOLE CARDS ***
RaisemyNut$: raises $3 to $6
NewRocker: calls $3
*** FLOP *** [Ad Js 2h]
NewRocker: checks
RaisemyNut$: bets $3
NewRocker: raises $3 to $6
RaisemyNut$: raises $3 to $9
NewRocker: calls $3
*** TURN *** [Ad Js 2h] [2d]
NewRocker: checks
RaisemyNut$: bets $6
NewRocker: calls $6
*** RIVER *** [Ad Js 2h 2d] [Ac]
NewRocker: checks
RaisemyNut$: bets $6
NewRocker: calls $6
*** SHOW DOWN ***
RaisemyNut$: shows [6c 5h] (two pair, Aces and Deuces)
NewRocker: shows [Jh 6h] (two pair, Aces and Jacks)
NewRocker collected $53.50 from pot
*** SUMMARY ***
Total pot $54 | Rake $0.50
Board [Ad Js 2h 2d Ac]
Seat 3: NewRocker (big blind) showed [Jh 6h] and won ($53.50) with two pair, Aces and Jacks
Seat 4: RaisemyNut$ (button) (small blind) showed [6c 5h] and lost with two pair, Aces and Deuces


PokerStars Hand #172324259959:  Hold'em Limit ($3/$6 USD) - 2017/06/27 18:53:40 ET
Table 'Asteria' 6-max Seat #3 is the button
Seat 3: NewRocker ($138.30 in chips)
Seat 4: RaisemyNut$ ($99.04 in chips)
NewRocker: posts small blind $1
RaisemyNut$: posts big blind $3
*** HOLE CARDS ***
NewRocker: folds
Uncalled bet ($2) returned to RaisemyNut$
RaisemyNut$ collected $2 from pot
RaisemyNut$: doesn't show hand
*** SUMMARY ***
Total pot $2 | Rake $0
Seat 3: NewRocker (button) (small blind) folded before Flop
Seat 4: RaisemyNut$ (big blind) collected ($2)


PokerStars Hand #172324252773:  Hold'em Limit ($3/$6 USD) - 2017/06/27 18:53:28 ET
Table 'Asteria' 6-max Seat #4 is the button
Seat 3: NewRocker ($129.66 in chips)
Seat 4: RaisemyNut$ ($108.04 in chips)
RaisemyNut$: posts small blind $1
NewRocker: posts big blind $3
*** HOLE CARDS ***
RaisemyNut$: raises $3 to $6
NewRocker: raises $3 to $9
RaisemyNut$: calls $3
*** FLOP *** [3s Th Jh]
NewRocker: bets $3
RaisemyNut$: folds
Uncalled bet ($3) returned to NewRocker
NewRocker collected $17.64 from pot
NewRocker: doesn't show hand
*** SUMMARY ***
Total pot $18 | Rake $0.36
Board [3s Th Jh]
Seat 3: NewRocker (big blind) collected ($17.64)
Seat 4: RaisemyNut$ (button) (small blind) folded on the Flop


PokerStars Hand #172324309442:  Hold'em Limit ($3/$6 USD) - 2017/06/27 18:55:02 ET
Table 'Asteria' 6-max Seat #3 is the button
Seat 3: NewRocker ($143.56 in chips)
Seat 4: RaisemyNut$ ($92.54 in chips)
NewRocker: posts small blind $1
RaisemyNut$: posts big blind $3
*** HOLE CARDS ***
NewRocker: raises $3 to $6
RaisemyNut$: folds
Uncalled bet ($3) returned to NewRocker
NewRocker collected $6 from pot
NewRocker: doesn't show hand
*** SUMMARY ***
Total pot $6 | Rake $0
Seat 3: NewRocker (button) (small blind) collected ($6)
Seat 4: RaisemyNut$ (big blind) folded before Flop


PokerStars Hand #172324299924:  Hold'em Limit ($3/$6 USD) - 2017/06/27 18:54:46 ET
Table 'Asteria' 6-max Seat #4 is the button
Seat 3: NewRocker ($146.56 in chips)
Seat 4: RaisemyNut$ ($89.54 in chips)
RaisemyNut$: posts small blind $1
NewRocker: posts big blind $3
*** HOLE CARDS ***
RaisemyNut$: raises $3 to $6
NewRocker: folds
Uncalled bet ($3) returned to RaisemyNut$
RaisemyNut$ collected $6 from pot
RaisemyNut$: doesn't show hand
*** SUMMARY ***
Total pot $6 | Rake $0
Seat 3: NewRocker (big blind) folded before Flop
Seat 4: RaisemyNut$ (button) (small blind) collected ($6)


PokerStars Hand #172324288284:  Hold'em Limit ($3/$6 USD) - 2017/06/27 18:54:27 ET
Table 'Asteria' 6-max Seat #3 is the button
Seat 3: NewRocker ($170.56 in chips)
Seat 4: RaisemyNut$ ($66.04 in chips)
NewRocker: posts small blind $1
RaisemyNut$: posts big blind $3
*** HOLE CARDS ***
NewRocker: raises $3 to $6
RaisemyNut$: calls $3
*** FLOP *** [8s As 6s]
RaisemyNut$: checks
NewRocker: bets $3
RaisemyNut$: raises $3 to $6
NewRocker: calls $3
*** TURN *** [8s As 6s] [7s]
RaisemyNut$: bets $6
NewRocker: calls $6
*** RIVER *** [8s As 6s 7s] [2d]
RaisemyNut$: bets $6
NewRocker: calls $6
*** SHOW DOWN ***
RaisemyNut$: shows [5h Ks] (a flush, Ace high)
NewRocker: mucks hand
RaisemyNut$ collected $47.50 from pot
*** SUMMARY ***
Total pot $48 | Rake $0.50
Board [8s As 6s 7s 2d]
Seat 3: NewRocker (button) (small blind) mucked
Seat 4: RaisemyNut$ (big blind) showed [5h Ks] and won ($47.50) with a flush, Ace high


PokerStars Hand #172324335766:  Hold'em Limit ($3/$6 USD) - 2017/06/27 18:55:52 ET
Table 'Asteria' 6-max Seat #3 is the button
Seat 3: NewRocker ($130.20 in chips)
Seat 4: RaisemyNut$ ($105.04 in chips)
NewRocker: posts small blind $1
RaisemyNut$: posts big blind $3
*** HOLE CARDS ***
NewRocker: raises $3 to $6
RaisemyNut$: calls $3
*** FLOP *** [9h 5c 3h]
RaisemyNut$: checks
NewRocker: bets $3
RaisemyNut$: calls $3
*** TURN *** [9h 5c 3h] [Ah]
RaisemyNut$: checks
NewRocker: checks
*** RIVER *** [9h 5c 3h Ah] [7s]
RaisemyNut$: bets $6
NewRocker: raises $6 to $12
RaisemyNut$: folds
Uncalled bet ($6) returned to NewRocker
NewRocker collected $29.50 from pot
NewRocker: doesn't show hand
*** SUMMARY ***
Total pot $30 | Rake $0.50
Board [9h 5c 3h Ah 7s]
Seat 3: NewRocker (button) (small blind) collected ($29.50)
Seat 4: RaisemyNut$ (big blind) folded on the River


PokerStars Hand #172324328721:  Hold'em Limit ($3/$6 USD) - 2017/06/27 18:55:38 ET
Table 'Asteria' 6-max Seat #4 is the button
Seat 3: NewRocker ($121.56 in chips)
Seat 4: RaisemyNut$ ($114.04 in chips)
RaisemyNut$: posts small blind $1
NewRocker: posts big blind $3
*** HOLE CARDS ***
RaisemyNut$: raises $3 to $6
NewRocker: raises $3 to $9
RaisemyNut$: calls $3
*** FLOP *** [4d Ts Qh]
NewRocker: bets $3
RaisemyNut$: folds
Uncalled bet ($3) returned to NewRocker
NewRocker collected $17.64 from pot
NewRocker: doesn't show hand
*** SUMMARY ***
Total pot $18 | Rake $0.36
Board [4d Ts Qh]
Seat 3: NewRocker (big blind) collected ($17.64)
Seat 4: RaisemyNut$ (button) (small blind) folded on the Flop


PokerStars Hand #172324325657:  Hold'em Limit ($3/$6 USD) - 2017/06/27 18:55:32 ET
Table 'Asteria' 6-max Seat #3 is the button
Seat 3: NewRocker ($122.56 in chips)
Seat 4: RaisemyNut$ ($113.04 in chips)
NewRocker: posts small blind $1
RaisemyNut$: posts big blind $3
*** HOLE CARDS ***
NewRocker: folds
Uncalled bet ($2) returned to RaisemyNut$
RaisemyNut$ collected $2 from pot
RaisemyNut$: doesn't show hand
*** SUMMARY ***
Total pot $2 | Rake $0
Seat 3: NewRocker (button) (small blind) folded before Flop
Seat 4: RaisemyNut$ (big blind) collected ($2)


PokerStars Hand #172324314028:  Hold'em Limit ($3/$6 USD) - 2017/06/27 18:55:10 ET
Table 'Asteria' 6-max Seat #4 is the button
Seat 3: NewRocker ($146.56 in chips)
Seat 4: RaisemyNut$ ($89.54 in chips)
RaisemyNut$: posts small blind $1
NewRocker: posts big blind $3
*** HOLE CARDS ***
RaisemyNut$: raises $3 to $6
NewRocker: raises $3 to $9
RaisemyNut$: calls $3
*** FLOP *** [4s 7d 8h]
NewRocker: bets $3
RaisemyNut$: calls $3
*** TURN *** [4s 7d 8h] [3s]
NewRocker: checks
RaisemyNut$: bets $6
NewRocker: calls $6
*** RIVER *** [4s 7d 8h 3s] [Kd]
NewRocker: checks
RaisemyNut$: bets $6
NewRocker: calls $6
*** SHOW DOWN ***
RaisemyNut$: shows [4d 7h] (two pair, Sevens and Fours)
NewRocker: mucks hand
RaisemyNut$ collected $47.50 from pot
*** SUMMARY ***
Total pot $48 | Rake $0.50
Board [4s 7d 8h 3s Kd]
Seat 3: NewRocker (big blind) mucked
Seat 4: RaisemyNut$ (button) (small blind) showed [4d 7h] and won ($47.50) with two pair, Sevens and Fours


PokerStars Hand #172324372442:  Hold'em Limit ($3/$6 USD) - 2017/06/27 18:57:05 ET
Table 'Asteria' 6-max Seat #3 is the button
Seat 3: NewRocker ($127.70 in chips)
Seat 4: RaisemyNut$ ($106.56 in chips)
NewRocker: posts small blind $1
RaisemyNut$: posts big blind $3
*** HOLE CARDS ***
NewRocker: folds
Uncalled bet ($2) returned to RaisemyNut$
RaisemyNut$ collected $2 from pot
RaisemyNut$: doesn't show hand
*** SUMMARY ***
Total pot $2 | Rake $0
Seat 3: NewRocker (button) (small blind) folded before Flop
Seat 4: RaisemyNut$ (big blind) collected ($2)


PokerStars Hand #172324367410:  Hold'em Limit ($3/$6 USD) - 2017/06/27 18:56:56 ET
Table 'Asteria' 6-max Seat #4 is the button
Seat 3: NewRocker ($130.70 in chips)
Seat 4: RaisemyNut$ ($103.56 in chips)
RaisemyNut$: posts small blind $1
NewRocker: posts big blind $3
*** HOLE CARDS ***
nibakk joins the table at seat #2
RaisemyNut$: raises $3 to $6
NewRocker: folds
Uncalled bet ($3) returned to RaisemyNut$
RaisemyNut$ collected $6 from pot
RaisemyNut$: doesn't show hand
*** SUMMARY ***
Total pot $6 | Rake $0
Seat 3: NewRocker (big blind) folded before Flop
Seat 4: RaisemyNut$ (button) (small blind) collected ($6)


PokerStars Hand #172324364781:  Hold'em Limit ($3/$6 USD) - 2017/06/27 18:56:50 ET
Table 'Asteria' 6-max Seat #3 is the button
Seat 3: NewRocker ($131.70 in chips)
Seat 4: RaisemyNut$ ($102.56 in chips)
NewRocker: posts small blind $1
RaisemyNut$: posts big blind $3
*** HOLE CARDS ***
NewRocker: folds
Uncalled bet ($2) returned to RaisemyNut$
RaisemyNut$ collected $2 from pot
RaisemyNut$: doesn't show hand
*** SUMMARY ***
Total pot $2 | Rake $0
Seat 3: NewRocker (button) (small blind) folded before Flop
Seat 4: RaisemyNut$ (big blind) collected ($2)


PokerStars Hand #172324358901:  Hold'em Limit ($3/$6 USD) - 2017/06/27 18:56:39 ET
Table 'Asteria' 6-max Seat #4 is the button
Seat 3: NewRocker ($137.70 in chips)
Seat 4: RaisemyNut$ ($96.80 in chips)
RaisemyNut$: posts small blind $1
NewRocker: posts big blind $3
*** HOLE CARDS ***
RaisemyNut$: raises $3 to $6
NewRocker: calls $3
*** FLOP *** [Th Td 3c]
NewRocker: checks
RaisemyNut$: bets $3
NewRocker: folds
Uncalled bet ($3) returned to RaisemyNut$
RaisemyNut$ collected $11.76 from pot
RaisemyNut$: doesn't show hand
*** SUMMARY ***
Total pot $12 | Rake $0.24
Board [Th Td 3c]
Seat 3: NewRocker (big blind) folded on the Flop
Seat 4: RaisemyNut$ (button) (small blind) collected ($11.76)


PokerStars Hand #172324356333:  Hold'em Limit ($3/$6 USD) - 2017/06/27 18:56:33 ET
Table 'Asteria' 6-max Seat #3 is the button
Seat 3: NewRocker ($138.70 in chips)
Seat 4: RaisemyNut$ ($95.80 in chips)
NewRocker: posts small blind $1
RaisemyNut$: posts big blind $3
*** HOLE CARDS ***
NewRocker: folds
Uncalled bet ($2) returned to RaisemyNut$
RaisemyNut$ collected $2 from pot
RaisemyNut$: doesn't show hand
*** SUMMARY ***
Total pot $2 | Rake $0
Seat 3: NewRocker (button) (small blind) folded before Flop
Seat 4: RaisemyNut$ (big blind) collected ($2)


PokerStars Hand #172324350414:  Hold'em Limit ($3/$6 USD) - 2017/06/27 18:56:22 ET
Table 'Asteria' 6-max Seat #4 is the button
Seat 3: NewRocker ($144.70 in chips)
Seat 4: RaisemyNut$ ($90.04 in chips)
RaisemyNut$: posts small blind $1
NewRocker: posts big blind $3
*** HOLE CARDS ***
RaisemyNut$: raises $3 to $6
NewRocker: calls $3
*** FLOP *** [Ac 2h 3s]
NewRocker: checks
RaisemyNut$: bets $3
NewRocker: folds
Uncalled bet ($3) returned to RaisemyNut$
RaisemyNut$ collected $11.76 from pot
RaisemyNut$: doesn't show hand
*** SUMMARY ***
Total pot $12 | Rake $0.24
Board [Ac 2h 3s]
Seat 3: NewRocker (big blind) folded on the Flop
Seat 4: RaisemyNut$ (button) (small blind) collected ($11.76)


