PokerStars Hand #169862476321:  Hold'em Limit ($3/$6 USD) - 2017/05/02 14:13:17 ET
Table 'Asterope' 6-max Seat #3 is the button
Seat 3: SEVER4815 ($120 in chips)
Seat 5: GoliafUa ($120 in chips)
SEVER4815: posts small blind $1
GoliafUa: posts big blind $3
*** HOLE CARDS ***
SEVER4815: raises $3 to $6
GoliafUa: folds
Uncalled bet ($3) returned to SEVER4815
SEVER4815 collected $6 from pot
SEVER4815: doesn't show hand
*** SUMMARY ***
Total pot $6 | Rake $0
Seat 3: SEVER4815 (button) (small blind) collected ($6)
Seat 5: GoliafUa (big blind) folded before Flop


PokerStars Hand #169862482801:  Hold'em Limit ($3/$6 USD) - 2017/05/02 14:13:25 ET
Table 'Asterope' 6-max Seat #5 is the button
Seat 3: SEVER4815 ($123 in chips)
Seat 5: GoliafUa ($117 in chips)
GoliafUa: posts small blind $1
SEVER4815: posts big blind $3
*** HOLE CARDS ***
GoliafUa: raises $3 to $6
SEVER4815: raises $3 to $9
GoliafUa: calls $3
*** FLOP *** [6d 6c 3c]
SEVER4815: bets $3
GoliafUa: calls $3
*** TURN *** [6d 6c 3c] [4d]
Chessnok joins the table at seat #4
SEVER4815: bets $6
GoliafUa: folds
Uncalled bet ($6) returned to SEVER4815
SEVER4815 collected $23.52 from pot
SEVER4815: doesn't show hand
*** SUMMARY ***
Total pot $24 | Rake $0.48
Board [6d 6c 3c 4d]
Seat 3: SEVER4815 (big blind) collected ($23.52)
Seat 5: GoliafUa (button) (small blind) folded on the Turn


PokerStars Hand #169862546817:  Hold'em Limit ($3/$6 USD) - 2017/05/02 14:14:44 ET
Table 'Asterope' 6-max Seat #4 is the button
Seat 4: Chessnok ($106.50 in chips)
Seat 5: GoliafUa ($137 in chips)
Chessnok: posts small blind $1
GoliafUa: posts big blind $3
*** HOLE CARDS ***
Chessnok: raises $3 to $6
GoliafUa: raises $3 to $9
Chessnok: calls $3
*** FLOP *** [Ah 5h Jc]
GoliafUa: bets $3
Chessnok: folds
Uncalled bet ($3) returned to GoliafUa
GoliafUa collected $17.64 from pot
GoliafUa: doesn't show hand
*** SUMMARY ***
Total pot $18 | Rake $0.36
Board [Ah 5h Jc]
Seat 4: Chessnok (button) (small blind) folded on the Flop
Seat 5: GoliafUa (big blind) collected ($17.64)


PokerStars Hand #169862530699:  Hold'em Limit ($3/$6 USD) - 2017/05/02 14:14:25 ET
Table 'Asterope' 6-max Seat #5 is the button
Seat 4: Chessnok ($92 in chips)
Seat 5: GoliafUa ($152 in chips)
GoliafUa: posts small blind $1
Chessnok: posts big blind $3
*** HOLE CARDS ***
GoliafUa: raises $3 to $6
Chessnok: calls $3
*** FLOP *** [2h 4d 8s]
Chessnok: checks
GoliafUa: bets $3
Chessnok: calls $3
*** TURN *** [2h 4d 8s] [Ks]
Chessnok: checks
GoliafUa: checks
*** RIVER *** [2h 4d 8s Ks] [5d]
Chessnok: bets $6
GoliafUa: calls $6
*** SHOW DOWN ***
Chessnok: shows [2s Kd] (two pair, Kings and Deuces)
GoliafUa: mucks hand
Chessnok collected $29.50 from pot
*** SUMMARY ***
Total pot $30 | Rake $0.50
Board [2h 4d 8s Ks 5d]
Seat 4: Chessnok (big blind) showed [2s Kd] and won ($29.50) with two pair, Kings and Deuces
Seat 5: GoliafUa (button) (small blind) mucked


PokerStars Hand #169863226767:  Hold'em Limit ($3/$6 USD) - 2017/05/02 14:28:34 ET
Table 'Asterope' 6-max Seat #4 is the button
Seat 3: bekooi ($59 in chips)
Seat 4: Chessnok ($98.50 in chips)
Chessnok: posts small blind $1
bekooi: posts big blind $3
*** HOLE CARDS ***
Chessnok: raises $3 to $6
bekooi: calls $3
*** FLOP *** [8d 8h Tc]
bekooi: checks
Chessnok: bets $3
bekooi: folds
Uncalled bet ($3) returned to Chessnok
Chessnok collected $11.76 from pot
Chessnok: doesn't show hand
*** SUMMARY ***
Total pot $12 | Rake $0.24
Board [8d 8h Tc]
Seat 3: bekooi (big blind) folded on the Flop
Seat 4: Chessnok (button) (small blind) collected ($11.76)


PokerStars Hand #169863220917:  Hold'em Limit ($3/$6 USD) - 2017/05/02 14:28:27 ET
Table 'Asterope' 6-max Seat #3 is the button
Seat 3: bekooi ($60 in chips)
Seat 4: Chessnok ($97.50 in chips)
bekooi: posts small blind $1
Chessnok: posts big blind $3
*** HOLE CARDS ***
bekooi: folds
Uncalled bet ($2) returned to Chessnok
vestimokrec joins the table at seat #5
Chessnok collected $2 from pot
Chessnok: doesn't show hand
*** SUMMARY ***
Total pot $2 | Rake $0
Seat 3: bekooi (button) (small blind) folded before Flop
Seat 4: Chessnok (big blind) collected ($2)


PokerStars Hand #169863239028:  Hold'em Limit ($3/$6 USD) - 2017/05/02 14:28:49 ET
Table 'Asterope' 6-max Seat #3 is the button
Seat 3: bekooi ($53 in chips)
Seat 4: Chessnok ($104.26 in chips)
bekooi: posts small blind $1
Chessnok: posts big blind $3
*** HOLE CARDS ***
bekooi: raises $3 to $6
Chessnok: calls $3
*** FLOP *** [Qd 5d 8c]
Chessnok: bets $3
bekooi: raises $3 to $6
Chessnok: calls $3
*** TURN *** [Qd 5d 8c] [Ac]
Chessnok: checks
bekooi: bets $6
Chessnok: calls $6
*** RIVER *** [Qd 5d 8c Ac] [Td]
Chessnok: checks
bekooi: bets $6
Chessnok: calls $6
*** SHOW DOWN ***
bekooi: shows [Ad Jc] (a pair of Aces)
Jack_Wu1985 joins the table at seat #1
Chessnok: mucks hand
bekooi collected $47.50 from pot
*** SUMMARY ***
Total pot $48 | Rake $0.50
Board [Qd 5d 8c Ac Td]
Seat 3: bekooi (button) (small blind) showed [Ad Jc] and won ($47.50) with a pair of Aces
Seat 4: Chessnok (big blind) mucked


PokerStars Hand #169866788806:  Hold'em Limit ($3/$6 USD) - 2017/05/02 15:41:49 ET
Table 'Asterope' 6-max Seat #2 is the button
Seat 2: pompier40 ($119.16 in chips)
Seat 3: bekooi ($194.64 in chips)
pompier40: posts small blind $1
bekooi: posts big blind $3
*** HOLE CARDS ***
pompier40: folds
Uncalled bet ($2) returned to bekooi
bekooi collected $2 from pot
*** SUMMARY ***
Total pot $2 | Rake $0
Seat 2: pompier40 (button) (small blind) folded before Flop
Seat 3: bekooi (big blind) collected ($2)


PokerStars Hand #169866793299:  Hold'em Limit ($3/$6 USD) - 2017/05/02 15:41:54 ET
Table 'Asterope' 6-max Seat #3 is the button
Seat 2: pompier40 ($118.16 in chips)
Seat 3: bekooi ($195.64 in chips)
bekooi: posts small blind $1
pompier40: posts big blind $3
*** HOLE CARDS ***
bekooi: raises $3 to $6
pompier40: calls $3
*** FLOP *** [Kd 3h 6h]
pompier40: checks
bekooi: bets $3
pompier40: calls $3
*** TURN *** [Kd 3h 6h] [Qh]
pompier40: checks
bekooi: checks
*** RIVER *** [Kd 3h 6h Qh] [5c]
pompier40: bets $6
bekooi: folds
Uncalled bet ($6) returned to pompier40
pompier40 collected $17.64 from pot
*** SUMMARY ***
Total pot $18 | Rake $0.36
Board [Kd 3h 6h Qh 5c]
Seat 2: pompier40 (big blind) collected ($17.64)
Seat 3: bekooi (button) (small blind) folded on the River


PokerStars Hand #169866817469:  Hold'em Limit ($3/$6 USD) - 2017/05/02 15:42:21 ET
Table 'Asterope' 6-max Seat #3 is the button
Seat 2: pompier40 ($125.80 in chips)
Seat 3: bekooi ($187.64 in chips)
bekooi: posts small blind $1
pompier40: posts big blind $3
*** HOLE CARDS ***
bekooi: raises $3 to $6
pompier40: calls $3
*** FLOP *** [3d Kh 9d]
pompier40: checks
bekooi: bets $3
pompier40: folds
Uncalled bet ($3) returned to bekooi
bekooi collected $11.76 from pot
*** SUMMARY ***
Total pot $12 | Rake $0.24
Board [3d Kh 9d]
Seat 2: pompier40 (big blind) folded on the Flop
Seat 3: bekooi (button) (small blind) collected ($11.76)


PokerStars Hand #169866780152:  Hold'em Limit ($3/$6 USD) - 2017/05/02 15:41:39 ET
Table 'Asterope' 6-max Seat #3 is the button
Seat 2: pompier40 ($122.16 in chips)
Seat 3: bekooi ($191.64 in chips)
bekooi: posts small blind $1
zxkz: is sitting out
pompier40: posts big blind $3
*** HOLE CARDS ***
bekooi: raises $3 to $6
pompier40: folds
Uncalled bet ($3) returned to bekooi
bekooi collected $6 from pot
*** SUMMARY ***
Total pot $6 | Rake $0
Seat 2: pompier40 (big blind) folded before Flop
Seat 3: bekooi (button) (small blind) collected ($6)


PokerStars Hand #169866826945:  Hold'em Limit ($3/$6 USD) - 2017/05/02 15:42:31 ET
Table 'Asterope' 6-max Seat #2 is the button
Seat 2: pompier40 ($119.80 in chips)
Seat 3: bekooi ($193.40 in chips)
pompier40: posts small blind $1
bekooi: posts big blind $3
*** HOLE CARDS ***
pompier40: raises $3 to $6
bekooi: calls $3
*** FLOP *** [6d 5s 6s]
bekooi: bets $3
pompier40: calls $3
*** TURN *** [6d 5s 6s] [9s]
bekooi: checks
pompier40: bets $6
bekooi: calls $6
*** RIVER *** [6d 5s 6s 9s] [Ah]
bekooi: bets $6
pompier40: calls $6
*** SHOW DOWN ***
bekooi: shows [Ac 8s] (two pair, Aces and Sixes)
pompier40: mucks hand
bekooi collected $41.50 from pot
*** SUMMARY ***
Total pot $42 | Rake $0.50
Board [6d 5s 6s 9s Ah]
Seat 2: pompier40 (button) (small blind) mucked
Seat 3: bekooi (big blind) showed [Ac 8s] and won ($41.50) with two pair, Aces and Sixes


