PokerStars Hand #158620290566:  Hold'em Limit ($3/$6 USD) - 2016/09/14 23:01:38 ET
Table 'Asterion' 6-max Seat #3 is the button
Seat 3: MAYROGATOS75 ($187.51 in chips)
Seat 5: Donald ($457.51 in chips)
MAYROGATOS75: posts small blind $1
Donald: posts big blind $3
*** HOLE CARDS ***
MAYROGATOS75: calls $2
Donald: raises $3 to $6
MAYROGATOS75: calls $3
*** FLOP *** [Jh Qh Kh]
Donald: bets $3
MAYROGATOS75: calls $3
*** TURN *** [Jh Qh Kh] [Ts]
Donald: bets $6
MAYROGATOS75: folds
Uncalled bet ($6) returned to Donald
Donald collected $17.64 from pot
Donald: doesn't show hand
*** SUMMARY ***
Total pot $18 | Rake $0.36
Board [Jh Qh Kh Ts]
Seat 3: MAYROGATOS75 (button) (small blind) folded on the Turn
Seat 5: Donald (big blind) collected ($17.64)


PokerStars Hand #158620285574:  Hold'em Limit ($3/$6 USD) - 2016/09/14 23:01:20 ET
Table 'Asterion' 6-max Seat #5 is the button
Seat 3: MAYROGATOS75 ($187.76 in chips)
Seat 5: Donald ($457.76 in chips)
Donald: posts small blind $1
MAYROGATOS75: posts big blind $3
*** HOLE CARDS ***
Donald: raises $3 to $6
MAYROGATOS75: calls $3
*** FLOP *** [7d 6h 7h]
MAYROGATOS75: checks
Donald: bets $3
MAYROGATOS75: raises $3 to $6
Donald: calls $3
*** TURN *** [7d 6h 7h] [Td]
MAYROGATOS75: bets $6
Donald: calls $6
*** RIVER *** [7d 6h 7h Td] [Ac]
MAYROGATOS75: bets $6
Donald: calls $6
*** SHOW DOWN ***
MAYROGATOS75: shows [Kc 3d] (a pair of Sevens)
Donald: shows [8c Kh] (a pair of Sevens)
MAYROGATOS75 collected $23.75 from pot
Donald collected $23.75 from pot
*** SUMMARY ***
Total pot $48 | Rake $0.50
Board [7d 6h 7h Td Ac]
Seat 3: MAYROGATOS75 (big blind) showed [Kc 3d] and won ($23.75) with a pair of Sevens
Seat 5: Donald (button) (small blind) showed [8c Kh] and won ($23.75) with a pair of Sevens


PokerStars Hand #158620313387:  Hold'em Limit ($3/$6 USD) - 2016/09/14 23:02:56 ET
Table 'Asterion' 6-max Seat #3 is the button
Seat 3: MAYROGATOS75 ($215.65 in chips)
Seat 5: Donald ($432.15 in chips)
MAYROGATOS75: posts small blind $1
Donald: posts big blind $3
*** HOLE CARDS ***
MAYROGATOS75: calls $2
Donald: raises $3 to $6
MAYROGATOS75: calls $3
*** FLOP *** [9c 3s 8s]
Donald: bets $3
MAYROGATOS75: calls $3
*** TURN *** [9c 3s 8s] [Jc]
Donald: bets $6
MAYROGATOS75: folds
Uncalled bet ($6) returned to Donald
Donald collected $17.64 from pot
Donald: doesn't show hand
*** SUMMARY ***
Total pot $18 | Rake $0.36
Board [9c 3s 8s Jc]
Seat 3: MAYROGATOS75 (button) (small blind) folded on the Turn
Seat 5: Donald (big blind) collected ($17.64)


PokerStars Hand #158620307930:  Hold'em Limit ($3/$6 USD) - 2016/09/14 23:02:37 ET
Table 'Asterion' 6-max Seat #5 is the button
Seat 3: MAYROGATOS75 ($189.15 in chips)
Seat 5: Donald ($459.15 in chips)
Donald: posts small blind $1
MAYROGATOS75: posts big blind $3
*** HOLE CARDS ***
Donald: raises $3 to $6
MAYROGATOS75: calls $3
*** FLOP *** [5h Qc 8d]
MAYROGATOS75: checks
Donald: bets $3
MAYROGATOS75: calls $3
*** TURN *** [5h Qc 8d] [Tc]
MAYROGATOS75: checks
Donald: bets $6
MAYROGATOS75: raises $6 to $12
Donald: calls $6
*** RIVER *** [5h Qc 8d Tc] [3s]
MAYROGATOS75: bets $6
Donald: calls $6
*** SHOW DOWN ***
MAYROGATOS75: shows [2c Qh] (a pair of Queens)
Donald: mucks hand
MAYROGATOS75 collected $53.50 from pot
*** SUMMARY ***
Total pot $54 | Rake $0.50
Board [5h Qc 8d Tc 3s]
Seat 3: MAYROGATOS75 (big blind) showed [2c Qh] and won ($53.50) with a pair of Queens
Seat 5: Donald (button) (small blind) mucked


PokerStars Hand #158620319277:  Hold'em Limit ($3/$6 USD) - 2016/09/14 23:03:16 ET
Table 'Asterion' 6-max Seat #3 is the button
Seat 3: MAYROGATOS75 ($207.65 in chips)
Seat 5: Donald ($439.79 in chips)
MAYROGATOS75: posts small blind $1
Donald: posts big blind $3
qDONKEYp joins the table at seat #2
*** HOLE CARDS ***
MAYROGATOS75: folds
Uncalled bet ($2) returned to Donald
wormfish leaves the table
Donald collected $2 from pot
Donald: doesn't show hand
*** SUMMARY ***
Total pot $2 | Rake $0
Seat 3: MAYROGATOS75 (button) (small blind) folded before Flop
Seat 5: Donald (big blind) collected ($2)


PokerStars Hand #158620317890:  Hold'em Limit ($3/$6 USD) - 2016/09/14 23:03:11 ET
Table 'Asterion' 6-max Seat #5 is the button
Seat 3: MAYROGATOS75 ($206.65 in chips)
Seat 5: Donald ($440.79 in chips)
Donald: posts small blind $1
MAYROGATOS75: posts big blind $3
*** HOLE CARDS ***
Donald: folds
Uncalled bet ($2) returned to MAYROGATOS75
MAYROGATOS75 collected $2 from pot
MAYROGATOS75: doesn't show hand
*** SUMMARY ***
Total pot $2 | Rake $0
Seat 3: MAYROGATOS75 (big blind) collected ($2)
Seat 5: Donald (button) (small blind) folded before Flop


PokerStars Hand #158620493301:  Hold'em Limit ($3/$6 USD) - 2016/09/14 23:13:10 ET
Table 'Asterion' 6-max Seat #3 is the button
Seat 3: MAYROGATOS75 ($313.82 in chips)
Seat 6: fsreibnitz ($63.73 in chips)
MAYROGATOS75: posts small blind $1
Donald: is sitting out
fsreibnitz: posts big blind $3
*** HOLE CARDS ***
MAYROGATOS75: raises $3 to $6
fsreibnitz: calls $3
*** FLOP *** [8d 2d 7s]
Donald leaves the table
fsreibnitz: checks
MAYROGATOS75: checks
*** TURN *** [8d 2d 7s] [3s]
fsreibnitz: checks
MAYROGATOS75: checks
*** RIVER *** [8d 2d 7s 3s] [9h]
fsreibnitz: checks
MAYROGATOS75: checks
*** SHOW DOWN ***
fsreibnitz: shows [5s Jd] (high card Jack)
MAYROGATOS75: shows [Kd 4s] (high card King)
MAYROGATOS75 collected $11.76 from pot
*** SUMMARY ***
Total pot $12 | Rake $0.24
Board [8d 2d 7s 3s 9h]
Seat 3: MAYROGATOS75 (button) (small blind) showed [Kd 4s] and won ($11.76) with high card King
Seat 6: fsreibnitz (big blind) showed [5s Jd] and lost with high card Jack


PokerStars Hand #158620506866:  Hold'em Limit ($3/$6 USD) - 2016/09/14 23:13:58 ET
Table 'Asterion' 6-max Seat #6 is the button
Seat 3: MAYROGATOS75 ($319.10 in chips)
Seat 6: fsreibnitz ($57.25 in chips)
fsreibnitz: posts small blind $1
MAYROGATOS75: posts big blind $3
*** HOLE CARDS ***
fsreibnitz: raises $3 to $6
MAYROGATOS75: folds
Uncalled bet ($3) returned to fsreibnitz
fsreibnitz collected $6 from pot
fsreibnitz: doesn't show hand
*** SUMMARY ***
Total pot $6 | Rake $0
Seat 3: MAYROGATOS75 (big blind) folded before Flop
Seat 6: fsreibnitz (button) (small blind) collected ($6)


PokerStars Hand #158620508829:  Hold'em Limit ($3/$6 USD) - 2016/09/14 23:14:05 ET
Table 'Asterion' 6-max Seat #3 is the button
Seat 3: MAYROGATOS75 ($316.10 in chips)
Seat 6: fsreibnitz ($60.25 in chips)
MAYROGATOS75: posts small blind $1
fsreibnitz: posts big blind $3
*** HOLE CARDS ***
MAYROGATOS75: folds
Uncalled bet ($2) returned to fsreibnitz
fsreibnitz collected $2 from pot
fsreibnitz: doesn't show hand
*** SUMMARY ***
Total pot $2 | Rake $0
Seat 3: MAYROGATOS75 (button) (small blind) folded before Flop
Seat 6: fsreibnitz (big blind) collected ($2)


PokerStars Hand #158620502539:  Hold'em Limit ($3/$6 USD) - 2016/09/14 23:13:43 ET
Table 'Asterion' 6-max Seat #3 is the button
Seat 3: MAYROGATOS75 ($331.10 in chips)
Seat 6: fsreibnitz ($45.73 in chips)
MAYROGATOS75: posts small blind $1
fsreibnitz: posts big blind $3
*** HOLE CARDS ***
MAYROGATOS75: raises $3 to $6
fsreibnitz: raises $3 to $9
MAYROGATOS75: calls $3
*** FLOP *** [5h As Td]
fsreibnitz: bets $3
MAYROGATOS75: calls $3
*** TURN *** [5h As Td] [5s]
fsreibnitz: bets $6
MAYROGATOS75: folds
Uncalled bet ($6) returned to fsreibnitz
fsreibnitz collected $23.52 from pot
fsreibnitz: doesn't show hand
*** SUMMARY ***
Total pot $24 | Rake $0.48
Board [5h As Td 5s]
Seat 3: MAYROGATOS75 (button) (small blind) folded on the Turn
Seat 6: fsreibnitz (big blind) collected ($23.52)


PokerStars Hand #158620498034:  Hold'em Limit ($3/$6 USD) - 2016/09/14 23:13:27 ET
Table 'Asterion' 6-max Seat #6 is the button
Seat 3: MAYROGATOS75 ($319.58 in chips)
Seat 6: fsreibnitz ($57.73 in chips)
fsreibnitz: posts small blind $1
MAYROGATOS75: posts big blind $3
*** HOLE CARDS ***
fsreibnitz: raises $3 to $6
MAYROGATOS75: raises $3 to $9
fsreibnitz: calls $3
*** FLOP *** [4d 5d Ad]
MAYROGATOS75: bets $3
fsreibnitz: calls $3
*** TURN *** [4d 5d Ad] [Qh]
MAYROGATOS75: bets $6
fsreibnitz: folds
Uncalled bet ($6) returned to MAYROGATOS75
MAYROGATOS75 collected $23.52 from pot
MAYROGATOS75: doesn't show hand
*** SUMMARY ***
Total pot $24 | Rake $0.48
Board [4d 5d Ad Qh]
Seat 3: MAYROGATOS75 (big blind) collected ($23.52)
Seat 6: fsreibnitz (button) (small blind) folded on the Turn


PokerStars Hand #158620774657:  Hold'em Limit ($3/$6 USD) - 2016/09/14 23:29:28 ET
Table 'Asterion' 6-max Seat #2 is the button
Seat 2: 40 ft cliff ($108.93 in chips)
Seat 3: Jokkez 85 ($114 in chips)
40 ft cliff: posts small blind $1
Jokkez 85: posts big blind $3
*** HOLE CARDS ***
40 ft cliff: folds
Uncalled bet ($2) returned to Jokkez 85
Jokkez 85 collected $2 from pot
Jokkez 85: doesn't show hand
*** SUMMARY ***
Total pot $2 | Rake $0
Seat 2: 40 ft cliff (button) (small blind) folded before Flop
Seat 3: Jokkez 85 (big blind) collected ($2)


PokerStars Hand #158620777288:  Hold'em Limit ($3/$6 USD) - 2016/09/14 23:29:38 ET
Table 'Asterion' 6-max Seat #3 is the button
Seat 2: 40 ft cliff ($107.93 in chips)
Seat 3: Jokkez 85 ($115 in chips)
Jokkez 85: posts small blind $1
40 ft cliff: posts big blind $3
*** HOLE CARDS ***
Jokkez 85: raises $3 to $6
40 ft cliff: calls $3
*** FLOP *** [2s Js 2h]
40 ft cliff: checks
Jokkez 85: checks
*** TURN *** [2s Js 2h] [Kc]
40 ft cliff: checks
Jokkez 85: checks
*** RIVER *** [2s Js 2h Kc] [Ah]
40 ft cliff: checks
Jokkez 85: bets $6
40 ft cliff: folds
Uncalled bet ($6) returned to Jokkez 85
Jokkez 85 collected $11.76 from pot
Jokkez 85: doesn't show hand
*** SUMMARY ***
Total pot $12 | Rake $0.24
Board [2s Js 2h Kc Ah]
Seat 2: 40 ft cliff (big blind) folded on the River
Seat 3: Jokkez 85 (button) (small blind) collected ($11.76)


PokerStars Hand #158620788852:  Hold'em Limit ($3/$6 USD) - 2016/09/14 23:30:20 ET
Table 'Asterion' 6-max Seat #3 is the button
Seat 2: 40 ft cliff ($116.43 in chips)
Seat 3: Jokkez 85 ($105.76 in chips)
Jokkez 85: posts small blind $1
40 ft cliff: posts big blind $3
*** HOLE CARDS ***
Jokkez 85: raises $3 to $6
40 ft cliff: calls $3
*** FLOP *** [Kc 4c Jh]
40 ft cliff: checks
Jokkez 85: bets $3
40 ft cliff: folds
Uncalled bet ($3) returned to Jokkez 85
Jokkez 85 collected $11.76 from pot
Jokkez 85: doesn't show hand
*** SUMMARY ***
Total pot $12 | Rake $0.24
Board [Kc 4c Jh]
Seat 2: 40 ft cliff (big blind) folded on the Flop
Seat 3: Jokkez 85 (button) (small blind) collected ($11.76)


PokerStars Hand #158620783129:  Hold'em Limit ($3/$6 USD) - 2016/09/14 23:29:59 ET
Table 'Asterion' 6-max Seat #2 is the button
Seat 2: 40 ft cliff ($101.93 in chips)
Seat 3: Jokkez 85 ($120.76 in chips)
40 ft cliff: posts small blind $1
Jokkez 85: posts big blind $3
*** HOLE CARDS ***
40 ft cliff: raises $3 to $6
Jokkez 85: calls $3
*** FLOP *** [6c 7s Kh]
Jokkez 85: checks
40 ft cliff: bets $3
Jokkez 85: calls $3
*** TURN *** [6c 7s Kh] [Jc]
Jokkez 85: checks
40 ft cliff: bets $6
Jokkez 85: calls $6
*** RIVER *** [6c 7s Kh Jc] [4d]
Jokkez 85: checks
40 ft cliff: bets $6
Jokkez 85: folds
Uncalled bet ($6) returned to 40 ft cliff
40 ft cliff collected $29.50 from pot
40 ft cliff: doesn't show hand
*** SUMMARY ***
Total pot $30 | Rake $0.50
Board [6c 7s Kh Jc 4d]
Seat 2: 40 ft cliff (button) (small blind) collected ($29.50)
Seat 3: Jokkez 85 (big blind) folded on the River


PokerStars Hand #158620809399:  Hold'em Limit ($3/$6 USD) - 2016/09/14 23:31:36 ET
Table 'Asterion' 6-max Seat #2 is the button
Seat 2: 40 ft cliff ($133.69 in chips)
Seat 3: Jokkez 85 ($87.52 in chips)
40 ft cliff: posts small blind $1
Jokkez 85: posts big blind $3
*** HOLE CARDS ***
40 ft cliff: raises $3 to $6
Jokkez 85: calls $3
*** FLOP *** [Qd Kh Ts]
Jokkez 85: checks
40 ft cliff: bets $3
Jokkez 85: calls $3
*** TURN *** [Qd Kh Ts] [2c]
Jokkez 85: checks
40 ft cliff: bets $6
Jokkez 85: calls $6
*** RIVER *** [Qd Kh Ts 2c] [Jd]
Jokkez 85: bets $6
40 ft cliff: calls $6
*** SHOW DOWN ***
Jokkez 85: shows [9d Qs] (a straight, Nine to King)
40 ft cliff: mucks hand
Jokkez 85 collected $41.50 from pot
*** SUMMARY ***
Total pot $42 | Rake $0.50
Board [Qd Kh Ts 2c Jd]
Seat 2: 40 ft cliff (button) (small blind) mucked
Seat 3: Jokkez 85 (big blind) showed [9d Qs] and won ($41.50) with a straight, Nine to King


PokerStars Hand #158620801067:  Hold'em Limit ($3/$6 USD) - 2016/09/14 23:31:05 ET
Table 'Asterion' 6-max Seat #3 is the button
Seat 2: 40 ft cliff ($127.93 in chips)
Seat 3: Jokkez 85 ($93.52 in chips)
Jokkez 85: posts small blind $1
40 ft cliff: posts big blind $3
*** HOLE CARDS ***
Jokkez 85: folds
Uncalled bet ($2) returned to 40 ft cliff
40 ft cliff collected $2 from pot
40 ft cliff: doesn't show hand
*** SUMMARY ***
Total pot $2 | Rake $0
Seat 2: 40 ft cliff (big blind) collected ($2)
Seat 3: Jokkez 85 (button) (small blind) folded before Flop


PokerStars Hand #158620794437:  Hold'em Limit ($3/$6 USD) - 2016/09/14 23:30:40 ET
Table 'Asterion' 6-max Seat #2 is the button
Seat 2: 40 ft cliff ($110.43 in chips)
Seat 3: Jokkez 85 ($111.52 in chips)
40 ft cliff: posts small blind $1
Jokkez 85: posts big blind $3
*** HOLE CARDS ***
40 ft cliff: raises $3 to $6
Jokkez 85: calls $3
*** FLOP *** [6c 2s Jh]
Jokkez 85: checks
40 ft cliff: checks
*** TURN *** [6c 2s Jh] [Kd]
Jokkez 85: bets $6
40 ft cliff: raises $6 to $12
Jokkez 85: calls $6
*** RIVER *** [6c 2s Jh Kd] [Qs]
Jokkez 85: checks
40 ft cliff: checks
*** SHOW DOWN ***
Jokkez 85: shows [Js 3s] (a pair of Jacks)
40 ft cliff: shows [Qd 4h] (a pair of Queens)
40 ft cliff collected $35.50 from pot
*** SUMMARY ***
Total pot $36 | Rake $0.50
Board [6c 2s Jh Kd Qs]
Seat 2: 40 ft cliff (button) (small blind) showed [Qd 4h] and won ($35.50) with a pair of Queens
Seat 3: Jokkez 85 (big blind) showed [Js 3s] and lost with a pair of Jacks


PokerStars Hand #158620804090:  Hold'em Limit ($3/$6 USD) - 2016/09/14 23:31:16 ET
Table 'Asterion' 6-max Seat #3 is the button
Seat 2: 40 ft cliff ($127.93 in chips)
Seat 3: Jokkez 85 ($93.52 in chips)
Jokkez 85: posts small blind $1
40 ft cliff: posts big blind $3
*** HOLE CARDS ***
Jokkez 85: raises $3 to $6
40 ft cliff: calls $3
*** FLOP *** [Ts Tc 6s]
40 ft cliff: checks
Jokkez 85: checks
*** TURN *** [Ts Tc 6s] [9d]
40 ft cliff: checks
Jokkez 85: checks
*** RIVER *** [Ts Tc 6s 9d] [Kc]
40 ft cliff: bets $6
Jokkez 85: folds
Uncalled bet ($6) returned to 40 ft cliff
40 ft cliff collected $11.76 from pot
40 ft cliff: doesn't show hand
*** SUMMARY ***
Total pot $12 | Rake $0.24
Board [Ts Tc 6s 9d Kc]
Seat 2: 40 ft cliff (big blind) collected ($11.76)
Seat 3: Jokkez 85 (button) (small blind) folded on the River


PokerStars Hand #158620802502:  Hold'em Limit ($3/$6 USD) - 2016/09/14 23:31:10 ET
Table 'Asterion' 6-max Seat #2 is the button
Seat 2: 40 ft cliff ($128.93 in chips)
Seat 3: Jokkez 85 ($92.52 in chips)
40 ft cliff: posts small blind $1
Jokkez 85: posts big blind $3
*** HOLE CARDS ***
40 ft cliff: folds
Uncalled bet ($2) returned to Jokkez 85
Jokkez 85 collected $2 from pot
Jokkez 85: doesn't show hand
*** SUMMARY ***
Total pot $2 | Rake $0
Seat 2: 40 ft cliff (button) (small blind) folded before Flop
Seat 3: Jokkez 85 (big blind) collected ($2)


PokerStars Hand #158620815651:  Hold'em Limit ($3/$6 USD) - 2016/09/14 23:31:59 ET
Table 'Asterion' 6-max Seat #3 is the button
Seat 2: 40 ft cliff ($112.69 in chips)
Seat 3: Jokkez 85 ($108.02 in chips)
Jokkez 85: posts small blind $1
40 ft cliff: posts big blind $3
*** HOLE CARDS ***
Jokkez 85: raises $3 to $6
40 ft cliff: calls $3
*** FLOP *** [6h 7c Ah]
40 ft cliff: bets $3
Jokkez 85: calls $3
*** TURN *** [6h 7c Ah] [Tc]
40 ft cliff: bets $6
Jokkez 85: raises $6 to $12
40 ft cliff: calls $6
*** RIVER *** [6h 7c Ah Tc] [Jd]
40 ft cliff: checks
Jokkez 85: bets $6
40 ft cliff: folds
Uncalled bet ($6) returned to Jokkez 85
Jokkez 85 collected $41.50 from pot
Jokkez 85: doesn't show hand
*** SUMMARY ***
Total pot $42 | Rake $0.50
Board [6h 7c Ah Tc Jd]
Seat 2: 40 ft cliff (big blind) folded on the River
Seat 3: Jokkez 85 (button) (small blind) collected ($41.50)


PokerStars Hand #158620826874:  Hold'em Limit ($3/$6 USD) - 2016/09/14 23:32:41 ET
Table 'Asterion' 6-max Seat #2 is the button
Seat 2: 40 ft cliff ($91.69 in chips)
Seat 3: Jokkez 85 ($128.52 in chips)
40 ft cliff: posts small blind $1
Jokkez 85: posts big blind $3
*** HOLE CARDS ***
40 ft cliff: raises $3 to $6
Jokkez 85: raises $3 to $9
40 ft cliff: calls $3
*** FLOP *** [6d 6c Tc]
Jokkez 85: bets $3
40 ft cliff: calls $3
*** TURN *** [6d 6c Tc] [Kd]
Jokkez 85: bets $6
40 ft cliff: folds
Uncalled bet ($6) returned to Jokkez 85
Jokkez 85 collected $23.52 from pot
Jokkez 85: doesn't show hand
*** SUMMARY ***
Total pot $24 | Rake $0.48
Board [6d 6c Tc Kd]
Seat 2: 40 ft cliff (button) (small blind) folded on the Turn
Seat 3: Jokkez 85 (big blind) collected ($23.52)


PokerStars Hand #158620825529:  Hold'em Limit ($3/$6 USD) - 2016/09/14 23:32:36 ET
Table 'Asterion' 6-max Seat #3 is the button
Seat 2: 40 ft cliff ($90.69 in chips)
Seat 3: Jokkez 85 ($129.52 in chips)
Jokkez 85: posts small blind $1
40 ft cliff: posts big blind $3
*** HOLE CARDS ***
Jokkez 85: folds
Uncalled bet ($2) returned to 40 ft cliff
40 ft cliff collected $2 from pot
40 ft cliff: doesn't show hand
*** SUMMARY ***
Total pot $2 | Rake $0
Seat 2: 40 ft cliff (big blind) collected ($2)
Seat 3: Jokkez 85 (button) (small blind) folded before Flop


PokerStars Hand #158620824070:  Hold'em Limit ($3/$6 USD) - 2016/09/14 23:32:30 ET
Table 'Asterion' 6-max Seat #2 is the button
Seat 2: 40 ft cliff ($91.69 in chips)
Seat 3: Jokkez 85 ($128.52 in chips)
40 ft cliff: posts small blind $1
Jokkez 85: posts big blind $3
*** HOLE CARDS ***
40 ft cliff: folds
Uncalled bet ($2) returned to Jokkez 85
Jokkez 85 collected $2 from pot
Jokkez 85: doesn't show hand
*** SUMMARY ***
Total pot $2 | Rake $0
Seat 2: 40 ft cliff (button) (small blind) folded before Flop
Seat 3: Jokkez 85 (big blind) collected ($2)


PokerStars Hand #158620842809:  Hold'em Limit ($3/$6 USD) - 2016/09/14 23:33:40 ET
Table 'Asterion' 6-max Seat #3 is the button
Seat 2: 40 ft cliff ($52.33 in chips)
Seat 3: Jokkez 85 ($166.54 in chips)
Jokkez 85: posts small blind $1
40 ft cliff: posts big blind $3
*** HOLE CARDS ***
Jokkez 85: folds
Uncalled bet ($2) returned to 40 ft cliff
40 ft cliff collected $2 from pot
40 ft cliff: doesn't show hand
*** SUMMARY ***
Total pot $2 | Rake $0
Seat 2: 40 ft cliff (big blind) collected ($2)
Seat 3: Jokkez 85 (button) (small blind) folded before Flop


PokerStars Hand #158620838393:  Hold'em Limit ($3/$6 USD) - 2016/09/14 23:33:24 ET
Table 'Asterion' 6-max Seat #2 is the button
Seat 2: 40 ft cliff ($43.69 in chips)
Seat 3: Jokkez 85 ($175.54 in chips)
40 ft cliff: posts small blind $1
Jokkez 85: posts big blind $3
*** HOLE CARDS ***
40 ft cliff: raises $3 to $6
Jokkez 85: calls $3
*** FLOP *** [Ts Td Tc]
Jokkez 85: checks
40 ft cliff: bets $3
Jokkez 85: calls $3
*** TURN *** [Ts Td Tc] [8c]
Jokkez 85: checks
40 ft cliff: checks
*** RIVER *** [Ts Td Tc 8c] [As]
Jokkez 85: checks
40 ft cliff: bets $6
Jokkez 85: folds
Uncalled bet ($6) returned to 40 ft cliff
40 ft cliff collected $17.64 from pot
40 ft cliff: doesn't show hand
*** SUMMARY ***
Total pot $18 | Rake $0.36
Board [Ts Td Tc 8c As]
Seat 2: 40 ft cliff (button) (small blind) collected ($17.64)
Seat 3: Jokkez 85 (big blind) folded on the River


PokerStars Hand #158620831871:  Hold'em Limit ($3/$6 USD) - 2016/09/14 23:32:59 ET
Table 'Asterion' 6-max Seat #3 is the button
Seat 2: 40 ft cliff ($79.69 in chips)
Seat 3: Jokkez 85 ($140.04 in chips)
Jokkez 85: posts small blind $1
40 ft cliff: posts big blind $3
*** HOLE CARDS ***
Jokkez 85: raises $3 to $6
40 ft cliff: raises $3 to $9
Jokkez 85: raises $3 to $12
Betting is capped
40 ft cliff: calls $3
*** FLOP *** [3c 2h Qc]
40 ft cliff: bets $3
Jokkez 85: raises $3 to $6
40 ft cliff: raises $3 to $9
Jokkez 85: raises $3 to $12
Betting is capped
40 ft cliff: calls $3
*** TURN *** [3c 2h Qc] [9d]
40 ft cliff: checks
Jokkez 85: bets $6
40 ft cliff: calls $6
*** RIVER *** [3c 2h Qc 9d] [Qs]
40 ft cliff: checks
Jokkez 85: bets $6
40 ft cliff: calls $6
*** SHOW DOWN ***
Jokkez 85: shows [Ad As] (two pair, Aces and Queens)
40 ft cliff: mucks hand
Jokkez 85 collected $71.50 from pot
*** SUMMARY ***
Total pot $72 | Rake $0.50
Board [3c 2h Qc 9d Qs]
Seat 2: 40 ft cliff (big blind) mucked
Seat 3: Jokkez 85 (button) (small blind) showed [Ad As] and won ($71.50) with two pair, Aces and Queens


PokerStars Hand #158620844059:  Hold'em Limit ($3/$6 USD) - 2016/09/14 23:33:45 ET
Table 'Asterion' 6-max Seat #2 is the button
Seat 2: 40 ft cliff ($53.33 in chips)
Seat 3: Jokkez 85 ($165.54 in chips)
40 ft cliff: posts small blind $1
Jokkez 85: posts big blind $3
*** HOLE CARDS ***
40 ft cliff: raises $3 to $6
Jokkez 85: calls $3
*** FLOP *** [8d 3d 6h]
Jokkez 85: checks
40 ft cliff: bets $3
Jokkez 85: calls $3
*** TURN *** [8d 3d 6h] [Js]
Jokkez 85: checks
40 ft cliff: checks
*** RIVER *** [8d 3d 6h Js] [Tc]
Jokkez 85: bets $6
40 ft cliff: calls $6
*** SHOW DOWN ***
Jokkez 85: shows [5s Jd] (a pair of Jacks)
40 ft cliff: mucks hand
Jokkez 85 collected $29.50 from pot
*** SUMMARY ***
Total pot $30 | Rake $0.50
Board [8d 3d 6h Js Tc]
Seat 2: 40 ft cliff (button) (small blind) mucked
Seat 3: Jokkez 85 (big blind) showed [5s Jd] and won ($29.50) with a pair of Jacks


PokerStars Hand #158620848908:  Hold'em Limit ($3/$6 USD) - 2016/09/14 23:34:02 ET
Table 'Asterion' 6-max Seat #3 is the button
Seat 2: 40 ft cliff ($38.33 in chips)
Seat 3: Jokkez 85 ($180.04 in chips)
Jokkez 85: posts small blind $1
40 ft cliff: posts big blind $3
*** HOLE CARDS ***
Jokkez 85: raises $3 to $6
40 ft cliff: raises $3 to $9
Jokkez 85: calls $3
*** FLOP *** [2d 5d Kh]
40 ft cliff: bets $3
Jokkez 85: calls $3
*** TURN *** [2d 5d Kh] [9s]
40 ft cliff: bets $6
Jokkez 85: raises $6 to $12
40 ft cliff: raises $6 to $18
Jokkez 85: raises $6 to $24
Betting is capped
40 ft cliff: calls $6
*** RIVER *** [2d 5d Kh 9s] [6d]
40 ft cliff: bets $2.33 and is all-in
Jokkez 85: calls $2.33
*** SHOW DOWN ***
40 ft cliff: shows [Ad Ah] (a pair of Aces)
Jokkez 85: shows [6c Kc] (two pair, Kings and Sixes)
Jokkez 85 collected $76.16 from pot
*** SUMMARY ***
Total pot $76.66 | Rake $0.50
Board [2d 5d Kh 9s 6d]
Seat 2: 40 ft cliff (big blind) showed [Ad Ah] and lost with a pair of Aces
Seat 3: Jokkez 85 (button) (small blind) showed [6c Kc] and won ($76.16) with two pair, Kings and Sixes


