PokerStars Hand #165125692963:  Hold'em Limit ($3/$6 USD) - 2017/01/24 21:34:08 ET
Table 'Aster' 6-max Seat #3 is the button
Seat 3: NoVebra ($120 in chips)
Seat 4: LifeisagameX ($84 in chips)
NoVebra: posts small blind $1
LifeisagameX: posts big blind $3
*** HOLE CARDS ***
NoVebra: raises $3 to $6
LifeisagameX: calls $3
*** FLOP *** [4s 8c 4d]
LifeisagameX: checks
NoVebra: bets $3
LifeisagameX: calls $3
*** TURN *** [4s 8c 4d] [4h]
LifeisagameX: checks
NoVebra: bets $6
LifeisagameX: calls $6
*** RIVER *** [4s 8c 4d 4h] [Ac]
LifeisagameX: checks
NoVebra: checks
*** SHOW DOWN ***
LifeisagameX: shows [3h Qc] (three of a kind, Fours)
NoVebra: mucks hand
LifeisagameX collected $29.50 from pot
*** SUMMARY ***
Total pot $30 | Rake $0.50
Board [4s 8c 4d 4h Ac]
Seat 3: NoVebra (button) (small blind) mucked
Seat 4: LifeisagameX (big blind) showed [3h Qc] and won ($29.50) with three of a kind, Fours


PokerStars Hand #165125713286:  Hold'em Limit ($3/$6 USD) - 2017/01/24 21:34:54 ET
Table 'Aster' 6-max Seat #4 is the button
Seat 3: NoVebra ($120 in chips)
Seat 4: LifeisagameX ($98.50 in chips)
LifeisagameX: posts small blind $1
NoVebra: posts big blind $3
*** HOLE CARDS ***
LifeisagameX: raises $3 to $6
NoVebra: calls $3
*** FLOP *** [6h 8c 3d]
NoVebra: checks
LifeisagameX: bets $3
NoVebra: calls $3
*** TURN *** [6h 8c 3d] [7d]
NoVebra: checks
LifeisagameX: bets $6
NoVebra: raises $6 to $12
LifeisagameX: calls $6
*** RIVER *** [6h 8c 3d 7d] [Jd]
NoVebra: bets $6
LifeisagameX: folds
Uncalled bet ($6) returned to NoVebra
NoVebra collected $41.50 from pot
NoVebra: doesn't show hand
*** SUMMARY ***
Total pot $42 | Rake $0.50
Board [6h 8c 3d 7d Jd]
Seat 3: NoVebra (big blind) collected ($41.50)
Seat 4: LifeisagameX (button) (small blind) folded on the River


PokerStars Hand #165125762623:  Hold'em Limit ($3/$6 USD) - 2017/01/24 21:36:39 ET
Table 'Aster' 6-max Seat #3 is the button
Seat 3: NoVebra ($147.26 in chips)
Seat 4: LifeisagameX ($84 in chips)
NoVebra: posts small blind $1
LifeisagameX: posts big blind $3
*** HOLE CARDS ***
NoVebra: folds
Uncalled bet ($2) returned to LifeisagameX
LifeisagameX collected $2 from pot
LifeisagameX: doesn't show hand
*** SUMMARY ***
Total pot $2 | Rake $0
Seat 3: NoVebra (button) (small blind) folded before Flop
Seat 4: LifeisagameX (big blind) collected ($2)


PokerStars Hand #165125751348:  Hold'em Limit ($3/$6 USD) - 2017/01/24 21:36:13 ET
Table 'Aster' 6-max Seat #4 is the button
Seat 3: NoVebra ($146.26 in chips)
Seat 4: LifeisagameX ($84 in chips)
LifeisagameX: posts small blind $1
NoVebra: posts big blind $3
*** HOLE CARDS ***
kusznak joins the table at seat #2
LifeisagameX: folds
Uncalled bet ($2) returned to NoVebra
NoVebra collected $2 from pot
NoVebra: doesn't show hand
*** SUMMARY ***
Total pot $2 | Rake $0
Seat 3: NoVebra (big blind) collected ($2)
Seat 4: LifeisagameX (button) (small blind) folded before Flop


PokerStars Hand #165125733688:  Hold'em Limit ($3/$6 USD) - 2017/01/24 21:35:41 ET
Table 'Aster' 6-max Seat #3 is the button
Seat 3: NoVebra ($140.50 in chips)
Seat 4: LifeisagameX ($84 in chips)
NoVebra: posts small blind $1
LifeisagameX: posts big blind $3
*** HOLE CARDS ***
NoVebra: raises $3 to $6
LifeisagameX: calls $3
*** FLOP *** [4s Td Qd]
LifeisagameX: checks
NoVebra: bets $3
LifeisagameX: folds
Uncalled bet ($3) returned to NoVebra
NoVebra collected $11.76 from pot
NoVebra: doesn't show hand
*** SUMMARY ***
Total pot $12 | Rake $0.24
Board [4s Td Qd]
Seat 3: NoVebra (button) (small blind) collected ($11.76)
Seat 4: LifeisagameX (big blind) folded on the Flop


