PokerStars Hand #161421899820:  Hold'em Limit ($3/$6 USD) - 2016/11/14 21:57:14 ET
Table 'Asterope' 6-max Seat #5 is the button
Seat 1: hairy1961 ($59 in chips)
Seat 5: Pandakey ($121 in chips)
Pandakey: posts small blind $1
hairy1961: posts big blind $3
*** HOLE CARDS ***
Pandakey: raises $3 to $6
ToDaFelt joins the table at seat #2
hairy1961: raises $3 to $9
Pandakey: calls $3
*** FLOP *** [3d 7s Ts]
hairy1961: bets $3
Pandakey: calls $3
*** TURN *** [3d 7s Ts] [8c]
hairy1961: bets $6
Pandakey: calls $6
*** RIVER *** [3d 7s Ts 8c] [9h]
hairy1961: checks
Pandakey: bets $6
hairy1961: calls $6
*** SHOW DOWN ***
Pandakey: shows [6d 6c] (a straight, Six to Ten)
hairy1961: mucks hand
Pandakey collected $47.50 from pot
*** SUMMARY ***
Total pot $48 | Rake $0.50
Board [3d 7s Ts 8c 9h]
Seat 1: hairy1961 (big blind) mucked
Seat 5: Pandakey (button) (small blind) showed [6d 6c] and won ($47.50) with a straight, Six to Ten


PokerStars Hand #161421927062:  Hold'em Limit ($3/$6 USD) - 2016/11/14 21:58:37 ET
Table 'Asterope' 6-max Seat #2 is the button
Seat 1: hairy1961 ($11 in chips)
Seat 2: ToDaFelt ($148.80 in chips)
ToDaFelt: posts small blind $1
hairy1961: posts big blind $3
*** HOLE CARDS ***
ToDaFelt: raises $3 to $6
hairy1961: folds
Uncalled bet ($3) returned to ToDaFelt
ToDaFelt collected $6 from pot
ToDaFelt: doesn't show hand
*** SUMMARY ***
Total pot $6 | Rake $0
Seat 1: hairy1961 (big blind) folded before Flop
Seat 2: ToDaFelt (button) (small blind) collected ($6)


PokerStars Hand #161421921762:  Hold'em Limit ($3/$6 USD) - 2016/11/14 21:58:20 ET
Table 'Asterope' 6-max Seat #1 is the button
Seat 1: hairy1961 ($23 in chips)
Seat 2: ToDaFelt ($137.28 in chips)
hairy1961: posts small blind $1
ToDaFelt: posts big blind $3
*** HOLE CARDS ***
hairy1961: raises $3 to $6
ToDaFelt: raises $3 to $9
hairy1961: calls $3
*** FLOP *** [2c Qs Kc]
ToDaFelt: bets $3
hairy1961: calls $3
*** TURN *** [2c Qs Kc] [As]
ToDaFelt: bets $6
hairy1961: folds
Uncalled bet ($6) returned to ToDaFelt
ToDaFelt collected $23.52 from pot
ToDaFelt: doesn't show hand
*** SUMMARY ***
Total pot $24 | Rake $0.48
Board [2c Qs Kc As]
Seat 1: hairy1961 (button) (small blind) folded on the Turn
Seat 2: ToDaFelt (big blind) collected ($23.52)


PokerStars Hand #161421919451:  Hold'em Limit ($3/$6 USD) - 2016/11/14 21:58:13 ET
Table 'Asterope' 6-max Seat #2 is the button
Seat 1: hairy1961 ($26 in chips)
Seat 2: ToDaFelt ($134.28 in chips)
ToDaFelt: posts small blind $1
Pandakey: is sitting out
hairy1961: posts big blind $3
*** HOLE CARDS ***
ToDaFelt: raises $3 to $6
hairy1961: folds
Uncalled bet ($3) returned to ToDaFelt
ToDaFelt collected $6 from pot
ToDaFelt: doesn't show hand
*** SUMMARY ***
Total pot $6 | Rake $0
Seat 1: hairy1961 (big blind) folded before Flop
Seat 2: ToDaFelt (button) (small blind) collected ($6)


PokerStars Hand #161421945053:  Hold'em Limit ($3/$6 USD) - 2016/11/14 21:59:31 ET
Table 'Asterope' 6-max Seat #1 is the button
Seat 1: hairy1961 ($11.45 in chips)
Seat 2: ToDaFelt ($147.56 in chips)
hairy1961: posts small blind $1
ToDaFelt: posts big blind $3
*** HOLE CARDS ***
hairy1961: raises $3 to $6
ToDaFelt: calls $3
*** FLOP *** [Qs 8d 7s]
ToDaFelt: checks
hairy1961: checks
*** TURN *** [Qs 8d 7s] [Ac]
ToDaFelt: checks
Pandakey leaves the table
hairy1961: bets $5.45 and is all-in
ToDaFelt: folds
Uncalled bet ($5.45) returned to hairy1961
hairy1961 collected $11.76 from pot
hairy1961: doesn't show hand
*** SUMMARY ***
Total pot $12 | Rake $0.24
Board [Qs 8d 7s Ac]
Seat 1: hairy1961 (button) (small blind) collected ($11.76)
Seat 2: ToDaFelt (big blind) folded on the Turn


PokerStars Hand #161421938766:  Hold'em Limit ($3/$6 USD) - 2016/11/14 21:59:12 ET
Table 'Asterope' 6-max Seat #2 is the button
Seat 1: hairy1961 ($11.68 in chips)
Seat 2: ToDaFelt ($147.80 in chips)
ToDaFelt: posts small blind $1
hairy1961: posts big blind $3
*** HOLE CARDS ***
ToDaFelt: raises $3 to $6
hairy1961: calls $3
*** FLOP *** [3h Td As]
hairy1961: checks
ToDaFelt: bets $3
hairy1961: raises $2.68 to $5.68 and is all-in
ToDaFelt: calls $2.68
*** TURN *** [3h Td As] [Tc]
*** RIVER *** [3h Td As Tc] [3d]
*** SHOW DOWN ***
hairy1961: shows [4s 5s] (two pair, Tens and Threes)
ToDaFelt: shows [5d Qc] (two pair, Tens and Threes)
hairy1961 collected $11.45 from pot
ToDaFelt collected $11.44 from pot
*** SUMMARY ***
Total pot $23.36 | Rake $0.47
Board [3h Td As Tc 3d]
Seat 1: hairy1961 (big blind) showed [4s 5s] and won ($11.45) with two pair, Tens and Threes
Seat 2: ToDaFelt (button) (small blind) showed [5d Qc] and won ($11.44) with two pair, Tens and Threes


PokerStars Hand #161421937075:  Hold'em Limit ($3/$6 USD) - 2016/11/14 21:59:07 ET
Table 'Asterope' 6-max Seat #1 is the button
Seat 1: hairy1961 ($12.68 in chips)
Seat 2: ToDaFelt ($146.80 in chips)
hairy1961: posts small blind $1
ToDaFelt: posts big blind $3
*** HOLE CARDS ***
hairy1961: folds
Uncalled bet ($2) returned to ToDaFelt
ToDaFelt collected $2 from pot
ToDaFelt: doesn't show hand
*** SUMMARY ***
Total pot $2 | Rake $0
Seat 1: hairy1961 (button) (small blind) folded before Flop
Seat 2: ToDaFelt (big blind) collected ($2)


PokerStars Hand #161421935099:  Hold'em Limit ($3/$6 USD) - 2016/11/14 21:59:01 ET
Table 'Asterope' 6-max Seat #2 is the button
Seat 1: hairy1961 ($15.68 in chips)
Seat 2: ToDaFelt ($143.80 in chips)
ToDaFelt: posts small blind $1
hairy1961: posts big blind $3
*** HOLE CARDS ***
ToDaFelt: raises $3 to $6
hairy1961: folds
Uncalled bet ($3) returned to ToDaFelt
ToDaFelt collected $6 from pot
ToDaFelt: doesn't show hand
*** SUMMARY ***
Total pot $6 | Rake $0
Seat 1: hairy1961 (big blind) folded before Flop
Seat 2: ToDaFelt (button) (small blind) collected ($6)


PokerStars Hand #161421929080:  Hold'em Limit ($3/$6 USD) - 2016/11/14 21:58:43 ET
Table 'Asterope' 6-max Seat #1 is the button
Seat 1: hairy1961 ($8 in chips)
Seat 2: ToDaFelt ($151.80 in chips)
hairy1961: posts small blind $1
ToDaFelt: posts big blind $3
*** HOLE CARDS ***
hairy1961: raises $3 to $6
ToDaFelt: calls $3
*** FLOP *** [Ac Kc 6h]
ToDaFelt: bets $3
hairy1961: calls $2 and is all-in
Uncalled bet ($1) returned to ToDaFelt
*** TURN *** [Ac Kc 6h] [9h]
*** RIVER *** [Ac Kc 6h 9h] [8c]
*** SHOW DOWN ***
ToDaFelt: shows [Jd 7c] (high card Ace)
hairy1961: shows [Jh Kh] (a pair of Kings)
hairy1961 collected $15.68 from pot
*** SUMMARY ***
Total pot $16 | Rake $0.32
Board [Ac Kc 6h 9h 8c]
Seat 1: hairy1961 (button) (small blind) showed [Jh Kh] and won ($15.68) with a pair of Kings
Seat 2: ToDaFelt (big blind) showed [Jd 7c] and lost with high card Ace


PokerStars Hand #161421950720:  Hold'em Limit ($3/$6 USD) - 2016/11/14 21:59:48 ET
Table 'Asterope' 6-max Seat #2 is the button
Seat 1: hairy1961 ($17.21 in chips)
Seat 2: ToDaFelt ($141.56 in chips)
ToDaFelt: posts small blind $1
hairy1961: posts big blind $3
*** HOLE CARDS ***
ToDaFelt: raises $3 to $6
hairy1961: calls $3
*** FLOP *** [Tc 5h Kc]
hairy1961: checks
ToDaFelt: bets $3
hairy1961: raises $3 to $6
ToDaFelt: calls $3
*** TURN *** [Tc 5h Kc] [Ks]
hairy1961: bets $5.21 and is all-in
ToDaFelt: calls $5.21
*** RIVER *** [Tc 5h Kc Ks] [2s]
*** SHOW DOWN ***
hairy1961: shows [4c Qs] (a pair of Kings)
ToDaFelt: shows [Ah 7s] (a pair of Kings - Ace kicker)
ToDaFelt collected $33.92 from pot
*** SUMMARY ***
Total pot $34.42 | Rake $0.50
Board [Tc 5h Kc Ks 2s]
Seat 1: hairy1961 (big blind) showed [4c Qs] and lost with a pair of Kings
Seat 2: ToDaFelt (button) (small blind) showed [Ah 7s] and won ($33.92) with a pair of Kings


