PokerStars Hand #151842492758:  Hold'em Limit ($3/$6 USD) - 2016/04/13 0:33:16 ET
Table 'Aster II' 6-max Seat #4 is the button
Seat 4: VolkovDmitri ($120 in chips)
Seat 5: nmpro32 ($100 in chips)
VolkovDmitri: posts small blind $1
nmpro32: posts big blind $3
*** HOLE CARDS ***
VolkovDmitri: raises $3 to $6
nmpro32: raises $3 to $9
VolkovDmitri: calls $3
*** FLOP *** [Td 7d 8c]
nmpro32: bets $3
VolkovDmitri: folds
Uncalled bet ($3) returned to nmpro32
nmpro32 collected $17.64 from pot
nmpro32: doesn't show hand
*** SUMMARY ***
Total pot $18 | Rake $0.36
Board [Td 7d 8c]
Seat 4: VolkovDmitri (button) (small blind) folded on the Flop
Seat 5: nmpro32 (big blind) collected ($17.64)


PokerStars Hand #151842498487:  Hold'em Limit ($3/$6 USD) - 2016/04/13 0:33:38 ET
Table 'Aster II' 6-max Seat #5 is the button
Seat 4: VolkovDmitri ($120 in chips)
Seat 5: nmpro32 ($108.64 in chips)
nmpro32: posts small blind $1
VolkovDmitri: posts big blind $3
*** HOLE CARDS ***
nmpro32: raises $3 to $6
VolkovDmitri: calls $3
*** FLOP *** [7s 6s 4h]
VolkovDmitri: bets $3
nmpro32: raises $3 to $6
VolkovDmitri: calls $3
*** TURN *** [7s 6s 4h] [Th]
VolkovDmitri: checks
nmpro32: bets $6
VolkovDmitri: calls $6
*** RIVER *** [7s 6s 4h Th] [Kh]
VolkovDmitri: checks
nmpro32: checks
*** SHOW DOWN ***
VolkovDmitri: shows [2c 6c] (a pair of Sixes)
nmpro32: shows [6d 8h] (a pair of Sixes - King+Ten+Eight kicker)
nmpro32 collected $35.50 from pot
*** SUMMARY ***
Total pot $36 | Rake $0.50
Board [7s 6s 4h Th Kh]
Seat 4: VolkovDmitri (big blind) showed [2c 6c] and lost with a pair of Sixes
Seat 5: nmpro32 (button) (small blind) showed [6d 8h] and won ($35.50) with a pair of Sixes


PokerStars Hand #151842507962:  Hold'em Limit ($3/$6 USD) - 2016/04/13 0:34:15 ET
Table 'Aster II' 6-max Seat #4 is the button
Seat 4: VolkovDmitri ($120 in chips)
Seat 5: nmpro32 ($126.14 in chips)
VolkovDmitri: posts small blind $1
nmpro32: posts big blind $3
*** HOLE CARDS ***
VolkovDmitri: raises $3 to $6
nmpro32: calls $3
*** FLOP *** [Qh 7d 6s]
nmpro32: checks
desktop39 joins the table at seat #3
VolkovDmitri: bets $3
nmpro32: folds
Uncalled bet ($3) returned to VolkovDmitri
VolkovDmitri collected $11.76 from pot
VolkovDmitri: doesn't show hand
*** SUMMARY ***
Total pot $12 | Rake $0.24
Board [Qh 7d 6s]
Seat 4: VolkovDmitri (button) (small blind) collected ($11.76)
Seat 5: nmpro32 (big blind) folded on the Flop


PokerStars Hand #151844254835:  Hold'em Limit ($3/$6 USD) - 2016/04/13 2:29:06 ET
Table 'Aster II' 6-max Seat #2 is the button
Seat 1: ub_player04 ($155.23 in chips)
Seat 2: lin1rabbit ($393.85 in chips)
lin1rabbit: posts small blind $1
ub_player04: posts big blind $3
*** HOLE CARDS ***
lin1rabbit: raises $3 to $6
ub_player04: raises $3 to $9
lin1rabbit: calls $3
*** FLOP *** [7s 3c 8h]
ub_player04: bets $3
lin1rabbit: calls $3
*** TURN *** [7s 3c 8h] [2c]
ub_player04: bets $6
lin1rabbit: calls $6
*** RIVER *** [7s 3c 8h 2c] [Qd]
ub_player04: bets $6
lin1rabbit: folds
Uncalled bet ($6) returned to ub_player04
ub_player04 collected $35.50 from pot
ub_player04: doesn't show hand
*** SUMMARY ***
Total pot $36 | Rake $0.50
Board [7s 3c 8h 2c Qd]
Seat 1: ub_player04 (big blind) collected ($35.50)
Seat 2: lin1rabbit (button) (small blind) folded on the River


PokerStars Hand #151844262399:  Hold'em Limit ($3/$6 USD) - 2016/04/13 2:29:35 ET
Table 'Aster II' 6-max Seat #1 is the button
Seat 1: ub_player04 ($172.73 in chips)
Seat 2: lin1rabbit ($375.85 in chips)
ub_player04: posts small blind $1
lin1rabbit: posts big blind $3
*** HOLE CARDS ***
ub_player04: raises $3 to $6
lin1rabbit: folds
Uncalled bet ($3) returned to ub_player04
ub_player04 collected $6 from pot
ub_player04: doesn't show hand
*** SUMMARY ***
Total pot $6 | Rake $0
Seat 1: ub_player04 (button) (small blind) collected ($6)
Seat 2: lin1rabbit (big blind) folded before Flop


PokerStars Hand #151844895626:  Hold'em Limit ($3/$6 USD) - 2016/04/13 3:08:47 ET
Table 'Aster II' 6-max Seat #6 is the button
Seat 2: lin1rabbit ($263.84 in chips)
Seat 6: Tnz204 ($242.58 in chips)
Tnz204: posts small blind $1
lin1rabbit: posts big blind $3
*** HOLE CARDS ***
Tnz204: folds
Uncalled bet ($2) returned to lin1rabbit
Tnz204 leaves the table
lin1rabbit collected $2 from pot
lin1rabbit: doesn't show hand
*** SUMMARY ***
Total pot $2 | Rake $0
Seat 2: lin1rabbit (big blind) collected ($2)
Seat 6: Tnz204 (button) (small blind) folded before Flop


