PokerStars Hand #174134624325:  Hold'em Limit ($3/$6 USD) - 2017/08/09 18:20:21 ET
Table 'Asteria' 10-max Seat #5 is the button
Seat 5: Eklund_1891 ($152.18 in chips)
Seat 6: Great_Kang ($124 in chips)
Eklund_1891: posts small blind $1
Great_Kang: posts big blind $3
*** HOLE CARDS ***
Eklund_1891: folds
Uncalled bet ($2) returned to Great_Kang
Great_Kang collected $2 from pot
Great_Kang: doesn't show hand
*** SUMMARY ***
Total pot $2 | Rake $0
Seat 5: Eklund_1891 (button) (small blind) folded before Flop
Seat 6: Great_Kang (big blind) collected ($2)


PokerStars Hand #174134620368:  Hold'em Limit ($3/$6 USD) - 2017/08/09 18:20:15 ET
Table 'Asteria' 10-max Seat #6 is the button
Seat 5: Eklund_1891 ($155.18 in chips)
Seat 6: Great_Kang ($121 in chips)
Great_Kang: posts small blind $1
Eklund_1891: posts big blind $3
*** HOLE CARDS ***
Great_Kang: raises $3 to $6
Eklund_1891: folds
Uncalled bet ($3) returned to Great_Kang
Great_Kang collected $6 from pot
Great_Kang: doesn't show hand
*** SUMMARY ***
Total pot $6 | Rake $0
Seat 5: Eklund_1891 (big blind) folded before Flop
Seat 6: Great_Kang (button) (small blind) collected ($6)


PokerStars Hand #174134617174:  Hold'em Limit ($3/$6 USD) - 2017/08/09 18:20:10 ET
Table 'Asteria' 10-max Seat #5 is the button
Seat 5: Eklund_1891 ($156.18 in chips)
Seat 6: Great_Kang ($120 in chips)
Eklund_1891: posts small blind $1
Great_Kang: posts big blind $3
*** HOLE CARDS ***
Eklund_1891: folds
Uncalled bet ($2) returned to Great_Kang
Great_Kang collected $2 from pot
Great_Kang: doesn't show hand
*** SUMMARY ***
Total pot $2 | Rake $0
Seat 5: Eklund_1891 (button) (small blind) folded before Flop
Seat 6: Great_Kang (big blind) collected ($2)


PokerStars Hand #174134598427:  Hold'em Limit ($3/$6 USD) - 2017/08/09 18:19:41 ET
Table 'Asteria' 10-max Seat #6 is the button
Seat 5: Eklund_1891 ($138.68 in chips)
Seat 6: Great_Kang ($121 in chips)
Great_Kang: posts small blind $1
Eklund_1891: posts big blind $3
*** HOLE CARDS ***
Great_Kang: raises $3 to $6
Eklund_1891: raises $3 to $9
Great_Kang: calls $3
*** FLOP *** [3s 2h Tc]
Eklund_1891: checks
Great_Kang: bets $3
Eklund_1891: calls $3
*** TURN *** [3s 2h Tc] [Jc]
Eklund_1891: checks
Great_Kang: bets $6
Eklund_1891: calls $6
*** RIVER *** [3s 2h Tc Jc] [Qd]
Eklund_1891: checks
Great_Kang: checks
*** SHOW DOWN ***
Eklund_1891: shows [9h 8h] (a straight, Eight to Queen)
Great_Kang: mucks hand
Eklund_1891 collected $35.50 from pot
*** SUMMARY ***
Total pot $36 | Rake $0.50
Board [3s 2h Tc Jc Qd]
Seat 5: Eklund_1891 (big blind) showed [9h 8h] and won ($35.50) with a straight, Eight to Queen
Seat 6: Great_Kang (button) (small blind) mucked


PokerStars Hand #174134564815:  Hold'em Limit ($3/$6 USD) - 2017/08/09 18:18:50 ET
Table 'Asteria' 10-max Seat #5 is the button
Seat 5: Eklund_1891 ($139.68 in chips)
Seat 6: Great_Kang ($120 in chips)
Eklund_1891: posts small blind $1
Great_Kang: posts big blind $3
*** HOLE CARDS ***
thekiing80 joins the table at seat #10
thekiing80 leaves the table
Eklund_1891 has timed out
Eklund_1891: folds
Uncalled bet ($2) returned to Great_Kang
Great_Kang collected $2 from pot
Great_Kang: doesn't show hand
*** SUMMARY ***
Total pot $2 | Rake $0
Seat 5: Eklund_1891 (button) (small blind) folded before Flop
Seat 6: Great_Kang (big blind) collected ($2)


PokerStars Hand #174134643069:  Hold'em Limit ($3/$6 USD) - 2017/08/09 18:20:50 ET
Table 'Asteria' 10-max Seat #5 is the button
Seat 5: Eklund_1891 ($174.68 in chips)
Seat 6: Great_Kang ($120 in chips)
Eklund_1891: posts small blind $1
Great_Kang: posts big blind $3
*** HOLE CARDS ***
Eklund_1891: raises $3 to $6
Great_Kang: calls $3
*** FLOP *** [3s 3c Td]
Luanto 14 joins the table at seat #8
Great_Kang: bets $3
Eklund_1891: calls $3
*** TURN *** [3s 3c Td] [6c]
Great_Kang: checks
Eklund_1891: checks
*** RIVER *** [3s 3c Td 6c] [9h]
Great_Kang: checks
Eklund_1891: checks
*** SHOW DOWN ***
Great_Kang: shows [2s Ks] (a pair of Threes)
Eklund_1891: mucks hand
Great_Kang collected $17.64 from pot
*** SUMMARY ***
Total pot $18 | Rake $0.36
Board [3s 3c Td 6c 9h]
Seat 5: Eklund_1891 (button) (small blind) mucked
Seat 6: Great_Kang (big blind) showed [2s Ks] and won ($17.64) with a pair of Threes


PokerStars Hand #174134627602:  Hold'em Limit ($3/$6 USD) - 2017/08/09 18:20:26 ET
Table 'Asteria' 10-max Seat #6 is the button
Seat 5: Eklund_1891 ($151.18 in chips)
Seat 6: Great_Kang ($125 in chips)
Great_Kang: posts small blind $1
Eklund_1891: posts big blind $3
*** HOLE CARDS ***
Great_Kang: raises $3 to $6
Eklund_1891: raises $3 to $9
Great_Kang: calls $3
*** FLOP *** [Kh 2c 4d]
Eklund_1891: bets $3
Great_Kang: calls $3
*** TURN *** [Kh 2c 4d] [2d]
Eklund_1891: checks
Great_Kang: bets $6
Eklund_1891: calls $6
*** RIVER *** [Kh 2c 4d 2d] [Qh]
Eklund_1891: checks
Great_Kang: bets $6
Eklund_1891: calls $6
*** SHOW DOWN ***
Great_Kang: shows [7d 9d] (a pair of Deuces)
Eklund_1891: shows [7s 7c] (two pair, Sevens and Deuces)
Eklund_1891 collected $47.50 from pot
*** SUMMARY ***
Total pot $48 | Rake $0.50
Board [Kh 2c 4d 2d Qh]
Seat 5: Eklund_1891 (big blind) showed [7s 7c] and won ($47.50) with two pair, Sevens and Deuces
Seat 6: Great_Kang (button) (small blind) showed [7d 9d] and lost with a pair of Deuces


PokerStars Hand #174136157491:  Hold'em Limit ($3/$6 USD) - 2017/08/09 19:02:08 ET
Table 'Asteria' 10-max Seat #8 is the button
Seat 5: movest88 ($207.53 in chips)
Seat 8: Luanto 14 ($165.38 in chips)
Luanto 14: posts small blind $1
vigman1977 is disconnected
vigman1977 has timed out while disconnected
vigman1977: is sitting out
movest88: posts big blind $3
*** HOLE CARDS ***
Luanto 14: raises $3 to $6
movest88: calls $3
*** FLOP *** [9c 7h 9s]
movest88: checks
Luanto 14: bets $3
movest88: folds
Uncalled bet ($3) returned to Luanto 14
Luanto 14 collected $11.76 from pot
Luanto 14: doesn't show hand
*** SUMMARY ***
Total pot $12 | Rake $0.24
Board [9c 7h 9s]
Seat 5: movest88 (big blind) folded on the Flop
Seat 8: Luanto 14 (button) (small blind) collected ($11.76)


PokerStars Hand #174136172404:  Hold'em Limit ($3/$6 USD) - 2017/08/09 19:02:33 ET
Table 'Asteria' 10-max Seat #5 is the button
Seat 5: movest88 ($201.53 in chips)
Seat 8: Luanto 14 ($171.14 in chips)
movest88: posts small blind $1
Luanto 14: posts big blind $3
*** HOLE CARDS ***
movest88: raises $3 to $6
Luanto 14: folds
Uncalled bet ($3) returned to movest88
movest88 collected $6 from pot
*** SUMMARY ***
Total pot $6 | Rake $0
Seat 5: movest88 (button) (small blind) collected ($6)
Seat 8: Luanto 14 (big blind) folded before Flop


PokerStars Hand #174136176259:  Hold'em Limit ($3/$6 USD) - 2017/08/09 19:02:40 ET
Table 'Asteria' 10-max Seat #8 is the button
Seat 5: movest88 ($204.53 in chips)
Seat 8: Luanto 14 ($168.14 in chips)
Luanto 14: posts small blind $1
movest88: posts big blind $3
*** HOLE CARDS ***
Luanto 14: raises $3 to $6
movest88: folds
Uncalled bet ($3) returned to Luanto 14
Luanto 14 collected $6 from pot
Luanto 14: doesn't show hand
*** SUMMARY ***
Total pot $6 | Rake $0
Seat 5: movest88 (big blind) folded before Flop
Seat 8: Luanto 14 (button) (small blind) collected ($6)


PokerStars Hand #174136189307:  Hold'em Limit ($3/$6 USD) - 2017/08/09 19:03:03 ET
Table 'Asteria' 10-max Seat #8 is the button
Seat 5: movest88 ($219.03 in chips)
Seat 8: Luanto 14 ($153.14 in chips)
Luanto 14: posts small blind $1
movest88: posts big blind $3
*** HOLE CARDS ***
Luanto 14: raises $3 to $6
movest88: calls $3
*** FLOP *** [Qc 6c 6d]
movest88: checks
Luanto 14: bets $3
movest88: folds
Uncalled bet ($3) returned to Luanto 14
Luanto 14 collected $11.76 from pot
Luanto 14: doesn't show hand
*** SUMMARY ***
Total pot $12 | Rake $0.24
Board [Qc 6c 6d]
Seat 5: movest88 (big blind) folded on the Flop
Seat 8: Luanto 14 (button) (small blind) collected ($11.76)


PokerStars Hand #174136206133:  Hold'em Limit ($3/$6 USD) - 2017/08/09 19:03:31 ET
Table 'Asteria' 10-max Seat #5 is the button
Seat 5: movest88 ($213.03 in chips)
Seat 8: Luanto 14 ($158.90 in chips)
movest88: posts small blind $1
Luanto 14: posts big blind $3
*** HOLE CARDS ***
movest88: raises $3 to $6
Luanto 14: folds
Uncalled bet ($3) returned to movest88
movest88 collected $6 from pot
*** SUMMARY ***
Total pot $6 | Rake $0
Seat 5: movest88 (button) (small blind) collected ($6)
Seat 8: Luanto 14 (big blind) folded before Flop


PokerStars Hand #174136210389:  Hold'em Limit ($3/$6 USD) - 2017/08/09 19:03:39 ET
Table 'Asteria' 10-max Seat #8 is the button
Seat 5: movest88 ($216.03 in chips)
Seat 8: Luanto 14 ($155.90 in chips)
Luanto 14: posts small blind $1
movest88: posts big blind $3
*** HOLE CARDS ***
Luanto 14: raises $3 to $6
movest88: calls $3
*** FLOP *** [5c Ah Ts]
movest88: checks
Luanto 14: bets $3
movest88: folds
Uncalled bet ($3) returned to Luanto 14
Luanto 14 collected $11.76 from pot
Luanto 14: doesn't show hand
*** SUMMARY ***
Total pot $12 | Rake $0.24
Board [5c Ah Ts]
Seat 5: movest88 (big blind) folded on the Flop
Seat 8: Luanto 14 (button) (small blind) collected ($11.76)


PokerStars Hand #174136179512:  Hold'em Limit ($3/$6 USD) - 2017/08/09 19:02:46 ET
Table 'Asteria' 10-max Seat #5 is the button
Seat 5: movest88 ($201.53 in chips)
Seat 8: Luanto 14 ($171.14 in chips)
movest88: posts small blind $1
Luanto 14: posts big blind $3
*** HOLE CARDS ***
movest88: raises $3 to $6
Luanto 14: raises $3 to $9
movest88: calls $3
*** FLOP *** [8s 9h 4c]
Luanto 14: bets $3
movest88: calls $3
*** TURN *** [8s 9h 4c] [Ts]
Luanto 14: bets $6
movest88: calls $6
*** RIVER *** [8s 9h 4c Ts] [6d]
Luanto 14: checks
movest88: checks
*** SHOW DOWN ***
Luanto 14: shows [Kd Ac] (high card Ace)
movest88: shows [Ks Th] (a pair of Tens)
movest88 collected $35.50 from pot
*** SUMMARY ***
Total pot $36 | Rake $0.50
Board [8s 9h 4c Ts 6d]
Seat 5: movest88 (button) (small blind) showed [Ks Th] and won ($35.50) with a pair of Tens
Seat 8: Luanto 14 (big blind) showed [Kd Ac] and lost with high card Ace


PokerStars Hand #174136216285:  Hold'em Limit ($3/$6 USD) - 2017/08/09 19:03:49 ET
Table 'Asteria' 10-max Seat #5 is the button
Seat 5: movest88 ($210.03 in chips)
Seat 8: Luanto 14 ($161.66 in chips)
movest88: posts small blind $1
Luanto 14: posts big blind $3
*** HOLE CARDS ***
movest88: raises $3 to $6
Luanto 14: calls $3
*** FLOP *** [3d 2c 3h]
Luanto 14: checks
movest88: bets $3
Luanto 14: raises $3 to $6
movest88: calls $3
*** TURN *** [3d 2c 3h] [4c]
Luanto 14: bets $6
movest88: calls $6
*** RIVER *** [3d 2c 3h 4c] [6s]
Luanto 14: bets $6
movest88: calls $6
*** SHOW DOWN ***
Luanto 14: shows [4s 3s] (a full house, Threes full of Fours)
movest88: mucks hand
Luanto 14 collected $47.50 from pot
*** SUMMARY ***
Total pot $48 | Rake $0.50
Board [3d 2c 3h 4c 6s]
Seat 5: movest88 (button) (small blind) mucked
Seat 8: Luanto 14 (big blind) showed [4s 3s] and won ($47.50) with a full house, Threes full of Fours


PokerStars Hand #174136226909:  Hold'em Limit ($3/$6 USD) - 2017/08/09 19:04:07 ET
Table 'Asteria' 10-max Seat #8 is the button
Seat 5: movest88 ($186.03 in chips)
Seat 8: Luanto 14 ($185.16 in chips)
Luanto 14: posts small blind $1
movest88: posts big blind $3
*** HOLE CARDS ***
Luanto 14: raises $3 to $6
movest88: calls $3
*** FLOP *** [9s 6c 6s]
movest88: checks
Luanto 14: bets $3
movest88: folds
Uncalled bet ($3) returned to Luanto 14
Luanto 14 collected $11.76 from pot
Luanto 14: doesn't show hand
*** SUMMARY ***
Total pot $12 | Rake $0.24
Board [9s 6c 6s]
Seat 5: movest88 (big blind) folded on the Flop
Seat 8: Luanto 14 (button) (small blind) collected ($11.76)


PokerStars Hand #174137277845:  Hold'em Limit ($3/$6 USD) - 2017/08/09 19:35:49 ET
Table 'Asteria' 10-max Seat #6 is the button
Seat 6: thekiing80 ($120 in chips)
Seat 8: Luanto 14 ($190.92 in chips)
thekiing80: posts small blind $1
Luanto 14: posts big blind $3
*** HOLE CARDS ***
thekiing80: folds
Uncalled bet ($2) returned to Luanto 14
Luanto 14 collected $2 from pot
Luanto 14: doesn't show hand
*** SUMMARY ***
Total pot $2 | Rake $0
Seat 6: thekiing80 (button) (small blind) folded before Flop
Seat 8: Luanto 14 (big blind) collected ($2)


PokerStars Hand #174137281738:  Hold'em Limit ($3/$6 USD) - 2017/08/09 19:35:56 ET
Table 'Asteria' 10-max Seat #8 is the button
Seat 6: thekiing80 ($119 in chips)
Seat 8: Luanto 14 ($191.92 in chips)
Luanto 14: posts small blind $1
thekiing80: posts big blind $3
*** HOLE CARDS ***
Luanto 14: raises $3 to $6
thekiing80: folds
Uncalled bet ($3) returned to Luanto 14
Luanto 14 collected $6 from pot
Luanto 14: doesn't show hand
*** SUMMARY ***
Total pot $6 | Rake $0
Seat 6: thekiing80 (big blind) folded before Flop
Seat 8: Luanto 14 (button) (small blind) collected ($6)


PokerStars Hand #174137290533:  Hold'em Limit ($3/$6 USD) - 2017/08/09 19:36:13 ET
Table 'Asteria' 10-max Seat #6 is the button
Seat 6: thekiing80 ($116 in chips)
Seat 8: Luanto 14 ($194.92 in chips)
thekiing80: posts small blind $1
Luanto 14: posts big blind $3
*** HOLE CARDS ***
thekiing80: raises $3 to $6
Luanto 14: calls $3
*** FLOP *** [2d Qh 9s]
Luanto 14: checks
thekiing80: bets $3
Luanto 14: folds
Uncalled bet ($3) returned to thekiing80
thekiing80 collected $11.76 from pot
*** SUMMARY ***
Total pot $12 | Rake $0.24
Board [2d Qh 9s]
Seat 6: thekiing80 (button) (small blind) collected ($11.76)
Seat 8: Luanto 14 (big blind) folded on the Flop


PokerStars Hand #174137298421:  Hold'em Limit ($3/$6 USD) - 2017/08/09 19:36:28 ET
Table 'Asteria' 10-max Seat #8 is the button
Seat 6: thekiing80 ($121.76 in chips)
Seat 8: Luanto 14 ($188.92 in chips)
Luanto 14: posts small blind $1
thekiing80: posts big blind $3
*** HOLE CARDS ***
Luanto 14: raises $3 to $6
thekiing80: folds
Uncalled bet ($3) returned to Luanto 14
Luanto 14 collected $6 from pot
Luanto 14: doesn't show hand
*** SUMMARY ***
Total pot $6 | Rake $0
Seat 6: thekiing80 (big blind) folded before Flop
Seat 8: Luanto 14 (button) (small blind) collected ($6)


PokerStars Hand #174137302091:  Hold'em Limit ($3/$6 USD) - 2017/08/09 19:36:35 ET
Table 'Asteria' 10-max Seat #6 is the button
Seat 6: thekiing80 ($118.76 in chips)
Seat 8: Luanto 14 ($191.92 in chips)
thekiing80: posts small blind $1
Luanto 14: posts big blind $3
*** HOLE CARDS ***
thekiing80: raises $3 to $6
Luanto 14: folds
Uncalled bet ($3) returned to thekiing80
thekiing80 collected $6 from pot
*** SUMMARY ***
Total pot $6 | Rake $0
Seat 6: thekiing80 (button) (small blind) collected ($6)
Seat 8: Luanto 14 (big blind) folded before Flop


PokerStars Hand #174137311706:  Hold'em Limit ($3/$6 USD) - 2017/08/09 19:36:53 ET
Table 'Asteria' 10-max Seat #8 is the button
Seat 6: thekiing80 ($121.76 in chips)
Seat 8: Luanto 14 ($188.92 in chips)
Luanto 14: posts small blind $1
thekiing80: posts big blind $3
*** HOLE CARDS ***
Luanto 14: raises $3 to $6
thekiing80: calls $3
*** FLOP *** [9c Kd Ah]
thekiing80: checks
Luanto 14: bets $3
thekiing80: folds
Uncalled bet ($3) returned to Luanto 14
Luanto 14 collected $11.76 from pot
Luanto 14: doesn't show hand
*** SUMMARY ***
Total pot $12 | Rake $0.24
Board [9c Kd Ah]
Seat 6: thekiing80 (big blind) folded on the Flop
Seat 8: Luanto 14 (button) (small blind) collected ($11.76)


PokerStars Hand #174137321986:  Hold'em Limit ($3/$6 USD) - 2017/08/09 19:37:13 ET
Table 'Asteria' 10-max Seat #6 is the button
Seat 6: thekiing80 ($115.76 in chips)
Seat 8: Luanto 14 ($194.68 in chips)
thekiing80: posts small blind $1
Luanto 14: posts big blind $3
*** HOLE CARDS ***
thekiing80: raises $3 to $6
Luanto 14: calls $3
*** FLOP *** [9c Js 9h]
Luanto 14: checks
thekiing80: bets $3
Luanto 14: calls $3
*** TURN *** [9c Js 9h] [Jd]
Luanto 14: checks
thekiing80: bets $6
Luanto 14: calls $6
*** RIVER *** [9c Js 9h Jd] [3h]
Luanto 14: checks
thekiing80: bets $6
Luanto 14: calls $6
*** SHOW DOWN ***
thekiing80: shows [4s 5s] (two pair, Jacks and Nines)
Luanto 14: shows [Kh 2h] (two pair, Jacks and Nines - King kicker)
Luanto 14 collected $41.50 from pot
*** SUMMARY ***
Total pot $42 | Rake $0.50
Board [9c Js 9h Jd 3h]
Seat 6: thekiing80 (button) (small blind) showed [4s 5s] and lost with two pair, Jacks and Nines
Seat 8: Luanto 14 (big blind) showed [Kh 2h] and won ($41.50) with two pair, Jacks and Nines


PokerStars Hand #174137340529:  Hold'em Limit ($3/$6 USD) - 2017/08/09 19:37:48 ET
Table 'Asteria' 10-max Seat #8 is the button
Seat 6: thekiing80 ($94.76 in chips)
Seat 8: Luanto 14 ($215.18 in chips)
Luanto 14: posts small blind $1
thekiing80: posts big blind $3
*** HOLE CARDS ***
Luanto 14: raises $3 to $6
thekiing80: calls $3
*** FLOP *** [2h 4d Qc]
thekiing80: checks
Luanto 14: bets $3
thekiing80: calls $3
*** TURN *** [2h 4d Qc] [2s]
thekiing80: checks
Luanto 14: bets $6
thekiing80: folds
Uncalled bet ($6) returned to Luanto 14
Luanto 14 collected $17.64 from pot
Luanto 14: doesn't show hand
*** SUMMARY ***
Total pot $18 | Rake $0.36
Board [2h 4d Qc 2s]
Seat 6: thekiing80 (big blind) folded on the Turn
Seat 8: Luanto 14 (button) (small blind) collected ($17.64)


PokerStars Hand #174137350442:  Hold'em Limit ($3/$6 USD) - 2017/08/09 19:38:07 ET
Table 'Asteria' 10-max Seat #6 is the button
Seat 6: thekiing80 ($85.76 in chips)
Seat 8: Luanto 14 ($223.82 in chips)
thekiing80: posts small blind $1
Luanto 14: posts big blind $3
*** HOLE CARDS ***
thekiing80: raises $3 to $6
Luanto 14: calls $3
*** FLOP *** [4d 5s Qs]
Luanto 14: checks
thekiing80: bets $3
Luanto 14: calls $3
*** TURN *** [4d 5s Qs] [6h]
Luanto 14: checks
thekiing80: bets $6
Luanto 14: calls $6
*** RIVER *** [4d 5s Qs 6h] [7d]
Luanto 14: checks
thekiing80: checks
*** SHOW DOWN ***
Luanto 14: shows [4h Js] (a pair of Fours)
thekiing80: shows [9h 6s] (a pair of Sixes)
thekiing80 collected $29.50 from pot
*** SUMMARY ***
Total pot $30 | Rake $0.50
Board [4d 5s Qs 6h 7d]
Seat 6: thekiing80 (button) (small blind) showed [9h 6s] and won ($29.50) with a pair of Sixes
Seat 8: Luanto 14 (big blind) showed [4h Js] and lost with a pair of Fours


PokerStars Hand #174137366185:  Hold'em Limit ($3/$6 USD) - 2017/08/09 19:38:37 ET
Table 'Asteria' 10-max Seat #8 is the button
Seat 6: thekiing80 ($100.26 in chips)
Seat 8: Luanto 14 ($208.82 in chips)
Luanto 14: posts small blind $1
thekiing80: posts big blind $3
*** HOLE CARDS ***
Luanto 14: raises $3 to $6
thekiing80: raises $3 to $9
Luanto 14: calls $3
*** FLOP *** [Kd Ac 9d]
thekiing80: bets $3
Luanto 14: folds
Uncalled bet ($3) returned to thekiing80
thekiing80 collected $17.64 from pot
*** SUMMARY ***
Total pot $18 | Rake $0.36
Board [Kd Ac 9d]
Seat 6: thekiing80 (big blind) collected ($17.64)
Seat 8: Luanto 14 (button) (small blind) folded on the Flop


PokerStars Hand #174137381373:  Hold'em Limit ($3/$6 USD) - 2017/08/09 19:39:07 ET
Table 'Asteria' 10-max Seat #6 is the button
Seat 6: thekiing80 ($108.90 in chips)
Seat 8: Luanto 14 ($199.82 in chips)
thekiing80: posts small blind $1
Luanto 14: posts big blind $3
*** HOLE CARDS ***
thekiing80: raises $3 to $6
Luanto 14: folds
Uncalled bet ($3) returned to thekiing80
thekiing80 collected $6 from pot
*** SUMMARY ***
Total pot $6 | Rake $0
Seat 6: thekiing80 (button) (small blind) collected ($6)
Seat 8: Luanto 14 (big blind) folded before Flop


PokerStars Hand #174137414071:  Hold'em Limit ($3/$6 USD) - 2017/08/09 19:40:10 ET
Table 'Asteria' 10-max Seat #8 is the button
Seat 6: thekiing80 ($87.30 in chips)
Seat 8: Luanto 14 ($219.82 in chips)
Luanto 14: posts small blind $1
thekiing80: posts big blind $3
*** HOLE CARDS ***
Luanto 14: raises $3 to $6
thekiing80: folds
Uncalled bet ($3) returned to Luanto 14
Luanto 14 collected $6 from pot
Luanto 14: doesn't show hand
*** SUMMARY ***
Total pot $6 | Rake $0
Seat 6: thekiing80 (big blind) folded before Flop
Seat 8: Luanto 14 (button) (small blind) collected ($6)


PokerStars Hand #174137408926:  Hold'em Limit ($3/$6 USD) - 2017/08/09 19:40:00 ET
Table 'Asteria' 10-max Seat #6 is the button
Seat 6: thekiing80 ($81.54 in chips)
Seat 8: Luanto 14 ($225.82 in chips)
thekiing80: posts small blind $1
Luanto 14: posts big blind $3
*** HOLE CARDS ***
thekiing80: raises $3 to $6
Luanto 14: calls $3
*** FLOP *** [As Ah Jc]
Luanto 14: checks
thekiing80: bets $3
Luanto 14: folds
Uncalled bet ($3) returned to thekiing80
thekiing80 collected $11.76 from pot
*** SUMMARY ***
Total pot $12 | Rake $0.24
Board [As Ah Jc]
Seat 6: thekiing80 (button) (small blind) collected ($11.76)
Seat 8: Luanto 14 (big blind) folded on the Flop


PokerStars Hand #174137403614:  Hold'em Limit ($3/$6 USD) - 2017/08/09 19:39:50 ET
Table 'Asteria' 10-max Seat #8 is the button
Seat 6: thekiing80 ($72.90 in chips)
Seat 8: Luanto 14 ($234.82 in chips)
Luanto 14: posts small blind $1
thekiing80: posts big blind $3
*** HOLE CARDS ***
Luanto 14: raises $3 to $6
thekiing80: raises $3 to $9
Luanto 14: calls $3
*** FLOP *** [Ac Jc 2d]
thekiing80: bets $3
Luanto 14: folds
Uncalled bet ($3) returned to thekiing80
thekiing80 collected $17.64 from pot
*** SUMMARY ***
Total pot $18 | Rake $0.36
Board [Ac Jc 2d]
Seat 6: thekiing80 (big blind) collected ($17.64)
Seat 8: Luanto 14 (button) (small blind) folded on the Flop


PokerStars Hand #174137393700:  Hold'em Limit ($3/$6 USD) - 2017/08/09 19:39:31 ET
Table 'Asteria' 10-max Seat #6 is the button
Seat 6: thekiing80 ($87.90 in chips)
Seat 8: Luanto 14 ($220.32 in chips)
thekiing80: posts small blind $1
Luanto 14: posts big blind $3
*** HOLE CARDS ***
thekiing80: raises $3 to $6
Luanto 14: calls $3
*** FLOP *** [8d 6c 7d]
Luanto 14: checks
thekiing80: bets $3
Luanto 14: calls $3
*** TURN *** [8d 6c 7d] [3s]
Luanto 14: checks
thekiing80: checks
*** RIVER *** [8d 6c 7d 3s] [9s]
Luanto 14: checks
thekiing80: bets $6
Luanto 14: calls $6
*** SHOW DOWN ***
thekiing80: shows [Qh 9c] (a pair of Nines)
Luanto 14: shows [5s 6s] (a straight, Five to Nine)
Luanto 14 collected $29.50 from pot
*** SUMMARY ***
Total pot $30 | Rake $0.50
Board [8d 6c 7d 3s 9s]
Seat 6: thekiing80 (button) (small blind) showed [Qh 9c] and lost with a pair of Nines
Seat 8: Luanto 14 (big blind) showed [5s 6s] and won ($29.50) with a straight, Five to Nine


PokerStars Hand #174137384618:  Hold'em Limit ($3/$6 USD) - 2017/08/09 19:39:13 ET
Table 'Asteria' 10-max Seat #8 is the button
Seat 6: thekiing80 ($111.90 in chips)
Seat 8: Luanto 14 ($196.82 in chips)
Luanto 14: posts small blind $1
thekiing80: posts big blind $3
*** HOLE CARDS ***
Luanto 14: raises $3 to $6
thekiing80: calls $3
*** FLOP *** [5c 3d Ts]
thekiing80: checks
Luanto 14: checks
*** TURN *** [5c 3d Ts] [5s]
thekiing80: bets $6
Luanto 14: calls $6
*** RIVER *** [5c 3d Ts 5s] [2s]
thekiing80: bets $6
Luanto 14: raises $6 to $12
thekiing80: calls $6
*** SHOW DOWN ***
Luanto 14: shows [Th Tc] (a full house, Tens full of Fives)
thekiing80: mucks hand
Luanto 14 collected $47.50 from pot
*** SUMMARY ***
Total pot $48 | Rake $0.50
Board [5c 3d Ts 5s 2s]
Seat 6: thekiing80 (big blind) mucked
Seat 8: Luanto 14 (button) (small blind) showed [Th Tc] and won ($47.50) with a full house, Tens full of Fives


PokerStars Hand #174137441983:  Hold'em Limit ($3/$6 USD) - 2017/08/09 19:41:04 ET
Table 'Asteria' 10-max Seat #8 is the button
Seat 6: thekiing80 ($38.94 in chips)
Seat 8: Luanto 14 ($266.82 in chips)
Luanto 14: posts small blind $1
thekiing80: posts big blind $3
*** HOLE CARDS ***
Luanto 14: raises $3 to $6
thekiing80: raises $3 to $9
Luanto 14: calls $3
*** FLOP *** [2c 2h 7s]
thekiing80: bets $3
Luanto 14: calls $3
*** TURN *** [2c 2h 7s] [Qc]
thekiing80: bets $6
Luanto 14: folds
Uncalled bet ($6) returned to thekiing80
thekiing80 collected $23.52 from pot
*** SUMMARY ***
Total pot $24 | Rake $0.48
Board [2c 2h 7s Qc]
Seat 6: thekiing80 (big blind) collected ($23.52)
Seat 8: Luanto 14 (button) (small blind) folded on the Turn


PokerStars Hand #174137432873:  Hold'em Limit ($3/$6 USD) - 2017/08/09 19:40:46 ET
Table 'Asteria' 10-max Seat #6 is the button
Seat 6: thekiing80 ($65.94 in chips)
Seat 8: Luanto 14 ($240.32 in chips)
thekiing80: posts small blind $1
Luanto 14: posts big blind $3
*** HOLE CARDS ***
thekiing80: raises $3 to $6
Luanto 14: calls $3
*** FLOP *** [Qs Jc 9s]
Luanto 14: checks
thekiing80: bets $3
Luanto 14: calls $3
*** TURN *** [Qs Jc 9s] [Ts]
Luanto 14: checks
thekiing80: bets $6
Luanto 14: calls $6
*** RIVER *** [Qs Jc 9s Ts] [Qd]
Luanto 14: checks
thekiing80: bets $6
Luanto 14: raises $6 to $12
thekiing80: calls $6
*** SHOW DOWN ***
Luanto 14: shows [Jh Qc] (a full house, Queens full of Jacks)
thekiing80: mucks hand
Luanto 14 collected $53.50 from pot
*** SUMMARY ***
Total pot $54 | Rake $0.50
Board [Qs Jc 9s Ts Qd]
Seat 6: thekiing80 (button) (small blind) mucked
Seat 8: Luanto 14 (big blind) showed [Jh Qc] and won ($53.50) with a full house, Queens full of Jacks


PokerStars Hand #174137425155:  Hold'em Limit ($3/$6 USD) - 2017/08/09 19:40:32 ET
Table 'Asteria' 10-max Seat #8 is the button
Seat 6: thekiing80 ($92.94 in chips)
Seat 8: Luanto 14 ($213.82 in chips)
Luanto 14: posts small blind $1
thekiing80: posts big blind $3
*** HOLE CARDS ***
Luanto 14: raises $3 to $6
thekiing80: calls $3
*** FLOP *** [Ts Td 5d]
thekiing80: checks
Luanto 14: bets $3
thekiing80: calls $3
*** TURN *** [Ts Td 5d] [4h]
thekiing80: checks
Luanto 14: bets $6
thekiing80: raises $6 to $12
Luanto 14: calls $6
*** RIVER *** [Ts Td 5d 4h] [8c]
thekiing80: bets $6
Luanto 14: calls $6
*** SHOW DOWN ***
thekiing80: shows [4s 2s] (two pair, Tens and Fours)
Luanto 14: shows [7d 7s] (two pair, Tens and Sevens)
Luanto 14 collected $53.50 from pot
*** SUMMARY ***
Total pot $54 | Rake $0.50
Board [Ts Td 5d 4h 8c]
Seat 6: thekiing80 (big blind) showed [4s 2s] and lost with two pair, Tens and Fours
Seat 8: Luanto 14 (button) (small blind) showed [7d 7s] and won ($53.50) with two pair, Tens and Sevens


PokerStars Hand #174137416593:  Hold'em Limit ($3/$6 USD) - 2017/08/09 19:40:15 ET
Table 'Asteria' 10-max Seat #6 is the button
Seat 6: thekiing80 ($84.30 in chips)
Seat 8: Luanto 14 ($222.82 in chips)
thekiing80: posts small blind $1
Luanto 14: posts big blind $3
*** HOLE CARDS ***
thekiing80: raises $3 to $6
Luanto 14: calls $3
*** FLOP *** [2h 5c 9h]
Luanto 14: checks
thekiing80: bets $3
Luanto 14: calls $3
*** TURN *** [2h 5c 9h] [9d]
Luanto 14: checks
thekiing80: bets $6
Luanto 14: folds
Uncalled bet ($6) returned to thekiing80
thekiing80 collected $17.64 from pot
*** SUMMARY ***
Total pot $18 | Rake $0.36
Board [2h 5c 9h 9d]
Seat 6: thekiing80 (button) (small blind) collected ($17.64)
Seat 8: Luanto 14 (big blind) folded on the Turn


PokerStars Hand #174137469014:  Hold'em Limit ($3/$6 USD) - 2017/08/09 19:41:57 ET
Table 'Asteria' 10-max Seat #8 is the button
Seat 6: thekiing80 ($268.98 in chips)
Seat 8: Luanto 14 ($245.82 in chips)
Luanto 14: posts small blind $1
thekiing80: posts big blind $3
*** HOLE CARDS ***
Luanto 14: raises $3 to $6
thekiing80: raises $3 to $9
Luanto 14: calls $3
*** FLOP *** [7s Kc 4s]
thekiing80: bets $3
Luanto 14: raises $3 to $6
Eklund_1891 joins the table at seat #5
thekiing80: raises $3 to $9
Luanto 14: calls $3
*** TURN *** [7s Kc 4s] [Ad]
thekiing80: bets $6
Luanto 14: folds
Uncalled bet ($6) returned to thekiing80
thekiing80 collected $35.50 from pot
*** SUMMARY ***
Total pot $36 | Rake $0.50
Board [7s Kc 4s Ad]
Seat 6: thekiing80 (big blind) collected ($35.50)
Seat 8: Luanto 14 (button) (small blind) folded on the Turn


PokerStars Hand #174137464314:  Hold'em Limit ($3/$6 USD) - 2017/08/09 19:41:48 ET
Table 'Asteria' 10-max Seat #6 is the button
Seat 6: thekiing80 ($263.22 in chips)
Seat 8: Luanto 14 ($251.82 in chips)
thekiing80: posts small blind $1
Luanto 14: posts big blind $3
*** HOLE CARDS ***
thekiing80: raises $3 to $6
Luanto 14: calls $3
*** FLOP *** [Qc As 6s]
Luanto 14: checks
thekiing80: bets $3
Luanto 14: folds
Uncalled bet ($3) returned to thekiing80
thekiing80 collected $11.76 from pot
*** SUMMARY ***
Total pot $12 | Rake $0.24
Board [Qc As 6s]
Seat 6: thekiing80 (button) (small blind) collected ($11.76)
Seat 8: Luanto 14 (big blind) folded on the Flop


PokerStars Hand #174137459111:  Hold'em Limit ($3/$6 USD) - 2017/08/09 19:41:38 ET
Table 'Asteria' 10-max Seat #8 is the button
Seat 6: thekiing80 ($56.22 in chips)
Seat 8: Luanto 14 ($248.82 in chips)
Luanto 14: posts small blind $1
thekiing80: posts big blind $3
*** HOLE CARDS ***
Luanto 14: raises $3 to $6
thekiing80: folds
Uncalled bet ($3) returned to Luanto 14
Luanto 14 collected $6 from pot
Luanto 14: doesn't show hand
*** SUMMARY ***
Total pot $6 | Rake $0
Seat 6: thekiing80 (big blind) folded before Flop
Seat 8: Luanto 14 (button) (small blind) collected ($6)


PokerStars Hand #174137456611:  Hold'em Limit ($3/$6 USD) - 2017/08/09 19:41:33 ET
Table 'Asteria' 10-max Seat #6 is the button
Seat 6: thekiing80 ($57.22 in chips)
Seat 8: Luanto 14 ($247.82 in chips)
thekiing80: posts small blind $1
Luanto 14: posts big blind $3
*** HOLE CARDS ***
thekiing80: folds
Uncalled bet ($2) returned to Luanto 14
Luanto 14 collected $2 from pot
Luanto 14: doesn't show hand
*** SUMMARY ***
Total pot $2 | Rake $0
Seat 6: thekiing80 (button) (small blind) folded before Flop
Seat 8: Luanto 14 (big blind) collected ($2)


PokerStars Hand #174137454273:  Hold'em Limit ($3/$6 USD) - 2017/08/09 19:41:28 ET
Table 'Asteria' 10-max Seat #8 is the button
Seat 6: thekiing80 ($56.22 in chips)
Seat 8: Luanto 14 ($248.82 in chips)
Luanto 14: posts small blind $1
thekiing80: posts big blind $3
*** HOLE CARDS ***
Luanto 14: folds
Uncalled bet ($2) returned to thekiing80
thekiing80 collected $2 from pot
*** SUMMARY ***
Total pot $2 | Rake $0
Seat 6: thekiing80 (big blind) collected ($2)
Seat 8: Luanto 14 (button) (small blind) folded before Flop


PokerStars Hand #174137448298:  Hold'em Limit ($3/$6 USD) - 2017/08/09 19:41:17 ET
Table 'Asteria' 10-max Seat #6 is the button
Seat 6: thekiing80 ($50.46 in chips)
Seat 8: Luanto 14 ($254.82 in chips)
thekiing80: posts small blind $1
Luanto 14: posts big blind $3
*** HOLE CARDS ***
thekiing80: raises $3 to $6
Luanto 14: calls $3
*** FLOP *** [Tc 8d Ac]
Luanto 14: checks
thekiing80: bets $3
Luanto 14: folds
Uncalled bet ($3) returned to thekiing80
thekiing80 collected $11.76 from pot
*** SUMMARY ***
Total pot $12 | Rake $0.24
Board [Tc 8d Ac]
Seat 6: thekiing80 (button) (small blind) collected ($11.76)
Seat 8: Luanto 14 (big blind) folded on the Flop


PokerStars Hand #174137476595:  Hold'em Limit ($3/$6 USD) - 2017/08/09 19:42:12 ET
Table 'Asteria' 10-max Seat #6 is the button
Seat 6: thekiing80 ($286.48 in chips)
Seat 8: Luanto 14 ($227.82 in chips)
thekiing80: posts small blind $1
Luanto 14: posts big blind $3
*** HOLE CARDS ***
thekiing80: raises $3 to $6
Luanto 14: calls $3
*** FLOP *** [5c As Ks]
Luanto 14: checks
thekiing80: bets $3
Luanto 14: calls $3
*** TURN *** [5c As Ks] [4s]
Luanto 14: checks
thekiing80: bets $6
Luanto 14: calls $6
*** RIVER *** [5c As Ks 4s] [2s]
Luanto 14: checks
thekiing80: checks
*** SHOW DOWN ***
Luanto 14: shows [2h Kh] (two pair, Kings and Deuces)
thekiing80: mucks hand
Luanto 14 collected $29.50 from pot
*** SUMMARY ***
Total pot $30 | Rake $0.50
Board [5c As Ks 4s 2s]
Seat 6: thekiing80 (button) (small blind) mucked
Seat 8: Luanto 14 (big blind) showed [2h Kh] and won ($29.50) with two pair, Kings and Deuces


