PokerStars Hand #149335082332:  Hold'em Limit ($3/$6 USD) - 2016/02/24 9:00:02 ET
Table 'Asterope' 6-max Seat #4 is the button
Seat 3: luvpok123 ($73.50 in chips)
Seat 4: TbIP-TbIP 88 ($72 in chips)
TbIP-TbIP 88: posts small blind $1
luvpok123: posts big blind $3
*** HOLE CARDS ***
TbIP-TbIP 88: raises $3 to $6
luvpok123: calls $3
*** FLOP *** [6h Qc 9d]
luvpok123: bets $3
TbIP-TbIP 88: calls $3
*** TURN *** [6h Qc 9d] [9c]
luvpok123: bets $6
TbIP-TbIP 88: calls $6
*** RIVER *** [6h Qc 9d 9c] [Kc]
luvpok123: bets $6
TbIP-TbIP 88: folds
Uncalled bet ($6) returned to luvpok123
luvpok123 collected $29.50 from pot
*** SUMMARY ***
Total pot $30 | Rake $0.50
Board [6h Qc 9d 9c Kc]
Seat 3: luvpok123 (big blind) collected ($29.50)
Seat 4: TbIP-TbIP 88 (button) (small blind) folded on the River


PokerStars Hand #149335052284:  Hold'em Limit ($3/$6 USD) - 2016/02/24 8:59:10 ET
Table 'Asterope' 6-max Seat #3 is the button
Seat 3: luvpok123 ($50 in chips)
Seat 4: TbIP-TbIP 88 ($72 in chips)
luvpok123: posts small blind $1
TbIP-TbIP 88: posts big blind $3
*** HOLE CARDS ***
luvpok123: calls $2
TbIP-TbIP 88: raises $3 to $6
luvpok123: calls $3
*** FLOP *** [4h Tc 9s]
TbIP-TbIP 88: bets $3
luvpok123: raises $3 to $6
TbIP-TbIP 88: calls $3
*** TURN *** [4h Tc 9s] [Jd]
TbIP-TbIP 88: checks
luvpok123: bets $6
TbIP-TbIP 88: calls $6
*** RIVER *** [4h Tc 9s Jd] [5s]
TbIP-TbIP 88: checks
luvpok123: bets $6
TbIP-TbIP 88: calls $6
*** SHOW DOWN ***
luvpok123: shows [Jh 7h] (a pair of Jacks)
TbIP-TbIP 88: mucks hand
luvpok123 collected $47.50 from pot
*** SUMMARY ***
Total pot $48 | Rake $0.50
Board [4h Tc 9s Jd 5s]
Seat 3: luvpok123 (button) (small blind) showed [Jh 7h] and won ($47.50) with a pair of Jacks
Seat 4: TbIP-TbIP 88 (big blind) mucked


PokerStars Hand #149335101201:  Hold'em Limit ($3/$6 USD) - 2016/02/24 9:00:33 ET
Table 'Asterope' 6-max Seat #3 is the button
Seat 3: luvpok123 ($88 in chips)
Seat 4: TbIP-TbIP 88 ($72 in chips)
luvpok123: posts small blind $1
TbIP-TbIP 88: posts big blind $3
*** HOLE CARDS ***
luvpok123: folds
Uncalled bet ($2) returned to TbIP-TbIP 88
TbIP-TbIP 88 collected $2 from pot
TbIP-TbIP 88: doesn't show hand
*** SUMMARY ***
Total pot $2 | Rake $0
Seat 3: luvpok123 (button) (small blind) folded before Flop
Seat 4: TbIP-TbIP 88 (big blind) collected ($2)


