PokerStars Hand #162709649333:  Hold'em Limit ($3/$6 USD) - 2016/12/10 7:30:31 ET
Table 'Aster II' 6-max Seat #2 is the button
Seat 1: serega111181 ($47.58 in chips)
Seat 2: ZinZar ($89.89 in chips)
ZinZar: posts small blind $1
Agrotait: is sitting out
belik555: is sitting out
serega111181: posts big blind $3
*** HOLE CARDS ***
Agrotait leaves the table
ZinZar: raises $3 to $6
serega111181: calls $3
*** FLOP *** [Kc 9c 7h]
serega111181: checks
ZinZar: bets $3
serega111181: calls $3
*** TURN *** [Kc 9c 7h] [Ts]
serega111181: checks
ZinZar: bets $6
serega111181: raises $6 to $12
ZinZar: calls $6
*** RIVER *** [Kc 9c 7h Ts] [Ad]
serega111181: bets $6
ZinZar: calls $6
*** SHOW DOWN ***
serega111181: shows [Kh 2d] (a pair of Kings)
ZinZar: shows [9d Kd] (two pair, Kings and Nines)
ZinZar collected $53.50 from pot
*** SUMMARY ***
Total pot $54 | Rake $0.50
Board [Kc 9c 7h Ts Ad]
Seat 1: serega111181 (big blind) showed [Kh 2d] and lost with a pair of Kings
Seat 2: ZinZar (button) (small blind) showed [9d Kd] and won ($53.50) with two pair, Kings and Nines


PokerStars Hand #162709679097:  Hold'em Limit ($3/$6 USD) - 2016/12/10 7:31:22 ET
Table 'Aster II' 6-max Seat #1 is the button
Seat 1: serega111181 ($20.58 in chips)
Seat 2: ZinZar ($116.39 in chips)
serega111181: posts small blind $1
ZinZar: posts big blind $3
*** HOLE CARDS ***
serega111181: calls $2
ZinZar: checks
*** FLOP *** [Ks 4c Ac]
ZinZar: bets $3
serega111181: folds
Uncalled bet ($3) returned to ZinZar
ZinZar collected $5.88 from pot
ZinZar: doesn't show hand
*** SUMMARY ***
Total pot $6 | Rake $0.12
Board [Ks 4c Ac]
Seat 1: serega111181 (button) (small blind) folded on the Flop
Seat 2: ZinZar (big blind) collected ($5.88)


