PokerStars Hand #147095285609:  Hold'em Limit ($3/$6 USD) - 2016/01/15 15:26:00 ET
Table 'Aster' 6-max Seat #4 is the button
Seat 1: WinDemon13 ($79.23 in chips)
Seat 4: AzureCaper ($74.88 in chips)
AzureCaper: posts small blind $1
WinDemon13: posts big blind $3
*** HOLE CARDS ***
AzureCaper: folds
Uncalled bet ($2) returned to WinDemon13
WinDemon13 collected $2 from pot
WinDemon13: doesn't show hand
*** SUMMARY ***
Total pot $2 | Rake $0
Seat 1: WinDemon13 (big blind) collected ($2)
Seat 4: AzureCaper (button) (small blind) folded before Flop


PokerStars Hand #147095274155:  Hold'em Limit ($3/$6 USD) - 2016/01/15 15:25:49 ET
Table 'Aster' 6-max Seat #1 is the button
Seat 1: WinDemon13 ($82.23 in chips)
Seat 4: AzureCaper ($72 in chips)
WinDemon13: posts small blind $1
AzureCaper: posts big blind $3
*** HOLE CARDS ***
chezlaw joins the table at seat #2
WinDemon13: calls $2
AzureCaper: checks
*** FLOP *** [Ts 9c 9h]
AzureCaper: bets $3
WinDemon13: folds
Uncalled bet ($3) returned to AzureCaper
AzureCaper collected $5.88 from pot
*** SUMMARY ***
Total pot $6 | Rake $0.12
Board [Ts 9c 9h]
Seat 1: WinDemon13 (button) (small blind) folded on the Flop
Seat 4: AzureCaper (big blind) collected ($5.88)


PokerStars Hand #147095719167:  Hold'em Limit ($3/$6 USD) - 2016/01/15 15:32:53 ET
Table 'Aster' 6-max Seat #4 is the button
Seat 2: chezlaw ($196.98 in chips)
Seat 4: AzureCaper ($73.34 in chips)
AzureCaper: posts small blind $1
chezlaw: posts big blind $3
*** HOLE CARDS ***
AzureCaper: raises $3 to $6
chezlaw: calls $3
*** FLOP *** [4h 6s Td]
chezlaw: checks
AzureCaper: bets $3
chezlaw: calls $3
*** TURN *** [4h 6s Td] [2s]
chezlaw: checks
AzureCaper: bets $6
chezlaw: calls $6
*** RIVER *** [4h 6s Td 2s] [Jc]
chezlaw: checks
AzureCaper: checks
*** SHOW DOWN ***
chezlaw: shows [4d 5c] (a pair of Fours)
AzureCaper: mucks hand
chezlaw collected $29.50 from pot
*** SUMMARY ***
Total pot $30 | Rake $0.50
Board [4h 6s Td 2s Jc]
Seat 2: chezlaw (big blind) showed [4d 5c] and won ($29.50) with a pair of Fours
Seat 4: AzureCaper (button) (small blind) mucked


