PokerStars Hand #161247121290:  Hold'em Limit ($3/$6 USD) - 2016/11/11 14:04:37 ET
Table 'Asteria' 6-max Seat #2 is the button
Seat 1: giizgiiz ($86.98 in chips)
Seat 2: Zubasa07 ($500 in chips)
Zubasa07: posts small blind $1
GoliafUa: is sitting out
giizgiiz: posts big blind $3
*** HOLE CARDS ***
Zubasa07: raises $3 to $6
giizgiiz: folds
Uncalled bet ($3) returned to Zubasa07
Zubasa07 collected $6 from pot
Zubasa07: doesn't show hand
*** SUMMARY ***
Total pot $6 | Rake $0
Seat 1: giizgiiz (big blind) folded before Flop
Seat 2: Zubasa07 (button) (small blind) collected ($6)


PokerStars Hand #161247133710:  Hold'em Limit ($3/$6 USD) - 2016/11/11 14:04:52 ET
Table 'Asteria' 6-max Seat #1 is the button
Seat 1: giizgiiz ($83.98 in chips)
Seat 2: Zubasa07 ($503 in chips)
giizgiiz: posts small blind $1
Zubasa07: posts big blind $3
*** HOLE CARDS ***
giizgiiz: raises $3 to $6
Zubasa07: calls $3
*** FLOP *** [5c 5h Jd]
Zubasa07: checks
giizgiiz: bets $3
Zubasa07: raises $3 to $6
giizgiiz: raises $3 to $9
Zubasa07: calls $3
*** TURN *** [5c 5h Jd] [9h]
Zubasa07: checks
giizgiiz: checks
*** RIVER *** [5c 5h Jd 9h] [Js]
Zubasa07: checks
giizgiiz: checks
*** SHOW DOWN ***
Zubasa07: shows [7c Ad] (two pair, Jacks and Fives)
giizgiiz: mucks hand
Zubasa07 collected $29.50 from pot
*** SUMMARY ***
Total pot $30 | Rake $0.50
Board [5c 5h Jd 9h Js]
Seat 1: giizgiiz (button) (small blind) mucked
Seat 2: Zubasa07 (big blind) showed [7c Ad] and won ($29.50) with two pair, Jacks and Fives


PokerStars Hand #161247167121:  Hold'em Limit ($3/$6 USD) - 2016/11/11 14:05:31 ET
Table 'Asteria' 6-max Seat #2 is the button
Seat 1: giizgiiz ($68.98 in chips)
Seat 2: Zubasa07 ($517.50 in chips)
Zubasa07: posts small blind $1
giizgiiz: posts big blind $3
*** HOLE CARDS ***
Zubasa07: raises $3 to $6
giizgiiz: folds
Uncalled bet ($3) returned to Zubasa07
Zubasa07 collected $6 from pot
Zubasa07: doesn't show hand
*** SUMMARY ***
Total pot $6 | Rake $0
Seat 1: giizgiiz (big blind) folded before Flop
Seat 2: Zubasa07 (button) (small blind) collected ($6)


PokerStars Hand #161247178829:  Hold'em Limit ($3/$6 USD) - 2016/11/11 14:05:45 ET
Table 'Asteria' 6-max Seat #1 is the button
Seat 1: giizgiiz ($65.98 in chips)
Seat 2: Zubasa07 ($520.50 in chips)
giizgiiz: posts small blind $1
Zubasa07: posts big blind $3
*** HOLE CARDS ***
giizgiiz: raises $3 to $6
Zubasa07: folds
Uncalled bet ($3) returned to giizgiiz
giizgiiz collected $6 from pot
giizgiiz: doesn't show hand
*** SUMMARY ***
Total pot $6 | Rake $0
Seat 1: giizgiiz (button) (small blind) collected ($6)
Seat 2: Zubasa07 (big blind) folded before Flop


PokerStars Hand #161247184488:  Hold'em Limit ($3/$6 USD) - 2016/11/11 14:05:51 ET
Table 'Asteria' 6-max Seat #2 is the button
Seat 1: giizgiiz ($68.98 in chips)
Seat 2: Zubasa07 ($517.50 in chips)
Zubasa07: posts small blind $1
giizgiiz: posts big blind $3
*** HOLE CARDS ***
Zubasa07: raises $3 to $6
giizgiiz: calls $3
*** FLOP *** [4d 2d 7h]
giizgiiz: checks
Zubasa07: checks
*** TURN *** [4d 2d 7h] [5h]
giizgiiz: bets $6
Zubasa07: calls $6
*** RIVER *** [4d 2d 7h 5h] [Td]
giizgiiz: bets $6
Zubasa07: folds
Uncalled bet ($6) returned to giizgiiz
giizgiiz collected $23.52 from pot
giizgiiz: doesn't show hand
*** SUMMARY ***
Total pot $24 | Rake $0.48
Board [4d 2d 7h 5h Td]
Seat 1: giizgiiz (big blind) collected ($23.52)
Seat 2: Zubasa07 (button) (small blind) folded on the River


PokerStars Hand #161247215410:  Hold'em Limit ($3/$6 USD) - 2016/11/11 14:06:27 ET
Table 'Asteria' 6-max Seat #1 is the button
Seat 1: giizgiiz ($80.50 in chips)
Seat 2: Zubasa07 ($505.50 in chips)
giizgiiz: posts small blind $1
Zubasa07: posts big blind $3
*** HOLE CARDS ***
giizgiiz: raises $3 to $6
Zubasa07: calls $3
*** FLOP *** [5s 2s Ah]
Zubasa07: checks
giizgiiz: bets $3
Zubasa07: raises $3 to $6
giizgiiz: calls $3
*** TURN *** [5s 2s Ah] [Qh]
Zubasa07: checks
giizgiiz: bets $6
Zubasa07: calls $6
*** RIVER *** [5s 2s Ah Qh] [9c]
Zubasa07: checks
giizgiiz: checks
*** SHOW DOWN ***
Zubasa07: shows [5c 8s] (a pair of Fives)
giizgiiz: shows [5h 6s] (a pair of Fives)
Zubasa07 collected $17.75 from pot
giizgiiz collected $17.75 from pot
*** SUMMARY ***
Total pot $36 | Rake $0.50
Board [5s 2s Ah Qh 9c]
Seat 1: giizgiiz (button) (small blind) showed [5h 6s] and won ($17.75) with a pair of Fives
Seat 2: Zubasa07 (big blind) showed [5c 8s] and won ($17.75) with a pair of Fives


PokerStars Hand #161247256841:  Hold'em Limit ($3/$6 USD) - 2016/11/11 14:07:15 ET
Table 'Asteria' 6-max Seat #2 is the button
Seat 1: giizgiiz ($80.25 in chips)
Seat 2: Zubasa07 ($505.25 in chips)
Zubasa07: posts small blind $1
giizgiiz: posts big blind $3
*** HOLE CARDS ***
Zubasa07: folds
Uncalled bet ($2) returned to giizgiiz
giizgiiz collected $2 from pot
giizgiiz: doesn't show hand
*** SUMMARY ***
Total pot $2 | Rake $0
Seat 1: giizgiiz (big blind) collected ($2)
Seat 2: Zubasa07 (button) (small blind) folded before Flop


PokerStars Hand #161247267271:  Hold'em Limit ($3/$6 USD) - 2016/11/11 14:07:27 ET
Table 'Asteria' 6-max Seat #1 is the button
Seat 1: giizgiiz ($81.25 in chips)
Seat 2: Zubasa07 ($504.25 in chips)
giizgiiz: posts small blind $1
Zubasa07: posts big blind $3
*** HOLE CARDS ***
giizgiiz: raises $3 to $6
Zubasa07: calls $3
*** FLOP *** [8h 4h 2h]
Zubasa07: checks
giizgiiz: bets $3
Zubasa07: raises $3 to $6
giizgiiz: raises $3 to $9
Zubasa07: raises $3 to $12
Betting is capped
giizgiiz: calls $3
*** TURN *** [8h 4h 2h] [8c]
Zubasa07: checks
giizgiiz: bets $6
Zubasa07: calls $6
*** RIVER *** [8h 4h 2h 8c] [2s]
Zubasa07: checks
giizgiiz: bets $6
Zubasa07: calls $6
*** SHOW DOWN ***
giizgiiz: shows [8s 8d] (four of a kind, Eights)
Zubasa07: mucks hand
giizgiiz collected $59.50 from pot
*** SUMMARY ***
Total pot $60 | Rake $0.50
Board [8h 4h 2h 8c 2s]
Seat 1: giizgiiz (button) (small blind) showed [8s 8d] and won ($59.50) with four of a kind, Eights
Seat 2: Zubasa07 (big blind) mucked


PokerStars Hand #161247325311:  Hold'em Limit ($3/$6 USD) - 2016/11/11 14:08:35 ET
Table 'Asteria' 6-max Seat #2 is the button
Seat 1: giizgiiz ($110.75 in chips)
Seat 2: Zubasa07 ($474.25 in chips)
Zubasa07: posts small blind $1
giizgiiz: posts big blind $3
*** HOLE CARDS ***
Zubasa07: raises $3 to $6
giizgiiz: calls $3
*** FLOP *** [7d Kd 5s]
giizgiiz: checks
Zubasa07: bets $3
giizgiiz: calls $3
*** TURN *** [7d Kd 5s] [Th]
giizgiiz: checks
Zubasa07: checks
*** RIVER *** [7d Kd 5s Th] [Ad]
giizgiiz: bets $6
Zubasa07: folds
Uncalled bet ($6) returned to giizgiiz
giizgiiz collected $17.64 from pot
giizgiiz: doesn't show hand
*** SUMMARY ***
Total pot $18 | Rake $0.36
Board [7d Kd 5s Th Ad]
Seat 1: giizgiiz (big blind) collected ($17.64)
Seat 2: Zubasa07 (button) (small blind) folded on the River


PokerStars Hand #161247367276:  Hold'em Limit ($3/$6 USD) - 2016/11/11 14:09:25 ET
Table 'Asteria' 6-max Seat #1 is the button
Seat 1: giizgiiz ($119.39 in chips)
Seat 2: Zubasa07 ($465.25 in chips)
giizgiiz: posts small blind $1
Zubasa07: posts big blind $3
*** HOLE CARDS ***
giizgiiz: raises $3 to $6
Zubasa07: raises $3 to $9
giizgiiz: calls $3
*** FLOP *** [5d 6c 6h]
Zubasa07: bets $3
giizgiiz: calls $3
*** TURN *** [5d 6c 6h] [3h]
Zubasa07: checks
giizgiiz: checks
*** RIVER *** [5d 6c 6h 3h] [Qs]
Zubasa07: checks
giizgiiz: bets $6
Zubasa07: calls $6
*** SHOW DOWN ***
giizgiiz: shows [2c Tc] (a pair of Sixes)
Zubasa07: shows [Td Ks] (a pair of Sixes - King kicker)
Zubasa07 collected $35.50 from pot
*** SUMMARY ***
Total pot $36 | Rake $0.50
Board [5d 6c 6h 3h Qs]
Seat 1: giizgiiz (button) (small blind) showed [2c Tc] and lost with a pair of Sixes
Seat 2: Zubasa07 (big blind) showed [Td Ks] and won ($35.50) with a pair of Sixes


PokerStars Hand #161247421521:  Hold'em Limit ($3/$6 USD) - 2016/11/11 14:10:28 ET
Table 'Asteria' 6-max Seat #2 is the button
Seat 1: giizgiiz ($101.39 in chips)
Seat 2: Zubasa07 ($482.75 in chips)
Zubasa07: posts small blind $1
giizgiiz: posts big blind $3
*** HOLE CARDS ***
Zubasa07: raises $3 to $6
giizgiiz: calls $3
*** FLOP *** [6h 5h 6s]
giizgiiz: checks
Zubasa07: bets $3
giizgiiz: calls $3
*** TURN *** [6h 5h 6s] [7h]
giizgiiz: checks
Zubasa07: checks
*** RIVER *** [6h 5h 6s 7h] [2h]
giizgiiz: bets $6
Zubasa07: folds
Uncalled bet ($6) returned to giizgiiz
giizgiiz collected $17.64 from pot
giizgiiz: doesn't show hand
*** SUMMARY ***
Total pot $18 | Rake $0.36
Board [6h 5h 6s 7h 2h]
Seat 1: giizgiiz (big blind) collected ($17.64)
Seat 2: Zubasa07 (button) (small blind) folded on the River


PokerStars Hand #161247466871:  Hold'em Limit ($3/$6 USD) - 2016/11/11 14:11:22 ET
Table 'Asteria' 6-max Seat #1 is the button
Seat 1: giizgiiz ($110.03 in chips)
Seat 2: Zubasa07 ($473.75 in chips)
giizgiiz: posts small blind $1
Zubasa07: posts big blind $3
*** HOLE CARDS ***
giizgiiz: raises $3 to $6
Zubasa07: raises $3 to $9
giizgiiz: calls $3
*** FLOP *** [Qc Jd 5h]
Zubasa07: bets $3
giizgiiz: raises $3 to $6
Zubasa07: calls $3
*** TURN *** [Qc Jd 5h] [7s]
Zubasa07: checks
giizgiiz: bets $6
Zubasa07: calls $6
*** RIVER *** [Qc Jd 5h 7s] [9s]
Zubasa07: checks
giizgiiz: bets $6
tangxueke joins the table at seat #3
Zubasa07: folds
Uncalled bet ($6) returned to giizgiiz
giizgiiz collected $41.50 from pot
giizgiiz: doesn't show hand
*** SUMMARY ***
Total pot $42 | Rake $0.50
Board [Qc Jd 5h 7s 9s]
Seat 1: giizgiiz (button) (small blind) collected ($41.50)
Seat 2: Zubasa07 (big blind) folded on the River


PokerStars Hand #161247699779:  Hold'em Limit ($3/$6 USD) - 2016/11/11 14:15:57 ET
Table 'Asteria' 6-max Seat #1 is the button
Seat 1: giizgiiz ($123.53 in chips)
Seat 4: jackRizzar ($187.38 in chips)
giizgiiz: posts small blind $1
Zubasa07: is sitting out
jackRizzar: posts big blind $3
*** HOLE CARDS ***
Zubasa07 leaves the table
giizgiiz: calls $2
jackRizzar: raises $3 to $6
giizgiiz: calls $3
*** FLOP *** [7d Js 5s]
jackRizzar: bets $3
giizgiiz: calls $3
*** TURN *** [7d Js 5s] [2s]
jackRizzar: bets $6
giizgiiz: raises $6 to $12
jackRizzar: raises $6 to $18
giizgiiz: raises $6 to $24
Betting is capped
jackRizzar: calls $6
*** RIVER *** [7d Js 5s 2s] [Jd]
jackRizzar: checks
giizgiiz: bets $6
jackRizzar: raises $6 to $12
giizgiiz: calls $6
*** SHOW DOWN ***
jackRizzar: shows [2h 2d] (a full house, Deuces full of Jacks)
giizgiiz: mucks hand
jackRizzar collected $89.50 from pot
*** SUMMARY ***
Total pot $90 | Rake $0.50
Board [7d Js 5s 2s Jd]
Seat 1: giizgiiz (button) (small blind) mucked
Seat 4: jackRizzar (big blind) showed [2h 2d] and won ($89.50) with a full house, Deuces full of Jacks


PokerStars Hand #161247784876:  Hold'em Limit ($3/$6 USD) - 2016/11/11 14:17:37 ET
Table 'Asteria' 6-max Seat #1 is the button
Seat 1: giizgiiz ($66.53 in chips)
Seat 4: jackRizzar ($243.40 in chips)
giizgiiz: posts small blind $1
jackRizzar: posts big blind $3
*** HOLE CARDS ***
giizgiiz: raises $3 to $6
jackRizzar: folds
Uncalled bet ($3) returned to giizgiiz
giizgiiz collected $6 from pot
giizgiiz: doesn't show hand
*** SUMMARY ***
Total pot $6 | Rake $0
Seat 1: giizgiiz (button) (small blind) collected ($6)
Seat 4: jackRizzar (big blind) folded before Flop


PokerStars Hand #161247746509:  Hold'em Limit ($3/$6 USD) - 2016/11/11 14:16:52 ET
Table 'Asteria' 6-max Seat #4 is the button
Seat 1: giizgiiz ($78.53 in chips)
Seat 4: jackRizzar ($231.88 in chips)
jackRizzar: posts small blind $1
giizgiiz: posts big blind $3
*** HOLE CARDS ***
jackRizzar: raises $3 to $6
giizgiiz: calls $3
*** FLOP *** [Jd As Qs]
giizgiiz: checks
jackRizzar: checks
*** TURN *** [Jd As Qs] [Kd]
giizgiiz: bets $6
jackRizzar: calls $6
*** RIVER *** [Jd As Qs Kd] [2s]
giizgiiz: checks
jackRizzar: checks
*** SHOW DOWN ***
giizgiiz: shows [3c Kc] (a pair of Kings)
jackRizzar: shows [2d Qd] (two pair, Queens and Deuces)
jackRizzar collected $23.52 from pot
*** SUMMARY ***
Total pot $24 | Rake $0.48
Board [Jd As Qs Kd 2s]
Seat 1: giizgiiz (big blind) showed [3c Kc] and lost with a pair of Kings
Seat 4: jackRizzar (button) (small blind) showed [2d Qd] and won ($23.52) with two pair, Queens and Deuces


PokerStars Hand #161247832659:  Hold'em Limit ($3/$6 USD) - 2016/11/11 14:18:33 ET
Table 'Asteria' 6-max Seat #4 is the button
Seat 1: giizgiiz ($45.29 in chips)
Seat 4: jackRizzar ($263.90 in chips)
jackRizzar: posts small blind $1
giizgiiz: posts big blind $3
*** HOLE CARDS ***
jackRizzar: raises $3 to $6
giizgiiz: calls $3
*** FLOP *** [Kc 2d 7d]
giizgiiz: checks
jackRizzar: bets $3
giizgiiz: folds
Uncalled bet ($3) returned to jackRizzar
jackRizzar collected $11.76 from pot
jackRizzar: doesn't show hand
*** SUMMARY ***
Total pot $12 | Rake $0.24
Board [Kc 2d 7d]
Seat 1: giizgiiz (big blind) folded on the Flop
Seat 4: jackRizzar (button) (small blind) collected ($11.76)


PokerStars Hand #161247818373:  Hold'em Limit ($3/$6 USD) - 2016/11/11 14:18:16 ET
Table 'Asteria' 6-max Seat #1 is the button
Seat 1: giizgiiz ($39.53 in chips)
Seat 4: jackRizzar ($269.90 in chips)
giizgiiz: posts small blind $1
jackRizzar: posts big blind $3
*** HOLE CARDS ***
giizgiiz: raises $3 to $6
jackRizzar: calls $3
*** FLOP *** [Tc Kh 9c]
jackRizzar: checks
giizgiiz: bets $3
jackRizzar: folds
Uncalled bet ($3) returned to giizgiiz
giizgiiz collected $11.76 from pot
giizgiiz: doesn't show hand
*** SUMMARY ***
Total pot $12 | Rake $0.24
Board [Tc Kh 9c]
Seat 1: giizgiiz (button) (small blind) collected ($11.76)
Seat 4: jackRizzar (big blind) folded on the Flop


PokerStars Hand #161247791494:  Hold'em Limit ($3/$6 USD) - 2016/11/11 14:17:45 ET
Table 'Asteria' 6-max Seat #4 is the button
Seat 1: giizgiiz ($69.53 in chips)
Seat 4: jackRizzar ($240.40 in chips)
jackRizzar: posts small blind $1
giizgiiz: posts big blind $3
*** HOLE CARDS ***
jackRizzar: raises $3 to $6
giizgiiz: raises $3 to $9
jackRizzar: calls $3
*** FLOP *** [Qs 8h 3s]
giizgiiz: bets $3
jackRizzar: calls $3
*** TURN *** [Qs 8h 3s] [4d]
giizgiiz: bets $6
jackRizzar: calls $6
*** RIVER *** [Qs 8h 3s 4d] [Ts]
giizgiiz: bets $6
jackRizzar: raises $6 to $12
giizgiiz: calls $6
*** SHOW DOWN ***
jackRizzar: shows [2s 9s] (a flush, Queen high)
giizgiiz: mucks hand
jackRizzar collected $59.50 from pot
*** SUMMARY ***
Total pot $60 | Rake $0.50
Board [Qs 8h 3s 4d Ts]
Seat 1: giizgiiz (big blind) mucked
Seat 4: jackRizzar (button) (small blind) showed [2s 9s] and won ($59.50) with a flush, Queen high


PokerStars Hand #161247884019:  Hold'em Limit ($3/$6 USD) - 2016/11/11 14:19:33 ET
Table 'Asteria' 6-max Seat #4 is the button
Seat 1: giizgiiz ($62.79 in chips)
Seat 4: jackRizzar ($245.66 in chips)
jackRizzar: posts small blind $1
giizgiiz: posts big blind $3
*** HOLE CARDS ***
jackRizzar: raises $3 to $6
giizgiiz: raises $3 to $9
jackRizzar: calls $3
*** FLOP *** [8c 6s Ah]
giizgiiz: bets $3
jackRizzar: calls $3
*** TURN *** [8c 6s Ah] [7h]
giizgiiz: bets $6
jackRizzar: raises $6 to $12
giizgiiz: raises $6 to $18
jackRizzar: calls $6
*** RIVER *** [8c 6s Ah 7h] [4s]
giizgiiz: checks
jackRizzar: checks
*** SHOW DOWN ***
giizgiiz: shows [Qd 3d] (high card Ace)
jackRizzar: shows [Ad Jd] (a pair of Aces)
jackRizzar collected $59.50 from pot
*** SUMMARY ***
Total pot $60 | Rake $0.50
Board [8c 6s Ah 7h 4s]
Seat 1: giizgiiz (big blind) showed [Qd 3d] and lost with high card Ace
Seat 4: jackRizzar (button) (small blind) showed [Ad Jd] and won ($59.50) with a pair of Aces


PokerStars Hand #161247847303:  Hold'em Limit ($3/$6 USD) - 2016/11/11 14:18:50 ET
Table 'Asteria' 6-max Seat #1 is the button
Seat 1: giizgiiz ($39.29 in chips)
Seat 4: jackRizzar ($269.66 in chips)
giizgiiz: posts small blind $1
jackRizzar: posts big blind $3
*** HOLE CARDS ***
giizgiiz: raises $3 to $6
jackRizzar: calls $3
*** FLOP *** [4c 3c Kh]
jackRizzar: checks
giizgiiz: bets $3
jackRizzar: raises $3 to $6
giizgiiz: calls $3
*** TURN *** [4c 3c Kh] [7s]
jackRizzar: bets $6
giizgiiz: calls $6
*** RIVER *** [4c 3c Kh 7s] [4s]
jackRizzar: bets $6
giizgiiz: calls $6
*** SHOW DOWN ***
jackRizzar: shows [Qc 2c] (a pair of Fours)
giizgiiz: shows [4d 5h] (three of a kind, Fours)
giizgiiz collected $47.50 from pot
*** SUMMARY ***
Total pot $48 | Rake $0.50
Board [4c 3c Kh 7s 4s]
Seat 1: giizgiiz (button) (small blind) showed [4d 5h] and won ($47.50) with three of a kind, Fours
Seat 4: jackRizzar (big blind) showed [Qc 2c] and lost with a pair of Fours


PokerStars Hand #161247938634:  Hold'em Limit ($3/$6 USD) - 2016/11/11 14:20:37 ET
Table 'Asteria' 6-max Seat #4 is the button
Seat 1: giizgiiz ($17.79 in chips)
Seat 4: jackRizzar ($289.66 in chips)
jackRizzar: posts small blind $1
giizgiiz: posts big blind $3
*** HOLE CARDS ***
jackRizzar: raises $3 to $6
giizgiiz: raises $3 to $9
jackRizzar: calls $3
*** FLOP *** [As Th Ks]
giizgiiz: bets $3
jackRizzar: folds
Uncalled bet ($3) returned to giizgiiz
giizgiiz collected $17.64 from pot
giizgiiz: doesn't show hand
*** SUMMARY ***
Total pot $18 | Rake $0.36
Board [As Th Ks]
Seat 1: giizgiiz (big blind) collected ($17.64)
Seat 4: jackRizzar (button) (small blind) folded on the Flop


PokerStars Hand #161247917295:  Hold'em Limit ($3/$6 USD) - 2016/11/11 14:20:12 ET
Table 'Asteria' 6-max Seat #1 is the button
Seat 1: giizgiiz ($32.79 in chips)
Seat 4: jackRizzar ($275.16 in chips)
giizgiiz: posts small blind $1
jackRizzar: posts big blind $3
*** HOLE CARDS ***
giizgiiz: raises $3 to $6
jackRizzar: calls $3
*** FLOP *** [3d 8s Qs]
jackRizzar: checks
giizgiiz: bets $3
jackRizzar: calls $3
*** TURN *** [3d 8s Qs] [2h]
jackRizzar: checks
giizgiiz: checks
*** RIVER *** [3d 8s Qs 2h] [Qc]
jackRizzar: bets $6
giizgiiz: calls $6
*** SHOW DOWN ***
jackRizzar: shows [7h 8d] (two pair, Queens and Eights)
giizgiiz: mucks hand
jackRizzar collected $29.50 from pot
*** SUMMARY ***
Total pot $30 | Rake $0.50
Board [3d 8s Qs 2h Qc]
Seat 1: giizgiiz (button) (small blind) mucked
Seat 4: jackRizzar (big blind) showed [7h 8d] and won ($29.50) with two pair, Queens and Eights


PokerStars Hand #161247998450:  Hold'em Limit ($3/$6 USD) - 2016/11/11 14:21:47 ET
Table 'Asteria' 6-max Seat #1 is the button
Seat 1: giizgiiz ($22.93 in chips)
Seat 4: jackRizzar ($283.16 in chips)
giizgiiz: posts small blind $1
jackRizzar: posts big blind $3
*** HOLE CARDS ***
giizgiiz: raises $3 to $6
jackRizzar: raises $3 to $9
giizgiiz: raises $3 to $12
Betting is capped
jackRizzar: calls $3
*** FLOP *** [6s 7d 9c]
jackRizzar: checks
giizgiiz: bets $3
jackRizzar: raises $3 to $6
giizgiiz: raises $3 to $9
jackRizzar: raises $3 to $12
Betting is capped
giizgiiz: calls $1.93 and is all-in
Uncalled bet ($1.07) returned to jackRizzar
*** TURN *** [6s 7d 9c] [Ks]
*** RIVER *** [6s 7d 9c Ks] [Kd]
*** SHOW DOWN ***
jackRizzar: shows [6h 6d] (a full house, Sixes full of Kings)
giizgiiz: shows [9s Ad] (two pair, Kings and Nines)
jackRizzar collected $45.36 from pot
*** SUMMARY ***
Total pot $45.86 | Rake $0.50
Board [6s 7d 9c Ks Kd]
Seat 1: giizgiiz (button) (small blind) showed [9s Ad] and lost with two pair, Kings and Nines
Seat 4: jackRizzar (big blind) showed [6h 6d] and won ($45.36) with a full house, Sixes full of Kings


PokerStars Hand #161247979392:  Hold'em Limit ($3/$6 USD) - 2016/11/11 14:21:25 ET
Table 'Asteria' 6-max Seat #4 is the button
Seat 1: giizgiiz ($40.93 in chips)
Seat 4: jackRizzar ($265.66 in chips)
jackRizzar: posts small blind $1
giizgiiz: posts big blind $3
*** HOLE CARDS ***
jackRizzar: raises $3 to $6
giizgiiz: calls $3
*** FLOP *** [3c Ah Tc]
giizgiiz: checks
jackRizzar: bets $3
giizgiiz: raises $3 to $6
jackRizzar: calls $3
*** TURN *** [3c Ah Tc] [3h]
giizgiiz: bets $6
jackRizzar: raises $6 to $12
giizgiiz: folds
Uncalled bet ($6) returned to jackRizzar
jackRizzar collected $35.50 from pot
jackRizzar: doesn't show hand
*** SUMMARY ***
Total pot $36 | Rake $0.50
Board [3c Ah Tc 3h]
Seat 1: giizgiiz (big blind) folded on the Turn
Seat 4: jackRizzar (button) (small blind) collected ($35.50)


PokerStars Hand #161247949459:  Hold'em Limit ($3/$6 USD) - 2016/11/11 14:20:50 ET
Table 'Asteria' 6-max Seat #1 is the button
Seat 1: giizgiiz ($26.43 in chips)
Seat 4: jackRizzar ($280.66 in chips)
giizgiiz: posts small blind $1
jackRizzar: posts big blind $3
*** HOLE CARDS ***
giizgiiz: raises $3 to $6
jackRizzar: calls $3
*** FLOP *** [Ah Kc Tc]
jackRizzar: checks
giizgiiz: bets $3
jackRizzar: calls $3
*** TURN *** [Ah Kc Tc] [7s]
jackRizzar: checks
giizgiiz: bets $6
jackRizzar: calls $6
*** RIVER *** [Ah Kc Tc 7s] [Qh]
vestimokrec joins the table at seat #2
jackRizzar: checks
giizgiiz: checks
*** SHOW DOWN ***
jackRizzar: shows [Ts 8h] (a pair of Tens)
giizgiiz: shows [8s Ad] (a pair of Aces)
giizgiiz collected $29.50 from pot
*** SUMMARY ***
Total pot $30 | Rake $0.50
Board [Ah Kc Tc 7s Qh]
Seat 1: giizgiiz (button) (small blind) showed [8s Ad] and won ($29.50) with a pair of Aces
Seat 4: jackRizzar (big blind) showed [Ts 8h] and lost with a pair of Tens


