PokerStars Hand #147110777740:  Hold'em Limit ($3/$6 USD) - 2016/01/15 20:05:30 ET
Table 'Astraea III' 2-max Seat #1 is the button
Seat 1: RaisemyNut$ ($128.64 in chips)
Seat 2: boumbastic ($161 in chips)
RaisemyNut$: posts small blind $1
boumbastic: posts big blind $3
*** HOLE CARDS ***
RaisemyNut$: raises $3 to $6
boumbastic: calls $3
*** FLOP *** [3s 3d 5d]
boumbastic: checks
RaisemyNut$: bets $3
boumbastic: raises $3 to $6
RaisemyNut$: calls $3
*** TURN *** [3s 3d 5d] [6s]
boumbastic: bets $6
RaisemyNut$: folds
Uncalled bet ($6) returned to boumbastic
boumbastic collected $23.52 from pot
boumbastic: doesn't show hand
*** SUMMARY ***
Total pot $24 | Rake $0.48
Board [3s 3d 5d 6s]
Seat 1: RaisemyNut$ (button) (small blind) folded on the Turn
Seat 2: boumbastic (big blind) collected ($23.52)


PokerStars Hand #147110760716:  Hold'em Limit ($3/$6 USD) - 2016/01/15 20:05:04 ET
Table 'Astraea III' 2-max Seat #2 is the button
Seat 1: RaisemyNut$ ($120 in chips)
Seat 2: boumbastic ($120 in chips)
boumbastic: posts small blind $1
RaisemyNut$: posts big blind $3
*** HOLE CARDS ***
boumbastic: raises $3 to $6
RaisemyNut$: calls $3
*** FLOP *** [6s 5d 7h]
RaisemyNut$: checks
boumbastic: bets $3
RaisemyNut$: calls $3
*** TURN *** [6s 5d 7h] [9h]
RaisemyNut$: checks
boumbastic: checks
*** RIVER *** [6s 5d 7h 9h] [Kd]
RaisemyNut$: bets $6
boumbastic: folds
Uncalled bet ($6) returned to RaisemyNut$
RaisemyNut$ collected $17.64 from pot
RaisemyNut$: doesn't show hand
*** SUMMARY ***
Total pot $18 | Rake $0.36
Board [6s 5d 7h 9h Kd]
Seat 1: RaisemyNut$ (big blind) collected ($17.64)
Seat 2: boumbastic (button) (small blind) folded on the River


PokerStars Hand #147110812884:  Hold'em Limit ($3/$6 USD) - 2016/01/15 20:06:25 ET
Table 'Astraea III' 2-max Seat #1 is the button
Seat 1: RaisemyNut$ ($119.03 in chips)
Seat 2: boumbastic ($169.03 in chips)
RaisemyNut$: posts small blind $1
boumbastic: posts big blind $3
*** HOLE CARDS ***
RaisemyNut$: raises $3 to $6
boumbastic: raises $3 to $9
RaisemyNut$: calls $3
*** FLOP *** [9h 2c Ks]
boumbastic: bets $3
RaisemyNut$: calls $3
*** TURN *** [9h 2c Ks] [Qc]
boumbastic: bets $6
RaisemyNut$: calls $6
*** RIVER *** [9h 2c Ks Qc] [5h]
boumbastic: checks
RaisemyNut$: checks
*** SHOW DOWN ***
boumbastic: shows [Js Ad] (high card Ace)
RaisemyNut$: mucks hand
boumbastic collected $35.50 from pot
*** SUMMARY ***
Total pot $36 | Rake $0.50
Board [9h 2c Ks Qc 5h]
Seat 1: RaisemyNut$ (button) (small blind) mucked
Seat 2: boumbastic (big blind) showed [Js Ad] and won ($35.50) with high card Ace


PokerStars Hand #147110806181:  Hold'em Limit ($3/$6 USD) - 2016/01/15 20:06:14 ET
Table 'Astraea III' 2-max Seat #2 is the button
Seat 1: RaisemyNut$ ($125.03 in chips)
Seat 2: boumbastic ($163.27 in chips)
boumbastic: posts small blind $1
RaisemyNut$: posts big blind $3
*** HOLE CARDS ***
boumbastic: raises $3 to $6
RaisemyNut$: calls $3
*** FLOP *** [Kh Th Ah]
RaisemyNut$: checks
boumbastic: bets $3
RaisemyNut$: folds
Uncalled bet ($3) returned to boumbastic
boumbastic collected $11.76 from pot
boumbastic: doesn't show hand
*** SUMMARY ***
Total pot $12 | Rake $0.24
Board [Kh Th Ah]
Seat 1: RaisemyNut$ (big blind) folded on the Flop
Seat 2: boumbastic (button) (small blind) collected ($11.76)


PokerStars Hand #147110797756:  Hold'em Limit ($3/$6 USD) - 2016/01/15 20:06:01 ET
Table 'Astraea III' 2-max Seat #1 is the button
Seat 1: RaisemyNut$ ($125.28 in chips)
Seat 2: boumbastic ($163.52 in chips)
RaisemyNut$: posts small blind $1
boumbastic: posts big blind $3
*** HOLE CARDS ***
RaisemyNut$: raises $3 to $6
boumbastic: calls $3
*** FLOP *** [Td 4c Ah]
boumbastic: checks
RaisemyNut$: bets $3
boumbastic: calls $3
*** TURN *** [Td 4c Ah] [7d]
boumbastic: checks
RaisemyNut$: bets $6
boumbastic: calls $6
*** RIVER *** [Td 4c Ah 7d] [4h]
boumbastic: checks
RaisemyNut$: checks
*** SHOW DOWN ***
boumbastic: shows [Ts 3s] (two pair, Tens and Fours)
RaisemyNut$: shows [Th 8d] (two pair, Tens and Fours)
boumbastic collected $14.75 from pot
RaisemyNut$ collected $14.75 from pot
*** SUMMARY ***
Total pot $30 | Rake $0.50
Board [Td 4c Ah 7d 4h]
Seat 1: RaisemyNut$ (button) (small blind) showed [Th 8d] and won ($14.75) with two pair, Tens and Fours
Seat 2: boumbastic (big blind) showed [Ts 3s] and won ($14.75) with two pair, Tens and Fours


PokerStars Hand #147110785620:  Hold'em Limit ($3/$6 USD) - 2016/01/15 20:05:42 ET
Table 'Astraea III' 2-max Seat #2 is the button
Seat 1: RaisemyNut$ ($116.64 in chips)
Seat 2: boumbastic ($172.52 in chips)
boumbastic: posts small blind $1
RaisemyNut$: posts big blind $3
*** HOLE CARDS ***
boumbastic: raises $3 to $6
RaisemyNut$: calls $3
*** FLOP *** [Td Ac 4c]
RaisemyNut$: checks
boumbastic: bets $3
RaisemyNut$: calls $3
*** TURN *** [Td Ac 4c] [9h]
RaisemyNut$: checks
boumbastic: checks
*** RIVER *** [Td Ac 4c 9h] [5c]
RaisemyNut$: bets $6
boumbastic: folds
Uncalled bet ($6) returned to RaisemyNut$
RaisemyNut$ collected $17.64 from pot
RaisemyNut$: doesn't show hand
*** SUMMARY ***
Total pot $18 | Rake $0.36
Board [Td Ac 4c 9h 5c]
Seat 1: RaisemyNut$ (big blind) collected ($17.64)
Seat 2: boumbastic (button) (small blind) folded on the River


PokerStars Hand #147110858157:  Hold'em Limit ($3/$6 USD) - 2016/01/15 20:07:35 ET
Table 'Astraea III' 2-max Seat #1 is the button
Seat 1: RaisemyNut$ ($123.03 in chips)
Seat 2: boumbastic ($163.05 in chips)
RaisemyNut$: posts small blind $1
boumbastic: posts big blind $3
*** HOLE CARDS ***
RaisemyNut$: folds
Uncalled bet ($2) returned to boumbastic
boumbastic collected $2 from pot
boumbastic: doesn't show hand
*** SUMMARY ***
Total pot $2 | Rake $0
Seat 1: RaisemyNut$ (button) (small blind) folded before Flop
Seat 2: boumbastic (big blind) collected ($2)


PokerStars Hand #147110852559:  Hold'em Limit ($3/$6 USD) - 2016/01/15 20:07:26 ET
Table 'Astraea III' 2-max Seat #2 is the button
Seat 1: RaisemyNut$ ($129.03 in chips)
Seat 2: boumbastic ($157.29 in chips)
boumbastic: posts small blind $1
RaisemyNut$: posts big blind $3
*** HOLE CARDS ***
boumbastic: raises $3 to $6
RaisemyNut$: calls $3
*** FLOP *** [8s 9c Js]
RaisemyNut$: checks
boumbastic: bets $3
RaisemyNut$: folds
Uncalled bet ($3) returned to boumbastic
boumbastic collected $11.76 from pot
boumbastic: doesn't show hand
*** SUMMARY ***
Total pot $12 | Rake $0.24
Board [8s 9c Js]
Seat 1: RaisemyNut$ (big blind) folded on the Flop
Seat 2: boumbastic (button) (small blind) collected ($11.76)


PokerStars Hand #147110849620:  Hold'em Limit ($3/$6 USD) - 2016/01/15 20:07:22 ET
Table 'Astraea III' 2-max Seat #1 is the button
Seat 1: RaisemyNut$ ($130.03 in chips)
Seat 2: boumbastic ($156.29 in chips)
RaisemyNut$: posts small blind $1
boumbastic: posts big blind $3
*** HOLE CARDS ***
RaisemyNut$: folds
Uncalled bet ($2) returned to boumbastic
boumbastic collected $2 from pot
boumbastic: doesn't show hand
*** SUMMARY ***
Total pot $2 | Rake $0
Seat 1: RaisemyNut$ (button) (small blind) folded before Flop
Seat 2: boumbastic (big blind) collected ($2)


PokerStars Hand #147110843824:  Hold'em Limit ($3/$6 USD) - 2016/01/15 20:07:13 ET
Table 'Astraea III' 2-max Seat #2 is the button
Seat 1: RaisemyNut$ ($136.03 in chips)
Seat 2: boumbastic ($150.53 in chips)
boumbastic: posts small blind $1
RaisemyNut$: posts big blind $3
*** HOLE CARDS ***
boumbastic: raises $3 to $6
RaisemyNut$: calls $3
*** FLOP *** [7h Ad 6d]
RaisemyNut$: checks
boumbastic: bets $3
RaisemyNut$: folds
Uncalled bet ($3) returned to boumbastic
boumbastic collected $11.76 from pot
boumbastic: doesn't show hand
*** SUMMARY ***
Total pot $12 | Rake $0.24
Board [7h Ad 6d]
Seat 1: RaisemyNut$ (big blind) folded on the Flop
Seat 2: boumbastic (button) (small blind) collected ($11.76)


PokerStars Hand #147110834450:  Hold'em Limit ($3/$6 USD) - 2016/01/15 20:06:58 ET
Table 'Astraea III' 2-max Seat #1 is the button
Seat 1: RaisemyNut$ ($115.53 in chips)
Seat 2: boumbastic ($171.53 in chips)
RaisemyNut$: posts small blind $1
boumbastic: posts big blind $3
*** HOLE CARDS ***
RaisemyNut$: raises $3 to $6
boumbastic: raises $3 to $9
RaisemyNut$: calls $3
*** FLOP *** [Ts Th 7s]
boumbastic: bets $3
RaisemyNut$: raises $3 to $6
boumbastic: calls $3
*** TURN *** [Ts Th 7s] [Kh]
boumbastic: checks
RaisemyNut$: checks
*** RIVER *** [Ts Th 7s Kh] [Tc]
boumbastic: bets $6
RaisemyNut$: calls $6
*** SHOW DOWN ***
boumbastic: shows [6s Ah] (three of a kind, Tens)
RaisemyNut$: shows [6c 7d] (a full house, Tens full of Sevens)
RaisemyNut$ collected $41.50 from pot
*** SUMMARY ***
Total pot $42 | Rake $0.50
Board [Ts Th 7s Kh Tc]
Seat 1: RaisemyNut$ (button) (small blind) showed [6c 7d] and won ($41.50) with a full house, Tens full of Sevens
Seat 2: boumbastic (big blind) showed [6s Ah] and lost with three of a kind, Tens


PokerStars Hand #147110823012:  Hold'em Limit ($3/$6 USD) - 2016/01/15 20:06:40 ET
Table 'Astraea III' 2-max Seat #2 is the button
Seat 1: RaisemyNut$ ($101.03 in chips)
Seat 2: boumbastic ($186.53 in chips)
boumbastic: posts small blind $1
RaisemyNut$: posts big blind $3
*** HOLE CARDS ***
boumbastic: raises $3 to $6
RaisemyNut$: calls $3
*** FLOP *** [9h Ks Jh]
RaisemyNut$: checks
boumbastic: bets $3
RaisemyNut$: calls $3
*** TURN *** [9h Ks Jh] [5h]
RaisemyNut$: checks
boumbastic: bets $6
RaisemyNut$: calls $6
*** RIVER *** [9h Ks Jh 5h] [Tc]
RaisemyNut$: checks
boumbastic: checks
*** SHOW DOWN ***
RaisemyNut$: shows [Qh As] (a straight, Ten to Ace)
boumbastic: mucks hand
RaisemyNut$ collected $29.50 from pot
*** SUMMARY ***
Total pot $30 | Rake $0.50
Board [9h Ks Jh 5h Tc]
Seat 1: RaisemyNut$ (big blind) showed [Qh As] and won ($29.50) with a straight, Ten to Ace
Seat 2: boumbastic (button) (small blind) mucked


PokerStars Hand #147110894330:  Hold'em Limit ($3/$6 USD) - 2016/01/15 20:08:31 ET
Table 'Astraea III' 2-max Seat #1 is the button
Seat 1: RaisemyNut$ ($172.03 in chips)
Seat 2: boumbastic ($113.05 in chips)
RaisemyNut$: posts small blind $1
boumbastic: posts big blind $3
*** HOLE CARDS ***
RaisemyNut$: folds
Uncalled bet ($2) returned to boumbastic
boumbastic collected $2 from pot
boumbastic: doesn't show hand
*** SUMMARY ***
Total pot $2 | Rake $0
Seat 1: RaisemyNut$ (button) (small blind) folded before Flop
Seat 2: boumbastic (big blind) collected ($2)


PokerStars Hand #147110890334:  Hold'em Limit ($3/$6 USD) - 2016/01/15 20:08:25 ET
Table 'Astraea III' 2-max Seat #2 is the button
Seat 1: RaisemyNut$ ($175.03 in chips)
Seat 2: boumbastic ($110.05 in chips)
boumbastic: posts small blind $1
RaisemyNut$: posts big blind $3
*** HOLE CARDS ***
boumbastic: raises $3 to $6
RaisemyNut$: folds
Uncalled bet ($3) returned to boumbastic
boumbastic collected $6 from pot
boumbastic: doesn't show hand
*** SUMMARY ***
Total pot $6 | Rake $0
Seat 1: RaisemyNut$ (big blind) folded before Flop
Seat 2: boumbastic (button) (small blind) collected ($6)


PokerStars Hand #147110873789:  Hold'em Limit ($3/$6 USD) - 2016/01/15 20:07:59 ET
Table 'Astraea III' 2-max Seat #1 is the button
Seat 1: RaisemyNut$ ($157.53 in chips)
Seat 2: boumbastic ($128.05 in chips)
RaisemyNut$: posts small blind $1
boumbastic: posts big blind $3
*** HOLE CARDS ***
RaisemyNut$: raises $3 to $6
boumbastic: raises $3 to $9
RaisemyNut$: calls $3
*** FLOP *** [Ah 6d 4s]
boumbastic: bets $3
RaisemyNut$: calls $3
*** TURN *** [Ah 6d 4s] [Jc]
boumbastic: checks
RaisemyNut$: bets $6
boumbastic: calls $6
*** RIVER *** [Ah 6d 4s Jc] [7s]
boumbastic: checks
RaisemyNut$: bets $6
boumbastic: folds
Uncalled bet ($6) returned to RaisemyNut$
RaisemyNut$ collected $35.50 from pot
RaisemyNut$: doesn't show hand
*** SUMMARY ***
Total pot $36 | Rake $0.50
Board [Ah 6d 4s Jc 7s]
Seat 1: RaisemyNut$ (button) (small blind) collected ($35.50)
Seat 2: boumbastic (big blind) folded on the River


PokerStars Hand #147110861299:  Hold'em Limit ($3/$6 USD) - 2016/01/15 20:07:40 ET
Table 'Astraea III' 2-max Seat #2 is the button
Seat 1: RaisemyNut$ ($122.03 in chips)
Seat 2: boumbastic ($164.05 in chips)
boumbastic: posts small blind $1
RaisemyNut$: posts big blind $3
*** HOLE CARDS ***
boumbastic: raises $3 to $6
RaisemyNut$: calls $3
*** FLOP *** [5h 8d 6d]
RaisemyNut$: checks
boumbastic: bets $3
RaisemyNut$: raises $3 to $6
boumbastic: calls $3
*** TURN *** [5h 8d 6d] [As]
RaisemyNut$: bets $6
boumbastic: calls $6
*** RIVER *** [5h 8d 6d As] [Kh]
RaisemyNut$: bets $6
boumbastic: raises $6 to $12
RaisemyNut$: raises $6 to $18
boumbastic: calls $6
*** SHOW DOWN ***
RaisemyNut$: shows [Kc 8h] (two pair, Kings and Eights)
boumbastic: mucks hand
RaisemyNut$ collected $71.50 from pot
*** SUMMARY ***
Total pot $72 | Rake $0.50
Board [5h 8d 6d As Kh]
Seat 1: RaisemyNut$ (big blind) showed [Kc 8h] and won ($71.50) with two pair, Kings and Eights
Seat 2: boumbastic (button) (small blind) mucked


PokerStars Hand #147110926872:  Hold'em Limit ($3/$6 USD) - 2016/01/15 20:09:22 ET
Table 'Astraea III' 2-max Seat #2 is the button
Seat 1: RaisemyNut$ ($208.03 in chips)
Seat 2: boumbastic ($76.05 in chips)
boumbastic: posts small blind $1
RaisemyNut$: posts big blind $3
*** HOLE CARDS ***
boumbastic: raises $3 to $6
RaisemyNut$: raises $3 to $9
boumbastic: calls $3
*** FLOP *** [9h 3d 5c]
RaisemyNut$: bets $3
boumbastic: calls $3
*** TURN *** [9h 3d 5c] [5h]
RaisemyNut$: bets $6
boumbastic: calls $6
*** RIVER *** [9h 3d 5c 5h] [Kd]
RaisemyNut$: bets $6
boumbastic: calls $6
*** SHOW DOWN ***
RaisemyNut$: shows [Jh Jd] (two pair, Jacks and Fives)
boumbastic: mucks hand
RaisemyNut$ collected $47.50 from pot
*** SUMMARY ***
Total pot $48 | Rake $0.50
Board [9h 3d 5c 5h Kd]
Seat 1: RaisemyNut$ (big blind) showed [Jh Jd] and won ($47.50) with two pair, Jacks and Fives
Seat 2: boumbastic (button) (small blind) mucked


PokerStars Hand #147110923451:  Hold'em Limit ($3/$6 USD) - 2016/01/15 20:09:17 ET
Table 'Astraea III' 2-max Seat #1 is the button
Seat 1: RaisemyNut$ ($209.03 in chips)
Seat 2: boumbastic ($75.05 in chips)
RaisemyNut$: posts small blind $1
boumbastic: posts big blind $3
*** HOLE CARDS ***
RaisemyNut$: folds
Uncalled bet ($2) returned to boumbastic
boumbastic collected $2 from pot
boumbastic: doesn't show hand
*** SUMMARY ***
Total pot $2 | Rake $0
Seat 1: RaisemyNut$ (button) (small blind) folded before Flop
Seat 2: boumbastic (big blind) collected ($2)


PokerStars Hand #147110919941:  Hold'em Limit ($3/$6 USD) - 2016/01/15 20:09:11 ET
Table 'Astraea III' 2-max Seat #2 is the button
Seat 1: RaisemyNut$ ($212.03 in chips)
Seat 2: boumbastic ($72.05 in chips)
boumbastic: posts small blind $1
RaisemyNut$: posts big blind $3
*** HOLE CARDS ***
boumbastic: raises $3 to $6
RaisemyNut$: folds
Uncalled bet ($3) returned to boumbastic
boumbastic collected $6 from pot
boumbastic: doesn't show hand
*** SUMMARY ***
Total pot $6 | Rake $0
Seat 1: RaisemyNut$ (big blind) folded before Flop
Seat 2: boumbastic (button) (small blind) collected ($6)


PokerStars Hand #147110909925:  Hold'em Limit ($3/$6 USD) - 2016/01/15 20:08:55 ET
Table 'Astraea III' 2-max Seat #1 is the button
Seat 1: RaisemyNut$ ($194.53 in chips)
Seat 2: boumbastic ($90.05 in chips)
RaisemyNut$: posts small blind $1
boumbastic: posts big blind $3
*** HOLE CARDS ***
RaisemyNut$: raises $3 to $6
boumbastic: raises $3 to $9
RaisemyNut$: calls $3
*** FLOP *** [7s 6s 2d]
boumbastic: bets $3
RaisemyNut$: calls $3
*** TURN *** [7s 6s 2d] [4d]
boumbastic: bets $6
RaisemyNut$: calls $6
*** RIVER *** [7s 6s 2d 4d] [2c]
boumbastic: checks
RaisemyNut$: checks
*** SHOW DOWN ***
boumbastic: shows [Jd 9d] (a pair of Deuces)
RaisemyNut$: shows [9h As] (a pair of Deuces - Ace kicker)
RaisemyNut$ collected $35.50 from pot
*** SUMMARY ***
Total pot $36 | Rake $0.50
Board [7s 6s 2d 4d 2c]
Seat 1: RaisemyNut$ (button) (small blind) showed [9h As] and won ($35.50) with a pair of Deuces
Seat 2: boumbastic (big blind) showed [Jd 9d] and lost with a pair of Deuces


PokerStars Hand #147110897778:  Hold'em Limit ($3/$6 USD) - 2016/01/15 20:08:37 ET
Table 'Astraea III' 2-max Seat #2 is the button
Seat 1: RaisemyNut$ ($171.03 in chips)
Seat 2: boumbastic ($114.05 in chips)
boumbastic: posts small blind $1
RaisemyNut$: posts big blind $3
*** HOLE CARDS ***
boumbastic: raises $3 to $6
RaisemyNut$: calls $3
*** FLOP *** [7d 8h Ts]
RaisemyNut$: checks
boumbastic: bets $3
RaisemyNut$: raises $3 to $6
boumbastic: calls $3
*** TURN *** [7d 8h Ts] [Jc]
RaisemyNut$: bets $6
boumbastic: calls $6
*** RIVER *** [7d 8h Ts Jc] [5c]
RaisemyNut$: bets $6
boumbastic: calls $6
*** SHOW DOWN ***
RaisemyNut$: shows [7h 9h] (a straight, Seven to Jack)
boumbastic: mucks hand
RaisemyNut$ collected $47.50 from pot
*** SUMMARY ***
Total pot $48 | Rake $0.50
Board [7d 8h Ts Jc 5c]
Seat 1: RaisemyNut$ (big blind) showed [7h 9h] and won ($47.50) with a straight, Seven to Jack
Seat 2: boumbastic (button) (small blind) mucked


PokerStars Hand #147110972977:  Hold'em Limit ($3/$6 USD) - 2016/01/15 20:10:34 ET
Table 'Astraea III' 2-max Seat #1 is the button
Seat 1: RaisemyNut$ ($260.31 in chips)
Seat 2: boumbastic ($21.69 in chips)
RaisemyNut$: posts small blind $1
boumbastic: posts big blind $3
*** HOLE CARDS ***
RaisemyNut$: folds
Uncalled bet ($2) returned to boumbastic
boumbastic collected $2 from pot
boumbastic: doesn't show hand
*** SUMMARY ***
Total pot $2 | Rake $0
Seat 1: RaisemyNut$ (button) (small blind) folded before Flop
Seat 2: boumbastic (big blind) collected ($2)


PokerStars Hand #147110962284:  Hold'em Limit ($3/$6 USD) - 2016/01/15 20:10:17 ET
Table 'Astraea III' 2-max Seat #2 is the button
Seat 1: RaisemyNut$ ($239.81 in chips)
Seat 2: boumbastic ($42.69 in chips)
boumbastic: posts small blind $1
RaisemyNut$: posts big blind $3
*** HOLE CARDS ***
boumbastic: raises $3 to $6
RaisemyNut$: calls $3
*** FLOP *** [4s Ts 6h]
RaisemyNut$: checks
boumbastic: bets $3
RaisemyNut$: calls $3
*** TURN *** [4s Ts 6h] [Tc]
RaisemyNut$: bets $6
boumbastic: raises $6 to $12
RaisemyNut$: calls $6
*** RIVER *** [4s Ts 6h Tc] [5s]
RaisemyNut$: checks
boumbastic: checks
*** SHOW DOWN ***
RaisemyNut$: shows [4d Ks] (two pair, Tens and Fours)
boumbastic: mucks hand
RaisemyNut$ collected $41.50 from pot
*** SUMMARY ***
Total pot $42 | Rake $0.50
Board [4s Ts 6h Tc 5s]
Seat 1: RaisemyNut$ (big blind) showed [4d Ks] and won ($41.50) with two pair, Tens and Fours
Seat 2: boumbastic (button) (small blind) mucked


PokerStars Hand #147110957305:  Hold'em Limit ($3/$6 USD) - 2016/01/15 20:10:09 ET
Table 'Astraea III' 2-max Seat #1 is the button
Seat 1: RaisemyNut$ ($234.05 in chips)
Seat 2: boumbastic ($48.69 in chips)
RaisemyNut$: posts small blind $1
boumbastic: posts big blind $3
*** HOLE CARDS ***
RaisemyNut$: raises $3 to $6
boumbastic: calls $3
*** FLOP *** [Ac 3c Ks]
boumbastic: checks
RaisemyNut$: bets $3
boumbastic: folds
Uncalled bet ($3) returned to RaisemyNut$
RaisemyNut$ collected $11.76 from pot
RaisemyNut$: doesn't show hand
*** SUMMARY ***
Total pot $12 | Rake $0.24
Board [Ac 3c Ks]
Seat 1: RaisemyNut$ (button) (small blind) collected ($11.76)
Seat 2: boumbastic (big blind) folded on the Flop


PokerStars Hand #147110949396:  Hold'em Limit ($3/$6 USD) - 2016/01/15 20:09:57 ET
Table 'Astraea III' 2-max Seat #2 is the button
Seat 1: RaisemyNut$ ($243.05 in chips)
Seat 2: boumbastic ($40.05 in chips)
boumbastic: posts small blind $1
RaisemyNut$: posts big blind $3
*** HOLE CARDS ***
boumbastic: raises $3 to $6
RaisemyNut$: calls $3
*** FLOP *** [Ks Tc 7s]
RaisemyNut$: checks
boumbastic: bets $3
RaisemyNut$: calls $3
*** TURN *** [Ks Tc 7s] [6c]
RaisemyNut$: checks
boumbastic: bets $6
RaisemyNut$: folds
Uncalled bet ($6) returned to boumbastic
boumbastic collected $17.64 from pot
boumbastic: doesn't show hand
*** SUMMARY ***
Total pot $18 | Rake $0.36
Board [Ks Tc 7s 6c]
Seat 1: RaisemyNut$ (big blind) folded on the Turn
Seat 2: boumbastic (button) (small blind) collected ($17.64)


PokerStars Hand #147110938825:  Hold'em Limit ($3/$6 USD) - 2016/01/15 20:09:40 ET
Table 'Astraea III' 2-max Seat #1 is the button
Seat 1: RaisemyNut$ ($231.53 in chips)
Seat 2: boumbastic ($52.05 in chips)
RaisemyNut$: posts small blind $1
boumbastic: posts big blind $3
*** HOLE CARDS ***
RaisemyNut$: raises $3 to $6
boumbastic: raises $3 to $9
RaisemyNut$: calls $3
*** FLOP *** [2s Jh Qc]
boumbastic: bets $3
RaisemyNut$: calls $3
*** TURN *** [2s Jh Qc] [9s]
boumbastic: checks
RaisemyNut$: bets $6
boumbastic: folds
Uncalled bet ($6) returned to RaisemyNut$
RaisemyNut$ collected $23.52 from pot
RaisemyNut$: doesn't show hand
*** SUMMARY ***
Total pot $24 | Rake $0.48
Board [2s Jh Qc 9s]
Seat 1: RaisemyNut$ (button) (small blind) collected ($23.52)
Seat 2: boumbastic (big blind) folded on the Turn


PokerStars Hand #147110975792:  Hold'em Limit ($3/$6 USD) - 2016/01/15 20:10:39 ET
Table 'Astraea III' 2-max Seat #2 is the button
Seat 1: RaisemyNut$ ($259.31 in chips)
Seat 2: boumbastic ($22.69 in chips)
boumbastic: posts small blind $1
RaisemyNut$: posts big blind $3
*** HOLE CARDS ***
boumbastic: raises $3 to $6
RaisemyNut$: calls $3
*** FLOP *** [9d 3s 9s]
RaisemyNut$: checks
boumbastic: bets $3
RaisemyNut$: calls $3
*** TURN *** [9d 3s 9s] [Jh]
RaisemyNut$: checks
boumbastic: bets $6
RaisemyNut$: calls $6
*** RIVER *** [9d 3s 9s Jh] [8c]
RaisemyNut$: checks
boumbastic: bets $6
RaisemyNut$: calls $6
*** SHOW DOWN ***
boumbastic: shows [Ad Qh] (a pair of Nines)
RaisemyNut$: shows [Qd 3c] (two pair, Nines and Threes)
RaisemyNut$ collected $41.50 from pot
*** SUMMARY ***
Total pot $42 | Rake $0.50
Board [9d 3s 9s Jh 8c]
Seat 1: RaisemyNut$ (big blind) showed [Qd 3c] and won ($41.50) with two pair, Nines and Threes
Seat 2: boumbastic (button) (small blind) showed [Ad Qh] and lost with a pair of Nines


