PokerStars Hand #175004654196:  Hold'em Limit ($3/$6 USD) - 2017/08/30 20:20:55 ET
Table 'Astronomia' 6-max Seat #5 is the button
Seat 5: Septag22 ($81.81 in chips)
Seat 6: belik555 ($189.48 in chips)
Septag22: posts small blind $1
belik555: posts big blind $3
*** HOLE CARDS ***
Septag22: folds
Uncalled bet ($2) returned to belik555
belik555 collected $2 from pot
belik555: doesn't show hand
*** SUMMARY ***
Total pot $2 | Rake $0
Seat 5: Septag22 (button) (small blind) folded before Flop
Seat 6: belik555 (big blind) collected ($2)


PokerStars Hand #175004636794:  Hold'em Limit ($3/$6 USD) - 2017/08/30 20:20:18 ET
Table 'Astronomia' 6-max Seat #6 is the button
Seat 5: Septag22 ($96.81 in chips)
Seat 6: belik555 ($174.98 in chips)
belik555: posts small blind $1
Septag22: posts big blind $3
*** HOLE CARDS ***
cmoiici joins the table at seat #1
belik555: raises $3 to $6
Septag22: calls $3
*** FLOP *** [Kc Tc 2s]
Septag22: checks
belik555: bets $3
Septag22: calls $3
*** TURN *** [Kc Tc 2s] [Th]
Septag22: checks
belik555: checks
*** RIVER *** [Kc Tc 2s Th] [Jc]
Septag22: bets $6
belik555: calls $6
*** SHOW DOWN ***
Septag22: shows [Qh Jd] (two pair, Jacks and Tens)
belik555: shows [As Ac] (two pair, Aces and Tens)
belik555 collected $29.50 from pot
*** SUMMARY ***
Total pot $30 | Rake $0.50
Board [Kc Tc 2s Th Jc]
Seat 5: Septag22 (big blind) showed [Qh Jd] and lost with two pair, Jacks and Tens
Seat 6: belik555 (button) (small blind) showed [As Ac] and won ($29.50) with two pair, Aces and Tens


