PokerStars Hand #154330371252:  Hold'em Limit ($3/$6 USD) - 2016/06/05 13:15:52 ET
Table 'Astraea' 6-max Seat #4 is the button
Seat 3: Vetal949 ($61.52 in chips)
Seat 4: TbIP-TbIP 88 ($72 in chips)
TbIP-TbIP 88: posts small blind $1
Vetal949: posts big blind $3
*** HOLE CARDS ***
TbIP-TbIP 88: folds
Uncalled bet ($2) returned to Vetal949
Vetal949 collected $2 from pot
*** SUMMARY ***
Total pot $2 | Rake $0
Seat 3: Vetal949 (big blind) collected ($2)
Seat 4: TbIP-TbIP 88 (button) (small blind) folded before Flop


PokerStars Hand #154330315583:  Hold'em Limit ($3/$6 USD) - 2016/06/05 13:14:50 ET
Table 'Astraea' 6-max Seat #3 is the button
Seat 3: Vetal949 ($50 in chips)
Seat 4: TbIP-TbIP 88 ($72 in chips)
Vetal949: posts small blind $1
TbIP-TbIP 88: posts big blind $3
*** HOLE CARDS ***
Vetal949: raises $3 to $6
TbIP-TbIP 88: calls $3
*** FLOP *** [6s 6d 8d]
TbIP-TbIP 88: checks
Vetal949: checks
*** TURN *** [6s 6d 8d] [7s]
TbIP-TbIP 88: checks
Vetal949: bets $6
TbIP-TbIP 88: calls $6
*** RIVER *** [6s 6d 8d 7s] [8s]
TbIP-TbIP 88: checks
Vetal949: bets $6
TbIP-TbIP 88: folds
Uncalled bet ($6) returned to Vetal949
Vetal949 collected $23.52 from pot
*** SUMMARY ***
Total pot $24 | Rake $0.48
Board [6s 6d 8d 7s 8s]
Seat 3: Vetal949 (button) (small blind) collected ($23.52)
Seat 4: TbIP-TbIP 88 (big blind) folded on the River


PokerStars Hand #154330385748:  Hold'em Limit ($3/$6 USD) - 2016/06/05 13:16:08 ET
Table 'Astraea' 6-max Seat #3 is the button
Seat 3: Vetal949 ($62.52 in chips)
Seat 4: TbIP-TbIP 88 ($72 in chips)
Vetal949: posts small blind $1
TbIP-TbIP 88: posts big blind $3
*** HOLE CARDS ***
BELEVINKARMA joins the table at seat #6
Vetal949: calls $2
TbIP-TbIP 88: checks
*** FLOP *** [2c 6c Ah]
TbIP-TbIP 88: checks
GoliafUa joins the table at seat #1
Vetal949: checks
*** TURN *** [2c 6c Ah] [Th]
TbIP-TbIP 88: checks
Vetal949: checks
*** RIVER *** [2c 6c Ah Th] [6h]
TbIP-TbIP 88: checks
Vetal949: checks
*** SHOW DOWN ***
TbIP-TbIP 88: shows [5d 3s] (a pair of Sixes)
Vetal949: shows [5c Js] (a pair of Sixes - Ace+Jack kicker)
Vetal949 collected $5.88 from pot
*** SUMMARY ***
Total pot $6 | Rake $0.12
Board [2c 6c Ah Th 6h]
Seat 3: Vetal949 (button) (small blind) showed [5c Js] and won ($5.88) with a pair of Sixes
Seat 4: TbIP-TbIP 88 (big blind) showed [5d 3s] and lost with a pair of Sixes


PokerStars Hand #154330752897:  Hold'em Limit ($3/$6 USD) - 2016/06/05 13:22:53 ET
Table 'Astraea' 6-max Seat #5 is the button
Seat 2: LolDnkaments ($91.02 in chips)
Seat 5: BigDazza1935 ($283.21 in chips)
BigDazza1935: posts small blind $1
LolDnkaments: posts big blind $3
*** HOLE CARDS ***
BigDazza1935: folds
Uncalled bet ($2) returned to LolDnkaments
LolDnkaments collected $2 from pot
LolDnkaments: doesn't show hand
*** SUMMARY ***
Total pot $2 | Rake $0
Seat 2: LolDnkaments (big blind) collected ($2)
Seat 5: BigDazza1935 (button) (small blind) folded before Flop


PokerStars Hand #154330747973:  Hold'em Limit ($3/$6 USD) - 2016/06/05 13:22:47 ET
Table 'Astraea' 6-max Seat #2 is the button
Seat 2: LolDnkaments ($92.02 in chips)
Seat 5: BigDazza1935 ($282.21 in chips)
LolDnkaments: posts small blind $1
BigDazza1935: posts big blind $3
*** HOLE CARDS ***
LolDnkaments: folds
Uncalled bet ($2) returned to BigDazza1935
BigDazza1935 collected $2 from pot
BigDazza1935: doesn't show hand
*** SUMMARY ***
Total pot $2 | Rake $0
Seat 2: LolDnkaments (button) (small blind) folded before Flop
Seat 5: BigDazza1935 (big blind) collected ($2)


PokerStars Hand #154330742005:  Hold'em Limit ($3/$6 USD) - 2016/06/05 13:22:41 ET
Table 'Astraea' 6-max Seat #5 is the button
Seat 2: LolDnkaments ($91.02 in chips)
Seat 5: BigDazza1935 ($283.21 in chips)
BigDazza1935: posts small blind $1
LolDnkaments: posts big blind $3
*** HOLE CARDS ***
BigDazza1935: folds
Uncalled bet ($2) returned to LolDnkaments
LolDnkaments collected $2 from pot
LolDnkaments: doesn't show hand
*** SUMMARY ***
Total pot $2 | Rake $0
Seat 2: LolDnkaments (big blind) collected ($2)
Seat 5: BigDazza1935 (button) (small blind) folded before Flop


PokerStars Hand #154330757538:  Hold'em Limit ($3/$6 USD) - 2016/06/05 13:22:58 ET
Table 'Astraea' 6-max Seat #2 is the button
Seat 2: LolDnkaments ($92.02 in chips)
Seat 5: BigDazza1935 ($282.21 in chips)
LolDnkaments: posts small blind $1
BigDazza1935: posts big blind $3
*** HOLE CARDS ***
LolDnkaments: raises $3 to $6
BigDazza1935: calls $3
*** FLOP *** [7d 4c 4d]
BigDazza1935: checks
LolDnkaments: bets $3
TbIP-TbIP 88 leaves the table
BigDazza1935: folds
Uncalled bet ($3) returned to LolDnkaments
BigDazza1935 leaves the table
LolDnkaments collected $11.76 from pot
LolDnkaments: doesn't show hand
*** SUMMARY ***
Total pot $12 | Rake $0.24
Board [7d 4c 4d]
Seat 2: LolDnkaments (button) (small blind) collected ($11.76)
Seat 5: BigDazza1935 (big blind) folded on the Flop


