PokerStars Hand #173026794470:  Hold'em Limit ($3/$6 USD) - 2017/07/14 13:58:13 ET
Table 'Astrid' 6-max Seat #5 is the button
Seat 5: AnVan ($71.45 in chips)
Seat 6: scorpio04 ($179.64 in chips)
AnVan: posts small blind $1
scorpio04: posts big blind $3
*** HOLE CARDS ***
AnVan: raises $3 to $6
scorpio04: calls $3
*** FLOP *** [Ah 8d Ac]
scorpio04: checks
AnVan: checks
*** TURN *** [Ah 8d Ac] [5h]
scorpio04: checks
AnVan: bets $6
scorpio04: folds
Uncalled bet ($6) returned to AnVan
AnVan collected $11.76 from pot
AnVan: doesn't show hand
*** SUMMARY ***
Total pot $12 | Rake $0.24
Board [Ah 8d Ac 5h]
Seat 5: AnVan (button) (small blind) collected ($11.76)
Seat 6: scorpio04 (big blind) folded on the Turn


PokerStars Hand #173026782066:  Hold'em Limit ($3/$6 USD) - 2017/07/14 13:57:51 ET
Table 'Astrid' 6-max Seat #6 is the button
Seat 5: AnVan ($50.95 in chips)
Seat 6: scorpio04 ($200.64 in chips)
scorpio04: posts small blind $1
AnVan: posts big blind $3
*** HOLE CARDS ***
scorpio04: raises $3 to $6
AnVan: calls $3
*** FLOP *** [As 4d 3s]
AnVan: bets $3
scorpio04: calls $3
*** TURN *** [As 4d 3s] [Jd]
AnVan: bets $6
scorpio04: raises $6 to $12
AnVan: calls $6
*** RIVER *** [As 4d 3s Jd] [2s]
AnVan: bets $6
scorpio04: folds
Uncalled bet ($6) returned to AnVan
AnVan collected $41.50 from pot
AnVan: doesn't show hand
*** SUMMARY ***
Total pot $42 | Rake $0.50
Board [As 4d 3s Jd 2s]
Seat 5: AnVan (big blind) collected ($41.50)
Seat 6: scorpio04 (button) (small blind) folded on the River


PokerStars Hand #173026774507:  Hold'em Limit ($3/$6 USD) - 2017/07/14 13:57:37 ET
Table 'Astrid' 6-max Seat #5 is the button
Seat 5: AnVan ($53.95 in chips)
Seat 6: scorpio04 ($197.76 in chips)
AnVan: posts small blind $1
scorpio04: posts big blind $3
*** HOLE CARDS ***
AnVan: calls $2
scorpio04: checks
*** FLOP *** [8c 3c 5c]
scorpio04: bets $3
AnVan: folds
Uncalled bet ($3) returned to scorpio04
scorpio04 collected $5.88 from pot
scorpio04: doesn't show hand
*** SUMMARY ***
Total pot $6 | Rake $0.12
Board [8c 3c 5c]
Seat 5: AnVan (button) (small blind) folded on the Flop
Seat 6: scorpio04 (big blind) collected ($5.88)


PokerStars Hand #173026763271:  Hold'em Limit ($3/$6 USD) - 2017/07/14 13:57:16 ET
Table 'Astrid' 6-max Seat #6 is the button
Seat 5: AnVan ($80.95 in chips)
Seat 6: scorpio04 ($171.26 in chips)
scorpio04: posts small blind $1
AnVan: posts big blind $3
*** HOLE CARDS ***
scorpio04: raises $3 to $6
AnVan: raises $3 to $9
scorpio04: calls $3
*** FLOP *** [Jd 6s 7s]
AnVan: bets $3
scorpio04: raises $3 to $6
AnVan: calls $3
*** TURN *** [Jd 6s 7s] [4c]
AnVan: checks
scorpio04: bets $6
AnVan: calls $6
*** RIVER *** [Jd 6s 7s 4c] [9c]
AnVan: checks
scorpio04: bets $6
AnVan: calls $6
*** SHOW DOWN ***
scorpio04: shows [5h 8c] (a straight, Five to Nine)
AnVan: mucks hand
scorpio04 collected $53.50 from pot
*** SUMMARY ***
Total pot $54 | Rake $0.50
Board [Jd 6s 7s 4c 9c]
Seat 5: AnVan (big blind) mucked
Seat 6: scorpio04 (button) (small blind) showed [5h 8c] and won ($53.50) with a straight, Five to Nine


PokerStars Hand #173026815102:  Hold'em Limit ($3/$6 USD) - 2017/07/14 13:58:50 ET
Table 'Astrid' 6-max Seat #5 is the button
Seat 5: AnVan ($96.71 in chips)
Seat 6: scorpio04 ($153.64 in chips)
AnVan: posts small blind $1
scorpio04: posts big blind $3
*** HOLE CARDS ***
AnVan: raises $3 to $6
scorpio04: raises $3 to $9
AnVan: calls $3
*** FLOP *** [3d 5c Ts]
scorpio04: bets $3
AnVan: raises $3 to $6
scorpio04: raises $3 to $9
Kikimor1220 joins the table at seat #2
AnVan: calls $3
*** TURN *** [3d 5c Ts] [7c]
scorpio04: bets $6
AzureCaper joins the table at seat #1
AnVan: raises $6 to $12
scorpio04: folds
Uncalled bet ($6) returned to AnVan
AnVan collected $47.50 from pot
AnVan: doesn't show hand
*** SUMMARY ***
Total pot $48 | Rake $0.50
Board [3d 5c Ts 7c]
Seat 5: AnVan (button) (small blind) collected ($47.50)
Seat 6: scorpio04 (big blind) folded on the Turn


PokerStars Hand #173026806405:  Hold'em Limit ($3/$6 USD) - 2017/07/14 13:58:34 ET
Table 'Astrid' 6-max Seat #6 is the button
Seat 5: AnVan ($73.21 in chips)
Seat 6: scorpio04 ($177.64 in chips)
scorpio04: posts small blind $1
AnVan: posts big blind $3
*** HOLE CARDS ***
scorpio04: raises $3 to $6
AnVan: raises $3 to $9
scorpio04: calls $3
*** FLOP *** [2h Ts Ks]
AnVan: bets $3
scorpio04: calls $3
*** TURN *** [2h Ts Ks] [Jh]
AnVan: bets $6
scorpio04: calls $6
*** RIVER *** [2h Ts Ks Jh] [5c]
AnVan: bets $6
scorpio04: calls $6
*** SHOW DOWN ***
AnVan: shows [Tc Th] (three of a kind, Tens)
scorpio04: mucks hand
AnVan collected $47.50 from pot
*** SUMMARY ***
Total pot $48 | Rake $0.50
Board [2h Ts Ks Jh 5c]
Seat 5: AnVan (big blind) showed [Tc Th] and won ($47.50) with three of a kind, Tens
Seat 6: scorpio04 (button) (small blind) mucked


PokerStars Hand #173026803748:  Hold'em Limit ($3/$6 USD) - 2017/07/14 13:58:30 ET
Table 'Astrid' 6-max Seat #5 is the button
Seat 5: AnVan ($74.21 in chips)
Seat 6: scorpio04 ($176.64 in chips)
AnVan: posts small blind $1
scorpio04: posts big blind $3
*** HOLE CARDS ***
AnVan: folds
Uncalled bet ($2) returned to scorpio04
scorpio04 collected $2 from pot
scorpio04: doesn't show hand
*** SUMMARY ***
Total pot $2 | Rake $0
Seat 5: AnVan (button) (small blind) folded before Flop
Seat 6: scorpio04 (big blind) collected ($2)


PokerStars Hand #173026800880:  Hold'em Limit ($3/$6 USD) - 2017/07/14 13:58:24 ET
Table 'Astrid' 6-max Seat #6 is the button
Seat 5: AnVan ($77.21 in chips)
Seat 6: scorpio04 ($173.64 in chips)
scorpio04: posts small blind $1
AnVan: posts big blind $3
*** HOLE CARDS ***
scorpio04: raises $3 to $6
AnVan: folds
Uncalled bet ($3) returned to scorpio04
scorpio04 collected $6 from pot
scorpio04: doesn't show hand
*** SUMMARY ***
Total pot $6 | Rake $0
Seat 5: AnVan (big blind) folded before Flop
Seat 6: scorpio04 (button) (small blind) collected ($6)


PokerStars Hand #173034924708:  Hold'em Limit ($3/$6 USD) - 2017/07/14 17:03:01 ET
Table 'Astrid' 6-max Seat #1 is the button
Seat 1: DECAlpha ($82.85 in chips)
Seat 6: scorpio04 ($901.39 in chips)
DECAlpha: posts small blind $1
AzureCaper: is sitting out
scorpio04: posts big blind $3
*** HOLE CARDS ***
DECAlpha: raises $3 to $6
scorpio04: raises $3 to $9
DECAlpha: calls $3
*** FLOP *** [Jc 9d 8c]
scorpio04: bets $3
DECAlpha: folds
Uncalled bet ($3) returned to scorpio04
scorpio04 collected $17.64 from pot
scorpio04: doesn't show hand
*** SUMMARY ***
Total pot $18 | Rake $0.36
Board [Jc 9d 8c]
Seat 1: DECAlpha (button) (small blind) folded on the Flop
Seat 6: scorpio04 (big blind) collected ($17.64)


PokerStars Hand #173034937726:  Hold'em Limit ($3/$6 USD) - 2017/07/14 17:03:19 ET
Table 'Astrid' 6-max Seat #6 is the button
Seat 1: DECAlpha ($73.85 in chips)
Seat 6: scorpio04 ($910.03 in chips)
scorpio04: posts small blind $1
DECAlpha: posts big blind $3
*** HOLE CARDS ***
scorpio04: raises $3 to $6
DECAlpha: calls $3
*** FLOP *** [2d 7c Js]
DECAlpha: checks
scorpio04: bets $3
DECAlpha: folds
Uncalled bet ($3) returned to scorpio04
scorpio04 collected $11.76 from pot
scorpio04: doesn't show hand
*** SUMMARY ***
Total pot $12 | Rake $0.24
Board [2d 7c Js]
Seat 1: DECAlpha (big blind) folded on the Flop
Seat 6: scorpio04 (button) (small blind) collected ($11.76)


PokerStars Hand #173034965368:  Hold'em Limit ($3/$6 USD) - 2017/07/14 17:03:57 ET
Table 'Astrid' 6-max Seat #6 is the button
Seat 1: DECAlpha ($52.85 in chips)
Seat 6: scorpio04 ($930.29 in chips)
scorpio04: posts small blind $1
DECAlpha: posts big blind $3
*** HOLE CARDS ***
scorpio04: raises $3 to $6
DECAlpha: calls $3
*** FLOP *** [9s 8h Ks]
DECAlpha: checks
scorpio04: bets $3
DECAlpha: raises $3 to $6
scorpio04: calls $3
*** TURN *** [9s 8h Ks] [6c]
DECAlpha: bets $6
scorpio04: raises $6 to $12
DECAlpha: calls $6
*** RIVER *** [9s 8h Ks 6c] [Kc]
DECAlpha: checks
scorpio04: checks
*** SHOW DOWN ***
DECAlpha: shows [6d 7d] (two pair, Kings and Sixes)
scorpio04: shows [7c 6s] (two pair, Kings and Sixes)
DECAlpha collected $23.75 from pot
scorpio04 collected $23.75 from pot
*** SUMMARY ***
Total pot $48 | Rake $0.50
Board [9s 8h Ks 6c Kc]
Seat 1: DECAlpha (big blind) showed [6d 7d] and won ($23.75) with two pair, Kings and Sixes
Seat 6: scorpio04 (button) (small blind) showed [7c 6s] and won ($23.75) with two pair, Kings and Sixes


PokerStars Hand #173034984005:  Hold'em Limit ($3/$6 USD) - 2017/07/14 17:04:22 ET
Table 'Astrid' 6-max Seat #1 is the button
Seat 1: DECAlpha ($52.60 in chips)
Seat 6: scorpio04 ($930.04 in chips)
DECAlpha: posts small blind $1
scorpio04: posts big blind $3
*** HOLE CARDS ***
DECAlpha: raises $3 to $6
scorpio04: calls $3
*** FLOP *** [3d Kc 7d]
scorpio04: checks
DECAlpha: checks
*** TURN *** [3d Kc 7d] [4c]
scorpio04: bets $6
DECAlpha: calls $6
*** RIVER *** [3d Kc 7d 4c] [2c]
scorpio04: bets $6
DECAlpha: raises $6 to $12
scorpio04: calls $6
*** SHOW DOWN ***
DECAlpha: shows [Ks Kh] (three of a kind, Kings)
scorpio04: mucks hand
DECAlpha collected $47.50 from pot
*** SUMMARY ***
Total pot $48 | Rake $0.50
Board [3d Kc 7d 4c 2c]
Seat 1: DECAlpha (button) (small blind) showed [Ks Kh] and won ($47.50) with three of a kind, Kings
Seat 6: scorpio04 (big blind) mucked


PokerStars Hand #173034952352:  Hold'em Limit ($3/$6 USD) - 2017/07/14 17:03:39 ET
Table 'Astrid' 6-max Seat #1 is the button
Seat 1: DECAlpha ($67.85 in chips)
Seat 6: scorpio04 ($915.79 in chips)
DECAlpha: posts small blind $1
scorpio04: posts big blind $3
*** HOLE CARDS ***
DECAlpha: raises $3 to $6
scorpio04: raises $3 to $9
DECAlpha: raises $3 to $12
Betting is capped
scorpio04: calls $3
*** FLOP *** [5h 9h Tc]
scorpio04: checks
DECAlpha: bets $3
scorpio04: raises $3 to $6
DECAlpha: folds
Uncalled bet ($3) returned to scorpio04
scorpio04 collected $29.50 from pot
scorpio04: doesn't show hand
*** SUMMARY ***
Total pot $30 | Rake $0.50
Board [5h 9h Tc]
Seat 1: DECAlpha (button) (small blind) folded on the Flop
Seat 6: scorpio04 (big blind) collected ($29.50)


PokerStars Hand #173034994897:  Hold'em Limit ($3/$6 USD) - 2017/07/14 17:04:37 ET
Table 'Astrid' 6-max Seat #6 is the button
Seat 1: DECAlpha ($76.10 in chips)
Seat 6: scorpio04 ($906.04 in chips)
scorpio04: posts small blind $1
DECAlpha: posts big blind $3
*** HOLE CARDS ***
scorpio04: raises $3 to $6
DECAlpha: calls $3
*** FLOP *** [Kh 3h 3c]
DECAlpha: checks
scorpio04: bets $3
DECAlpha: folds
Uncalled bet ($3) returned to scorpio04
scorpio04 collected $11.76 from pot
scorpio04: doesn't show hand
*** SUMMARY ***
Total pot $12 | Rake $0.24
Board [Kh 3h 3c]
Seat 1: DECAlpha (big blind) folded on the Flop
Seat 6: scorpio04 (button) (small blind) collected ($11.76)


PokerStars Hand #173035006993:  Hold'em Limit ($3/$6 USD) - 2017/07/14 17:04:53 ET
Table 'Astrid' 6-max Seat #1 is the button
Seat 1: DECAlpha ($70.10 in chips)
Seat 6: scorpio04 ($911.80 in chips)
DECAlpha: posts small blind $1
UNABELIEVE was removed from the table for failing to post
scorpio04: posts big blind $3
*** HOLE CARDS ***
DECAlpha: raises $3 to $6
scorpio04: calls $3
*** FLOP *** [8d As Td]
scorpio04: checks
DECAlpha: bets $3
scorpio04: raises $3 to $6
DECAlpha: calls $3
*** TURN *** [8d As Td] [3c]
scorpio04: checks
DECAlpha: checks
*** RIVER *** [8d As Td 3c] [4s]
scorpio04: bets $6
DECAlpha: folds
Uncalled bet ($6) returned to scorpio04
scorpio04 collected $23.52 from pot
scorpio04: doesn't show hand
*** SUMMARY ***
Total pot $24 | Rake $0.48
Board [8d As Td 3c 4s]
Seat 1: DECAlpha (button) (small blind) folded on the River
Seat 6: scorpio04 (big blind) collected ($23.52)


PokerStars Hand #173035035182:  Hold'em Limit ($3/$6 USD) - 2017/07/14 17:05:31 ET
Table 'Astrid' 6-max Seat #6 is the button
Seat 1: DECAlpha ($58.10 in chips)
Seat 6: scorpio04 ($923.32 in chips)
scorpio04: posts small blind $1
DECAlpha: posts big blind $3
*** HOLE CARDS ***
scorpio04: folds
Uncalled bet ($2) returned to DECAlpha
DECAlpha collected $2 from pot
DECAlpha: doesn't show hand
*** SUMMARY ***
Total pot $2 | Rake $0
Seat 1: DECAlpha (big blind) collected ($2)
Seat 6: scorpio04 (button) (small blind) folded before Flop


PokerStars Hand #173035081367:  Hold'em Limit ($3/$6 USD) - 2017/07/14 17:06:33 ET
Table 'Astrid' 6-max Seat #1 is the button
Seat 1: DECAlpha ($52.60 in chips)
Seat 6: scorpio04 ($927.82 in chips)
DECAlpha: posts small blind $1
scorpio04: posts big blind $3
*** HOLE CARDS ***
DECAlpha: raises $3 to $6
scorpio04: raises $3 to $9
DECAlpha: calls $3
*** FLOP *** [6s 8c 9c]
scorpio04: bets $3
DECAlpha: folds
Uncalled bet ($3) returned to scorpio04
scorpio04 collected $17.64 from pot
scorpio04: doesn't show hand
*** SUMMARY ***
Total pot $18 | Rake $0.36
Board [6s 8c 9c]
Seat 1: DECAlpha (button) (small blind) folded on the Flop
Seat 6: scorpio04 (big blind) collected ($17.64)


PokerStars Hand #173035058343:  Hold'em Limit ($3/$6 USD) - 2017/07/14 17:06:02 ET
Table 'Astrid' 6-max Seat #6 is the button
Seat 1: DECAlpha ($35.10 in chips)
Seat 6: scorpio04 ($945.82 in chips)
scorpio04: posts small blind $1
DECAlpha: posts big blind $3
*** HOLE CARDS ***
scorpio04: raises $3 to $6
DECAlpha: raises $3 to $9
scorpio04: calls $3
*** FLOP *** [Ac 5c Ts]
DECAlpha: bets $3
scorpio04: raises $3 to $6
DECAlpha: raises $3 to $9
scorpio04: calls $3
*** TURN *** [Ac 5c Ts] [9h]
DECAlpha: bets $6
scorpio04: folds
Uncalled bet ($6) returned to DECAlpha
DECAlpha collected $35.50 from pot
DECAlpha: doesn't show hand
*** SUMMARY ***
Total pot $36 | Rake $0.50
Board [Ac 5c Ts 9h]
Seat 1: DECAlpha (big blind) collected ($35.50)
Seat 6: scorpio04 (button) (small blind) folded on the Turn


PokerStars Hand #173035039768:  Hold'em Limit ($3/$6 USD) - 2017/07/14 17:05:37 ET
Table 'Astrid' 6-max Seat #1 is the button
Seat 1: DECAlpha ($59.10 in chips)
Seat 6: scorpio04 ($922.32 in chips)
DECAlpha: posts small blind $1
scorpio04: posts big blind $3
*** HOLE CARDS ***
DECAlpha: raises $3 to $6
scorpio04: raises $3 to $9
DECAlpha: calls $3
*** FLOP *** [6s Th 2s]
scorpio04: bets $3
DECAlpha: calls $3
*** TURN *** [6s Th 2s] [5s]
scorpio04: bets $6
DECAlpha: calls $6
*** RIVER *** [6s Th 2s 5s] [Jh]
scorpio04: bets $6
DECAlpha: calls $6
*** SHOW DOWN ***
scorpio04: shows [Qd Tc] (a pair of Tens)
DECAlpha: mucks hand
scorpio04 collected $47.50 from pot
*** SUMMARY ***
Total pot $48 | Rake $0.50
Board [6s Th 2s 5s Jh]
Seat 1: DECAlpha (button) (small blind) mucked
Seat 6: scorpio04 (big blind) showed [Qd Tc] and won ($47.50) with a pair of Tens


PokerStars Hand #173035114346:  Hold'em Limit ($3/$6 USD) - 2017/07/14 17:07:17 ET
Table 'Astrid' 6-max Seat #6 is the button
Seat 1: DECAlpha ($69.10 in chips)
Seat 6: scorpio04 ($910.46 in chips)
scorpio04: posts small blind $1
DECAlpha: posts big blind $3
*** HOLE CARDS ***
scorpio04: raises $3 to $6
DECAlpha: calls $3
*** FLOP *** [2d Ac 6c]
DECAlpha: checks
scorpio04: bets $3
DECAlpha: raises $3 to $6
scorpio04: calls $3
*** TURN *** [2d Ac 6c] [2h]
DECAlpha: checks
scorpio04: checks
*** RIVER *** [2d Ac 6c 2h] [Jd]
DECAlpha: checks
scorpio04: checks
*** SHOW DOWN ***
DECAlpha: shows [3s 5s] (a pair of Deuces)
scorpio04: shows [5d Qd] (a pair of Deuces - Ace+Queen kicker)
scorpio04 collected $23.52 from pot
*** SUMMARY ***
Total pot $24 | Rake $0.48
Board [2d Ac 6c 2h Jd]
Seat 1: DECAlpha (big blind) showed [3s 5s] and lost with a pair of Deuces
Seat 6: scorpio04 (button) (small blind) showed [5d Qd] and won ($23.52) with a pair of Deuces


PokerStars Hand #173035110927:  Hold'em Limit ($3/$6 USD) - 2017/07/14 17:07:12 ET
Table 'Astrid' 6-max Seat #1 is the button
Seat 1: DECAlpha ($70.10 in chips)
Seat 6: scorpio04 ($909.46 in chips)
DECAlpha: posts small blind $1
scorpio04: posts big blind $3
*** HOLE CARDS ***
DECAlpha: folds
Uncalled bet ($2) returned to scorpio04
scorpio04 collected $2 from pot
scorpio04: doesn't show hand
*** SUMMARY ***
Total pot $2 | Rake $0
Seat 1: DECAlpha (button) (small blind) folded before Flop
Seat 6: scorpio04 (big blind) collected ($2)


PokerStars Hand #173035095069:  Hold'em Limit ($3/$6 USD) - 2017/07/14 17:06:51 ET
Table 'Astrid' 6-max Seat #6 is the button
Seat 1: DECAlpha ($43.60 in chips)
Seat 6: scorpio04 ($936.46 in chips)
scorpio04: posts small blind $1
DECAlpha: posts big blind $3
*** HOLE CARDS ***
scorpio04: raises $3 to $6
DECAlpha: raises $3 to $9
scorpio04: calls $3
*** FLOP *** [Js Qh 2s]
DECAlpha: bets $3
scorpio04: raises $3 to $6
DECAlpha: calls $3
*** TURN *** [Js Qh 2s] [9s]
DECAlpha: checks
scorpio04: bets $6
DECAlpha: calls $6
*** RIVER *** [Js Qh 2s 9s] [2d]
DECAlpha: checks
scorpio04: bets $6
DECAlpha: calls $6
*** SHOW DOWN ***
scorpio04: shows [Td Ah] (a pair of Deuces)
DECAlpha: shows [7c 7s] (two pair, Sevens and Deuces)
DECAlpha collected $53.50 from pot
*** SUMMARY ***
Total pot $54 | Rake $0.50
Board [Js Qh 2s 9s 2d]
Seat 1: DECAlpha (big blind) showed [7c 7s] and won ($53.50) with two pair, Sevens and Deuces
Seat 6: scorpio04 (button) (small blind) showed [Td Ah] and lost with a pair of Deuces


PokerStars Hand #173035144193:  Hold'em Limit ($3/$6 USD) - 2017/07/14 17:07:57 ET
Table 'Astrid' 6-max Seat #6 is the button
Seat 1: DECAlpha ($56.10 in chips)
Seat 6: scorpio04 ($922.98 in chips)
scorpio04: posts small blind $1
DECAlpha: posts big blind $3
*** HOLE CARDS ***
scorpio04: raises $3 to $6
DECAlpha: raises $3 to $9
scorpio04: calls $3
*** FLOP *** [4c Jh 5d]
DECAlpha: bets $3
scorpio04: calls $3
*** TURN *** [4c Jh 5d] [2s]
DECAlpha: bets $6
scorpio04: raises $6 to $12
DECAlpha: calls $6
*** RIVER *** [4c Jh 5d 2s] [3h]
DECAlpha: bets $6
scorpio04: calls $6
*** SHOW DOWN ***
DECAlpha: shows [8d Ac] (a straight, Ace to Five)
scorpio04: mucks hand
DECAlpha collected $59.50 from pot
*** SUMMARY ***
Total pot $60 | Rake $0.50
Board [4c Jh 5d 2s 3h]
Seat 1: DECAlpha (big blind) showed [8d Ac] and won ($59.50) with a straight, Ace to Five
Seat 6: scorpio04 (button) (small blind) mucked


PokerStars Hand #173035140141:  Hold'em Limit ($3/$6 USD) - 2017/07/14 17:07:52 ET
Table 'Astrid' 6-max Seat #1 is the button
Seat 1: DECAlpha ($57.10 in chips)
Seat 6: scorpio04 ($921.98 in chips)
DECAlpha: posts small blind $1
scorpio04: posts big blind $3
*** HOLE CARDS ***
DECAlpha: folds
Uncalled bet ($2) returned to scorpio04
scorpio04 collected $2 from pot
scorpio04: doesn't show hand
*** SUMMARY ***
Total pot $2 | Rake $0
Seat 1: DECAlpha (button) (small blind) folded before Flop
Seat 6: scorpio04 (big blind) collected ($2)


PokerStars Hand #173035214026:  Hold'em Limit ($3/$6 USD) - 2017/07/14 17:09:24 ET
Table 'Astrid' 6-max Seat #6 is the button
Seat 1: DECAlpha ($100.10 in chips)
Seat 6: scorpio04 ($877.98 in chips)
scorpio04: posts small blind $1
DECAlpha: posts big blind $3
*** HOLE CARDS ***
vestimokrec joins the table at seat #3
scorpio04: raises $3 to $6
DECAlpha: calls $3
*** FLOP *** [Js 9c 4c]
DECAlpha: checks
scorpio04: bets $3
DECAlpha: calls $3
*** TURN *** [Js 9c 4c] [9d]
DECAlpha: checks
scorpio04: checks
*** RIVER *** [Js 9c 4c 9d] [6h]
DECAlpha: checks
scorpio04: bets $6
DECAlpha: folds
Uncalled bet ($6) returned to scorpio04
scorpio04 collected $17.64 from pot
scorpio04: doesn't show hand
*** SUMMARY ***
Total pot $18 | Rake $0.36
Board [Js 9c 4c 9d 6h]
Seat 1: DECAlpha (big blind) folded on the River
Seat 6: scorpio04 (button) (small blind) collected ($17.64)


