PokerStars Hand #163488328428:  Hold'em Limit ($3/$6 USD) - 2016/12/25 7:33:12 ET
Table 'Astraea' 6-max Seat #1 is the button
Seat 1: Salice Paolo ($35.72 in chips)
Seat 4: VolkovDmitri ($120 in chips)
Salice Paolo: posts small blind $1
VolkovDmitri: posts big blind $3
*** HOLE CARDS ***
Salice Paolo: folds
Uncalled bet ($2) returned to VolkovDmitri
VolkovDmitri collected $2 from pot
VolkovDmitri: doesn't show hand
*** SUMMARY ***
Total pot $2 | Rake $0
Seat 1: Salice Paolo (button) (small blind) folded before Flop
Seat 4: VolkovDmitri (big blind) collected ($2)


PokerStars Hand #163488344855:  Hold'em Limit ($3/$6 USD) - 2016/12/25 7:33:42 ET
Table 'Astraea' 6-max Seat #1 is the button
Seat 1: Salice Paolo ($46.24 in chips)
Seat 4: VolkovDmitri ($120 in chips)
Salice Paolo: posts small blind $1
VolkovDmitri: posts big blind $3
*** HOLE CARDS ***
Salice Paolo: folds
Uncalled bet ($2) returned to VolkovDmitri
VolkovDmitri collected $2 from pot
VolkovDmitri: doesn't show hand
*** SUMMARY ***
Total pot $2 | Rake $0
Seat 1: Salice Paolo (button) (small blind) folded before Flop
Seat 4: VolkovDmitri (big blind) collected ($2)


PokerStars Hand #163488333244:  Hold'em Limit ($3/$6 USD) - 2016/12/25 7:33:20 ET
Table 'Astraea' 6-max Seat #4 is the button
Seat 1: Salice Paolo ($34.72 in chips)
Seat 4: VolkovDmitri ($121 in chips)
VolkovDmitri: posts small blind $1
Salice Paolo: posts big blind $3
*** HOLE CARDS ***
VolkovDmitri: raises $3 to $6
Salice Paolo: raises $3 to $9
VolkovDmitri: calls $3
*** FLOP *** [5d 4h 7d]
Salice Paolo: bets $3
VolkovDmitri: calls $3
*** TURN *** [5d 4h 7d] [5s]
Salice Paolo: bets $6
VolkovDmitri: folds
Uncalled bet ($6) returned to Salice Paolo
Salice Paolo collected $23.52 from pot
Salice Paolo: doesn't show hand
*** SUMMARY ***
Total pot $24 | Rake $0.48
Board [5d 4h 7d 5s]
Seat 1: Salice Paolo (big blind) collected ($23.52)
Seat 4: VolkovDmitri (button) (small blind) folded on the Turn


PokerStars Hand #163488362438:  Hold'em Limit ($3/$6 USD) - 2016/12/25 7:34:14 ET
Table 'Astraea' 6-max Seat #1 is the button
Seat 1: Salice Paolo ($21.24 in chips)
Seat 4: VolkovDmitri ($144.50 in chips)
Salice Paolo: posts small blind $1
VolkovDmitri: posts big blind $3
*** HOLE CARDS ***
Salice Paolo: folds
Uncalled bet ($2) returned to VolkovDmitri
VolkovDmitri collected $2 from pot
VolkovDmitri: doesn't show hand
*** SUMMARY ***
Total pot $2 | Rake $0
Seat 1: Salice Paolo (button) (small blind) folded before Flop
Seat 4: VolkovDmitri (big blind) collected ($2)


PokerStars Hand #163488348814:  Hold'em Limit ($3/$6 USD) - 2016/12/25 7:33:49 ET
Table 'Astraea' 6-max Seat #4 is the button
Seat 1: Salice Paolo ($45.24 in chips)
Seat 4: VolkovDmitri ($121 in chips)
VolkovDmitri: posts small blind $1
Salice Paolo: posts big blind $3
*** HOLE CARDS ***
VolkovDmitri: raises $3 to $6
Salice Paolo: raises $3 to $9
VolkovDmitri: calls $3
*** FLOP *** [4d Td 8s]
Salice Paolo: bets $3
VolkovDmitri: calls $3
*** TURN *** [4d Td 8s] [8d]
Salice Paolo: bets $6
Dimon5555 joins the table at seat #6
VolkovDmitri: calls $6
*** RIVER *** [4d Td 8s 8d] [Ac]
Salice Paolo: bets $6
VolkovDmitri: calls $6
*** SHOW DOWN ***
Salice Paolo: shows [Kh Kd] (two pair, Kings and Eights)
VolkovDmitri: shows [As 3d] (two pair, Aces and Eights)
VolkovDmitri collected $47.50 from pot
*** SUMMARY ***
Total pot $48 | Rake $0.50
Board [4d Td 8s 8d Ac]
Seat 1: Salice Paolo (big blind) showed [Kh Kd] and lost with two pair, Kings and Eights
Seat 4: VolkovDmitri (button) (small blind) showed [As 3d] and won ($47.50) with two pair, Aces and Eights


PokerStars Hand #163488755614:  Hold'em Limit ($3/$6 USD) - 2016/12/25 7:46:15 ET
Table 'Astraea' 6-max Seat #3 is the button
Seat 2: Hando55 ($278.08 in chips)
Seat 3: MellivoraSto ($141.41 in chips)
MellivoraSto: posts small blind $1
Hando55: posts big blind $3
*** HOLE CARDS ***
MellivoraSto: raises $3 to $6
Hando55: folds
Uncalled bet ($3) returned to MellivoraSto
Hando55 leaves the table
MellivoraSto collected $6 from pot
MellivoraSto: doesn't show hand
*** SUMMARY ***
Total pot $6 | Rake $0
Seat 2: Hando55 (big blind) folded before Flop
Seat 3: MellivoraSto (button) (small blind) collected ($6)


