PokerStars Hand #159962372868:  Hold'em Limit ($3/$6 USD) - 2016/10/15 9:56:45 ET
Table 'Astraea II' 6-max Seat #4 is the button
Seat 3: bulgarianDOG ($40.50 in chips)
Seat 4: VolkovDmitri ($124 in chips)
VolkovDmitri: posts small blind $1
bulgarianDOG: posts big blind $3
*** HOLE CARDS ***
VolkovDmitri: raises $3 to $6
bulgarianDOG: calls $3
*** FLOP *** [4h 4c 4d]
bulgarianDOG: checks
VolkovDmitri: bets $3
bulgarianDOG: calls $3
*** TURN *** [4h 4c 4d] [7h]
bulgarianDOG: checks
VolkovDmitri: checks
*** RIVER *** [4h 4c 4d 7h] [9d]
bulgarianDOG: checks
VolkovDmitri: checks
*** SHOW DOWN ***
bulgarianDOG: shows [5d 3h] (three of a kind, Fours)
VolkovDmitri: shows [8h Qc] (three of a kind, Fours - Queen kicker)
VolkovDmitri collected $17.64 from pot
*** SUMMARY ***
Total pot $18 | Rake $0.36
Board [4h 4c 4d 7h 9d]
Seat 3: bulgarianDOG (big blind) showed [5d 3h] and lost with three of a kind, Fours
Seat 4: VolkovDmitri (button) (small blind) showed [8h Qc] and won ($17.64) with three of a kind, Fours


PokerStars Hand #159962370125:  Hold'em Limit ($3/$6 USD) - 2016/10/15 9:56:40 ET
Table 'Astraea II' 6-max Seat #3 is the button
Seat 3: bulgarianDOG ($41.50 in chips)
Seat 4: VolkovDmitri ($123 in chips)
bulgarianDOG: posts small blind $1
VolkovDmitri: posts big blind $3
*** HOLE CARDS ***
bulgarianDOG: folds
Uncalled bet ($2) returned to VolkovDmitri
VolkovDmitri collected $2 from pot
VolkovDmitri: doesn't show hand
*** SUMMARY ***
Total pot $2 | Rake $0
Seat 3: bulgarianDOG (button) (small blind) folded before Flop
Seat 4: VolkovDmitri (big blind) collected ($2)


PokerStars Hand #159962365695:  Hold'em Limit ($3/$6 USD) - 2016/10/15 9:56:31 ET
Table 'Astraea II' 6-max Seat #4 is the button
Seat 3: bulgarianDOG ($44.50 in chips)
Seat 4: VolkovDmitri ($120 in chips)
VolkovDmitri: posts small blind $1
bulgarianDOG: posts big blind $3
*** HOLE CARDS ***
VolkovDmitri: raises $3 to $6
bulgarianDOG: folds
Uncalled bet ($3) returned to VolkovDmitri
VolkovDmitri collected $6 from pot
VolkovDmitri: doesn't show hand
*** SUMMARY ***
Total pot $6 | Rake $0
Seat 3: bulgarianDOG (big blind) folded before Flop
Seat 4: VolkovDmitri (button) (small blind) collected ($6)


PokerStars Hand #159962350389:  Hold'em Limit ($3/$6 USD) - 2016/10/15 9:56:01 ET
Table 'Astraea II' 6-max Seat #3 is the button
Seat 3: bulgarianDOG ($30 in chips)
Seat 4: VolkovDmitri ($120 in chips)
bulgarianDOG: posts small blind $1
VolkovDmitri: posts big blind $3
*** HOLE CARDS ***
bulgarianDOG: raises $3 to $6
VolkovDmitri: calls $3
*** FLOP *** [Jh 2c 3h]
VolkovDmitri: checks
bulgarianDOG: bets $3
VolkovDmitri: raises $3 to $6
bulgarianDOG: raises $3 to $9
VolkovDmitri: calls $3
*** TURN *** [Jh 2c 3h] [6h]
VolkovDmitri: checks
bulgarianDOG: bets $6
VolkovDmitri: folds
Uncalled bet ($6) returned to bulgarianDOG
bulgarianDOG collected $29.50 from pot
bulgarianDOG: doesn't show hand
*** SUMMARY ***
Total pot $30 | Rake $0.50
Board [Jh 2c 3h 6h]
Seat 3: bulgarianDOG (button) (small blind) collected ($29.50)
Seat 4: VolkovDmitri (big blind) folded on the Turn


PokerStars Hand #159962397708:  Hold'em Limit ($3/$6 USD) - 2016/10/15 9:57:34 ET
Table 'Astraea II' 6-max Seat #3 is the button
Seat 3: bulgarianDOG ($27.50 in chips)
Seat 4: VolkovDmitri ($136.64 in chips)
bulgarianDOG: posts small blind $1
VolkovDmitri: posts big blind $3
*** HOLE CARDS ***
bulgarianDOG: folds
Uncalled bet ($2) returned to VolkovDmitri
VolkovDmitri collected $2 from pot
VolkovDmitri: doesn't show hand
*** SUMMARY ***
Total pot $2 | Rake $0
Seat 3: bulgarianDOG (button) (small blind) folded before Flop
Seat 4: VolkovDmitri (big blind) collected ($2)


PokerStars Hand #159962392648:  Hold'em Limit ($3/$6 USD) - 2016/10/15 9:57:24 ET
Table 'Astraea II' 6-max Seat #4 is the button
Seat 3: bulgarianDOG ($30.50 in chips)
Seat 4: VolkovDmitri ($133.64 in chips)
VolkovDmitri: posts small blind $1
bulgarianDOG: posts big blind $3
*** HOLE CARDS ***
AzureCaper joins the table at seat #5
VolkovDmitri: raises $3 to $6
bulgarianDOG: folds
Uncalled bet ($3) returned to VolkovDmitri
VolkovDmitri collected $6 from pot
VolkovDmitri: doesn't show hand
*** SUMMARY ***
Total pot $6 | Rake $0
Seat 3: bulgarianDOG (big blind) folded before Flop
Seat 4: VolkovDmitri (button) (small blind) collected ($6)


PokerStars Hand #159962389368:  Hold'em Limit ($3/$6 USD) - 2016/10/15 9:57:18 ET
Table 'Astraea II' 6-max Seat #3 is the button
Seat 3: bulgarianDOG ($31.50 in chips)
Seat 4: VolkovDmitri ($132.64 in chips)
bulgarianDOG: posts small blind $1
VolkovDmitri: posts big blind $3
*** HOLE CARDS ***
bulgarianDOG: folds
Uncalled bet ($2) returned to VolkovDmitri
VolkovDmitri collected $2 from pot
VolkovDmitri: doesn't show hand
*** SUMMARY ***
Total pot $2 | Rake $0
Seat 3: bulgarianDOG (button) (small blind) folded before Flop
Seat 4: VolkovDmitri (big blind) collected ($2)


PokerStars Hand #159962819509:  Hold'em Limit ($3/$6 USD) - 2016/10/15 10:09:26 ET
Table 'Astraea II' 6-max Seat #3 is the button
Seat 3: krossguard ($145.36 in chips)
Seat 5: AzureCaper ($77.26 in chips)
krossguard: posts small blind $1
AzureCaper: posts big blind $3
*** HOLE CARDS ***
krossguard: raises $3 to $6
VolkovDmitri leaves the table
AzureCaper: calls $3
*** FLOP *** [Qh Kc 4d]
AzureCaper: checks
krossguard: bets $3
AzureCaper: calls $3
*** TURN *** [Qh Kc 4d] [Th]
AzureCaper: checks
krossguard: bets $6
AzureCaper: calls $6
*** RIVER *** [Qh Kc 4d Th] [Ks]
AzureCaper: checks
krossguard: bets $6
AzureCaper: folds
Uncalled bet ($6) returned to krossguard
krossguard collected $29.50 from pot
krossguard: doesn't show hand
*** SUMMARY ***
Total pot $30 | Rake $0.50
Board [Qh Kc 4d Th Ks]
Seat 3: krossguard (button) (small blind) collected ($29.50)
Seat 5: AzureCaper (big blind) folded on the River


