PokerStars Hand #155251959096:  Hold'em Limit ($3/$6 USD) - 2016/06/27 3:33:35 ET
Table 'Astronomia' 6-max Seat #3 is the button
Seat 2: Ag3r0n ($161.34 in chips)
Seat 3: kairobs ($70.68 in chips)
kairobs: posts small blind $1
Ag3r0n: posts big blind $3
*** HOLE CARDS ***
kairobs: raises $3 to $6
Ag3r0n: raises $3 to $9
kairobs: calls $3
*** FLOP *** [Js Ts Ks]
Ag3r0n: checks
kairobs: checks
*** TURN *** [Js Ts Ks] [6d]
Ag3r0n: checks
kairobs: checks
*** RIVER *** [Js Ts Ks 6d] [9d]
Ag3r0n: bets $6
kairobs: folds
Uncalled bet ($6) returned to Ag3r0n
Ag3r0n collected $17.64 from pot
*** SUMMARY ***
Total pot $18 | Rake $0.36
Board [Js Ts Ks 6d 9d]
Seat 2: Ag3r0n (big blind) collected ($17.64)
Seat 3: kairobs (button) (small blind) folded on the River


PokerStars Hand #155251955679:  Hold'em Limit ($3/$6 USD) - 2016/06/27 3:33:21 ET
Table 'Astronomia' 6-max Seat #2 is the button
Seat 2: Ag3r0n ($152.70 in chips)
Seat 3: kairobs ($79.68 in chips)
Ag3r0n: posts small blind $1
kairobs: posts big blind $3
*** HOLE CARDS ***
Ag3r0n: raises $3 to $6
kairobs: calls $3
*** FLOP *** [Ac Ks 5s]
kairobs: checks
Ag3r0n: bets $3
kairobs: calls $3
*** TURN *** [Ac Ks 5s] [Kc]
kairobs: checks
Ag3r0n: bets $6
kairobs: folds
Uncalled bet ($6) returned to Ag3r0n
Ag3r0n collected $17.64 from pot
*** SUMMARY ***
Total pot $18 | Rake $0.36
Board [Ac Ks 5s Kc]
Seat 2: Ag3r0n (button) (small blind) collected ($17.64)
Seat 3: kairobs (big blind) folded on the Turn


PokerStars Hand #155251962717:  Hold'em Limit ($3/$6 USD) - 2016/06/27 3:33:50 ET
Table 'Astronomia' 6-max Seat #2 is the button
Seat 2: Ag3r0n ($169.98 in chips)
Seat 3: kairobs ($61.68 in chips)
Ag3r0n: posts small blind $1
kairobs: posts big blind $3
*** HOLE CARDS ***
Ag3r0n: raises $3 to $6
kairobs: raises $3 to $9
Ag3r0n: calls $3
*** FLOP *** [Tc 5s Ad]
kairobs: bets $3
Ag3r0n: calls $3
*** TURN *** [Tc 5s Ad] [3s]
kairobs: bets $6
Ag3r0n: calls $6
*** RIVER *** [Tc 5s Ad 3s] [7c]
kairobs: bets $6
Ag3r0n: calls $6
*** SHOW DOWN ***
kairobs: shows [3h Qh] (a pair of Threes)
Ag3r0n: shows [Ts Js] (a pair of Tens)
Ag3r0n collected $47.50 from pot
*** SUMMARY ***
Total pot $48 | Rake $0.50
Board [Tc 5s Ad 3s 7c]
Seat 2: Ag3r0n (button) (small blind) showed [Ts Js] and won ($47.50) with a pair of Tens
Seat 3: kairobs (big blind) showed [3h Qh] and lost with a pair of Threes


PokerStars Hand #155251951393:  Hold'em Limit ($3/$6 USD) - 2016/06/27 3:33:03 ET
Table 'Astronomia' 6-max Seat #3 is the button
Seat 2: Ag3r0n ($164.70 in chips)
Seat 3: kairobs ($68.16 in chips)
kairobs: posts small blind $1
Ag3r0n: posts big blind $3
*** HOLE CARDS ***
kairobs: raises $3 to $6
Ag3r0n: raises $3 to $9
kairobs: calls $3
*** FLOP *** [7c 5d 4c]
Ag3r0n: bets $3
kairobs: calls $3
*** TURN *** [7c 5d 4c] [3h]
Ag3r0n: checks
kairobs: checks
*** RIVER *** [7c 5d 4c 3h] [8s]
Ag3r0n: checks
kairobs: checks
*** SHOW DOWN ***
Ag3r0n: shows [Ah Kc] (high card Ace)
kairobs: shows [2d 2h] (a pair of Deuces)
kairobs collected $23.52 from pot
*** SUMMARY ***
Total pot $24 | Rake $0.48
Board [7c 5d 4c 3h 8s]
Seat 2: Ag3r0n (big blind) showed [Ah Kc] and lost with high card Ace
Seat 3: kairobs (button) (small blind) showed [2d 2h] and won ($23.52) with a pair of Deuces


PokerStars Hand #155252030574:  Hold'em Limit ($3/$6 USD) - 2016/06/27 3:38:34 ET
Table 'Astronomia' 6-max Seat #2 is the button
Seat 2: Ag3r0n ($248.87 in chips)
Seat 4: bersik12 ($84.53 in chips)
Ag3r0n: posts small blind $1
bersik12: posts big blind $3
*** HOLE CARDS ***
Ag3r0n: raises $3 to $6
bersik12: raises $3 to $9
Ag3r0n: calls $3
*** FLOP *** [Jd 8h Qd]
bersik12: checks
Ag3r0n: bets $3
bersik12: calls $3
*** TURN *** [Jd 8h Qd] [Tc]
bersik12: bets $6
Ag3r0n: calls $6
*** RIVER *** [Jd 8h Qd Tc] [Ts]
bersik12: bets $6
Ag3r0n: calls $6
*** SHOW DOWN ***
bersik12: shows [Ac 9c] (a straight, Eight to Queen)
Ag3r0n: mucks hand
bersik12 collected $47.50 from pot
*** SUMMARY ***
Total pot $48 | Rake $0.50
Board [Jd 8h Qd Tc Ts]
Seat 2: Ag3r0n (button) (small blind) mucked
Seat 4: bersik12 (big blind) showed [Ac 9c] and won ($47.50) with a straight, Eight to Queen


PokerStars Hand #155252044361:  Hold'em Limit ($3/$6 USD) - 2016/06/27 3:39:30 ET
Table 'Astronomia' 6-max Seat #4 is the button
Seat 2: Ag3r0n ($199.87 in chips)
Seat 4: bersik12 ($132.53 in chips)
bersik12: posts small blind $1
Ag3r0n: posts big blind $3
*** HOLE CARDS ***
bersik12: folds
Uncalled bet ($2) returned to Ag3r0n
Ag3r0n collected $2 from pot
*** SUMMARY ***
Total pot $2 | Rake $0
Seat 2: Ag3r0n (big blind) collected ($2)
Seat 4: bersik12 (button) (small blind) folded before Flop


PokerStars Hand #155252043232:  Hold'em Limit ($3/$6 USD) - 2016/06/27 3:39:25 ET
Table 'Astronomia' 6-max Seat #2 is the button
Seat 2: Ag3r0n ($200.87 in chips)
Seat 4: bersik12 ($131.53 in chips)
Ag3r0n: posts small blind $1
bersik12: posts big blind $3
*** HOLE CARDS ***
Ag3r0n: folds
Uncalled bet ($2) returned to bersik12
bersik12 collected $2 from pot
bersik12: doesn't show hand
*** SUMMARY ***
Total pot $2 | Rake $0
Seat 2: Ag3r0n (button) (small blind) folded before Flop
Seat 4: bersik12 (big blind) collected ($2)


PokerStars Hand #155252036724:  Hold'em Limit ($3/$6 USD) - 2016/06/27 3:39:00 ET
Table 'Astronomia' 6-max Seat #4 is the button
Seat 2: Ag3r0n ($224.87 in chips)
Seat 4: bersik12 ($108.03 in chips)
bersik12: posts small blind $1
Ag3r0n: posts big blind $3
*** HOLE CARDS ***
bersik12: raises $3 to $6
Ag3r0n: raises $3 to $9
bersik12: raises $3 to $12
Betting is capped
Ag3r0n: calls $3
*** FLOP *** [7d Js 5h]
Ag3r0n: checks
bersik12: bets $3
Ag3r0n: raises $3 to $6
bersik12: calls $3
*** TURN *** [7d Js 5h] [4c]
Ag3r0n: bets $6
bersik12: raises $6 to $12
Ag3r0n: folds
Uncalled bet ($6) returned to bersik12
bersik12 collected $47.50 from pot
bersik12: doesn't show hand
*** SUMMARY ***
Total pot $48 | Rake $0.50
Board [7d Js 5h 4c]
Seat 2: Ag3r0n (big blind) folded on the Turn
Seat 4: bersik12 (button) (small blind) collected ($47.50)


PokerStars Hand #155252050795:  Hold'em Limit ($3/$6 USD) - 2016/06/27 3:39:56 ET
Table 'Astronomia' 6-max Seat #4 is the button
Seat 2: Ag3r0n ($215.37 in chips)
Seat 4: bersik12 ($116.53 in chips)
bersik12: posts small blind $1
Ag3r0n: posts big blind $3
*** HOLE CARDS ***
bersik12: raises $3 to $6
Ag3r0n: raises $3 to $9
bersik12: raises $3 to $12
Betting is capped
Ag3r0n: calls $3
*** FLOP *** [5d Ah Kd]
xcgxcg2005 joins the table at seat #3
Ag3r0n: checks
bersik12: bets $3
Ag3r0n: folds
Uncalled bet ($3) returned to bersik12
bersik12 collected $23.52 from pot
bersik12: doesn't show hand
*** SUMMARY ***
Total pot $24 | Rake $0.48
Board [5d Ah Kd]
Seat 2: Ag3r0n (big blind) folded on the Flop
Seat 4: bersik12 (button) (small blind) collected ($23.52)


PokerStars Hand #155252045804:  Hold'em Limit ($3/$6 USD) - 2016/06/27 3:39:35 ET
Table 'Astronomia' 6-max Seat #2 is the button
Seat 2: Ag3r0n ($200.87 in chips)
Seat 4: bersik12 ($131.53 in chips)
Ag3r0n: posts small blind $1
bersik12: posts big blind $3
*** HOLE CARDS ***
Ag3r0n: raises $3 to $6
bersik12: calls $3
*** FLOP *** [Ac Jh 8h]
bersik12: checks
Ag3r0n: bets $3
bersik12: calls $3
*** TURN *** [Ac Jh 8h] [Kh]
bersik12: checks
Ag3r0n: checks
*** RIVER *** [Ac Jh 8h Kh] [Qc]
bersik12: bets $6
Ag3r0n: calls $6
*** SHOW DOWN ***
bersik12: shows [Js 4d] (a pair of Jacks)
Ag3r0n: shows [9d Kd] (a pair of Kings)
Ag3r0n collected $29.50 from pot
*** SUMMARY ***
Total pot $30 | Rake $0.50
Board [Ac Jh 8h Kh Qc]
Seat 2: Ag3r0n (button) (small blind) showed [9d Kd] and won ($29.50) with a pair of Kings
Seat 4: bersik12 (big blind) showed [Js 4d] and lost with a pair of Jacks


PokerStars Hand #155252155041:  Hold'em Limit ($3/$6 USD) - 2016/06/27 3:46:26 ET
Table 'Astronomia' 6-max Seat #4 is the button
Seat 2: Ag3r0n ($245.30 in chips)
Seat 4: bersik12 ($33.98 in chips)
bersik12: posts small blind $1
Ag3r0n: posts big blind $3
*** HOLE CARDS ***
bersik12: folds
Uncalled bet ($2) returned to Ag3r0n
xcgxcg2005 leaves the table
Ag3r0n collected $2 from pot
*** SUMMARY ***
Total pot $2 | Rake $0
Seat 2: Ag3r0n (big blind) collected ($2)
Seat 4: bersik12 (button) (small blind) folded before Flop


PokerStars Hand #155252161987:  Hold'em Limit ($3/$6 USD) - 2016/06/27 3:46:54 ET
Table 'Astronomia' 6-max Seat #4 is the button
Seat 2: Ag3r0n ($269.80 in chips)
Seat 4: bersik12 ($8.98 in chips)
bersik12: posts small blind $1
Ag3r0n: posts big blind $3
*** HOLE CARDS ***
bersik12: folds
Uncalled bet ($2) returned to Ag3r0n
Ag3r0n collected $2 from pot
*** SUMMARY ***
Total pot $2 | Rake $0
Seat 2: Ag3r0n (big blind) collected ($2)
Seat 4: bersik12 (button) (small blind) folded before Flop


PokerStars Hand #155252163284:  Hold'em Limit ($3/$6 USD) - 2016/06/27 3:46:59 ET
Table 'Astronomia' 6-max Seat #2 is the button
Seat 2: Ag3r0n ($270.80 in chips)
Seat 4: bersik12 ($7.98 in chips)
Ag3r0n: posts small blind $1
bersik12: posts big blind $3
*** HOLE CARDS ***
Ag3r0n: raises $3 to $6
bersik12: raises $1.98 to $7.98 and is all-in
Ag3r0n: calls $1.98
*** FLOP *** [4h 7h 4s]
*** TURN *** [4h 7h 4s] [8h]
*** RIVER *** [4h 7h 4s 8h] [Jc]
*** SHOW DOWN ***
bersik12: shows [9d Ts] (a straight, Seven to Jack)
Ag3r0n: shows [8c 6s] (two pair, Eights and Fours)
bersik12 collected $15.64 from pot
*** SUMMARY ***
Total pot $15.96 | Rake $0.32
Board [4h 7h 4s 8h Jc]
Seat 2: Ag3r0n (button) (small blind) showed [8c 6s] and lost with two pair, Eights and Fours
Seat 4: bersik12 (big blind) showed [9d Ts] and won ($15.64) with a straight, Seven to Jack


PokerStars Hand #155252156497:  Hold'em Limit ($3/$6 USD) - 2016/06/27 3:46:32 ET
Table 'Astronomia' 6-max Seat #2 is the button
Seat 2: Ag3r0n ($246.30 in chips)
Seat 4: bersik12 ($32.98 in chips)
Ag3r0n: posts small blind $1
bersik12: posts big blind $3
*** HOLE CARDS ***
Ag3r0n: raises $3 to $6
bersik12: calls $3
*** FLOP *** [3c 6s 9s]
bersik12: checks
Ag3r0n: bets $3
bersik12: raises $3 to $6
Ag3r0n: calls $3
*** TURN *** [3c 6s 9s] [Ac]
bersik12: bets $6
Ag3r0n: calls $6
*** RIVER *** [3c 6s 9s Ac] [Th]
bersik12: bets $6
Ag3r0n: calls $6
*** SHOW DOWN ***
bersik12: shows [4d 5h] (high card Ace)
Ag3r0n: shows [6c Js] (a pair of Sixes)
Ag3r0n collected $47.50 from pot
*** SUMMARY ***
Total pot $48 | Rake $0.50
Board [3c 6s 9s Ac Th]
Seat 2: Ag3r0n (button) (small blind) showed [6c Js] and won ($47.50) with a pair of Sixes
Seat 4: bersik12 (big blind) showed [4d 5h] and lost with high card Ace


PokerStars Hand #155252167963:  Hold'em Limit ($3/$6 USD) - 2016/06/27 3:47:18 ET
Table 'Astronomia' 6-max Seat #2 is the button
Seat 2: Ag3r0n ($259.82 in chips)
Seat 4: bersik12 ($18.64 in chips)
Ag3r0n: posts small blind $1
bersik12: posts big blind $3
*** HOLE CARDS ***
Ag3r0n: folds
Uncalled bet ($2) returned to bersik12
bersik12 collected $2 from pot
bersik12: doesn't show hand
*** SUMMARY ***
Total pot $2 | Rake $0
Seat 2: Ag3r0n (button) (small blind) folded before Flop
Seat 4: bersik12 (big blind) collected ($2)


PokerStars Hand #155252166316:  Hold'em Limit ($3/$6 USD) - 2016/06/27 3:47:12 ET
Table 'Astronomia' 6-max Seat #4 is the button
Seat 2: Ag3r0n ($262.82 in chips)
Seat 4: bersik12 ($15.64 in chips)
bersik12: posts small blind $1
Ag3r0n: posts big blind $3
*** HOLE CARDS ***
bersik12: raises $3 to $6
Ag3r0n: folds
Uncalled bet ($3) returned to bersik12
bersik12 collected $6 from pot
bersik12: doesn't show hand
*** SUMMARY ***
Total pot $6 | Rake $0
Seat 2: Ag3r0n (big blind) folded before Flop
Seat 4: bersik12 (button) (small blind) collected ($6)


PokerStars Hand #155252169142:  Hold'em Limit ($3/$6 USD) - 2016/06/27 3:47:23 ET
Table 'Astronomia' 6-max Seat #4 is the button
Seat 2: Ag3r0n ($258.82 in chips)
Seat 4: bersik12 ($19.64 in chips)
bersik12: posts small blind $1
Ag3r0n: posts big blind $3
*** HOLE CARDS ***
bersik12: folds
Uncalled bet ($2) returned to Ag3r0n
Ag3r0n collected $2 from pot
*** SUMMARY ***
Total pot $2 | Rake $0
Seat 2: Ag3r0n (big blind) collected ($2)
Seat 4: bersik12 (button) (small blind) folded before Flop


PokerStars Hand #155252256292:  Hold'em Limit ($3/$6 USD) - 2016/06/27 3:53:10 ET
Table 'Astronomia' 6-max Seat #2 is the button
Seat 2: Ag3r0n ($213.68 in chips)
Seat 5: RockKillerTY ($114.53 in chips)
Ag3r0n: posts small blind $1
RockKillerTY: posts big blind $3
*** HOLE CARDS ***
Ag3r0n: raises $3 to $6
RockKillerTY: calls $3
*** FLOP *** [Ad 5d 4c]
RockKillerTY: checks
Ag3r0n: bets $3
RockKillerTY: calls $3
*** TURN *** [Ad 5d 4c] [Js]
RockKillerTY: checks
Ag3r0n: checks
*** RIVER *** [Ad 5d 4c Js] [9s]
RockKillerTY: checks
Ag3r0n: checks
*** SHOW DOWN ***
RockKillerTY: shows [Tc 5h] (a pair of Fives)
Ag3r0n: mucks hand
RockKillerTY collected $17.64 from pot
*** SUMMARY ***
Total pot $18 | Rake $0.36
Board [Ad 5d 4c Js 9s]
Seat 2: Ag3r0n (button) (small blind) mucked
Seat 5: RockKillerTY (big blind) showed [Tc 5h] and won ($17.64) with a pair of Fives


