PokerStars Hand #161652664613:  Hold'em Limit ($3/$6 USD) - 2016/11/19 15:09:47 ET
Table 'Astrid II' 6-max Seat #3 is the button
Seat 3: lokalso23 ($39.06 in chips)
Seat 6: maoall3Aa ($51.47 in chips)
lokalso23: posts small blind $1
maoall3Aa: posts big blind $3
*** HOLE CARDS ***
lokalso23: raises $3 to $6
maoall3Aa: raises $3 to $9
lokalso23: raises $3 to $12
Betting is capped
maoall3Aa: calls $3
*** FLOP *** [2s Ad Td]
maoall3Aa: bets $3
lokalso23: raises $3 to $6
maoall3Aa: raises $3 to $9
lokalso23: raises $3 to $12
Betting is capped
maoall3Aa: calls $3
*** TURN *** [2s Ad Td] [Tc]
maoall3Aa: bets $6
lokalso23: raises $6 to $12
maoall3Aa: calls $6
*** RIVER *** [2s Ad Td Tc] [4d]
maoall3Aa: bets $6
lokalso23: folds
Uncalled bet ($6) returned to maoall3Aa
maoall3Aa collected $71.50 from pot
David And844 joins the table at seat #2
maoall3Aa: doesn't show hand
*** SUMMARY ***
Total pot $72 | Rake $0.50
Board [2s Ad Td Tc 4d]
Seat 3: lokalso23 (button) (small blind) folded on the River
Seat 6: maoall3Aa (big blind) collected ($71.50)


PokerStars Hand #161652641302:  Hold'em Limit ($3/$6 USD) - 2016/11/19 15:09:21 ET
Table 'Astrid II' 6-max Seat #6 is the button
Seat 3: lokalso23 ($60.06 in chips)
Seat 6: maoall3Aa ($30.97 in chips)
maoall3Aa: posts small blind $1
lokalso23: posts big blind $3
*** HOLE CARDS ***
maoall3Aa: raises $3 to $6
lokalso23: raises $3 to $9
maoall3Aa: raises $3 to $12
Betting is capped
lokalso23: calls $3
*** FLOP *** [Jd Ah 9h]
lokalso23: bets $3
maoall3Aa: raises $3 to $6
lokalso23: raises $3 to $9
maoall3Aa: raises $3 to $12
Betting is capped
lokalso23: folds
Uncalled bet ($3) returned to maoall3Aa
maoall3Aa collected $41.50 from pot
maoall3Aa: doesn't show hand
*** SUMMARY ***
Total pot $42 | Rake $0.50
Board [Jd Ah 9h]
Seat 3: lokalso23 (big blind) folded on the Flop
Seat 6: maoall3Aa (button) (small blind) collected ($41.50)


PokerStars Hand #161652754975:  Hold'em Limit ($3/$6 USD) - 2016/11/19 15:11:28 ET
Table 'Astrid II' 6-max Seat #2 is the button
Seat 2: David And844 ($88.87 in chips)
Seat 5: hamsa222 ($94.80 in chips)
ToDaFelt will be allowed to play after the button
David And844: posts small blind $1
hamsa222: posts big blind $3
*** HOLE CARDS ***
lokalso23 leaves the table
David And844: raises $3 to $6
hamsa222: folds
Uncalled bet ($3) returned to David And844
David And844 collected $6 from pot
David And844: doesn't show hand
*** SUMMARY ***
Total pot $6 | Rake $0
Seat 2: David And844 (button) (small blind) collected ($6)
Seat 5: hamsa222 (big blind) folded before Flop


