PokerStars Hand #146726218191:  Hold'em Limit ($3/$6 USD) - 2016/01/09 5:00:46 ET
Table 'Astrid II' 6-max Seat #6 is the button
Seat 5: loooohefer ($98.96 in chips)
Seat 6: TbIP-TbIP 88 ($79.43 in chips)
TbIP-TbIP 88: posts small blind $1
loooohefer: posts big blind $3
*** HOLE CARDS ***
TbIP-TbIP 88: raises $3 to $6
loooohefer: calls $3
*** FLOP *** [Jh Qs Kh]
loooohefer: checks
TbIP-TbIP 88: bets $3
superYan3 leaves the table
loooohefer: folds
Uncalled bet ($3) returned to TbIP-TbIP 88
kolaz03 joins the table at seat #4
TbIP-TbIP 88 collected $11.76 from pot
TbIP-TbIP 88: doesn't show hand
kolaz03 leaves the table
*** SUMMARY ***
Total pot $12 | Rake $0.24
Board [Jh Qs Kh]
Seat 5: loooohefer (big blind) folded on the Flop
Seat 6: TbIP-TbIP 88 (button) (small blind) collected ($11.76)


PokerStars Hand #146726237123:  Hold'em Limit ($3/$6 USD) - 2016/01/09 5:01:27 ET
Table 'Astrid II' 6-max Seat #6 is the button
Seat 5: loooohefer ($101.60 in chips)
Seat 6: TbIP-TbIP 88 ($76.19 in chips)
TbIP-TbIP 88: posts small blind $1
loooohefer: posts big blind $3
*** HOLE CARDS ***
TbIP-TbIP 88: raises $3 to $6
loooohefer: calls $3
*** FLOP *** [Jd 8c 3s]
loooohefer: checks
TbIP-TbIP 88: bets $3
loooohefer: raises $3 to $6
TbIP-TbIP 88: folds
Uncalled bet ($3) returned to loooohefer
loooohefer collected $17.64 from pot
loooohefer: doesn't show hand
*** SUMMARY ***
Total pot $18 | Rake $0.36
Board [Jd 8c 3s]
Seat 5: loooohefer (big blind) collected ($17.64)
Seat 6: TbIP-TbIP 88 (button) (small blind) folded on the Flop


PokerStars Hand #146726227730:  Hold'em Limit ($3/$6 USD) - 2016/01/09 5:01:07 ET
Table 'Astrid II' 6-max Seat #5 is the button
Seat 5: loooohefer ($92.96 in chips)
Seat 6: TbIP-TbIP 88 ($85.19 in chips)
loooohefer: posts small blind $1
TbIP-TbIP 88: posts big blind $3
*** HOLE CARDS ***
loooohefer: raises $3 to $6
TbIP-TbIP 88: calls $3
*** FLOP *** [Kh 6s 9d]
TbIP-TbIP 88: checks
loooohefer: bets $3
TbIP-TbIP 88: calls $3
*** TURN *** [Kh 6s 9d] [Ad]
TbIP-TbIP 88: checks
loooohefer: bets $6
TbIP-TbIP 88: folds
Uncalled bet ($6) returned to loooohefer
loooohefer collected $17.64 from pot
loooohefer: doesn't show hand
*** SUMMARY ***
Total pot $18 | Rake $0.36
Board [Kh 6s 9d Ad]
Seat 5: loooohefer (button) (small blind) collected ($17.64)
Seat 6: TbIP-TbIP 88 (big blind) folded on the Turn


