PokerStars Hand #164612344985:  Hold'em Limit ($3/$6 USD) - 2017/01/15 9:28:30 ET
Table 'Astyanax' 6-max Seat #3 is the button
Seat 3: LifeisagameX ($84 in chips)
Seat 4: dragon1893 ($167.50 in chips)
LifeisagameX: posts small blind $1
dragon1893: posts big blind $3
*** HOLE CARDS ***
LifeisagameX: raises $3 to $6
dragon1893: calls $3
*** FLOP *** [2d Js Th]
dragon1893: checks
LifeisagameX: bets $3
dragon1893: raises $3 to $6
LifeisagameX: folds
Uncalled bet ($3) returned to dragon1893
dragon1893 collected $17.64 from pot
dragon1893: doesn't show hand
*** SUMMARY ***
Total pot $18 | Rake $0.36
Board [2d Js Th]
Seat 3: LifeisagameX (button) (small blind) folded on the Flop
Seat 4: dragon1893 (big blind) collected ($17.64)


PokerStars Hand #164612301180:  Hold'em Limit ($3/$6 USD) - 2017/01/15 9:27:35 ET
Table 'Astyanax' 6-max Seat #4 is the button
Seat 3: LifeisagameX ($87 in chips)
Seat 4: dragon1893 ($150 in chips)
dragon1893: posts small blind $1
LifeisagameX: posts big blind $3
*** HOLE CARDS ***
dragon1893: raises $3 to $6
LifeisagameX: raises $3 to $9
dragon1893: calls $3
*** FLOP *** [Kd Qh Kh]
LifeisagameX: bets $3
dragon1893: calls $3
*** TURN *** [Kd Qh Kh] [As]
LifeisagameX: checks
dragon1893: checks
*** RIVER *** [Kd Qh Kh As] [Tc]
LifeisagameX: checks
dragon1893: bets $6
LifeisagameX: calls $6
*** SHOW DOWN ***
dragon1893: shows [Jd Js] (a straight, Ten to Ace)
LifeisagameX: mucks hand
dragon1893 collected $35.50 from pot
*** SUMMARY ***
Total pot $36 | Rake $0.50
Board [Kd Qh Kh As Tc]
Seat 3: LifeisagameX (big blind) mucked
Seat 4: dragon1893 (button) (small blind) showed [Jd Js] and won ($35.50) with a straight, Ten to Ace


PokerStars Hand #164612394957:  Hold'em Limit ($3/$6 USD) - 2017/01/15 9:29:33 ET
Table 'Astyanax' 6-max Seat #3 is the button
Seat 3: LifeisagameX ($84 in chips)
Seat 4: dragon1893 ($181.90 in chips)
LifeisagameX: posts small blind $1
dragon1893: posts big blind $3
*** HOLE CARDS ***
LifeisagameX: raises $3 to $6
dragon1893: calls $3
*** FLOP *** [4d Tc As]
dragon1893: checks
LifeisagameX: bets $3
dragon1893: folds
Uncalled bet ($3) returned to LifeisagameX
LifeisagameX collected $11.76 from pot
LifeisagameX: doesn't show hand
*** SUMMARY ***
Total pot $12 | Rake $0.24
Board [4d Tc As]
Seat 3: LifeisagameX (button) (small blind) collected ($11.76)
Seat 4: dragon1893 (big blind) folded on the Flop


PokerStars Hand #164612365054:  Hold'em Limit ($3/$6 USD) - 2017/01/15 9:28:56 ET
Table 'Astyanax' 6-max Seat #4 is the button
Seat 3: LifeisagameX ($84 in chips)
Seat 4: dragon1893 ($176.14 in chips)
dragon1893: posts small blind $1
LifeisagameX: posts big blind $3
*** HOLE CARDS ***
dragon1893: raises $3 to $6
LifeisagameX: calls $3
*** FLOP *** [3s 9s 6d]
LifeisagameX: checks
dragon1893: bets $3
LifeisagameX: folds
Uncalled bet ($3) returned to dragon1893
dragon1893 collected $11.76 from pot
dragon1893: doesn't show hand
*** SUMMARY ***
Total pot $12 | Rake $0.24
Board [3s 9s 6d]
Seat 3: LifeisagameX (big blind) folded on the Flop
Seat 4: dragon1893 (button) (small blind) collected ($11.76)


PokerStars Hand #164612441319:  Hold'em Limit ($3/$6 USD) - 2017/01/15 9:30:31 ET
Table 'Astyanax' 6-max Seat #4 is the button
Seat 3: LifeisagameX ($84 in chips)
Seat 4: dragon1893 ($182.66 in chips)
dragon1893: posts small blind $1
LifeisagameX: posts big blind $3
*** HOLE CARDS ***
dragon1893: folds
Uncalled bet ($2) returned to LifeisagameX
LifeisagameX collected $2 from pot
LifeisagameX: doesn't show hand
*** SUMMARY ***
Total pot $2 | Rake $0
Seat 3: LifeisagameX (big blind) collected ($2)
Seat 4: dragon1893 (button) (small blind) folded before Flop


PokerStars Hand #164612427146:  Hold'em Limit ($3/$6 USD) - 2017/01/15 9:30:14 ET
Table 'Astyanax' 6-max Seat #3 is the button
Seat 3: LifeisagameX ($84 in chips)
Seat 4: dragon1893 ($181.66 in chips)
LifeisagameX: posts small blind $1
dragon1893: posts big blind $3
*** HOLE CARDS ***
LifeisagameX: folds
Uncalled bet ($2) returned to dragon1893
dragon1893 collected $2 from pot
dragon1893: doesn't show hand
*** SUMMARY ***
Total pot $2 | Rake $0
Seat 3: LifeisagameX (button) (small blind) folded before Flop
Seat 4: dragon1893 (big blind) collected ($2)


PokerStars Hand #164612407922:  Hold'em Limit ($3/$6 USD) - 2017/01/15 9:29:50 ET
Table 'Astyanax' 6-max Seat #4 is the button
Seat 3: LifeisagameX ($89.76 in chips)
Seat 4: dragon1893 ($175.90 in chips)
dragon1893: posts small blind $1
LifeisagameX: posts big blind $3
*** HOLE CARDS ***
dragon1893: raises $3 to $6
LifeisagameX: calls $3
*** FLOP *** [5s 5h Td]
LifeisagameX: checks
dragon1893: bets $3
LifeisagameX: folds
Uncalled bet ($3) returned to dragon1893
dragon1893 collected $11.76 from pot
dragon1893: doesn't show hand
*** SUMMARY ***
Total pot $12 | Rake $0.24
Board [5s 5h Td]
Seat 3: LifeisagameX (big blind) folded on the Flop
Seat 4: dragon1893 (button) (small blind) collected ($11.76)


PokerStars Hand #164612509404:  Hold'em Limit ($3/$6 USD) - 2017/01/15 9:31:57 ET
Table 'Astyanax' 6-max Seat #3 is the button
Seat 3: LifeisagameX ($92.64 in chips)
Seat 4: dragon1893 ($196.16 in chips)
LifeisagameX: posts small blind $1
dragon1893: posts big blind $3
*** HOLE CARDS ***
LifeisagameX: folds
Uncalled bet ($2) returned to dragon1893
dragon1893 collected $2 from pot
dragon1893: doesn't show hand
*** SUMMARY ***
Total pot $2 | Rake $0
Seat 3: LifeisagameX (button) (small blind) folded before Flop
Seat 4: dragon1893 (big blind) collected ($2)


PokerStars Hand #164612484890:  Hold'em Limit ($3/$6 USD) - 2017/01/15 9:31:26 ET
Table 'Astyanax' 6-max Seat #4 is the button
Seat 3: LifeisagameX ($84 in chips)
Seat 4: dragon1893 ($205.16 in chips)
dragon1893: posts small blind $1
LifeisagameX: posts big blind $3
*** HOLE CARDS ***
dragon1893: raises $3 to $6
LifeisagameX: raises $3 to $9
dragon1893: calls $3
*** FLOP *** [3c Ah 2c]
LifeisagameX: bets $3
dragon1893: folds
Uncalled bet ($3) returned to LifeisagameX
LifeisagameX collected $17.64 from pot
LifeisagameX: doesn't show hand
*** SUMMARY ***
Total pot $18 | Rake $0.36
Board [3c Ah 2c]
Seat 3: LifeisagameX (big blind) collected ($17.64)
Seat 4: dragon1893 (button) (small blind) folded on the Flop


PokerStars Hand #164612445525:  Hold'em Limit ($3/$6 USD) - 2017/01/15 9:30:37 ET
Table 'Astyanax' 6-max Seat #3 is the button
Seat 3: LifeisagameX ($85 in chips)
Seat 4: dragon1893 ($181.66 in chips)
LifeisagameX: posts small blind $1
dragon1893: posts big blind $3
*** HOLE CARDS ***
LifeisagameX: raises $3 to $6
dragon1893: calls $3
*** FLOP *** [9h Jd 2s]
dragon1893: checks
LifeisagameX: checks
*** TURN *** [9h Jd 2s] [3d]
dragon1893: bets $6
LifeisagameX: raises $6 to $12
dragon1893: calls $6
*** RIVER *** [9h Jd 2s 3d] [5h]
dragon1893: checks
LifeisagameX: bets $6
dragon1893: calls $6
*** SHOW DOWN ***
LifeisagameX: shows [7h 8c] (high card Jack)
dragon1893: shows [Jh 7d] (a pair of Jacks)
dragon1893 collected $47.50 from pot
*** SUMMARY ***
Total pot $48 | Rake $0.50
Board [9h Jd 2s 3d 5h]
Seat 3: LifeisagameX (button) (small blind) showed [7h 8c] and lost with high card Jack
Seat 4: dragon1893 (big blind) showed [Jh 7d] and won ($47.50) with a pair of Jacks


PokerStars Hand #164612523441:  Hold'em Limit ($3/$6 USD) - 2017/01/15 9:32:15 ET
Table 'Astyanax' 6-max Seat #3 is the button
Seat 3: LifeisagameX ($100.28 in chips)
Seat 4: dragon1893 ($188.16 in chips)
LifeisagameX: posts small blind $1
dragon1893: posts big blind $3
*** HOLE CARDS ***
LifeisagameX: raises $3 to $6
dragon1893: calls $3
*** FLOP *** [3s 3d Qs]
dragon1893: checks
LifeisagameX: checks
*** TURN *** [3s 3d Qs] [Ks]
dragon1893: checks
LifeisagameX: bets $6
dragon1893: folds
Uncalled bet ($6) returned to LifeisagameX
LifeisagameX collected $11.76 from pot
LifeisagameX: doesn't show hand
*** SUMMARY ***
Total pot $12 | Rake $0.24
Board [3s 3d Qs Ks]
Seat 3: LifeisagameX (button) (small blind) collected ($11.76)
Seat 4: dragon1893 (big blind) folded on the Turn


PokerStars Hand #164612515443:  Hold'em Limit ($3/$6 USD) - 2017/01/15 9:32:05 ET
Table 'Astyanax' 6-max Seat #4 is the button
Seat 3: LifeisagameX ($91.64 in chips)
Seat 4: dragon1893 ($197.16 in chips)
dragon1893: posts small blind $1
LifeisagameX: posts big blind $3
*** HOLE CARDS ***
dragon1893: raises $3 to $6
LifeisagameX: raises $3 to $9
dragon1893: calls $3
*** FLOP *** [5h 9h Ah]
LifeisagameX: bets $3
dragon1893: folds
Uncalled bet ($3) returned to LifeisagameX
LifeisagameX collected $17.64 from pot
LifeisagameX: doesn't show hand
*** SUMMARY ***
Total pot $18 | Rake $0.36
Board [5h 9h Ah]
Seat 3: LifeisagameX (big blind) collected ($17.64)
Seat 4: dragon1893 (button) (small blind) folded on the Flop


PokerStars Hand #164612606506:  Hold'em Limit ($3/$6 USD) - 2017/01/15 9:33:58 ET
Table 'Astyanax' 6-max Seat #3 is the button
Seat 3: LifeisagameX ($135.54 in chips)
Seat 4: dragon1893 ($152.16 in chips)
LifeisagameX: posts small blind $1
dragon1893: posts big blind $3
*** HOLE CARDS ***
LifeisagameX: raises $3 to $6
dragon1893: folds
Uncalled bet ($3) returned to LifeisagameX
LifeisagameX collected $6 from pot
LifeisagameX: doesn't show hand
*** SUMMARY ***
Total pot $6 | Rake $0
Seat 3: LifeisagameX (button) (small blind) collected ($6)
Seat 4: dragon1893 (big blind) folded before Flop


PokerStars Hand #164612560585:  Hold'em Limit ($3/$6 USD) - 2017/01/15 9:33:01 ET
Table 'Astyanax' 6-max Seat #4 is the button
Seat 3: LifeisagameX ($106.04 in chips)
Seat 4: dragon1893 ($182.16 in chips)
dragon1893: posts small blind $1
LifeisagameX: posts big blind $3
*** HOLE CARDS ***
dragon1893: raises $3 to $6
LifeisagameX: raises $3 to $9
dragon1893: calls $3
*** FLOP *** [6s Ts 9c]
LifeisagameX: bets $3
dragon1893: calls $3
*** TURN *** [6s Ts 9c] [Td]
LifeisagameX: bets $6
dragon1893: raises $6 to $12
LifeisagameX: calls $6
*** RIVER *** [6s Ts 9c Td] [Qh]
LifeisagameX: checks
dragon1893: bets $6
LifeisagameX: calls $6
*** SHOW DOWN ***
dragon1893: shows [9d Ad] (two pair, Tens and Nines)
LifeisagameX: shows [Qc Js] (two pair, Queens and Tens)
LifeisagameX collected $59.50 from pot
*** SUMMARY ***
Total pot $60 | Rake $0.50
Board [6s Ts 9c Td Qh]
Seat 3: LifeisagameX (big blind) showed [Qc Js] and won ($59.50) with two pair, Queens and Tens
Seat 4: dragon1893 (button) (small blind) showed [9d Ad] and lost with two pair, Tens and Nines


PokerStars Hand #164612633054:  Hold'em Limit ($3/$6 USD) - 2017/01/15 9:34:31 ET
Table 'Astyanax' 6-max Seat #4 is the button
Seat 3: LifeisagameX ($145.30 in chips)
Seat 4: dragon1893 ($150 in chips)
dragon1893: posts small blind $1
LifeisagameX: posts big blind $3
*** HOLE CARDS ***
dragon1893: raises $3 to $6
LifeisagameX: calls $3
*** FLOP *** [4s Kc Jh]
LifeisagameX: checks
dragon1893: bets $3
LifeisagameX: calls $3
*** TURN *** [4s Kc Jh] [3c]
LifeisagameX: checks
dragon1893: checks
*** RIVER *** [4s Kc Jh 3c] [Jd]
LifeisagameX: bets $6
dragon1893: calls $6
*** SHOW DOWN ***
LifeisagameX: shows [7h 9d] (a pair of Jacks)
dragon1893: shows [8h 8d] (two pair, Jacks and Eights)
dragon1893 collected $29.50 from pot
*** SUMMARY ***
Total pot $30 | Rake $0.50
Board [4s Kc Jh 3c Jd]
Seat 3: LifeisagameX (big blind) showed [7h 9d] and lost with a pair of Jacks
Seat 4: dragon1893 (button) (small blind) showed [8h 8d] and won ($29.50) with two pair, Jacks and Eights


PokerStars Hand #164612615691:  Hold'em Limit ($3/$6 USD) - 2017/01/15 9:34:09 ET
Table 'Astyanax' 6-max Seat #3 is the button
Seat 3: LifeisagameX ($139.54 in chips)
Seat 4: dragon1893 ($150 in chips)
LifeisagameX: posts small blind $1
dragon1893: posts big blind $3
*** HOLE CARDS ***
LifeisagameX: raises $3 to $6
dragon1893: calls $3
*** FLOP *** [Qs Jh Jc]
dragon1893: checks
LifeisagameX: bets $3
dragon1893: folds
Uncalled bet ($3) returned to LifeisagameX
LifeisagameX collected $11.76 from pot
LifeisagameX: doesn't show hand
*** SUMMARY ***
Total pot $12 | Rake $0.24
Board [Qs Jh Jc]
Seat 3: LifeisagameX (button) (small blind) collected ($11.76)
Seat 4: dragon1893 (big blind) folded on the Flop


PokerStars Hand #164612611978:  Hold'em Limit ($3/$6 USD) - 2017/01/15 9:34:05 ET
Table 'Astyanax' 6-max Seat #4 is the button
Seat 3: LifeisagameX ($138.54 in chips)
Seat 4: dragon1893 ($150 in chips)
dragon1893: posts small blind $1
LifeisagameX: posts big blind $3
*** HOLE CARDS ***
dragon1893: folds
Uncalled bet ($2) returned to LifeisagameX
LifeisagameX collected $2 from pot
LifeisagameX: doesn't show hand
*** SUMMARY ***
Total pot $2 | Rake $0
Seat 3: LifeisagameX (big blind) collected ($2)
Seat 4: dragon1893 (button) (small blind) folded before Flop


PokerStars Hand #164612660787:  Hold'em Limit ($3/$6 USD) - 2017/01/15 9:35:05 ET
Table 'Astyanax' 6-max Seat #3 is the button
Seat 3: LifeisagameX ($130.30 in chips)
Seat 4: dragon1893 ($164.50 in chips)
LifeisagameX: posts small blind $1
dragon1893: posts big blind $3
*** HOLE CARDS ***
LifeisagameX: raises $3 to $6
dragon1893: calls $3
*** FLOP *** [Kc 3d Ah]
dragon1893: checks
LifeisagameX: checks
*** TURN *** [Kc 3d Ah] [9h]
dragon1893: checks
LifeisagameX: bets $6
dragon1893: calls $6
*** RIVER *** [Kc 3d Ah 9h] [Kh]
dragon1893: checks
LifeisagameX: checks
*** SHOW DOWN ***
dragon1893: shows [5h 7h] (a flush, Ace high)
LifeisagameX: mucks hand
dragon1893 collected $23.52 from pot
*** SUMMARY ***
Total pot $24 | Rake $0.48
Board [Kc 3d Ah 9h Kh]
Seat 3: LifeisagameX (button) (small blind) mucked
Seat 4: dragon1893 (big blind) showed [5h 7h] and won ($23.52) with a flush, Ace high


PokerStars Hand #164612728613:  Hold'em Limit ($3/$6 USD) - 2017/01/15 9:36:30 ET
Table 'Astyanax' 6-max Seat #3 is the button
Seat 3: LifeisagameX ($94.30 in chips)
Seat 4: dragon1893 ($199.52 in chips)
LifeisagameX: posts small blind $1
dragon1893: posts big blind $3
*** HOLE CARDS ***
LifeisagameX: raises $3 to $6
dragon1893: calls $3
*** FLOP *** [Kc Qc Ks]
dragon1893: checks
HAL9QQQ joins the table at seat #1
LifeisagameX: bets $3
dragon1893: folds
Uncalled bet ($3) returned to LifeisagameX
LifeisagameX collected $11.76 from pot
LifeisagameX: doesn't show hand
*** SUMMARY ***
Total pot $12 | Rake $0.24
Board [Kc Qc Ks]
Seat 3: LifeisagameX (button) (small blind) collected ($11.76)
Seat 4: dragon1893 (big blind) folded on the Flop


PokerStars Hand #164612691186:  Hold'em Limit ($3/$6 USD) - 2017/01/15 9:35:43 ET
Table 'Astyanax' 6-max Seat #4 is the button
Seat 3: LifeisagameX ($118.30 in chips)
Seat 4: dragon1893 ($176.02 in chips)
dragon1893: posts small blind $1
LifeisagameX: posts big blind $3
*** HOLE CARDS ***
dragon1893: raises $3 to $6
LifeisagameX: raises $3 to $9
dragon1893: calls $3
*** FLOP *** [Jd 6s 5h]
LifeisagameX: bets $3
dragon1893: calls $3
*** TURN *** [Jd 6s 5h] [2h]
LifeisagameX: checks
kulinichvm joins the table at seat #2
sinsadir joins the table at seat #5
dragon1893: bets $6
LifeisagameX: calls $6
*** RIVER *** [Jd 6s 5h 2h] [6c]
LifeisagameX: checks
dragon1893: bets $6
LifeisagameX: calls $6
*** SHOW DOWN ***
dragon1893: shows [6d 4s] (three of a kind, Sixes)
LifeisagameX: mucks hand
parnishka11 joins the table at seat #6
dragon1893 collected $47.50 from pot
*** SUMMARY ***
Total pot $48 | Rake $0.50
Board [Jd 6s 5h 2h 6c]
Seat 3: LifeisagameX (big blind) mucked
Seat 4: dragon1893 (button) (small blind) showed [6d 4s] and won ($47.50) with three of a kind, Sixes


PokerStars Hand #164613776431:  Hold'em Limit ($3/$6 USD) - 2017/01/15 9:58:39 ET
Table 'Astyanax' 6-max Seat #3 is the button
Seat 2: Koraseg ($51.94 in chips)
Seat 3: HAL9QQQ ($145.74 in chips)
HAL9QQQ: posts small blind $1
kolaz03: is sitting out
Koraseg: posts big blind $3
*** HOLE CARDS ***
kolaz03 leaves the table
HAL9QQQ: folds
Uncalled bet ($2) returned to Koraseg
Koraseg collected $2 from pot
Koraseg: doesn't show hand
docbok leaves the table
*** SUMMARY ***
Total pot $2 | Rake $0
Seat 2: Koraseg (big blind) collected ($2)
Seat 3: HAL9QQQ (button) (small blind) folded before Flop


