PokerStars Hand #160145976399:  Hold'em Limit ($3/$6 USD) - 2016/10/19 10:07:55 ET
Table 'Astyanax' 6-max Seat #1 is the button
Seat 1: cornetc ($38.02 in chips)
Seat 3: TinaTurner72 ($141.50 in chips)
cornetc: posts small blind $1
TinaTurner72: posts big blind $3
*** HOLE CARDS ***
cornetc: folds
Uncalled bet ($2) returned to TinaTurner72
Siwy56 joins the table at seat #6
TinaTurner72 collected $2 from pot
TinaTurner72: doesn't show hand
*** SUMMARY ***
Total pot $2 | Rake $0
Seat 1: cornetc (button) (small blind) folded before Flop
Seat 3: TinaTurner72 (big blind) collected ($2)


PokerStars Hand #160145967759:  Hold'em Limit ($3/$6 USD) - 2016/10/19 10:07:39 ET
Table 'Astyanax' 6-max Seat #3 is the button
Seat 1: cornetc ($26.50 in chips)
Seat 3: TinaTurner72 ($153.50 in chips)
TinaTurner72: posts small blind $1
cornetc: posts big blind $3
*** HOLE CARDS ***
TinaTurner72: raises $3 to $6
cornetc: raises $3 to $9
TinaTurner72: calls $3
*** FLOP *** [Kd 3d 6c]
cornetc: bets $3
TinaTurner72: calls $3
*** TURN *** [Kd 3d 6c] [Js]
cornetc: bets $6
TinaTurner72: folds
Uncalled bet ($6) returned to cornetc
cornetc collected $23.52 from pot
cornetc: doesn't show hand
*** SUMMARY ***
Total pot $24 | Rake $0.48
Board [Kd 3d 6c Js]
Seat 1: cornetc (big blind) collected ($23.52)
Seat 3: TinaTurner72 (button) (small blind) folded on the Turn


PokerStars Hand #160145965131:  Hold'em Limit ($3/$6 USD) - 2016/10/19 10:07:35 ET
Table 'Astyanax' 6-max Seat #1 is the button
Seat 1: cornetc ($27.50 in chips)
Seat 3: TinaTurner72 ($152.50 in chips)
cornetc: posts small blind $1
TinaTurner72: posts big blind $3
*** HOLE CARDS ***
cornetc: folds
Uncalled bet ($2) returned to TinaTurner72
TinaTurner72 collected $2 from pot
TinaTurner72: doesn't show hand
*** SUMMARY ***
Total pot $2 | Rake $0
Seat 1: cornetc (button) (small blind) folded before Flop
Seat 3: TinaTurner72 (big blind) collected ($2)


PokerStars Hand #160145962013:  Hold'em Limit ($3/$6 USD) - 2016/10/19 10:07:29 ET
Table 'Astyanax' 6-max Seat #3 is the button
Seat 1: cornetc ($30.50 in chips)
Seat 3: TinaTurner72 ($149.50 in chips)
TinaTurner72: posts small blind $1
cornetc: posts big blind $3
*** HOLE CARDS ***
TinaTurner72: raises $3 to $6
cornetc: folds
Uncalled bet ($3) returned to TinaTurner72
TinaTurner72 collected $6 from pot
TinaTurner72: doesn't show hand
*** SUMMARY ***
Total pot $6 | Rake $0
Seat 1: cornetc (big blind) folded before Flop
Seat 3: TinaTurner72 (button) (small blind) collected ($6)


PokerStars Hand #160145947278:  Hold'em Limit ($3/$6 USD) - 2016/10/19 10:07:04 ET
Table 'Astyanax' 6-max Seat #1 is the button
Seat 1: cornetc ($60.50 in chips)
Seat 3: TinaTurner72 ($120 in chips)
cornetc: posts small blind $1
TinaTurner72: posts big blind $3
*** HOLE CARDS ***
cornetc: raises $3 to $6
TinaTurner72: calls $3
*** FLOP *** [Kd 8s 2s]
TinaTurner72: checks
cornetc: bets $3
TinaTurner72: raises $3 to $6
cornetc: calls $3
*** TURN *** [Kd 8s 2s] [7c]
TinaTurner72: bets $6
cornetc: raises $6 to $12
TinaTurner72: calls $6
*** RIVER *** [Kd 8s 2s 7c] [7h]
TinaTurner72: bets $6
cornetc: calls $6
*** SHOW DOWN ***
TinaTurner72: shows [7s 4h] (three of a kind, Sevens)
cornetc: mucks hand
TinaTurner72 collected $59.50 from pot
*** SUMMARY ***
Total pot $60 | Rake $0.50
Board [Kd 8s 2s 7c 7h]
Seat 1: cornetc (button) (small blind) mucked
Seat 3: TinaTurner72 (big blind) showed [7s 4h] and won ($59.50) with three of a kind, Sevens


PokerStars Hand #160146432678:  Hold'em Limit ($3/$6 USD) - 2016/10/19 10:20:28 ET
Table 'Astyanax' 6-max Seat #2 is the button
Seat 1: 40 ft cliff ($69.12 in chips)
Seat 2: Great_Kang ($145.29 in chips)
Great_Kang: posts small blind $1
40 ft cliff: posts big blind $3
*** HOLE CARDS ***
Great_Kang: raises $3 to $6
40 ft cliff: calls $3
*** FLOP *** [9h 5s Kd]
40 ft cliff: checks
Great_Kang: bets $3
40 ft cliff: calls $3
*** TURN *** [9h 5s Kd] [7c]
40 ft cliff: checks
Great_Kang: checks
*** RIVER *** [9h 5s Kd 7c] [Kc]
40 ft cliff: bets $6
Great_Kang: folds
Uncalled bet ($6) returned to 40 ft cliff
40 ft cliff collected $17.64 from pot
40 ft cliff: doesn't show hand
*** SUMMARY ***
Total pot $18 | Rake $0.36
Board [9h 5s Kd 7c Kc]
Seat 1: 40 ft cliff (big blind) collected ($17.64)
Seat 2: Great_Kang (button) (small blind) folded on the River


PokerStars Hand #160146424126:  Hold'em Limit ($3/$6 USD) - 2016/10/19 10:20:14 ET
Table 'Astyanax' 6-max Seat #2 is the button
Seat 1: 40 ft cliff ($69.12 in chips)
Seat 2: Great_Kang ($145.29 in chips)
Great_Kang: posts small blind $1
40 ft cliff: posts big blind $3
*** HOLE CARDS ***
Siwy56 leaves the table
Great_Kang: folds
Uncalled bet ($2) returned to 40 ft cliff
40 ft cliff collected $2 from pot
40 ft cliff: doesn't show hand
*** SUMMARY ***
Total pot $2 | Rake $0
Seat 1: 40 ft cliff (big blind) collected ($2)
Seat 2: Great_Kang (button) (small blind) folded before Flop


PokerStars Hand #160146429049:  Hold'em Limit ($3/$6 USD) - 2016/10/19 10:20:22 ET
Table 'Astyanax' 6-max Seat #1 is the button
Seat 1: 40 ft cliff ($70.12 in chips)
Seat 2: Great_Kang ($144.29 in chips)
40 ft cliff: posts small blind $1
Great_Kang: posts big blind $3
*** HOLE CARDS ***
40 ft cliff: folds
Uncalled bet ($2) returned to Great_Kang
Great_Kang collected $2 from pot
Great_Kang: doesn't show hand
*** SUMMARY ***
Total pot $2 | Rake $0
Seat 1: 40 ft cliff (button) (small blind) folded before Flop
Seat 2: Great_Kang (big blind) collected ($2)


PokerStars Hand #160146454688:  Hold'em Limit ($3/$6 USD) - 2016/10/19 10:21:06 ET
Table 'Astyanax' 6-max Seat #1 is the button
Seat 1: 40 ft cliff ($77.76 in chips)
Seat 2: Great_Kang ($136.29 in chips)
40 ft cliff: posts small blind $1
Great_Kang: posts big blind $3
*** HOLE CARDS ***
40 ft cliff: raises $3 to $6
Great_Kang: raises $3 to $9
40 ft cliff: calls $3
*** FLOP *** [2d Qh 9h]
Great_Kang: bets $3
40 ft cliff: folds
Uncalled bet ($3) returned to Great_Kang
Great_Kang collected $17.64 from pot
Great_Kang: doesn't show hand
*** SUMMARY ***
Total pot $18 | Rake $0.36
Board [2d Qh 9h]
Seat 1: 40 ft cliff (button) (small blind) folded on the Flop
Seat 2: Great_Kang (big blind) collected ($17.64)


PokerStars Hand #160146485259:  Hold'em Limit ($3/$6 USD) - 2016/10/19 10:21:58 ET
Table 'Astyanax' 6-max Seat #1 is the button
Seat 1: 40 ft cliff ($29.76 in chips)
Seat 2: Great_Kang ($183.43 in chips)
40 ft cliff: posts small blind $1
Great_Kang: posts big blind $3
*** HOLE CARDS ***
40 ft cliff: folds
Uncalled bet ($2) returned to Great_Kang
Great_Kang collected $2 from pot
Great_Kang: doesn't show hand
*** SUMMARY ***
Total pot $2 | Rake $0
Seat 1: 40 ft cliff (button) (small blind) folded before Flop
Seat 2: Great_Kang (big blind) collected ($2)


PokerStars Hand #160146465839:  Hold'em Limit ($3/$6 USD) - 2016/10/19 10:21:24 ET
Table 'Astyanax' 6-max Seat #2 is the button
Seat 1: 40 ft cliff ($68.76 in chips)
Seat 2: Great_Kang ($144.93 in chips)
Great_Kang: posts small blind $1
40 ft cliff: posts big blind $3
*** HOLE CARDS ***
Great_Kang: raises $3 to $6
40 ft cliff: calls $3
*** FLOP *** [6c Th 6h]
40 ft cliff: bets $3
Great_Kang: calls $3
*** TURN *** [6c Th 6h] [Kd]
40 ft cliff: bets $6
Great_Kang: raises $6 to $12
40 ft cliff: calls $6
*** RIVER *** [6c Th 6h Kd] [2c]
40 ft cliff: checks
Great_Kang: bets $6
40 ft cliff: raises $6 to $12
Great_Kang: raises $6 to $18
40 ft cliff: calls $6
*** SHOW DOWN ***
Great_Kang: shows [Ts Td] (a full house, Tens full of Sixes)
40 ft cliff: mucks hand
Great_Kang collected $77.50 from pot
*** SUMMARY ***
Total pot $78 | Rake $0.50
Board [6c Th 6h Kd 2c]
Seat 1: 40 ft cliff (big blind) mucked
Seat 2: Great_Kang (button) (small blind) showed [Ts Td] and won ($77.50) with a full house, Tens full of Sixes


PokerStars Hand #160146519432:  Hold'em Limit ($3/$6 USD) - 2016/10/19 10:22:56 ET
Table 'Astyanax' 6-max Seat #2 is the button
Seat 1: 40 ft cliff ($43.26 in chips)
Seat 2: Great_Kang ($169.43 in chips)
Great_Kang: posts small blind $1
40 ft cliff: posts big blind $3
*** HOLE CARDS ***
Great_Kang: raises $3 to $6
40 ft cliff: folds
Uncalled bet ($3) returned to Great_Kang
Great_Kang collected $6 from pot
Great_Kang: doesn't show hand
*** SUMMARY ***
Total pot $6 | Rake $0
Seat 1: 40 ft cliff (big blind) folded before Flop
Seat 2: Great_Kang (button) (small blind) collected ($6)


PokerStars Hand #160146495837:  Hold'em Limit ($3/$6 USD) - 2016/10/19 10:22:16 ET
Table 'Astyanax' 6-max Seat #1 is the button
Seat 1: 40 ft cliff ($25.76 in chips)
Seat 2: Great_Kang ($187.43 in chips)
40 ft cliff: posts small blind $1
Great_Kang: posts big blind $3
*** HOLE CARDS ***
40 ft cliff: raises $3 to $6
Great_Kang: calls $3
*** FLOP *** [Ad 6c 2d]
Great_Kang: checks
40 ft cliff: checks
*** TURN *** [Ad 6c 2d] [Jd]
Great_Kang: checks
40 ft cliff: bets $6
Great_Kang: calls $6
*** RIVER *** [Ad 6c 2d Jd] [3s]
Great_Kang: checks
40 ft cliff: bets $6
Great_Kang: calls $6
*** SHOW DOWN ***
40 ft cliff: shows [Ac Ah] (three of a kind, Aces)
Great_Kang: mucks hand
40 ft cliff collected $35.50 from pot
*** SUMMARY ***
Total pot $36 | Rake $0.50
Board [Ad 6c 2d Jd 3s]
Seat 1: 40 ft cliff (button) (small blind) showed [Ac Ah] and won ($35.50) with three of a kind, Aces
Seat 2: Great_Kang (big blind) mucked


PokerStars Hand #160146488963:  Hold'em Limit ($3/$6 USD) - 2016/10/19 10:22:04 ET
Table 'Astyanax' 6-max Seat #2 is the button
Seat 1: 40 ft cliff ($28.76 in chips)
Seat 2: Great_Kang ($184.43 in chips)
Great_Kang: posts small blind $1
40 ft cliff: posts big blind $3
*** HOLE CARDS ***
Great_Kang: raises $3 to $6
40 ft cliff: folds
Uncalled bet ($3) returned to Great_Kang
Great_Kang collected $6 from pot
Great_Kang: doesn't show hand
*** SUMMARY ***
Total pot $6 | Rake $0
Seat 1: 40 ft cliff (big blind) folded before Flop
Seat 2: Great_Kang (button) (small blind) collected ($6)


PokerStars Hand #160146526918:  Hold'em Limit ($3/$6 USD) - 2016/10/19 10:23:08 ET
Table 'Astyanax' 6-max Seat #2 is the button
Seat 1: 40 ft cliff ($39.26 in chips)
Seat 2: Great_Kang ($173.43 in chips)
Great_Kang: posts small blind $1
40 ft cliff: posts big blind $3
*** HOLE CARDS ***
Great_Kang: folds
Uncalled bet ($2) returned to 40 ft cliff
40 ft cliff collected $2 from pot
40 ft cliff: doesn't show hand
*** SUMMARY ***
Total pot $2 | Rake $0
Seat 1: 40 ft cliff (big blind) collected ($2)
Seat 2: Great_Kang (button) (small blind) folded before Flop


PokerStars Hand #160146532356:  Hold'em Limit ($3/$6 USD) - 2016/10/19 10:23:18 ET
Table 'Astyanax' 6-max Seat #1 is the button
Seat 1: 40 ft cliff ($40.26 in chips)
Seat 2: Great_Kang ($172.43 in chips)
40 ft cliff: posts small blind $1
Great_Kang: posts big blind $3
*** HOLE CARDS ***
40 ft cliff: calls $2
Great_Kang: raises $3 to $6
40 ft cliff: calls $3
*** FLOP *** [7c 8s As]
Great_Kang: bets $3
40 ft cliff: folds
Uncalled bet ($3) returned to Great_Kang
Great_Kang collected $11.76 from pot
Great_Kang: doesn't show hand
*** SUMMARY ***
Total pot $12 | Rake $0.24
Board [7c 8s As]
Seat 1: 40 ft cliff (button) (small blind) folded on the Flop
Seat 2: Great_Kang (big blind) collected ($11.76)


PokerStars Hand #160146550166:  Hold'em Limit ($3/$6 USD) - 2016/10/19 10:23:47 ET
Table 'Astyanax' 6-max Seat #1 is the button
Seat 1: 40 ft cliff ($28.26 in chips)
Seat 2: Great_Kang ($183.95 in chips)
40 ft cliff: posts small blind $1
Great_Kang: posts big blind $3
*** HOLE CARDS ***
40 ft cliff: folds
Uncalled bet ($2) returned to Great_Kang
Great_Kang collected $2 from pot
Great_Kang: doesn't show hand
*** SUMMARY ***
Total pot $2 | Rake $0
Seat 1: 40 ft cliff (button) (small blind) folded before Flop
Seat 2: Great_Kang (big blind) collected ($2)


PokerStars Hand #160146541194:  Hold'em Limit ($3/$6 USD) - 2016/10/19 10:23:32 ET
Table 'Astyanax' 6-max Seat #2 is the button
Seat 1: 40 ft cliff ($34.26 in chips)
Seat 2: Great_Kang ($178.19 in chips)
Great_Kang: posts small blind $1
40 ft cliff: posts big blind $3
*** HOLE CARDS ***
Great_Kang: raises $3 to $6
40 ft cliff: calls $3
*** FLOP *** [9h Kh Qd]
40 ft cliff: checks
Great_Kang: bets $3
40 ft cliff: folds
Uncalled bet ($3) returned to Great_Kang
Great_Kang collected $11.76 from pot
Great_Kang: doesn't show hand
*** SUMMARY ***
Total pot $12 | Rake $0.24
Board [9h Kh Qd]
Seat 1: 40 ft cliff (big blind) folded on the Flop
Seat 2: Great_Kang (button) (small blind) collected ($11.76)


PokerStars Hand #160146553257:  Hold'em Limit ($3/$6 USD) - 2016/10/19 10:23:53 ET
Table 'Astyanax' 6-max Seat #2 is the button
Seat 1: 40 ft cliff ($27.26 in chips)
Seat 2: Great_Kang ($184.95 in chips)
Great_Kang: posts small blind $1
40 ft cliff: posts big blind $3
*** HOLE CARDS ***
Great_Kang: raises $3 to $6
40 ft cliff: folds
Uncalled bet ($3) returned to Great_Kang
Great_Kang collected $6 from pot
Great_Kang: doesn't show hand
*** SUMMARY ***
Total pot $6 | Rake $0
Seat 1: 40 ft cliff (big blind) folded before Flop
Seat 2: Great_Kang (button) (small blind) collected ($6)


PokerStars Hand #160146523518:  Hold'em Limit ($3/$6 USD) - 2016/10/19 10:23:03 ET
Table 'Astyanax' 6-max Seat #1 is the button
Seat 1: 40 ft cliff ($40.26 in chips)
Seat 2: Great_Kang ($172.43 in chips)
40 ft cliff: posts small blind $1
Great_Kang: posts big blind $3
*** HOLE CARDS ***
40 ft cliff: folds
Uncalled bet ($2) returned to Great_Kang
Great_Kang collected $2 from pot
Great_Kang: doesn't show hand
*** SUMMARY ***
Total pot $2 | Rake $0
Seat 1: 40 ft cliff (button) (small blind) folded before Flop
Seat 2: Great_Kang (big blind) collected ($2)


PokerStars Hand #160146558411:  Hold'em Limit ($3/$6 USD) - 2016/10/19 10:24:01 ET
Table 'Astyanax' 6-max Seat #1 is the button
Seat 1: 40 ft cliff ($24.26 in chips)
Seat 2: Great_Kang ($187.95 in chips)
40 ft cliff: posts small blind $1
Great_Kang: posts big blind $3
*** HOLE CARDS ***
40 ft cliff: raises $3 to $6
Great_Kang: folds
Uncalled bet ($3) returned to 40 ft cliff
40 ft cliff collected $6 from pot
40 ft cliff: doesn't show hand
*** SUMMARY ***
Total pot $6 | Rake $0
Seat 1: 40 ft cliff (button) (small blind) collected ($6)
Seat 2: Great_Kang (big blind) folded before Flop


PokerStars Hand #160146568093:  Hold'em Limit ($3/$6 USD) - 2016/10/19 10:24:17 ET
Table 'Astyanax' 6-max Seat #2 is the button
Seat 1: 40 ft cliff ($27.26 in chips)
Seat 2: Great_Kang ($184.95 in chips)
Great_Kang: posts small blind $1
40 ft cliff: posts big blind $3
*** HOLE CARDS ***
Great_Kang: raises $3 to $6
40 ft cliff: calls $3
*** FLOP *** [Qc 7c 5h]
40 ft cliff: checks
Great_Kang: bets $3
40 ft cliff: calls $3
*** TURN *** [Qc 7c 5h] [5s]
40 ft cliff: checks
Great_Kang: bets $6
40 ft cliff: calls $6
*** RIVER *** [Qc 7c 5h 5s] [6h]
40 ft cliff: checks
Great_Kang: bets $6
40 ft cliff: folds
Uncalled bet ($6) returned to Great_Kang
Great_Kang collected $29.50 from pot
Great_Kang: doesn't show hand
*** SUMMARY ***
Total pot $30 | Rake $0.50
Board [Qc 7c 5h 5s 6h]
Seat 1: 40 ft cliff (big blind) folded on the River
Seat 2: Great_Kang (button) (small blind) collected ($29.50)


PokerStars Hand #160146594315:  Hold'em Limit ($3/$6 USD) - 2016/10/19 10:25:01 ET
Table 'Astyanax' 6-max Seat #1 is the button
Seat 1: 40 ft cliff ($12.26 in chips)
Seat 2: Great_Kang ($199.45 in chips)
40 ft cliff: posts small blind $1
Great_Kang: posts big blind $3
*** HOLE CARDS ***
40 ft cliff: folds
Uncalled bet ($2) returned to Great_Kang
Great_Kang collected $2 from pot
Great_Kang: doesn't show hand
*** SUMMARY ***
Total pot $2 | Rake $0
Seat 1: 40 ft cliff (button) (small blind) folded before Flop
Seat 2: Great_Kang (big blind) collected ($2)


PokerStars Hand #160146598489:  Hold'em Limit ($3/$6 USD) - 2016/10/19 10:25:08 ET
Table 'Astyanax' 6-max Seat #2 is the button
Seat 1: 40 ft cliff ($11.26 in chips)
Seat 2: Great_Kang ($200.45 in chips)
Great_Kang: posts small blind $1
40 ft cliff: posts big blind $3
*** HOLE CARDS ***
Great_Kang: raises $3 to $6
40 ft cliff: raises $3 to $9
Great_Kang: calls $3
*** FLOP *** [9h Kh 9s]
40 ft cliff: bets $2.26 and is all-in
Great_Kang: calls $2.26
*** TURN *** [9h Kh 9s] [7d]
*** RIVER *** [9h Kh 9s 7d] [7s]
*** SHOW DOWN ***
40 ft cliff: shows [4s 5c] (two pair, Nines and Sevens)
Great_Kang: shows [Td Kc] (two pair, Kings and Nines)
Great_Kang collected $22.07 from pot
*** SUMMARY ***
Total pot $22.52 | Rake $0.45
Board [9h Kh 9s 7d 7s]
Seat 1: 40 ft cliff (big blind) showed [4s 5c] and lost with two pair, Nines and Sevens
Seat 2: Great_Kang (button) (small blind) showed [Td Kc] and won ($22.07) with two pair, Kings and Nines


PokerStars Hand #160146797741:  Hold'em Limit ($3/$6 USD) - 2016/10/19 10:30:41 ET
Table 'Astyanax' 6-max Seat #2 is the button
Seat 2: Great_Kang ($178.26 in chips)
Seat 5: Psynto ($91.83 in chips)
Great_Kang: posts small blind $1
kolaz03: is sitting out
Psynto: posts big blind $3
*** HOLE CARDS ***
kolaz03 leaves the table
Great_Kang: raises $3 to $6
Psynto: calls $3
*** FLOP *** [Jc Ac 8c]
Psynto: checks
Great_Kang: bets $3
Psynto: raises $3 to $6
Great_Kang: calls $3
*** TURN *** [Jc Ac 8c] [7s]
Psynto: bets $6
Great_Kang: calls $6
*** RIVER *** [Jc Ac 8c 7s] [2d]
Psynto: bets $6
Great_Kang: calls $6
*** SHOW DOWN ***
Psynto: shows [6c Ah] (a pair of Aces)
Great_Kang: mucks hand
Psynto collected $47.50 from pot
*** SUMMARY ***
Total pot $48 | Rake $0.50
Board [Jc Ac 8c 7s 2d]
Seat 2: Great_Kang (button) (small blind) mucked
Seat 5: Psynto (big blind) showed [6c Ah] and won ($47.50) with a pair of Aces


PokerStars Hand #160150269131:  Hold'em Limit ($3/$6 USD) - 2016/10/19 12:04:31 ET
Table 'Astyanax' 6-max Seat #5 is the button
Seat 3: Luffemann64 ($108 in chips)
Seat 5: TinaTurner72 ($131.64 in chips)
TinaTurner72: posts small blind $1
Luffemann64: posts big blind $3
*** HOLE CARDS ***
TinaTurner72: raises $3 to $6
Luffemann64: raises $3 to $9
TinaTurner72: calls $3
*** FLOP *** [4h Td 5c]
Luffemann64: bets $3
TinaTurner72: calls $3
*** TURN *** [4h Td 5c] [Jc]
Luffemann64: checks
TinaTurner72: bets $6
Luffemann64: raises $6 to $12
TinaTurner72: calls $6
*** RIVER *** [4h Td 5c Jc] [8c]
Luffemann64: bets $6
TinaTurner72: calls $6
*** SHOW DOWN ***
Luffemann64: shows [Js 4c] (two pair, Jacks and Fours)
TinaTurner72: mucks hand
Luffemann64 collected $59.50 from pot
*** SUMMARY ***
Total pot $60 | Rake $0.50
Board [4h Td 5c Jc 8c]
Seat 3: Luffemann64 (big blind) showed [Js 4c] and won ($59.50) with two pair, Jacks and Fours
Seat 5: TinaTurner72 (button) (small blind) mucked


PokerStars Hand #160150253831:  Hold'em Limit ($3/$6 USD) - 2016/10/19 12:04:08 ET
Table 'Astyanax' 6-max Seat #3 is the button
Seat 3: Luffemann64 ($117 in chips)
Seat 5: TinaTurner72 ($123 in chips)
Luffemann64: posts small blind $1
TinaTurner72: posts big blind $3
*** HOLE CARDS ***
Luffemann64: raises $3 to $6
TinaTurner72: raises $3 to $9
Luffemann64: calls $3
*** FLOP *** [4h Js Qd]
TinaTurner72: bets $3
Luffemann64: folds
Uncalled bet ($3) returned to TinaTurner72
TinaTurner72 collected $17.64 from pot
TinaTurner72: doesn't show hand
*** SUMMARY ***
Total pot $18 | Rake $0.36
Board [4h Js Qd]
Seat 3: Luffemann64 (button) (small blind) folded on the Flop
Seat 5: TinaTurner72 (big blind) collected ($17.64)


PokerStars Hand #160150317568:  Hold'em Limit ($3/$6 USD) - 2016/10/19 12:05:44 ET
Table 'Astyanax' 6-max Seat #5 is the button
Seat 3: Luffemann64 ($172.50 in chips)
Seat 5: TinaTurner72 ($65.64 in chips)
TinaTurner72: posts small blind $1
Luffemann64: posts big blind $3
*** HOLE CARDS ***
TinaTurner72: raises $3 to $6
Luffemann64: raises $3 to $9
TinaTurner72: calls $3
*** FLOP *** [Ks 8c 7d]
Luffemann64: bets $3
TinaTurner72: calls $3
*** TURN *** [Ks 8c 7d] [Jc]
Luffemann64: bets $6
TinaTurner72: raises $6 to $12
Luffemann64: raises $6 to $18
TinaTurner72: calls $6
*** RIVER *** [Ks 8c 7d Jc] [4d]
Luffemann64: bets $6
TinaTurner72: calls $6
*** SHOW DOWN ***
Luffemann64: shows [8h Kh] (two pair, Kings and Eights)
TinaTurner72: mucks hand
Luffemann64 collected $71.50 from pot
*** SUMMARY ***
Total pot $72 | Rake $0.50
Board [Ks 8c 7d Jc 4d]
Seat 3: Luffemann64 (big blind) showed [8h Kh] and won ($71.50) with two pair, Kings and Eights
Seat 5: TinaTurner72 (button) (small blind) mucked


PokerStars Hand #160150306867:  Hold'em Limit ($3/$6 USD) - 2016/10/19 12:05:28 ET
Table 'Astyanax' 6-max Seat #3 is the button
Seat 3: Luffemann64 ($149 in chips)
Seat 5: TinaTurner72 ($89.64 in chips)
Luffemann64: posts small blind $1
TinaTurner72: posts big blind $3
*** HOLE CARDS ***
Luffemann64: raises $3 to $6
TinaTurner72: raises $3 to $9
Luffemann64: calls $3
*** FLOP *** [8d 3d Qh]
TinaTurner72: bets $3
Luffemann64: calls $3
*** TURN *** [8d 3d Qh] [5h]
TinaTurner72: bets $6
Luffemann64: calls $6
*** RIVER *** [8d 3d Qh 5h] [7s]
TinaTurner72: bets $6
Luffemann64: calls $6
*** SHOW DOWN ***
TinaTurner72: shows [4c 4s] (a pair of Fours)
Luffemann64: shows [5c Jd] (a pair of Fives)
Luffemann64 collected $47.50 from pot
*** SUMMARY ***
Total pot $48 | Rake $0.50
Board [8d 3d Qh 5h 7s]
Seat 3: Luffemann64 (button) (small blind) showed [5c Jd] and won ($47.50) with a pair of Fives
Seat 5: TinaTurner72 (big blind) showed [4c 4s] and lost with a pair of Fours


PokerStars Hand #160150303512:  Hold'em Limit ($3/$6 USD) - 2016/10/19 12:05:23 ET
Table 'Astyanax' 6-max Seat #5 is the button
Seat 3: Luffemann64 ($152 in chips)
Seat 5: TinaTurner72 ($86.64 in chips)
TinaTurner72: posts small blind $1
Luffemann64: posts big blind $3
*** HOLE CARDS ***
TinaTurner72: raises $3 to $6
Luffemann64: folds
Uncalled bet ($3) returned to TinaTurner72
TinaTurner72 collected $6 from pot
TinaTurner72: doesn't show hand
*** SUMMARY ***
Total pot $6 | Rake $0
Seat 3: Luffemann64 (big blind) folded before Flop
Seat 5: TinaTurner72 (button) (small blind) collected ($6)


PokerStars Hand #160150290939:  Hold'em Limit ($3/$6 USD) - 2016/10/19 12:05:04 ET
Table 'Astyanax' 6-max Seat #3 is the button
Seat 3: Luffemann64 ($137.50 in chips)
Seat 5: TinaTurner72 ($101.64 in chips)
Luffemann64: posts small blind $1
TinaTurner72: posts big blind $3
*** HOLE CARDS ***
Luffemann64: raises $3 to $6
TinaTurner72: raises $3 to $9
Luffemann64: raises $3 to $12
Betting is capped
TinaTurner72: calls $3
*** FLOP *** [5s 9c 4h]
TinaTurner72: checks
Luffemann64: bets $3
TinaTurner72: calls $3
*** TURN *** [5s 9c 4h] [9d]
TinaTurner72: checks
Luffemann64: bets $6
TinaTurner72: folds
Uncalled bet ($6) returned to Luffemann64
Luffemann64 collected $29.50 from pot
Luffemann64: doesn't show hand
*** SUMMARY ***
Total pot $30 | Rake $0.50
Board [5s 9c 4h 9d]
Seat 3: Luffemann64 (button) (small blind) collected ($29.50)
Seat 5: TinaTurner72 (big blind) folded on the Turn


PokerStars Hand #160152707157:  Hold'em Limit ($3/$6 USD) - 2016/10/19 13:04:09 ET
Table 'Astyanax' 6-max Seat #5 is the button
Seat 5: HAOYUN88888 ($54.98 in chips)
Seat 6: jackRizzar ($180 in chips)
HAOYUN88888: posts small blind $1
jackRizzar: posts big blind $3
*** HOLE CARDS ***
HAOYUN88888: raises $3 to $6
jackRizzar: calls $3
*** FLOP *** [9h 8h Ah]
jackRizzar: checks
HAOYUN88888: bets $3
jackRizzar: folds
Uncalled bet ($3) returned to HAOYUN88888
HAOYUN88888 collected $11.76 from pot
HAOYUN88888: doesn't show hand
*** SUMMARY ***
Total pot $12 | Rake $0.24
Board [9h 8h Ah]
Seat 5: HAOYUN88888 (button) (small blind) collected ($11.76)
Seat 6: jackRizzar (big blind) folded on the Flop


PokerStars Hand #160152719354:  Hold'em Limit ($3/$6 USD) - 2016/10/19 13:04:26 ET
Table 'Astyanax' 6-max Seat #6 is the button
Seat 5: HAOYUN88888 ($60.74 in chips)
Seat 6: jackRizzar ($174 in chips)
jackRizzar: posts small blind $1
HAOYUN88888: posts big blind $3
*** HOLE CARDS ***
jackRizzar: raises $3 to $6
HAOYUN88888: calls $3
*** FLOP *** [2d 9h 6s]
HAOYUN88888: checks
skilledyou joins the table at seat #1
jackRizzar: bets $3
HAOYUN88888: raises $3 to $6
skilledyou leaves the table
jackRizzar: calls $3
*** TURN *** [2d 9h 6s] [Kh]
HAOYUN88888: checks
jackRizzar: bets $6
HAOYUN88888: calls $6
*** RIVER *** [2d 9h 6s Kh] [6h]
HAOYUN88888: checks
jackRizzar: bets $6
HAOYUN88888: calls $6
*** SHOW DOWN ***
jackRizzar: shows [9d 7c] (two pair, Nines and Sixes)
HAOYUN88888: shows [9c Js] (two pair, Nines and Sixes)
HAOYUN88888 collected $23.75 from pot
jackRizzar collected $23.75 from pot
*** SUMMARY ***
Total pot $48 | Rake $0.50
Board [2d 9h 6s Kh 6h]
Seat 5: HAOYUN88888 (big blind) showed [9c Js] and won ($23.75) with two pair, Nines and Sixes
Seat 6: jackRizzar (button) (small blind) showed [9d 7c] and won ($23.75) with two pair, Nines and Sixes


PokerStars Hand #160152740642:  Hold'em Limit ($3/$6 USD) - 2016/10/19 13:04:55 ET
Table 'Astyanax' 6-max Seat #5 is the button
Seat 5: HAOYUN88888 ($60.49 in chips)
Seat 6: jackRizzar ($173.75 in chips)
HAOYUN88888: posts small blind $1
jackRizzar: posts big blind $3
*** HOLE CARDS ***
HAOYUN88888: raises $3 to $6
jackRizzar: calls $3
*** FLOP *** [3d 8d Kc]
jackRizzar: checks
HAOYUN88888: bets $3
jackRizzar: calls $3
*** TURN *** [3d 8d Kc] [5s]
jackRizzar: checks
HAOYUN88888: bets $6
jackRizzar: calls $6
*** RIVER *** [3d 8d Kc 5s] [5d]
jackRizzar: checks
HAOYUN88888: checks
*** SHOW DOWN ***
jackRizzar: shows [4c 8c] (two pair, Eights and Fives)
HAOYUN88888: shows [8h 9s] (two pair, Eights and Fives)
jackRizzar collected $14.75 from pot
HAOYUN88888 collected $14.75 from pot
*** SUMMARY ***
Total pot $30 | Rake $0.50
Board [3d 8d Kc 5s 5d]
Seat 5: HAOYUN88888 (button) (small blind) showed [8h 9s] and won ($14.75) with two pair, Eights and Fives
Seat 6: jackRizzar (big blind) showed [4c 8c] and won ($14.75) with two pair, Eights and Fives


PokerStars Hand #160152764422:  Hold'em Limit ($3/$6 USD) - 2016/10/19 13:05:24 ET
Table 'Astyanax' 6-max Seat #6 is the button
Seat 5: HAOYUN88888 ($60.24 in chips)
Seat 6: jackRizzar ($173.50 in chips)
jackRizzar: posts small blind $1
HAOYUN88888: posts big blind $3
*** HOLE CARDS ***
jackRizzar: raises $3 to $6
HAOYUN88888: calls $3
*** FLOP *** [Ts Jc Ad]
HAOYUN88888: checks
jackRizzar: bets $3
HAOYUN88888: raises $3 to $6
jackRizzar: calls $3
*** TURN *** [Ts Jc Ad] [6h]
HAOYUN88888: bets $6
jackRizzar: calls $6
*** RIVER *** [Ts Jc Ad 6h] [3d]
HAOYUN88888: bets $6
jackRizzar: calls $6
*** SHOW DOWN ***
HAOYUN88888: shows [4c Ac] (a pair of Aces)
jackRizzar: mucks hand
HAOYUN88888 collected $47.50 from pot
*** SUMMARY ***
Total pot $48 | Rake $0.50
Board [Ts Jc Ad 6h 3d]
Seat 5: HAOYUN88888 (big blind) showed [4c Ac] and won ($47.50) with a pair of Aces
Seat 6: jackRizzar (button) (small blind) mucked


PokerStars Hand #160152788807:  Hold'em Limit ($3/$6 USD) - 2016/10/19 13:05:56 ET
Table 'Astyanax' 6-max Seat #6 is the button
Seat 5: HAOYUN88888 ($82.74 in chips)
Seat 6: jackRizzar ($150.50 in chips)
jackRizzar: posts small blind $1
HAOYUN88888: posts big blind $3
*** HOLE CARDS ***
jackRizzar: folds
Uncalled bet ($2) returned to HAOYUN88888
HAOYUN88888 collected $2 from pot
HAOYUN88888: doesn't show hand
*** SUMMARY ***
Total pot $2 | Rake $0
Seat 5: HAOYUN88888 (big blind) collected ($2)
Seat 6: jackRizzar (button) (small blind) folded before Flop


PokerStars Hand #160152783994:  Hold'em Limit ($3/$6 USD) - 2016/10/19 13:05:50 ET
Table 'Astyanax' 6-max Seat #5 is the button
Seat 5: HAOYUN88888 ($83.74 in chips)
Seat 6: jackRizzar ($149.50 in chips)
HAOYUN88888: posts small blind $1
jackRizzar: posts big blind $3
*** HOLE CARDS ***
HAOYUN88888: folds
Uncalled bet ($2) returned to jackRizzar
jackRizzar collected $2 from pot
jackRizzar: doesn't show hand
*** SUMMARY ***
Total pot $2 | Rake $0
Seat 5: HAOYUN88888 (button) (small blind) folded before Flop
Seat 6: jackRizzar (big blind) collected ($2)


PokerStars Hand #160152792730:  Hold'em Limit ($3/$6 USD) - 2016/10/19 13:06:01 ET
Table 'Astyanax' 6-max Seat #5 is the button
Seat 5: HAOYUN88888 ($83.74 in chips)
Seat 6: jackRizzar ($149.50 in chips)
HAOYUN88888: posts small blind $1
jackRizzar: posts big blind $3
*** HOLE CARDS ***
HAOYUN88888: folds
Uncalled bet ($2) returned to jackRizzar
jackRizzar collected $2 from pot
jackRizzar: doesn't show hand
*** SUMMARY ***
Total pot $2 | Rake $0
Seat 5: HAOYUN88888 (button) (small blind) folded before Flop
Seat 6: jackRizzar (big blind) collected ($2)


PokerStars Hand #160152795997:  Hold'em Limit ($3/$6 USD) - 2016/10/19 13:06:06 ET
Table 'Astyanax' 6-max Seat #6 is the button
Seat 5: HAOYUN88888 ($82.74 in chips)
Seat 6: jackRizzar ($150.50 in chips)
jackRizzar: posts small blind $1
HAOYUN88888: posts big blind $3
*** HOLE CARDS ***
jackRizzar: raises $3 to $6
HAOYUN88888: calls $3
*** FLOP *** [8h 3h 7c]
HAOYUN88888: checks
jackRizzar: checks
*** TURN *** [8h 3h 7c] [5d]
HAOYUN88888: bets $6
jackRizzar: calls $6
*** RIVER *** [8h 3h 7c 5d] [Jh]
HAOYUN88888: bets $6
jackRizzar: calls $6
*** SHOW DOWN ***
HAOYUN88888: shows [Td Jc] (a pair of Jacks)
jackRizzar: mucks hand
HAOYUN88888 collected $35.50 from pot
cheeestar198 joins the table at seat #3
*** SUMMARY ***
Total pot $36 | Rake $0.50
Board [8h 3h 7c 5d Jh]
Seat 5: HAOYUN88888 (big blind) showed [Td Jc] and won ($35.50) with a pair of Jacks
Seat 6: jackRizzar (button) (small blind) mucked


PokerStars Hand #160152814885:  Hold'em Limit ($3/$6 USD) - 2016/10/19 13:06:30 ET
Table 'Astyanax' 6-max Seat #5 is the button
Seat 5: HAOYUN88888 ($100.24 in chips)
Seat 6: jackRizzar ($132.50 in chips)
HAOYUN88888: posts small blind $1
jackRizzar: posts big blind $3
*** HOLE CARDS ***
HAOYUN88888: raises $3 to $6
jackRizzar: calls $3
*** FLOP *** [5h Qs 6h]
jackRizzar: checks
HAOYUN88888: bets $3
jackRizzar: raises $3 to $6
HAOYUN88888: folds
Uncalled bet ($3) returned to jackRizzar
jackRizzar collected $17.64 from pot
jackRizzar: doesn't show hand
*** SUMMARY ***
Total pot $18 | Rake $0.36
Board [5h Qs 6h]
Seat 5: HAOYUN88888 (button) (small blind) folded on the Flop
Seat 6: jackRizzar (big blind) collected ($17.64)


PokerStars Hand #160152886391:  Hold'em Limit ($3/$6 USD) - 2016/10/19 13:08:02 ET
Table 'Astyanax' 6-max Seat #6 is the button
Seat 5: HAOYUN88888 ($117.56 in chips)
Seat 6: jackRizzar ($142.27 in chips)
jackRizzar: posts small blind $1
HAOYUN88888: posts big blind $3
*** HOLE CARDS ***
sermyha15 joins the table at seat #2
jackRizzar: raises $3 to $6
HAOYUN88888: calls $3
*** FLOP *** [6h 7c 4h]
HAOYUN88888: checks
jackRizzar: checks
*** TURN *** [6h 7c 4h] [Ad]
HAOYUN88888: bets $6
jackRizzar: calls $6
*** RIVER *** [6h 7c 4h Ad] [6s]
HAOYUN88888: checks
jackRizzar: bets $6
HAOYUN88888: calls $6
*** SHOW DOWN ***
jackRizzar: shows [Kc Ah] (two pair, Aces and Sixes)
HAOYUN88888: mucks hand
jackRizzar collected $35.50 from pot
*** SUMMARY ***
Total pot $36 | Rake $0.50
Board [6h 7c 4h Ad 6s]
Seat 5: HAOYUN88888 (big blind) mucked
Seat 6: jackRizzar (button) (small blind) showed [Kc Ah] and won ($35.50) with two pair, Aces and Sixes


PokerStars Hand #160152907655:  Hold'em Limit ($3/$6 USD) - 2016/10/19 13:08:30 ET
Table 'Astyanax' 6-max Seat #5 is the button
Seat 5: HAOYUN88888 ($99.56 in chips)
Seat 6: jackRizzar ($159.77 in chips)
HAOYUN88888: posts small blind $1
jackRizzar: posts big blind $3
*** HOLE CARDS ***
HAOYUN88888: folds
Uncalled bet ($2) returned to jackRizzar
jackRizzar collected $2 from pot
jackRizzar: doesn't show hand
*** SUMMARY ***
Total pot $2 | Rake $0
Seat 5: HAOYUN88888 (button) (small blind) folded before Flop
Seat 6: jackRizzar (big blind) collected ($2)


