PokerStars Hand #159071570133:  Hold'em Limit ($3/$6 USD) - 2016/09/25 10:32:10 ET
Table 'Atalante' 6-max Seat #3 is the button
Seat 3: @92gara42@ ($105.93 in chips)
Seat 4: Agrotait ($72 in chips)
@92gara42@: posts small blind $1
Agrotait: posts big blind $3
*** HOLE CARDS ***
@92gara42@: folds
Uncalled bet ($2) returned to Agrotait
Agrotait collected $2 from pot
Agrotait: doesn't show hand
*** SUMMARY ***
Total pot $2 | Rake $0
Seat 3: @92gara42@ (button) (small blind) folded before Flop
Seat 4: Agrotait (big blind) collected ($2)


PokerStars Hand #159071564915:  Hold'em Limit ($3/$6 USD) - 2016/09/25 10:32:02 ET
Table 'Atalante' 6-max Seat #4 is the button
Seat 3: @92gara42@ ($104.93 in chips)
Seat 4: Agrotait ($73 in chips)
sismos404 joins the table at seat #6
Agrotait: posts small blind $1
@92gara42@: posts big blind $3
*** HOLE CARDS ***
Agrotait: folds
Uncalled bet ($2) returned to @92gara42@
@92gara42@ collected $2 from pot
@92gara42@: doesn't show hand
*** SUMMARY ***
Total pot $2 | Rake $0
Seat 3: @92gara42@ (big blind) collected ($2)
Seat 4: Agrotait (button) (small blind) folded before Flop


PokerStars Hand #159074094836:  Hold'em Limit ($3/$6 USD) - 2016/09/25 11:31:32 ET
Table 'Atalante' 6-max Seat #5 is the button
Seat 4: JonasDK ($49.85 in chips)
Seat 5: VolkovDmitri ($281.06 in chips)
VolkovDmitri: posts small blind $1
JonasDK: posts big blind $3
*** HOLE CARDS ***
VolkovDmitri: raises $3 to $6
JonasDK: calls $3
*** FLOP *** [5h 6s Tc]
JonasDK: checks
VolkovDmitri: bets $3
JonasDK: raises $3 to $6
VolkovDmitri: raises $3 to $9
JonasDK: calls $3
*** TURN *** [5h 6s Tc] [5s]
JonasDK: checks
VolkovDmitri: bets $6
JonasDK: calls $6
*** RIVER *** [5h 6s Tc 5s] [9d]
JonasDK: checks
VolkovDmitri: checks
*** SHOW DOWN ***
JonasDK: shows [2c 6c] (two pair, Sixes and Fives)
VolkovDmitri: shows [7d Td] (two pair, Tens and Fives)
VolkovDmitri collected $41.50 from pot
*** SUMMARY ***
Total pot $42 | Rake $0.50
Board [5h 6s Tc 5s 9d]
Seat 4: JonasDK (big blind) showed [2c 6c] and lost with two pair, Sixes and Fives
Seat 5: VolkovDmitri (button) (small blind) showed [7d Td] and won ($41.50) with two pair, Tens and Fives


PokerStars Hand #159074125942:  Hold'em Limit ($3/$6 USD) - 2016/09/25 11:32:12 ET
Table 'Atalante' 6-max Seat #5 is the button
Seat 4: JonasDK ($27.85 in chips)
Seat 5: VolkovDmitri ($302.56 in chips)
VolkovDmitri: posts small blind $1
JonasDK: posts big blind $3
*** HOLE CARDS ***
VolkovDmitri: raises $3 to $6
JonasDK: raises $3 to $9
VolkovDmitri: calls $3
*** FLOP *** [9d 5h 3h]
JonasDK: bets $3
WillemDuit joins the table at seat #3
VolkovDmitri: raises $3 to $6
JonasDK: calls $3
*** TURN *** [9d 5h 3h] [Qd]
JonasDK: bets $6
VolkovDmitri: raises $6 to $12
JonasDK: raises $0.85 to $12.85 and is all-in
VolkovDmitri: calls $0.85
*** RIVER *** [9d 5h 3h Qd] [2s]
*** SHOW DOWN ***
JonasDK: shows [Ac Ts] (high card Ace)
VolkovDmitri: shows [Ah 3d] (a pair of Threes)
VolkovDmitri collected $55.20 from pot
*** SUMMARY ***
Total pot $55.70 | Rake $0.50
Board [9d 5h 3h Qd 2s]
Seat 4: JonasDK (big blind) showed [Ac Ts] and lost with high card Ace
Seat 5: VolkovDmitri (button) (small blind) showed [Ah 3d] and won ($55.20) with a pair of Threes


PokerStars Hand #159074121764:  Hold'em Limit ($3/$6 USD) - 2016/09/25 11:32:07 ET
Table 'Atalante' 6-max Seat #4 is the button
Seat 4: JonasDK ($28.85 in chips)
Seat 5: VolkovDmitri ($301.56 in chips)
JonasDK: posts small blind $1
VolkovDmitri: posts big blind $3
*** HOLE CARDS ***
JonasDK: folds
Uncalled bet ($2) returned to VolkovDmitri
VolkovDmitri collected $2 from pot
VolkovDmitri: doesn't show hand
*** SUMMARY ***
Total pot $2 | Rake $0
Seat 4: JonasDK (button) (small blind) folded before Flop
Seat 5: VolkovDmitri (big blind) collected ($2)


PokerStars Hand #159074164674:  Hold'em Limit ($3/$6 USD) - 2016/09/25 11:33:03 ET
Table 'Atalante' 6-max Seat #3 is the button
Seat 3: WillemDuit ($68.35 in chips)
Seat 5: VolkovDmitri ($329.91 in chips)
WillemDuit: posts small blind $1
VolkovDmitri: posts big blind $3
*** HOLE CARDS ***
WillemDuit: folds
Uncalled bet ($2) returned to VolkovDmitri
VolkovDmitri collected $2 from pot
VolkovDmitri: doesn't show hand
*** SUMMARY ***
Total pot $2 | Rake $0
Seat 3: WillemDuit (button) (small blind) folded before Flop
Seat 5: VolkovDmitri (big blind) collected ($2)


PokerStars Hand #159074171911:  Hold'em Limit ($3/$6 USD) - 2016/09/25 11:33:12 ET
Table 'Atalante' 6-max Seat #5 is the button
Seat 3: WillemDuit ($67.35 in chips)
Seat 5: VolkovDmitri ($330.91 in chips)
VolkovDmitri: posts small blind $1
WillemDuit: posts big blind $3
*** HOLE CARDS ***
JonasDK leaves the table
VolkovDmitri: raises $3 to $6
WillemDuit: folds
Uncalled bet ($3) returned to VolkovDmitri
VolkovDmitri collected $6 from pot
VolkovDmitri: doesn't show hand
*** SUMMARY ***
Total pot $6 | Rake $0
Seat 3: WillemDuit (big blind) folded before Flop
Seat 5: VolkovDmitri (button) (small blind) collected ($6)


PokerStars Hand #159074182032:  Hold'em Limit ($3/$6 USD) - 2016/09/25 11:33:25 ET
Table 'Atalante' 6-max Seat #3 is the button
Seat 3: WillemDuit ($64.35 in chips)
Seat 5: VolkovDmitri ($333.91 in chips)
WillemDuit: posts small blind $1
VolkovDmitri: posts big blind $3
*** HOLE CARDS ***
WillemDuit: raises $3 to $6
VolkovDmitri: calls $3
*** FLOP *** [Th 6h Qc]
VolkovDmitri: checks
WillemDuit: bets $3
VolkovDmitri: folds
Uncalled bet ($3) returned to WillemDuit
WillemDuit collected $11.76 from pot
WillemDuit: doesn't show hand
*** SUMMARY ***
Total pot $12 | Rake $0.24
Board [Th 6h Qc]
Seat 3: WillemDuit (button) (small blind) collected ($11.76)
Seat 5: VolkovDmitri (big blind) folded on the Flop


PokerStars Hand #159074228551:  Hold'em Limit ($3/$6 USD) - 2016/09/25 11:34:26 ET
Table 'Atalante' 6-max Seat #3 is the button
Seat 3: WillemDuit ($84.61 in chips)
Seat 5: VolkovDmitri ($312.91 in chips)
WillemDuit: posts small blind $1
VolkovDmitri: posts big blind $3
*** HOLE CARDS ***
WillemDuit: raises $3 to $6
VolkovDmitri: folds
Uncalled bet ($3) returned to WillemDuit
WillemDuit collected $6 from pot
WillemDuit: doesn't show hand
*** SUMMARY ***
Total pot $6 | Rake $0
Seat 3: WillemDuit (button) (small blind) collected ($6)
Seat 5: VolkovDmitri (big blind) folded before Flop


PokerStars Hand #159074199120:  Hold'em Limit ($3/$6 USD) - 2016/09/25 11:33:47 ET
Table 'Atalante' 6-max Seat #5 is the button
Seat 3: WillemDuit ($70.11 in chips)
Seat 5: VolkovDmitri ($327.91 in chips)
VolkovDmitri: posts small blind $1
WillemDuit: posts big blind $3
*** HOLE CARDS ***
VolkovDmitri: raises $3 to $6
WillemDuit: calls $3
*** FLOP *** [7s Qs 6s]
WillemDuit: checks
VolkovDmitri: bets $3
WillemDuit: calls $3
*** TURN *** [7s Qs 6s] [Kd]
WillemDuit: bets $6
VolkovDmitri: calls $6
*** RIVER *** [7s Qs 6s Kd] [7h]
WillemDuit: checks
VolkovDmitri: checks
*** SHOW DOWN ***
WillemDuit: shows [6c Kc] (two pair, Kings and Sevens)
VolkovDmitri: mucks hand
WillemDuit collected $29.50 from pot
*** SUMMARY ***
Total pot $30 | Rake $0.50
Board [7s Qs 6s Kd 7h]
Seat 3: WillemDuit (big blind) showed [6c Kc] and won ($29.50) with two pair, Kings and Sevens
Seat 5: VolkovDmitri (button) (small blind) mucked


PokerStars Hand #159074235710:  Hold'em Limit ($3/$6 USD) - 2016/09/25 11:34:35 ET
Table 'Atalante' 6-max Seat #5 is the button
Seat 3: WillemDuit ($87.61 in chips)
Seat 5: VolkovDmitri ($309.91 in chips)
VolkovDmitri: posts small blind $1
WillemDuit: posts big blind $3
*** HOLE CARDS ***
VolkovDmitri: raises $3 to $6
WillemDuit: calls $3
*** FLOP *** [7h 4s Th]
WillemDuit: checks
VolkovDmitri: bets $3
WillemDuit: calls $3
*** TURN *** [7h 4s Th] [9s]
WillemDuit: checks
VolkovDmitri: checks
*** RIVER *** [7h 4s Th 9s] [Qc]
WillemDuit: bets $6
VolkovDmitri: calls $6
*** SHOW DOWN ***
WillemDuit: shows [Jd Kc] (a straight, Nine to King)
VolkovDmitri: mucks hand
WillemDuit collected $29.50 from pot
*** SUMMARY ***
Total pot $30 | Rake $0.50
Board [7h 4s Th 9s Qc]
Seat 3: WillemDuit (big blind) showed [Jd Kc] and won ($29.50) with a straight, Nine to King
Seat 5: VolkovDmitri (button) (small blind) mucked


PokerStars Hand #159074283376:  Hold'em Limit ($3/$6 USD) - 2016/09/25 11:35:38 ET
Table 'Atalante' 6-max Seat #3 is the button
Seat 3: WillemDuit ($128.37 in chips)
Seat 5: VolkovDmitri ($267.91 in chips)
WillemDuit: posts small blind $1
VolkovDmitri: posts big blind $3
*** HOLE CARDS ***
WillemDuit: raises $3 to $6
VolkovDmitri: calls $3
*** FLOP *** [3s 3h Kd]
VolkovDmitri: checks
WillemDuit: checks
*** TURN *** [3s 3h Kd] [Ks]
VolkovDmitri: checks
WillemDuit: bets $6
VolkovDmitri: calls $6
*** RIVER *** [3s 3h Kd Ks] [Tc]
VolkovDmitri: checks
WillemDuit: bets $6
VolkovDmitri: folds
Uncalled bet ($6) returned to WillemDuit
WillemDuit collected $23.52 from pot
WillemDuit: doesn't show hand
*** SUMMARY ***
Total pot $24 | Rake $0.48
Board [3s 3h Kd Ks Tc]
Seat 3: WillemDuit (button) (small blind) collected ($23.52)
Seat 5: VolkovDmitri (big blind) folded on the River


PokerStars Hand #159074267663:  Hold'em Limit ($3/$6 USD) - 2016/09/25 11:35:18 ET
Table 'Atalante' 6-max Seat #5 is the button
Seat 3: WillemDuit ($107.87 in chips)
Seat 5: VolkovDmitri ($288.91 in chips)
VolkovDmitri: posts small blind $1
WillemDuit: posts big blind $3
*** HOLE CARDS ***
VolkovDmitri: raises $3 to $6
WillemDuit: calls $3
*** FLOP *** [Ah 7c 5s]
WillemDuit: checks
VolkovDmitri: bets $3
WillemDuit: calls $3
*** TURN *** [Ah 7c 5s] [8d]
WillemDuit: bets $6
VolkovDmitri: calls $6
*** RIVER *** [Ah 7c 5s 8d] [Jd]
WillemDuit: bets $6
VolkovDmitri: calls $6
*** SHOW DOWN ***
WillemDuit: shows [5c 8c] (two pair, Eights and Fives)
VolkovDmitri: mucks hand
WillemDuit collected $41.50 from pot
*** SUMMARY ***
Total pot $42 | Rake $0.50
Board [Ah 7c 5s 8d Jd]
Seat 3: WillemDuit (big blind) showed [5c 8c] and won ($41.50) with two pair, Eights and Fives
Seat 5: VolkovDmitri (button) (small blind) mucked


PokerStars Hand #159074252607:  Hold'em Limit ($3/$6 USD) - 2016/09/25 11:34:57 ET
Table 'Atalante' 6-max Seat #3 is the button
Seat 3: WillemDuit ($102.11 in chips)
Seat 5: VolkovDmitri ($294.91 in chips)
WillemDuit: posts small blind $1
VolkovDmitri: posts big blind $3
*** HOLE CARDS ***
WillemDuit: raises $3 to $6
VolkovDmitri: calls $3
*** FLOP *** [2c 3c As]
VolkovDmitri: checks
WillemDuit: checks
*** TURN *** [2c 3c As] [Jc]
VolkovDmitri: checks
WillemDuit: bets $6
VolkovDmitri: folds
Uncalled bet ($6) returned to WillemDuit
WillemDuit collected $11.76 from pot
WillemDuit: doesn't show hand
*** SUMMARY ***
Total pot $12 | Rake $0.24
Board [2c 3c As Jc]
Seat 3: WillemDuit (button) (small blind) collected ($11.76)
Seat 5: VolkovDmitri (big blind) folded on the Turn


PokerStars Hand #159074341162:  Hold'em Limit ($3/$6 USD) - 2016/09/25 11:36:54 ET
Table 'Atalante' 6-max Seat #3 is the button
Seat 3: WillemDuit ($144.53 in chips)
Seat 5: VolkovDmitri ($250.91 in chips)
WillemDuit: posts small blind $1
VolkovDmitri: posts big blind $3
*** HOLE CARDS ***
WillemDuit: folds
Uncalled bet ($2) returned to VolkovDmitri
VolkovDmitri collected $2 from pot
VolkovDmitri: doesn't show hand
*** SUMMARY ***
Total pot $2 | Rake $0
Seat 3: WillemDuit (button) (small blind) folded before Flop
Seat 5: VolkovDmitri (big blind) collected ($2)


PokerStars Hand #159074314537:  Hold'em Limit ($3/$6 USD) - 2016/09/25 11:36:19 ET
Table 'Atalante' 6-max Seat #3 is the button
Seat 3: WillemDuit ($136.89 in chips)
Seat 5: VolkovDmitri ($258.91 in chips)
WillemDuit: posts small blind $1
VolkovDmitri: posts big blind $3
*** HOLE CARDS ***
WillemDuit: folds
Uncalled bet ($2) returned to VolkovDmitri
VolkovDmitri collected $2 from pot
VolkovDmitri: doesn't show hand
*** SUMMARY ***
Total pot $2 | Rake $0
Seat 3: WillemDuit (button) (small blind) folded before Flop
Seat 5: VolkovDmitri (big blind) collected ($2)


PokerStars Hand #159074306125:  Hold'em Limit ($3/$6 USD) - 2016/09/25 11:36:08 ET
Table 'Atalante' 6-max Seat #5 is the button
Seat 3: WillemDuit ($139.89 in chips)
Seat 5: VolkovDmitri ($255.91 in chips)
VolkovDmitri: posts small blind $1
WillemDuit: posts big blind $3
*** HOLE CARDS ***
VolkovDmitri: raises $3 to $6
WillemDuit: folds
Uncalled bet ($3) returned to VolkovDmitri
VolkovDmitri collected $6 from pot
VolkovDmitri: doesn't show hand
*** SUMMARY ***
Total pot $6 | Rake $0
Seat 3: WillemDuit (big blind) folded before Flop
Seat 5: VolkovDmitri (button) (small blind) collected ($6)


PokerStars Hand #159074318329:  Hold'em Limit ($3/$6 USD) - 2016/09/25 11:36:24 ET
Table 'Atalante' 6-max Seat #5 is the button
Seat 3: WillemDuit ($135.89 in chips)
Seat 5: VolkovDmitri ($259.91 in chips)
VolkovDmitri: posts small blind $1
WillemDuit: posts big blind $3
*** HOLE CARDS ***
VolkovDmitri: raises $3 to $6
WillemDuit: calls $3
*** FLOP *** [Jh 5h 6d]
WillemDuit: checks
VolkovDmitri: bets $3
WillemDuit: calls $3
*** TURN *** [Jh 5h 6d] [Qh]
WillemDuit: checks
VolkovDmitri: checks
*** RIVER *** [Jh 5h 6d Qh] [Tc]
WillemDuit: checks
VolkovDmitri: checks
*** SHOW DOWN ***
WillemDuit: shows [Ts Kc] (a pair of Tens)
VolkovDmitri: mucks hand
WillemDuit collected $17.64 from pot
*** SUMMARY ***
Total pot $18 | Rake $0.36
Board [Jh 5h 6d Qh Tc]
Seat 3: WillemDuit (big blind) showed [Ts Kc] and won ($17.64) with a pair of Tens
Seat 5: VolkovDmitri (button) (small blind) mucked


PokerStars Hand #159074362392:  Hold'em Limit ($3/$6 USD) - 2016/09/25 11:37:22 ET
Table 'Atalante' 6-max Seat #3 is the button
Seat 3: WillemDuit ($134.53 in chips)
Seat 5: VolkovDmitri ($260.55 in chips)
WillemDuit: posts small blind $1
VolkovDmitri: posts big blind $3
*** HOLE CARDS ***
WillemDuit: folds
Uncalled bet ($2) returned to VolkovDmitri
VolkovDmitri collected $2 from pot
VolkovDmitri: doesn't show hand
*** SUMMARY ***
Total pot $2 | Rake $0
Seat 3: WillemDuit (button) (small blind) folded before Flop
Seat 5: VolkovDmitri (big blind) collected ($2)


PokerStars Hand #159074345932:  Hold'em Limit ($3/$6 USD) - 2016/09/25 11:37:00 ET
Table 'Atalante' 6-max Seat #5 is the button
Seat 3: WillemDuit ($143.53 in chips)
Seat 5: VolkovDmitri ($251.91 in chips)
VolkovDmitri: posts small blind $1
WillemDuit: posts big blind $3
*** HOLE CARDS ***
VolkovDmitri: raises $3 to $6
WillemDuit: calls $3
*** FLOP *** [Tc Qd Qh]
WillemDuit: checks
VolkovDmitri: bets $3
WillemDuit: calls $3
*** TURN *** [Tc Qd Qh] [8s]
WillemDuit: checks
VolkovDmitri: checks
*** RIVER *** [Tc Qd Qh 8s] [6c]
WillemDuit: checks
VolkovDmitri: checks
*** SHOW DOWN ***
WillemDuit: shows [7c Jh] (a pair of Queens)
VolkovDmitri: shows [Ad 4s] (a pair of Queens - Ace kicker)
VolkovDmitri collected $17.64 from pot
*** SUMMARY ***
Total pot $18 | Rake $0.36
Board [Tc Qd Qh 8s 6c]
Seat 3: WillemDuit (big blind) showed [7c Jh] and lost with a pair of Queens
Seat 5: VolkovDmitri (button) (small blind) showed [Ad 4s] and won ($17.64) with a pair of Queens


PokerStars Hand #159074418175:  Hold'em Limit ($3/$6 USD) - 2016/09/25 11:38:36 ET
Table 'Atalante' 6-max Seat #5 is the button
Seat 3: WillemDuit ($148.03 in chips)
Seat 5: VolkovDmitri ($246.31 in chips)
VolkovDmitri: posts small blind $1
WillemDuit: posts big blind $3
*** HOLE CARDS ***
VolkovDmitri: raises $3 to $6
WillemDuit: folds
Uncalled bet ($3) returned to VolkovDmitri
VolkovDmitri collected $6 from pot
VolkovDmitri: doesn't show hand
*** SUMMARY ***
Total pot $6 | Rake $0
Seat 3: WillemDuit (big blind) folded before Flop
Seat 5: VolkovDmitri (button) (small blind) collected ($6)


PokerStars Hand #159074406849:  Hold'em Limit ($3/$6 USD) - 2016/09/25 11:38:21 ET
Table 'Atalante' 6-max Seat #3 is the button
Seat 3: WillemDuit ($154.03 in chips)
Seat 5: VolkovDmitri ($240.55 in chips)
WillemDuit: posts small blind $1
VolkovDmitri: posts big blind $3
*** HOLE CARDS ***
WillemDuit: raises $3 to $6
VolkovDmitri: calls $3
*** FLOP *** [5s Jh 9s]
VolkovDmitri: bets $3
WillemDuit: folds
Uncalled bet ($3) returned to VolkovDmitri
VolkovDmitri collected $11.76 from pot
VolkovDmitri: doesn't show hand
*** SUMMARY ***
Total pot $12 | Rake $0.24
Board [5s Jh 9s]
Seat 3: WillemDuit (button) (small blind) folded on the Flop
Seat 5: VolkovDmitri (big blind) collected ($11.76)


PokerStars Hand #159074366514:  Hold'em Limit ($3/$6 USD) - 2016/09/25 11:37:28 ET
Table 'Atalante' 6-max Seat #5 is the button
Seat 3: WillemDuit ($133.53 in chips)
Seat 5: VolkovDmitri ($261.55 in chips)
VolkovDmitri: posts small blind $1
WillemDuit: posts big blind $3
*** HOLE CARDS ***
VolkovDmitri: raises $3 to $6
WillemDuit: calls $3
*** FLOP *** [Kc Jd 9h]
WillemDuit: checks
VolkovDmitri: bets $3
WillemDuit: calls $3
*** TURN *** [Kc Jd 9h] [2c]
WillemDuit: checks
VolkovDmitri: bets $6
WillemDuit: calls $6
*** RIVER *** [Kc Jd 9h 2c] [4c]
WillemDuit: bets $6
VolkovDmitri: calls $6
*** SHOW DOWN ***
WillemDuit: shows [Ks Qc] (a pair of Kings)
VolkovDmitri: mucks hand
WillemDuit collected $41.50 from pot
*** SUMMARY ***
Total pot $42 | Rake $0.50
Board [Kc Jd 9h 2c 4c]
Seat 3: WillemDuit (big blind) showed [Ks Qc] and won ($41.50) with a pair of Kings
Seat 5: VolkovDmitri (button) (small blind) mucked


PokerStars Hand #159074471400:  Hold'em Limit ($3/$6 USD) - 2016/09/25 11:39:45 ET
Table 'Atalante' 6-max Seat #3 is the button
Seat 3: WillemDuit ($159.53 in chips)
Seat 5: VolkovDmitri ($234.31 in chips)
WillemDuit: posts small blind $1
VolkovDmitri: posts big blind $3
*** HOLE CARDS ***
WillemDuit: folds
Uncalled bet ($2) returned to VolkovDmitri
VolkovDmitri collected $2 from pot
VolkovDmitri: doesn't show hand
*** SUMMARY ***
Total pot $2 | Rake $0
Seat 3: WillemDuit (button) (small blind) folded before Flop
Seat 5: VolkovDmitri (big blind) collected ($2)


PokerStars Hand #159074460502:  Hold'em Limit ($3/$6 USD) - 2016/09/25 11:39:31 ET
Table 'Atalante' 6-max Seat #5 is the button
Seat 3: WillemDuit ($162.53 in chips)
Seat 5: VolkovDmitri ($231.31 in chips)
VolkovDmitri: posts small blind $1
WillemDuit: posts big blind $3
*** HOLE CARDS ***
VolkovDmitri: raises $3 to $6
WillemDuit: folds
Uncalled bet ($3) returned to VolkovDmitri
VolkovDmitri collected $6 from pot
VolkovDmitri: doesn't show hand
*** SUMMARY ***
Total pot $6 | Rake $0
Seat 3: WillemDuit (big blind) folded before Flop
Seat 5: VolkovDmitri (button) (small blind) collected ($6)


PokerStars Hand #159074430319:  Hold'em Limit ($3/$6 USD) - 2016/09/25 11:38:51 ET
Table 'Atalante' 6-max Seat #3 is the button
Seat 3: WillemDuit ($145.03 in chips)
Seat 5: VolkovDmitri ($249.31 in chips)
WillemDuit: posts small blind $1
VolkovDmitri: posts big blind $3
*** HOLE CARDS ***
WillemDuit: raises $3 to $6
VolkovDmitri: calls $3
*** FLOP *** [5c 7d Ad]
VolkovDmitri: checks
WillemDuit: bets $3
VolkovDmitri: raises $3 to $6
WillemDuit: calls $3
*** TURN *** [5c 7d Ad] [6h]
VolkovDmitri: bets $6
WillemDuit: calls $6
*** RIVER *** [5c 7d Ad 6h] [9c]
VolkovDmitri: checks
WillemDuit: checks
*** SHOW DOWN ***
VolkovDmitri: shows [4c 6d] (a pair of Sixes)
WillemDuit: shows [Jd 9d] (a pair of Nines)
WillemDuit collected $35.50 from pot
*** SUMMARY ***
Total pot $36 | Rake $0.50
Board [5c 7d Ad 6h 9c]
Seat 3: WillemDuit (button) (small blind) showed [Jd 9d] and won ($35.50) with a pair of Nines
Seat 5: VolkovDmitri (big blind) showed [4c 6d] and lost with a pair of Sixes


PokerStars Hand #159074475220:  Hold'em Limit ($3/$6 USD) - 2016/09/25 11:39:50 ET
Table 'Atalante' 6-max Seat #5 is the button
Seat 3: WillemDuit ($158.53 in chips)
Seat 5: VolkovDmitri ($235.31 in chips)
VolkovDmitri: posts small blind $1
WillemDuit: posts big blind $3
*** HOLE CARDS ***
VolkovDmitri: raises $3 to $6
WillemDuit: calls $3
*** FLOP *** [Qc 4s Ac]
WillemDuit: checks
VolkovDmitri: bets $3
WillemDuit: folds
Uncalled bet ($3) returned to VolkovDmitri
VolkovDmitri collected $11.76 from pot
VolkovDmitri: doesn't show hand
*** SUMMARY ***
Total pot $12 | Rake $0.24
Board [Qc 4s Ac]
Seat 3: WillemDuit (big blind) folded on the Flop
Seat 5: VolkovDmitri (button) (small blind) collected ($11.76)


PokerStars Hand #159074496666:  Hold'em Limit ($3/$6 USD) - 2016/09/25 11:40:19 ET
Table 'Atalante' 6-max Seat #3 is the button
Seat 3: WillemDuit ($152.53 in chips)
Seat 5: VolkovDmitri ($241.07 in chips)
WillemDuit: posts small blind $1
VolkovDmitri: posts big blind $3
*** HOLE CARDS ***
WillemDuit: folds
Uncalled bet ($2) returned to VolkovDmitri
VolkovDmitri collected $2 from pot
VolkovDmitri: doesn't show hand
*** SUMMARY ***
Total pot $2 | Rake $0
Seat 3: WillemDuit (button) (small blind) folded before Flop
Seat 5: VolkovDmitri (big blind) collected ($2)


PokerStars Hand #159074500203:  Hold'em Limit ($3/$6 USD) - 2016/09/25 11:40:23 ET
Table 'Atalante' 6-max Seat #5 is the button
Seat 3: WillemDuit ($151.53 in chips)
Seat 5: VolkovDmitri ($242.07 in chips)
VolkovDmitri: posts small blind $1
WillemDuit: posts big blind $3
*** HOLE CARDS ***
VolkovDmitri: raises $3 to $6
WillemDuit: raises $3 to $9
VolkovDmitri: calls $3
*** FLOP *** [7h 2c 5s]
WillemDuit: bets $3
VolkovDmitri: raises $3 to $6
WillemDuit: calls $3
*** TURN *** [7h 2c 5s] [Kd]
WillemDuit: checks
VolkovDmitri: bets $6
WillemDuit: calls $6
*** RIVER *** [7h 2c 5s Kd] [2h]
WillemDuit: bets $6
VolkovDmitri: calls $6
*** SHOW DOWN ***
WillemDuit: shows [5d 7c] (two pair, Sevens and Fives)
VolkovDmitri: mucks hand
WillemDuit collected $53.50 from pot
*** SUMMARY ***
Total pot $54 | Rake $0.50
Board [7h 2c 5s Kd 2h]
Seat 3: WillemDuit (big blind) showed [5d 7c] and won ($53.50) with two pair, Sevens and Fives
Seat 5: VolkovDmitri (button) (small blind) mucked


PokerStars Hand #159074535198:  Hold'em Limit ($3/$6 USD) - 2016/09/25 11:41:09 ET
Table 'Atalante' 6-max Seat #3 is the button
Seat 3: WillemDuit ($178.03 in chips)
Seat 5: VolkovDmitri ($215.07 in chips)
WillemDuit: posts small blind $1
VolkovDmitri: posts big blind $3
*** HOLE CARDS ***
WillemDuit: folds
Uncalled bet ($2) returned to VolkovDmitri
VolkovDmitri collected $2 from pot
VolkovDmitri: doesn't show hand
*** SUMMARY ***
Total pot $2 | Rake $0
Seat 3: WillemDuit (button) (small blind) folded before Flop
Seat 5: VolkovDmitri (big blind) collected ($2)


PokerStars Hand #159074576496:  Hold'em Limit ($3/$6 USD) - 2016/09/25 11:42:04 ET
Table 'Atalante' 6-max Seat #3 is the button
Seat 3: WillemDuit ($153.03 in chips)
Seat 5: VolkovDmitri ($239.33 in chips)
WillemDuit: posts small blind $1
VolkovDmitri: posts big blind $3
*** HOLE CARDS ***
WillemDuit: folds
Uncalled bet ($2) returned to VolkovDmitri
VolkovDmitri collected $2 from pot
VolkovDmitri: doesn't show hand
*** SUMMARY ***
Total pot $2 | Rake $0
Seat 3: WillemDuit (button) (small blind) folded before Flop
Seat 5: VolkovDmitri (big blind) collected ($2)


PokerStars Hand #159074568814:  Hold'em Limit ($3/$6 USD) - 2016/09/25 11:41:54 ET
Table 'Atalante' 6-max Seat #5 is the button
Seat 3: WillemDuit ($156.03 in chips)
Seat 5: VolkovDmitri ($236.33 in chips)
VolkovDmitri: posts small blind $1
WillemDuit: posts big blind $3
*** HOLE CARDS ***
VolkovDmitri: raises $3 to $6
WillemDuit: folds
Uncalled bet ($3) returned to VolkovDmitri
VolkovDmitri collected $6 from pot
VolkovDmitri: doesn't show hand
*** SUMMARY ***
Total pot $6 | Rake $0
Seat 3: WillemDuit (big blind) folded before Flop
Seat 5: VolkovDmitri (button) (small blind) collected ($6)


PokerStars Hand #159074539679:  Hold'em Limit ($3/$6 USD) - 2016/09/25 11:41:15 ET
Table 'Atalante' 6-max Seat #5 is the button
Seat 3: WillemDuit ($177.03 in chips)
Seat 5: VolkovDmitri ($216.07 in chips)
VolkovDmitri: posts small blind $1
WillemDuit: posts big blind $3
*** HOLE CARDS ***
VolkovDmitri: raises $3 to $6
WillemDuit: calls $3
*** FLOP *** [7c Qc 5d]
WillemDuit: checks
VolkovDmitri: bets $3
WillemDuit: folds
Uncalled bet ($3) returned to VolkovDmitri
VolkovDmitri collected $11.76 from pot
VolkovDmitri: doesn't show hand
*** SUMMARY ***
Total pot $12 | Rake $0.24
Board [7c Qc 5d]
Seat 3: WillemDuit (big blind) folded on the Flop
Seat 5: VolkovDmitri (button) (small blind) collected ($11.76)


PokerStars Hand #159074550850:  Hold'em Limit ($3/$6 USD) - 2016/09/25 11:41:30 ET
Table 'Atalante' 6-max Seat #3 is the button
Seat 3: WillemDuit ($171.03 in chips)
Seat 5: VolkovDmitri ($221.83 in chips)
WillemDuit: posts small blind $1
VolkovDmitri: posts big blind $3
*** HOLE CARDS ***
WillemDuit: raises $3 to $6
VolkovDmitri: calls $3
*** FLOP *** [3s 2c 7d]
VolkovDmitri: bets $3
WillemDuit: calls $3
*** TURN *** [3s 2c 7d] [4c]
VolkovDmitri: bets $6
WillemDuit: calls $6
*** RIVER *** [3s 2c 7d 4c] [Qs]
VolkovDmitri: bets $6
WillemDuit: folds
Uncalled bet ($6) returned to VolkovDmitri
VolkovDmitri collected $29.50 from pot
VolkovDmitri: doesn't show hand
*** SUMMARY ***
Total pot $30 | Rake $0.50
Board [3s 2c 7d 4c Qs]
Seat 3: WillemDuit (button) (small blind) folded on the River
Seat 5: VolkovDmitri (big blind) collected ($29.50)


PokerStars Hand #159074588491:  Hold'em Limit ($3/$6 USD) - 2016/09/25 11:42:19 ET
Table 'Atalante' 6-max Seat #5 is the button
Seat 3: WillemDuit ($148.03 in chips)
Seat 5: VolkovDmitri ($244.33 in chips)
VolkovDmitri: posts small blind $1
WillemDuit: posts big blind $3
*** HOLE CARDS ***
VolkovDmitri: raises $3 to $6
WillemDuit: calls $3
*** FLOP *** [Kh 7d 6c]
WillemDuit: checks
VolkovDmitri: bets $3
WillemDuit: calls $3
*** TURN *** [Kh 7d 6c] [8s]
WillemDuit: checks
VolkovDmitri: checks
*** RIVER *** [Kh 7d 6c 8s] [3c]
WillemDuit: bets $6
VolkovDmitri: folds
Uncalled bet ($6) returned to WillemDuit
WillemDuit collected $17.64 from pot
WillemDuit: doesn't show hand
*** SUMMARY ***
Total pot $18 | Rake $0.36
Board [Kh 7d 6c 8s 3c]
Seat 3: WillemDuit (big blind) collected ($17.64)
Seat 5: VolkovDmitri (button) (small blind) folded on the River


PokerStars Hand #159074584955:  Hold'em Limit ($3/$6 USD) - 2016/09/25 11:42:15 ET
Table 'Atalante' 6-max Seat #3 is the button
Seat 3: WillemDuit ($149.03 in chips)
Seat 5: VolkovDmitri ($243.33 in chips)
WillemDuit: posts small blind $1
VolkovDmitri: posts big blind $3
*** HOLE CARDS ***
WillemDuit: folds
Uncalled bet ($2) returned to VolkovDmitri
VolkovDmitri collected $2 from pot
VolkovDmitri: doesn't show hand
*** SUMMARY ***
Total pot $2 | Rake $0
Seat 3: WillemDuit (button) (small blind) folded before Flop
Seat 5: VolkovDmitri (big blind) collected ($2)


PokerStars Hand #159074580540:  Hold'em Limit ($3/$6 USD) - 2016/09/25 11:42:09 ET
Table 'Atalante' 6-max Seat #5 is the button
Seat 3: WillemDuit ($152.03 in chips)
Seat 5: VolkovDmitri ($240.33 in chips)
VolkovDmitri: posts small blind $1
WillemDuit: posts big blind $3
*** HOLE CARDS ***
VolkovDmitri: raises $3 to $6
WillemDuit: folds
Uncalled bet ($3) returned to VolkovDmitri
VolkovDmitri collected $6 from pot
VolkovDmitri: doesn't show hand
*** SUMMARY ***
Total pot $6 | Rake $0
Seat 3: WillemDuit (big blind) folded before Flop
Seat 5: VolkovDmitri (button) (small blind) collected ($6)


PokerStars Hand #159074652309:  Hold'em Limit ($3/$6 USD) - 2016/09/25 11:43:43 ET
Table 'Atalante' 6-max Seat #5 is the button
Seat 3: WillemDuit ($132.67 in chips)
Seat 5: VolkovDmitri ($258.83 in chips)
VolkovDmitri: posts small blind $1
WillemDuit: posts big blind $3
*** HOLE CARDS ***
VolkovDmitri: raises $3 to $6
WillemDuit: calls $3
*** FLOP *** [5s 2d 3c]
WillemDuit: checks
VolkovDmitri: bets $3
WillemDuit: folds
Uncalled bet ($3) returned to VolkovDmitri
VolkovDmitri collected $11.76 from pot
VolkovDmitri: doesn't show hand
*** SUMMARY ***
Total pot $12 | Rake $0.24
Board [5s 2d 3c]
Seat 3: WillemDuit (big blind) folded on the Flop
Seat 5: VolkovDmitri (button) (small blind) collected ($11.76)


PokerStars Hand #159074615752:  Hold'em Limit ($3/$6 USD) - 2016/09/25 11:42:55 ET
Table 'Atalante' 6-max Seat #3 is the button
Seat 3: WillemDuit ($156.67 in chips)
Seat 5: VolkovDmitri ($235.33 in chips)
WillemDuit: posts small blind $1
VolkovDmitri: posts big blind $3
*** HOLE CARDS ***
WillemDuit: raises $3 to $6
VolkovDmitri: calls $3
*** FLOP *** [6h 8s Ad]
VolkovDmitri: checks
WillemDuit: checks
*** TURN *** [6h 8s Ad] [Td]
VolkovDmitri: bets $6
WillemDuit: calls $6
*** RIVER *** [6h 8s Ad Td] [Qs]
VolkovDmitri: bets $6
WillemDuit: raises $6 to $12
VolkovDmitri: calls $6
*** SHOW DOWN ***
WillemDuit: shows [Qc 7s] (a pair of Queens)
VolkovDmitri: shows [9h 7h] (a straight, Six to Ten)
VolkovDmitri collected $47.50 from pot
*** SUMMARY ***
Total pot $48 | Rake $0.50
Board [6h 8s Ad Td Qs]
Seat 3: WillemDuit (button) (small blind) showed [Qc 7s] and lost with a pair of Queens
Seat 5: VolkovDmitri (big blind) showed [9h 7h] and won ($47.50) with a straight, Six to Ten


PokerStars Hand #159074660780:  Hold'em Limit ($3/$6 USD) - 2016/09/25 11:43:54 ET
Table 'Atalante' 6-max Seat #3 is the button
Seat 3: WillemDuit ($126.67 in chips)
Seat 5: VolkovDmitri ($264.59 in chips)
WillemDuit: posts small blind $1
VolkovDmitri: posts big blind $3
*** HOLE CARDS ***
WillemDuit: raises $3 to $6
VolkovDmitri: calls $3
*** FLOP *** [Ac Ks Tc]
VolkovDmitri: checks
WillemDuit: bets $3
VolkovDmitri: folds
Uncalled bet ($3) returned to WillemDuit
WillemDuit collected $11.76 from pot
WillemDuit: doesn't show hand
*** SUMMARY ***
Total pot $12 | Rake $0.24
Board [Ac Ks Tc]
Seat 3: WillemDuit (button) (small blind) collected ($11.76)
Seat 5: VolkovDmitri (big blind) folded on the Flop


PokerStars Hand #159074699289:  Hold'em Limit ($3/$6 USD) - 2016/09/25 11:44:45 ET
Table 'Atalante' 6-max Seat #3 is the button
Seat 3: WillemDuit ($123.43 in chips)
Seat 5: VolkovDmitri ($267.23 in chips)
WillemDuit: posts small blind $1
VolkovDmitri: posts big blind $3
*** HOLE CARDS ***
WillemDuit: folds
Uncalled bet ($2) returned to VolkovDmitri
VolkovDmitri collected $2 from pot
VolkovDmitri: doesn't show hand
*** SUMMARY ***
Total pot $2 | Rake $0
Seat 3: WillemDuit (button) (small blind) folded before Flop
Seat 5: VolkovDmitri (big blind) collected ($2)


PokerStars Hand #159074678257:  Hold'em Limit ($3/$6 USD) - 2016/09/25 11:44:17 ET
Table 'Atalante' 6-max Seat #5 is the button
Seat 3: WillemDuit ($132.43 in chips)
Seat 5: VolkovDmitri ($258.59 in chips)
VolkovDmitri: posts small blind $1
WillemDuit: posts big blind $3
*** HOLE CARDS ***
VolkovDmitri: raises $3 to $6
WillemDuit: calls $3
*** FLOP *** [8s 2h Tc]
WillemDuit: checks
VolkovDmitri: bets $3
WillemDuit: calls $3
*** TURN *** [8s 2h Tc] [Kc]
WillemDuit: checks
VolkovDmitri: bets $6
WillemDuit: folds
Uncalled bet ($6) returned to VolkovDmitri
VolkovDmitri collected $17.64 from pot
VolkovDmitri: doesn't show hand
*** SUMMARY ***
Total pot $18 | Rake $0.36
Board [8s 2h Tc Kc]
Seat 3: WillemDuit (big blind) folded on the Turn
Seat 5: VolkovDmitri (button) (small blind) collected ($17.64)


PokerStars Hand #159074761302:  Hold'em Limit ($3/$6 USD) - 2016/09/25 11:46:06 ET
Table 'Atalante' 6-max Seat #3 is the button
Seat 3: WillemDuit ($147.57 in chips)
Seat 5: VolkovDmitri ($242.23 in chips)
WillemDuit: posts small blind $1
VolkovDmitri: posts big blind $3
*** HOLE CARDS ***
WillemDuit: folds
Uncalled bet ($2) returned to VolkovDmitri
VolkovDmitri collected $2 from pot
VolkovDmitri: doesn't show hand
*** SUMMARY ***
Total pot $2 | Rake $0
Seat 3: WillemDuit (button) (small blind) folded before Flop
Seat 5: VolkovDmitri (big blind) collected ($2)


PokerStars Hand #159074734467:  Hold'em Limit ($3/$6 USD) - 2016/09/25 11:45:31 ET
Table 'Atalante' 6-max Seat #5 is the button
Seat 3: WillemDuit ($138.93 in chips)
Seat 5: VolkovDmitri ($251.23 in chips)
VolkovDmitri: posts small blind $1
WillemDuit: posts big blind $3
*** HOLE CARDS ***
VolkovDmitri: raises $3 to $6
WillemDuit: calls $3
*** FLOP *** [As 2c Ah]
WillemDuit: checks
VolkovDmitri: bets $3
WillemDuit: calls $3
*** TURN *** [As 2c Ah] [9c]
WillemDuit: checks
VolkovDmitri: checks
*** RIVER *** [As 2c Ah 9c] [7h]
WillemDuit: checks
VolkovDmitri: checks
*** SHOW DOWN ***
WillemDuit: shows [Qs 8s] (a pair of Aces)
VolkovDmitri: mucks hand
WillemDuit collected $17.64 from pot
*** SUMMARY ***
Total pot $18 | Rake $0.36
Board [As 2c Ah 9c 7h]
Seat 3: WillemDuit (big blind) showed [Qs 8s] and won ($17.64) with a pair of Aces
Seat 5: VolkovDmitri (button) (small blind) mucked


PokerStars Hand #159074730300:  Hold'em Limit ($3/$6 USD) - 2016/09/25 11:45:25 ET
Table 'Atalante' 6-max Seat #3 is the button
Seat 3: WillemDuit ($139.93 in chips)
Seat 5: VolkovDmitri ($250.23 in chips)
WillemDuit: posts small blind $1
VolkovDmitri: posts big blind $3
*** HOLE CARDS ***
WillemDuit: folds
Uncalled bet ($2) returned to VolkovDmitri
VolkovDmitri collected $2 from pot
VolkovDmitri: doesn't show hand
*** SUMMARY ***
Total pot $2 | Rake $0
Seat 3: WillemDuit (button) (small blind) folded before Flop
Seat 5: VolkovDmitri (big blind) collected ($2)


PokerStars Hand #159074703115:  Hold'em Limit ($3/$6 USD) - 2016/09/25 11:44:50 ET
Table 'Atalante' 6-max Seat #5 is the button
Seat 3: WillemDuit ($122.43 in chips)
Seat 5: VolkovDmitri ($268.23 in chips)
VolkovDmitri: posts small blind $1
WillemDuit: posts big blind $3
*** HOLE CARDS ***
VolkovDmitri: raises $3 to $6
WillemDuit: raises $3 to $9
VolkovDmitri: calls $3
*** FLOP *** [6c 9h Td]
WillemDuit: bets $3
VolkovDmitri: calls $3
*** TURN *** [6c 9h Td] [2d]
WillemDuit: bets $6
VolkovDmitri: calls $6
*** RIVER *** [6c 9h Td 2d] [3h]
WillemDuit: bets $6
VolkovDmitri: folds
Uncalled bet ($6) returned to WillemDuit
WillemDuit collected $35.50 from pot
WillemDuit: doesn't show hand
*** SUMMARY ***
Total pot $36 | Rake $0.50
Board [6c 9h Td 2d 3h]
Seat 3: WillemDuit (big blind) collected ($35.50)
Seat 5: VolkovDmitri (button) (small blind) folded on the River


PokerStars Hand #159074780534:  Hold'em Limit ($3/$6 USD) - 2016/09/25 11:46:31 ET
Table 'Atalante' 6-max Seat #3 is the button
Seat 3: WillemDuit ($140.57 in chips)
Seat 5: VolkovDmitri ($248.99 in chips)
WillemDuit: posts small blind $1
VolkovDmitri: posts big blind $3
*** HOLE CARDS ***
WillemDuit: folds
Uncalled bet ($2) returned to VolkovDmitri
VolkovDmitri collected $2 from pot
VolkovDmitri: doesn't show hand
*** SUMMARY ***
Total pot $2 | Rake $0
Seat 3: WillemDuit (button) (small blind) folded before Flop
Seat 5: VolkovDmitri (big blind) collected ($2)


PokerStars Hand #159074765514:  Hold'em Limit ($3/$6 USD) - 2016/09/25 11:46:12 ET
Table 'Atalante' 6-max Seat #5 is the button
Seat 3: WillemDuit ($146.57 in chips)
Seat 5: VolkovDmitri ($243.23 in chips)
VolkovDmitri: posts small blind $1
WillemDuit: posts big blind $3
*** HOLE CARDS ***
VolkovDmitri: raises $3 to $6
WillemDuit: calls $3
*** FLOP *** [4h Jh 2c]
WillemDuit: checks
VolkovDmitri: bets $3
WillemDuit: folds
Uncalled bet ($3) returned to VolkovDmitri
VolkovDmitri collected $11.76 from pot
VolkovDmitri: doesn't show hand
*** SUMMARY ***
Total pot $12 | Rake $0.24
Board [4h Jh 2c]
Seat 3: WillemDuit (big blind) folded on the Flop
Seat 5: VolkovDmitri (button) (small blind) collected ($11.76)


PokerStars Hand #159074810368:  Hold'em Limit ($3/$6 USD) - 2016/09/25 11:47:12 ET
Table 'Atalante' 6-max Seat #3 is the button
Seat 3: WillemDuit ($151.09 in chips)
Seat 5: VolkovDmitri ($237.99 in chips)
WillemDuit: posts small blind $1
VolkovDmitri: posts big blind $3
*** HOLE CARDS ***
WillemDuit: raises $3 to $6
VolkovDmitri: folds
Uncalled bet ($3) returned to WillemDuit
WillemDuit collected $6 from pot
WillemDuit: doesn't show hand
*** SUMMARY ***
Total pot $6 | Rake $0
Seat 3: WillemDuit (button) (small blind) collected ($6)
Seat 5: VolkovDmitri (big blind) folded before Flop


PokerStars Hand #159074823971:  Hold'em Limit ($3/$6 USD) - 2016/09/25 11:47:28 ET
Table 'Atalante' 6-max Seat #5 is the button
Seat 3: WillemDuit ($154.09 in chips)
Seat 5: VolkovDmitri ($234.99 in chips)
VolkovDmitri: posts small blind $1
WillemDuit: posts big blind $3
*** HOLE CARDS ***
VolkovDmitri: raises $3 to $6
WillemDuit: calls $3
*** FLOP *** [Qc 5d Kh]
WillemDuit: bets $3
VolkovDmitri: calls $3
*** TURN *** [Qc 5d Kh] [Jd]
WillemDuit: bets $6
VolkovDmitri: calls $6
*** RIVER *** [Qc 5d Kh Jd] [Ks]
WillemDuit: bets $6
VolkovDmitri: calls $6
*** SHOW DOWN ***
WillemDuit: shows [5s Kd] (a full house, Kings full of Fives)
VolkovDmitri: mucks hand
WillemDuit collected $41.50 from pot
*** SUMMARY ***
Total pot $42 | Rake $0.50
Board [Qc 5d Kh Jd Ks]
Seat 3: WillemDuit (big blind) showed [5s Kd] and won ($41.50) with a full house, Kings full of Fives
Seat 5: VolkovDmitri (button) (small blind) mucked


PokerStars Hand #159074863029:  Hold'em Limit ($3/$6 USD) - 2016/09/25 11:48:19 ET
Table 'Atalante' 6-max Seat #3 is the button
Seat 3: WillemDuit ($174.59 in chips)
Seat 5: VolkovDmitri ($213.99 in chips)
WillemDuit: posts small blind $1
VolkovDmitri: posts big blind $3
*** HOLE CARDS ***
WillemDuit: raises $3 to $6
VolkovDmitri: raises $3 to $9
WillemDuit: calls $3
*** FLOP *** [Jh Qc 7s]
VolkovDmitri: bets $3
WillemDuit: calls $3
*** TURN *** [Jh Qc 7s] [8s]
VolkovDmitri: checks
WillemDuit: checks
*** RIVER *** [Jh Qc 7s 8s] [8d]
VolkovDmitri: checks
WillemDuit: checks
*** SHOW DOWN ***
VolkovDmitri: shows [3d Ah] (a pair of Eights)
WillemDuit: mucks hand
VolkovDmitri collected $23.52 from pot
*** SUMMARY ***
Total pot $24 | Rake $0.48
Board [Jh Qc 7s 8s 8d]
Seat 3: WillemDuit (button) (small blind) mucked
Seat 5: VolkovDmitri (big blind) showed [3d Ah] and won ($23.52) with a pair of Eights


PokerStars Hand #159074906155:  Hold'em Limit ($3/$6 USD) - 2016/09/25 11:49:16 ET
Table 'Atalante' 6-max Seat #3 is the button
Seat 3: WillemDuit ($159.59 in chips)
Seat 5: VolkovDmitri ($228.51 in chips)
WillemDuit: posts small blind $1
VolkovDmitri: posts big blind $3
*** HOLE CARDS ***
WillemDuit: folds
Uncalled bet ($2) returned to VolkovDmitri
VolkovDmitri collected $2 from pot
VolkovDmitri: doesn't show hand
*** SUMMARY ***
Total pot $2 | Rake $0
Seat 3: WillemDuit (button) (small blind) folded before Flop
Seat 5: VolkovDmitri (big blind) collected ($2)


PokerStars Hand #159074891688:  Hold'em Limit ($3/$6 USD) - 2016/09/25 11:48:57 ET
Table 'Atalante' 6-max Seat #5 is the button
Seat 3: WillemDuit ($162.59 in chips)
Seat 5: VolkovDmitri ($225.51 in chips)
VolkovDmitri: posts small blind $1
WillemDuit: posts big blind $3
*** HOLE CARDS ***
VolkovDmitri: raises $3 to $6
WillemDuit: folds
Uncalled bet ($3) returned to VolkovDmitri
VolkovDmitri collected $6 from pot
VolkovDmitri: doesn't show hand
*** SUMMARY ***
Total pot $6 | Rake $0
Seat 3: WillemDuit (big blind) folded before Flop
Seat 5: VolkovDmitri (button) (small blind) collected ($6)


PokerStars Hand #159074910773:  Hold'em Limit ($3/$6 USD) - 2016/09/25 11:49:22 ET
Table 'Atalante' 6-max Seat #5 is the button
Seat 3: WillemDuit ($158.59 in chips)
Seat 5: VolkovDmitri ($229.51 in chips)
VolkovDmitri: posts small blind $1
WillemDuit: posts big blind $3
*** HOLE CARDS ***
VolkovDmitri: raises $3 to $6
WillemDuit: folds
Uncalled bet ($3) returned to VolkovDmitri
VolkovDmitri collected $6 from pot
VolkovDmitri: doesn't show hand
*** SUMMARY ***
Total pot $6 | Rake $0
Seat 3: WillemDuit (big blind) folded before Flop
Seat 5: VolkovDmitri (button) (small blind) collected ($6)


PokerStars Hand #159074917214:  Hold'em Limit ($3/$6 USD) - 2016/09/25 11:49:31 ET
Table 'Atalante' 6-max Seat #3 is the button
Seat 3: WillemDuit ($155.59 in chips)
Seat 5: VolkovDmitri ($232.51 in chips)
WillemDuit: posts small blind $1
VolkovDmitri: posts big blind $3
*** HOLE CARDS ***
WillemDuit: raises $3 to $6
VolkovDmitri: calls $3
*** FLOP *** [9d As Qh]
VolkovDmitri: checks
WillemDuit: bets $3
VolkovDmitri: calls $3
*** TURN *** [9d As Qh] [Qd]
VolkovDmitri: bets $6
WillemDuit: folds
Uncalled bet ($6) returned to VolkovDmitri
VolkovDmitri collected $17.64 from pot
VolkovDmitri: doesn't show hand
*** SUMMARY ***
Total pot $18 | Rake $0.36
Board [9d As Qh Qd]
Seat 3: WillemDuit (button) (small blind) folded on the Turn
Seat 5: VolkovDmitri (big blind) collected ($17.64)


PokerStars Hand #159074988119:  Hold'em Limit ($3/$6 USD) - 2016/09/25 11:51:04 ET
Table 'Atalante' 6-max Seat #3 is the button
Seat 3: WillemDuit ($155.23 in chips)
Seat 5: VolkovDmitri ($232.15 in chips)
WillemDuit: posts small blind $1
VolkovDmitri: posts big blind $3
*** HOLE CARDS ***
WillemDuit: folds
Uncalled bet ($2) returned to VolkovDmitri
VolkovDmitri collected $2 from pot
VolkovDmitri: doesn't show hand
*** SUMMARY ***
Total pot $2 | Rake $0
Seat 3: WillemDuit (button) (small blind) folded before Flop
Seat 5: VolkovDmitri (big blind) collected ($2)


PokerStars Hand #159074960735:  Hold'em Limit ($3/$6 USD) - 2016/09/25 11:50:28 ET
Table 'Atalante' 6-max Seat #5 is the button
Seat 3: WillemDuit ($146.59 in chips)
Seat 5: VolkovDmitri ($241.15 in chips)
VolkovDmitri: posts small blind $1
WillemDuit: posts big blind $3
*** HOLE CARDS ***
VolkovDmitri: raises $3 to $6
WillemDuit: calls $3
*** FLOP *** [2s 4c 9d]
WillemDuit: bets $3
VolkovDmitri: calls $3
*** TURN *** [2s 4c 9d] [4d]
WillemDuit: checks
VolkovDmitri: checks
*** RIVER *** [2s 4c 9d 4d] [Tc]
WillemDuit: bets $6
VolkovDmitri: folds
Uncalled bet ($6) returned to WillemDuit
WillemDuit collected $17.64 from pot
WillemDuit: doesn't show hand
*** SUMMARY ***
Total pot $18 | Rake $0.36
Board [2s 4c 9d 4d Tc]
Seat 3: WillemDuit (big blind) collected ($17.64)
Seat 5: VolkovDmitri (button) (small blind) folded on the River


PokerStars Hand #159074992254:  Hold'em Limit ($3/$6 USD) - 2016/09/25 11:51:09 ET
Table 'Atalante' 6-max Seat #5 is the button
Seat 3: WillemDuit ($154.23 in chips)
Seat 5: VolkovDmitri ($233.15 in chips)
VolkovDmitri: posts small blind $1
WillemDuit: posts big blind $3
*** HOLE CARDS ***
VolkovDmitri: raises $3 to $6
WillemDuit: calls $3
*** FLOP *** [Qh 3s As]
WillemDuit: bets $3
VolkovDmitri: calls $3
*** TURN *** [Qh 3s As] [4h]
WillemDuit: checks
VolkovDmitri: bets $6
WillemDuit: folds
Uncalled bet ($6) returned to VolkovDmitri
VolkovDmitri collected $17.64 from pot
VolkovDmitri: doesn't show hand
*** SUMMARY ***
Total pot $18 | Rake $0.36
Board [Qh 3s As 4h]
Seat 3: WillemDuit (big blind) folded on the Turn
Seat 5: VolkovDmitri (button) (small blind) collected ($17.64)


PokerStars Hand #159075022387:  Hold'em Limit ($3/$6 USD) - 2016/09/25 11:51:48 ET
Table 'Atalante' 6-max Seat #3 is the button
Seat 3: WillemDuit ($145.23 in chips)
Seat 5: VolkovDmitri ($241.79 in chips)
WillemDuit: posts small blind $1
VolkovDmitri: posts big blind $3
*** HOLE CARDS ***
WillemDuit: raises $3 to $6
VolkovDmitri: calls $3
*** FLOP *** [7s Td 6h]
VolkovDmitri: checks
WillemDuit: bets $3
VolkovDmitri: calls $3
*** TURN *** [7s Td 6h] [9h]
VolkovDmitri: checks
WillemDuit: bets $6
VolkovDmitri: folds
Uncalled bet ($6) returned to WillemDuit
WillemDuit collected $17.64 from pot
WillemDuit: doesn't show hand
*** SUMMARY ***
Total pot $18 | Rake $0.36
Board [7s Td 6h 9h]
Seat 3: WillemDuit (button) (small blind) collected ($17.64)
Seat 5: VolkovDmitri (big blind) folded on the Turn


PokerStars Hand #159075093024:  Hold'em Limit ($3/$6 USD) - 2016/09/25 11:53:22 ET
Table 'Atalante' 6-max Seat #3 is the button
Seat 3: WillemDuit ($144.87 in chips)
Seat 5: VolkovDmitri ($241.43 in chips)
WillemDuit: posts small blind $1
VolkovDmitri: posts big blind $3
*** HOLE CARDS ***
WillemDuit: folds
Uncalled bet ($2) returned to VolkovDmitri
VolkovDmitri collected $2 from pot
VolkovDmitri: doesn't show hand
*** SUMMARY ***
Total pot $2 | Rake $0
Seat 3: WillemDuit (button) (small blind) folded before Flop
Seat 5: VolkovDmitri (big blind) collected ($2)


PokerStars Hand #159075073439:  Hold'em Limit ($3/$6 USD) - 2016/09/25 11:52:55 ET
Table 'Atalante' 6-max Seat #5 is the button
Seat 3: WillemDuit ($153.87 in chips)
Seat 5: VolkovDmitri ($232.79 in chips)
VolkovDmitri: posts small blind $1
WillemDuit: posts big blind $3
*** HOLE CARDS ***
VolkovDmitri: raises $3 to $6
WillemDuit: calls $3
*** FLOP *** [8c 3c Qd]
WillemDuit: checks
VolkovDmitri: bets $3
WillemDuit: calls $3
*** TURN *** [8c 3c Qd] [Kc]
WillemDuit: checks
VolkovDmitri: bets $6
WillemDuit: folds
Uncalled bet ($6) returned to VolkovDmitri
VolkovDmitri collected $17.64 from pot
VolkovDmitri: doesn't show hand
*** SUMMARY ***
Total pot $18 | Rake $0.36
Board [8c 3c Qd Kc]
Seat 3: WillemDuit (big blind) folded on the Turn
Seat 5: VolkovDmitri (button) (small blind) collected ($17.64)


PokerStars Hand #159075142197:  Hold'em Limit ($3/$6 USD) - 2016/09/25 11:54:26 ET
Table 'Atalante' 6-max Seat #3 is the button
Seat 3: WillemDuit ($164.37 in chips)
Seat 5: VolkovDmitri ($221.43 in chips)
WillemDuit: posts small blind $1
VolkovDmitri: posts big blind $3
*** HOLE CARDS ***
WillemDuit: raises $3 to $6
VolkovDmitri: folds
Uncalled bet ($3) returned to WillemDuit
WillemDuit collected $6 from pot
WillemDuit: doesn't show hand
*** SUMMARY ***
Total pot $6 | Rake $0
Seat 3: WillemDuit (button) (small blind) collected ($6)
Seat 5: VolkovDmitri (big blind) folded before Flop


PokerStars Hand #159075097329:  Hold'em Limit ($3/$6 USD) - 2016/09/25 11:53:27 ET
Table 'Atalante' 6-max Seat #5 is the button
Seat 3: WillemDuit ($143.87 in chips)
Seat 5: VolkovDmitri ($242.43 in chips)
VolkovDmitri: posts small blind $1
WillemDuit: posts big blind $3
*** HOLE CARDS ***
VolkovDmitri: raises $3 to $6
WillemDuit: raises $3 to $9
VolkovDmitri: raises $3 to $12
Betting is capped
WillemDuit: calls $3
*** FLOP *** [5c Qc Qh]
WillemDuit: bets $3
VolkovDmitri: calls $3
*** TURN *** [5c Qc Qh] [7s]
WillemDuit: bets $6
VolkovDmitri: calls $6
*** RIVER *** [5c Qc Qh 7s] [4h]
WillemDuit: bets $6
VolkovDmitri: folds
Uncalled bet ($6) returned to WillemDuit
WillemDuit collected $41.50 from pot
WillemDuit: doesn't show hand
*** SUMMARY ***
Total pot $42 | Rake $0.50
Board [5c Qc Qh 7s 4h]
Seat 3: WillemDuit (big blind) collected ($41.50)
Seat 5: VolkovDmitri (button) (small blind) folded on the River


PokerStars Hand #159075165686:  Hold'em Limit ($3/$6 USD) - 2016/09/25 11:54:57 ET
Table 'Atalante' 6-max Seat #3 is the button
Seat 3: WillemDuit ($161.37 in chips)
Seat 5: VolkovDmitri ($224.19 in chips)
WillemDuit: posts small blind $1
VolkovDmitri: posts big blind $3
*** HOLE CARDS ***
WillemDuit: folds
Uncalled bet ($2) returned to VolkovDmitri
VolkovDmitri collected $2 from pot
*** SUMMARY ***
Total pot $2 | Rake $0
Seat 3: WillemDuit (button) (small blind) folded before Flop
Seat 5: VolkovDmitri (big blind) collected ($2)


PokerStars Hand #159075152264:  Hold'em Limit ($3/$6 USD) - 2016/09/25 11:54:39 ET
Table 'Atalante' 6-max Seat #5 is the button
Seat 3: WillemDuit ($167.37 in chips)
Seat 5: VolkovDmitri ($218.43 in chips)
VolkovDmitri: posts small blind $1
WillemDuit: posts big blind $3
*** HOLE CARDS ***
VolkovDmitri: raises $3 to $6
WillemDuit: calls $3
*** FLOP *** [Qh Th 6d]
WillemDuit: checks
VolkovDmitri: bets $3
WillemDuit: folds
Uncalled bet ($3) returned to VolkovDmitri
VolkovDmitri collected $11.76 from pot
VolkovDmitri: doesn't show hand
*** SUMMARY ***
Total pot $12 | Rake $0.24
Board [Qh Th 6d]
Seat 3: WillemDuit (big blind) folded on the Flop
Seat 5: VolkovDmitri (button) (small blind) collected ($11.76)


PokerStars Hand #159075186219:  Hold'em Limit ($3/$6 USD) - 2016/09/25 11:55:30 ET
Table 'Atalante' 6-max Seat #3 is the button
Seat 3: WillemDuit ($145.37 in chips)
Seat 5: VolkovDmitri ($239.69 in chips)
WillemDuit: posts small blind $1
VolkovDmitri: posts big blind $3
*** HOLE CARDS ***
WillemDuit: raises $3 to $6
VolkovDmitri: calls $3
*** FLOP *** [As 3h 4d]
VolkovDmitri: checks
WillemDuit: bets $3
VolkovDmitri: folds
Uncalled bet ($3) returned to WillemDuit
WillemDuit collected $11.76 from pot
WillemDuit: doesn't show hand
*** SUMMARY ***
Total pot $12 | Rake $0.24
Board [As 3h 4d]
Seat 3: WillemDuit (button) (small blind) collected ($11.76)
Seat 5: VolkovDmitri (big blind) folded on the Flop


PokerStars Hand #159075169634:  Hold'em Limit ($3/$6 USD) - 2016/09/25 11:55:02 ET
Table 'Atalante' 6-max Seat #5 is the button
Seat 3: WillemDuit ($160.37 in chips)
Seat 5: VolkovDmitri ($225.19 in chips)
VolkovDmitri: posts small blind $1
WillemDuit: posts big blind $3
*** HOLE CARDS ***
VolkovDmitri: raises $3 to $6
WillemDuit: calls $3
*** FLOP *** [8d 4d Qd]
WillemDuit: bets $3
VolkovDmitri: calls $3
*** TURN *** [8d 4d Qd] [Js]
WillemDuit: checks
VolkovDmitri: bets $6
WillemDuit: calls $6
*** RIVER *** [8d 4d Qd Js] [6c]
WillemDuit: checks
VolkovDmitri: bets $6
WillemDuit: folds
Uncalled bet ($6) returned to VolkovDmitri
VolkovDmitri collected $29.50 from pot
VolkovDmitri: doesn't show hand
*** SUMMARY ***
Total pot $30 | Rake $0.50
Board [8d 4d Qd Js 6c]
Seat 3: WillemDuit (big blind) folded on the River
Seat 5: VolkovDmitri (button) (small blind) collected ($29.50)


PokerStars Hand #159075194316:  Hold'em Limit ($3/$6 USD) - 2016/09/25 11:55:45 ET
Table 'Atalante' 6-max Seat #5 is the button
Seat 3: WillemDuit ($151.13 in chips)
Seat 5: VolkovDmitri ($233.69 in chips)
VolkovDmitri: posts small blind $1
WillemDuit: posts big blind $3
*** HOLE CARDS ***
VolkovDmitri: raises $3 to $6
WillemDuit: folds
Uncalled bet ($3) returned to VolkovDmitri
VolkovDmitri collected $6 from pot
VolkovDmitri: doesn't show hand
*** SUMMARY ***
Total pot $6 | Rake $0
Seat 3: WillemDuit (big blind) folded before Flop
Seat 5: VolkovDmitri (button) (small blind) collected ($6)


PokerStars Hand #159075201917:  Hold'em Limit ($3/$6 USD) - 2016/09/25 11:55:58 ET
Table 'Atalante' 6-max Seat #5 is the button
Seat 3: WillemDuit ($147.13 in chips)
Seat 5: VolkovDmitri ($237.69 in chips)
VolkovDmitri: posts small blind $1
WillemDuit: posts big blind $3
*** HOLE CARDS ***
VolkovDmitri: raises $3 to $6
WillemDuit: raises $3 to $9
VolkovDmitri: calls $3
*** FLOP *** [4s Js 5h]
WillemDuit: bets $3
VolkovDmitri: calls $3
*** TURN *** [4s Js 5h] [Ad]
WillemDuit: bets $6
VolkovDmitri: calls $6
*** RIVER *** [4s Js 5h Ad] [7h]
WillemDuit: bets $6
VolkovDmitri: folds
Uncalled bet ($6) returned to WillemDuit
WillemDuit collected $35.50 from pot
WillemDuit: doesn't show hand
*** SUMMARY ***
Total pot $36 | Rake $0.50
Board [4s Js 5h Ad 7h]
Seat 3: WillemDuit (big blind) collected ($35.50)
Seat 5: VolkovDmitri (button) (small blind) folded on the River


PokerStars Hand #159075228245:  Hold'em Limit ($3/$6 USD) - 2016/09/25 11:56:45 ET
Table 'Atalante' 6-max Seat #3 is the button
Seat 3: WillemDuit ($164.63 in chips)
Seat 5: VolkovDmitri ($219.69 in chips)
WillemDuit: posts small blind $1
VolkovDmitri: posts big blind $3
*** HOLE CARDS ***
WillemDuit: raises $3 to $6
VolkovDmitri: calls $3
*** FLOP *** [Qh 9d 7c]
VolkovDmitri: checks
WillemDuit: checks
*** TURN *** [Qh 9d 7c] [7s]
VolkovDmitri: checks
WillemDuit: checks
*** RIVER *** [Qh 9d 7c 7s] [6s]
VolkovDmitri: checks
WillemDuit: checks
*** SHOW DOWN ***
VolkovDmitri: shows [3h Jh] (a pair of Sevens)
WillemDuit: shows [4c Jc] (a pair of Sevens)
VolkovDmitri collected $5.88 from pot
WillemDuit collected $5.88 from pot
*** SUMMARY ***
Total pot $12 | Rake $0.24
Board [Qh 9d 7c 7s 6s]
Seat 3: WillemDuit (button) (small blind) showed [4c Jc] and won ($5.88) with a pair of Sevens
Seat 5: VolkovDmitri (big blind) showed [3h Jh] and won ($5.88) with a pair of Sevens


PokerStars Hand #159075264996:  Hold'em Limit ($3/$6 USD) - 2016/09/25 11:57:52 ET
Table 'Atalante' 6-max Seat #5 is the button
Seat 3: WillemDuit ($173.01 in chips)
Seat 5: VolkovDmitri ($210.21 in chips)
VolkovDmitri: posts small blind $1
WillemDuit: posts big blind $3
*** HOLE CARDS ***
VolkovDmitri: raises $3 to $6
WillemDuit: folds
Uncalled bet ($3) returned to VolkovDmitri
VolkovDmitri collected $6 from pot
VolkovDmitri: doesn't show hand
*** SUMMARY ***
Total pot $6 | Rake $0
Seat 3: WillemDuit (big blind) folded before Flop
Seat 5: VolkovDmitri (button) (small blind) collected ($6)


PokerStars Hand #159075253607:  Hold'em Limit ($3/$6 USD) - 2016/09/25 11:57:32 ET
Table 'Atalante' 6-max Seat #3 is the button
Seat 3: WillemDuit ($155.51 in chips)
Seat 5: VolkovDmitri ($228.21 in chips)
WillemDuit: posts small blind $1
VolkovDmitri: posts big blind $3
*** HOLE CARDS ***
WillemDuit: raises $3 to $6
VolkovDmitri: calls $3
*** FLOP *** [6s Jc 2d]
VolkovDmitri: checks
WillemDuit: bets $3
VolkovDmitri: raises $3 to $6
WillemDuit: calls $3
*** TURN *** [6s Jc 2d] [Ah]
VolkovDmitri: bets $6
WillemDuit: raises $6 to $12
VolkovDmitri: folds
Uncalled bet ($6) returned to WillemDuit
WillemDuit collected $35.50 from pot
WillemDuit: doesn't show hand
*** SUMMARY ***
Total pot $36 | Rake $0.50
Board [6s Jc 2d Ah]
Seat 3: WillemDuit (button) (small blind) collected ($35.50)
Seat 5: VolkovDmitri (big blind) folded on the Turn


PokerStars Hand #159075237151:  Hold'em Limit ($3/$6 USD) - 2016/09/25 11:57:03 ET
Table 'Atalante' 6-max Seat #5 is the button
Seat 3: WillemDuit ($164.51 in chips)
Seat 5: VolkovDmitri ($219.57 in chips)
VolkovDmitri: posts small blind $1
WillemDuit: posts big blind $3
*** HOLE CARDS ***
VolkovDmitri: raises $3 to $6
WillemDuit: calls $3
*** FLOP *** [8s Jd 6s]
WillemDuit: checks
VolkovDmitri: bets $3
WillemDuit: calls $3
*** TURN *** [8s Jd 6s] [8h]
WillemDuit: checks
VolkovDmitri: checks
*** RIVER *** [8s Jd 6s 8h] [2c]
WillemDuit: checks
VolkovDmitri: checks
*** SHOW DOWN ***
WillemDuit: shows [Kh Tc] (a pair of Eights)
VolkovDmitri: shows [As 3d] (a pair of Eights - Ace kicker)
VolkovDmitri collected $17.64 from pot
*** SUMMARY ***
Total pot $18 | Rake $0.36
Board [8s Jd 6s 8h 2c]
Seat 3: WillemDuit (big blind) showed [Kh Tc] and lost with a pair of Eights
Seat 5: VolkovDmitri (button) (small blind) showed [As 3d] and won ($17.64) with a pair of Eights


PokerStars Hand #159075268476:  Hold'em Limit ($3/$6 USD) - 2016/09/25 11:57:58 ET
Table 'Atalante' 6-max Seat #3 is the button
Seat 3: WillemDuit ($170.01 in chips)
Seat 5: VolkovDmitri ($213.21 in chips)
WillemDuit: posts small blind $1
VolkovDmitri: posts big blind $3
*** HOLE CARDS ***
WillemDuit: raises $3 to $6
VolkovDmitri: folds
Uncalled bet ($3) returned to WillemDuit
WillemDuit collected $6 from pot
WillemDuit: doesn't show hand
*** SUMMARY ***
Total pot $6 | Rake $0
Seat 3: WillemDuit (button) (small blind) collected ($6)
Seat 5: VolkovDmitri (big blind) folded before Flop


PokerStars Hand #159075275055:  Hold'em Limit ($3/$6 USD) - 2016/09/25 11:58:09 ET
Table 'Atalante' 6-max Seat #5 is the button
Seat 3: WillemDuit ($173.01 in chips)
Seat 5: VolkovDmitri ($210.21 in chips)
VolkovDmitri: posts small blind $1
WillemDuit: posts big blind $3
*** HOLE CARDS ***
VolkovDmitri: raises $3 to $6
WillemDuit: calls $3
*** FLOP *** [4h Ah Jh]
WillemDuit: checks
VolkovDmitri: bets $3
WillemDuit: calls $3
*** TURN *** [4h Ah Jh] [3s]
WillemDuit: checks
VolkovDmitri: checks
*** RIVER *** [4h Ah Jh 3s] [3d]
WillemDuit: bets $6
VolkovDmitri: folds
Uncalled bet ($6) returned to WillemDuit
WillemDuit collected $17.64 from pot
WillemDuit: doesn't show hand
*** SUMMARY ***
Total pot $18 | Rake $0.36
Board [4h Ah Jh 3s 3d]
Seat 3: WillemDuit (big blind) collected ($17.64)
Seat 5: VolkovDmitri (button) (small blind) folded on the River


PokerStars Hand #159075288427:  Hold'em Limit ($3/$6 USD) - 2016/09/25 11:58:33 ET
Table 'Atalante' 6-max Seat #3 is the button
Seat 3: WillemDuit ($181.65 in chips)
Seat 5: VolkovDmitri ($201.21 in chips)
WillemDuit: posts small blind $1
VolkovDmitri: posts big blind $3
*** HOLE CARDS ***
WillemDuit: raises $3 to $6
VolkovDmitri: folds
Uncalled bet ($3) returned to WillemDuit
WillemDuit collected $6 from pot
WillemDuit: doesn't show hand
*** SUMMARY ***
Total pot $6 | Rake $0
Seat 3: WillemDuit (button) (small blind) collected ($6)
Seat 5: VolkovDmitri (big blind) folded before Flop


PokerStars Hand #159075335469:  Hold'em Limit ($3/$6 USD) - 2016/09/25 11:59:54 ET
Table 'Atalante' 6-max Seat #5 is the button
Seat 3: WillemDuit ($164.41 in chips)
Seat 5: VolkovDmitri ($217.71 in chips)
VolkovDmitri: posts small blind $1
WillemDuit: posts big blind $3
*** HOLE CARDS ***
VolkovDmitri: raises $3 to $6
WillemDuit: folds
Uncalled bet ($3) returned to VolkovDmitri
VolkovDmitri collected $6 from pot
VolkovDmitri: doesn't show hand
*** SUMMARY ***
Total pot $6 | Rake $0
Seat 3: WillemDuit (big blind) folded before Flop
Seat 5: VolkovDmitri (button) (small blind) collected ($6)


PokerStars Hand #159075332130:  Hold'em Limit ($3/$6 USD) - 2016/09/25 11:59:48 ET
Table 'Atalante' 6-max Seat #3 is the button
Seat 3: WillemDuit ($165.41 in chips)
Seat 5: VolkovDmitri ($216.71 in chips)
WillemDuit: posts small blind $1
VolkovDmitri: posts big blind $3
*** HOLE CARDS ***
WillemDuit: folds
Uncalled bet ($2) returned to VolkovDmitri
VolkovDmitri collected $2 from pot
VolkovDmitri: doesn't show hand
*** SUMMARY ***
Total pot $2 | Rake $0
Seat 3: WillemDuit (button) (small blind) folded before Flop
Seat 5: VolkovDmitri (big blind) collected ($2)


PokerStars Hand #159075327495:  Hold'em Limit ($3/$6 USD) - 2016/09/25 11:59:40 ET
Table 'Atalante' 6-max Seat #5 is the button
Seat 3: WillemDuit ($168.41 in chips)
Seat 5: VolkovDmitri ($213.71 in chips)
VolkovDmitri: posts small blind $1
WillemDuit: posts big blind $3
*** HOLE CARDS ***
VolkovDmitri: raises $3 to $6
WillemDuit: folds
Uncalled bet ($3) returned to VolkovDmitri
VolkovDmitri collected $6 from pot
VolkovDmitri: doesn't show hand
*** SUMMARY ***
Total pot $6 | Rake $0
Seat 3: WillemDuit (big blind) folded before Flop
Seat 5: VolkovDmitri (button) (small blind) collected ($6)


PokerStars Hand #159075311789:  Hold'em Limit ($3/$6 USD) - 2016/09/25 11:59:13 ET
Table 'Atalante' 6-max Seat #3 is the button
Seat 3: WillemDuit ($166.65 in chips)
Seat 5: VolkovDmitri ($215.71 in chips)
WillemDuit: posts small blind $1
VolkovDmitri: posts big blind $3
*** HOLE CARDS ***
WillemDuit: raises $3 to $6
VolkovDmitri: calls $3
*** FLOP *** [7h Ah Ks]
VolkovDmitri: checks
WillemDuit: bets $3
VolkovDmitri: folds
Uncalled bet ($3) returned to WillemDuit
WillemDuit collected $11.76 from pot
WillemDuit: doesn't show hand
*** SUMMARY ***
Total pot $12 | Rake $0.24
Board [7h Ah Ks]
Seat 3: WillemDuit (button) (small blind) collected ($11.76)
Seat 5: VolkovDmitri (big blind) folded on the Flop


PokerStars Hand #159075319377:  Hold'em Limit ($3/$6 USD) - 2016/09/25 11:59:26 ET
Table 'Atalante' 6-max Seat #5 is the button
Seat 3: WillemDuit ($172.41 in chips)
Seat 5: VolkovDmitri ($209.71 in chips)
VolkovDmitri: posts small blind $1
WillemDuit: posts big blind $3
*** HOLE CARDS ***
VolkovDmitri: raises $3 to $6
WillemDuit: folds
Uncalled bet ($3) returned to VolkovDmitri
VolkovDmitri collected $6 from pot
VolkovDmitri: doesn't show hand
*** SUMMARY ***
Total pot $6 | Rake $0
Seat 3: WillemDuit (big blind) folded before Flop
Seat 5: VolkovDmitri (button) (small blind) collected ($6)


PokerStars Hand #159075322675:  Hold'em Limit ($3/$6 USD) - 2016/09/25 11:59:32 ET
Table 'Atalante' 6-max Seat #3 is the button
Seat 3: WillemDuit ($169.41 in chips)
Seat 5: VolkovDmitri ($212.71 in chips)
WillemDuit: posts small blind $1
VolkovDmitri: posts big blind $3
*** HOLE CARDS ***
WillemDuit: folds
Uncalled bet ($2) returned to VolkovDmitri
VolkovDmitri collected $2 from pot
VolkovDmitri: doesn't show hand
*** SUMMARY ***
Total pot $2 | Rake $0
Seat 3: WillemDuit (button) (small blind) folded before Flop
Seat 5: VolkovDmitri (big blind) collected ($2)


PokerStars Hand #159075295695:  Hold'em Limit ($3/$6 USD) - 2016/09/25 11:58:45 ET
Table 'Atalante' 6-max Seat #5 is the button
Seat 3: WillemDuit ($184.65 in chips)
Seat 5: VolkovDmitri ($198.21 in chips)
VolkovDmitri: posts small blind $1
WillemDuit: posts big blind $3
*** HOLE CARDS ***
VolkovDmitri: raises $3 to $6
WillemDuit: calls $3
*** FLOP *** [Kh 5s 4c]
WillemDuit: bets $3
VolkovDmitri: raises $3 to $6
WillemDuit: calls $3
*** TURN *** [Kh 5s 4c] [Qd]
WillemDuit: checks
VolkovDmitri: bets $6
WillemDuit: calls $6
*** RIVER *** [Kh 5s 4c Qd] [Jd]
WillemDuit: checks
VolkovDmitri: checks
*** SHOW DOWN ***
WillemDuit: shows [4h 6h] (a pair of Fours)
VolkovDmitri: shows [5c 9c] (a pair of Fives)
VolkovDmitri collected $35.50 from pot
*** SUMMARY ***
Total pot $36 | Rake $0.50
Board [Kh 5s 4c Qd Jd]
Seat 3: WillemDuit (big blind) showed [4h 6h] and lost with a pair of Fours
Seat 5: VolkovDmitri (button) (small blind) showed [5c 9c] and won ($35.50) with a pair of Fives


PokerStars Hand #159075340736:  Hold'em Limit ($3/$6 USD) - 2016/09/25 12:00:02 ET
Table 'Atalante' 6-max Seat #3 is the button
Seat 3: WillemDuit ($161.41 in chips)
Seat 5: VolkovDmitri ($220.71 in chips)
WillemDuit: posts small blind $1
VolkovDmitri: posts big blind $3
*** HOLE CARDS ***
WillemDuit: raises $3 to $6
VolkovDmitri: calls $3
*** FLOP *** [2c Js Qs]
VolkovDmitri: checks
WillemDuit: bets $3
VolkovDmitri: raises $3 to $6
WillemDuit: calls $3
*** TURN *** [2c Js Qs] [5c]
VolkovDmitri: bets $6
WillemDuit: calls $6
*** RIVER *** [2c Js Qs 5c] [7h]
VolkovDmitri: bets $6
WillemDuit: calls $6
*** SHOW DOWN ***
VolkovDmitri: shows [Qh Jc] (two pair, Queens and Jacks)
WillemDuit: mucks hand
VolkovDmitri collected $47.50 from pot
*** SUMMARY ***
Total pot $48 | Rake $0.50
Board [2c Js Qs 5c 7h]
Seat 3: WillemDuit (button) (small blind) mucked
Seat 5: VolkovDmitri (big blind) showed [Qh Jc] and won ($47.50) with two pair, Queens and Jacks


PokerStars Hand #159075370771:  Hold'em Limit ($3/$6 USD) - 2016/09/25 12:00:48 ET
Table 'Atalante' 6-max Seat #5 is the button
Seat 3: WillemDuit ($137.41 in chips)
Seat 5: VolkovDmitri ($244.21 in chips)
VolkovDmitri: posts small blind $1
WillemDuit: posts big blind $3
*** HOLE CARDS ***
VolkovDmitri: raises $3 to $6
WillemDuit: raises $3 to $9
VolkovDmitri: calls $3
*** FLOP *** [Kc 7s 6d]
WillemDuit: bets $3
VolkovDmitri: calls $3
*** TURN *** [Kc 7s 6d] [6h]
WillemDuit: bets $6
VolkovDmitri: folds
Uncalled bet ($6) returned to WillemDuit
WillemDuit collected $23.52 from pot
WillemDuit: doesn't show hand
*** SUMMARY ***
Total pot $24 | Rake $0.48
Board [Kc 7s 6d 6h]
Seat 3: WillemDuit (big blind) collected ($23.52)
Seat 5: VolkovDmitri (button) (small blind) folded on the Turn


PokerStars Hand #159075420809:  Hold'em Limit ($3/$6 USD) - 2016/09/25 12:01:58 ET
Table 'Atalante' 6-max Seat #5 is the button
Seat 3: WillemDuit ($154.69 in chips)
Seat 5: VolkovDmitri ($226.21 in chips)
VolkovDmitri: posts small blind $1
WillemDuit: posts big blind $3
*** HOLE CARDS ***
VolkovDmitri: folds
Uncalled bet ($2) returned to WillemDuit
WillemDuit collected $2 from pot
WillemDuit: doesn't show hand
*** SUMMARY ***
Total pot $2 | Rake $0
Seat 3: WillemDuit (big blind) collected ($2)
Seat 5: VolkovDmitri (button) (small blind) folded before Flop


PokerStars Hand #159075391292:  Hold'em Limit ($3/$6 USD) - 2016/09/25 12:01:18 ET
Table 'Atalante' 6-max Seat #3 is the button
Seat 3: WillemDuit ($148.93 in chips)
Seat 5: VolkovDmitri ($232.21 in chips)
WillemDuit: posts small blind $1
VolkovDmitri: posts big blind $3
*** HOLE CARDS ***
WillemDuit: raises $3 to $6
VolkovDmitri: calls $3
*** FLOP *** [Ks Ad 7d]
VolkovDmitri: checks
WillemDuit: bets $3
VolkovDmitri: folds
Uncalled bet ($3) returned to WillemDuit
WillemDuit collected $11.76 from pot
WillemDuit: doesn't show hand
*** SUMMARY ***
Total pot $12 | Rake $0.24
Board [Ks Ad 7d]
Seat 3: WillemDuit (button) (small blind) collected ($11.76)
Seat 5: VolkovDmitri (big blind) folded on the Flop


PokerStars Hand #159075432159:  Hold'em Limit ($3/$6 USD) - 2016/09/25 12:02:13 ET
Table 'Atalante' 6-max Seat #5 is the button
Seat 3: WillemDuit ($154.69 in chips)
Seat 5: VolkovDmitri ($226.21 in chips)
VolkovDmitri: posts small blind $1
WillemDuit: posts big blind $3
*** HOLE CARDS ***
VolkovDmitri: raises $3 to $6
WillemDuit: calls $3
*** FLOP *** [8s Jc 5c]
WillemDuit: checks
VolkovDmitri: bets $3
WillemDuit: calls $3
*** TURN *** [8s Jc 5c] [3d]
WillemDuit: checks
VolkovDmitri: bets $6
WillemDuit: calls $6
*** RIVER *** [8s Jc 5c 3d] [4c]
WillemDuit: checks
VolkovDmitri: bets $6
WillemDuit: raises $6 to $12
VolkovDmitri: calls $6
*** SHOW DOWN ***
WillemDuit: shows [Jd 9d] (a pair of Jacks)
VolkovDmitri: shows [Js 8h] (two pair, Jacks and Eights)
VolkovDmitri collected $53.50 from pot
*** SUMMARY ***
Total pot $54 | Rake $0.50
Board [8s Jc 5c 3d 4c]
Seat 3: WillemDuit (big blind) showed [Jd 9d] and lost with a pair of Jacks
Seat 5: VolkovDmitri (button) (small blind) showed [Js 8h] and won ($53.50) with two pair, Jacks and Eights


PokerStars Hand #159075427297:  Hold'em Limit ($3/$6 USD) - 2016/09/25 12:02:07 ET
Table 'Atalante' 6-max Seat #3 is the button
Seat 3: WillemDuit ($155.69 in chips)
Seat 5: VolkovDmitri ($225.21 in chips)
WillemDuit: posts small blind $1
VolkovDmitri: posts big blind $3
*** HOLE CARDS ***
WillemDuit: folds
Uncalled bet ($2) returned to VolkovDmitri
VolkovDmitri collected $2 from pot
VolkovDmitri: doesn't show hand
*** SUMMARY ***
Total pot $2 | Rake $0
Seat 3: WillemDuit (button) (small blind) folded before Flop
Seat 5: VolkovDmitri (big blind) collected ($2)


PokerStars Hand #159075460981:  Hold'em Limit ($3/$6 USD) - 2016/09/25 12:02:50 ET
Table 'Atalante' 6-max Seat #3 is the button
Seat 3: WillemDuit ($127.69 in chips)
Seat 5: VolkovDmitri ($252.71 in chips)
WillemDuit: posts small blind $1
VolkovDmitri: posts big blind $3
*** HOLE CARDS ***
WillemDuit: raises $3 to $6
VolkovDmitri: calls $3
*** FLOP *** [2s 6c 8c]
VolkovDmitri: checks
WillemDuit: checks
*** TURN *** [2s 6c 8c] [5d]
VolkovDmitri: checks
WillemDuit: checks
*** RIVER *** [2s 6c 8c 5d] [4c]
VolkovDmitri: bets $6
WillemDuit: raises $6 to $12
VolkovDmitri: folds
Uncalled bet ($6) returned to WillemDuit
WillemDuit collected $23.52 from pot
WillemDuit: doesn't show hand
*** SUMMARY ***
Total pot $24 | Rake $0.48
Board [2s 6c 8c 5d 4c]
Seat 3: WillemDuit (button) (small blind) collected ($23.52)
Seat 5: VolkovDmitri (big blind) folded on the River


PokerStars Hand #159075530638:  Hold'em Limit ($3/$6 USD) - 2016/09/25 12:04:19 ET
Table 'Atalante' 6-max Seat #3 is the button
Seat 3: WillemDuit ($140.21 in chips)
Seat 5: VolkovDmitri ($239.71 in chips)
WillemDuit: posts small blind $1
VolkovDmitri: posts big blind $3
*** HOLE CARDS ***
WillemDuit: folds
Uncalled bet ($2) returned to VolkovDmitri
VolkovDmitri collected $2 from pot
VolkovDmitri: doesn't show hand
*** SUMMARY ***
Total pot $2 | Rake $0
Seat 3: WillemDuit (button) (small blind) folded before Flop
Seat 5: VolkovDmitri (big blind) collected ($2)


PokerStars Hand #159075524339:  Hold'em Limit ($3/$6 USD) - 2016/09/25 12:04:11 ET
Table 'Atalante' 6-max Seat #5 is the button
Seat 3: WillemDuit ($139.21 in chips)
Seat 5: VolkovDmitri ($240.71 in chips)
VolkovDmitri: posts small blind $1
WillemDuit: posts big blind $3
*** HOLE CARDS ***
VolkovDmitri: folds
Uncalled bet ($2) returned to WillemDuit
WillemDuit collected $2 from pot
WillemDuit: doesn't show hand
*** SUMMARY ***
Total pot $2 | Rake $0
Seat 3: WillemDuit (big blind) collected ($2)
Seat 5: VolkovDmitri (button) (small blind) folded before Flop


PokerStars Hand #159075548939:  Hold'em Limit ($3/$6 USD) - 2016/09/25 12:04:43 ET
Table 'Atalante' 6-max Seat #3 is the button
Seat 3: WillemDuit ($130.21 in chips)
Seat 5: VolkovDmitri ($249.35 in chips)
WillemDuit: posts small blind $1
VolkovDmitri: posts big blind $3
*** HOLE CARDS ***
WillemDuit: raises $3 to $6
VolkovDmitri: folds
Uncalled bet ($3) returned to WillemDuit
WillemDuit collected $6 from pot
WillemDuit: doesn't show hand
*** SUMMARY ***
Total pot $6 | Rake $0
Seat 3: WillemDuit (button) (small blind) collected ($6)
Seat 5: VolkovDmitri (big blind) folded before Flop


PokerStars Hand #159075534672:  Hold'em Limit ($3/$6 USD) - 2016/09/25 12:04:25 ET
Table 'Atalante' 6-max Seat #5 is the button
Seat 3: WillemDuit ($139.21 in chips)
Seat 5: VolkovDmitri ($240.71 in chips)
VolkovDmitri: posts small blind $1
WillemDuit: posts big blind $3
*** HOLE CARDS ***
VolkovDmitri: raises $3 to $6
WillemDuit: calls $3
*** FLOP *** [Ah 2c Js]
WillemDuit: bets $3
VolkovDmitri: raises $3 to $6
WillemDuit: folds
Uncalled bet ($3) returned to VolkovDmitri
VolkovDmitri collected $17.64 from pot
VolkovDmitri: doesn't show hand
*** SUMMARY ***
Total pot $18 | Rake $0.36
Board [Ah 2c Js]
Seat 3: WillemDuit (big blind) folded on the Flop
Seat 5: VolkovDmitri (button) (small blind) collected ($17.64)


PokerStars Hand #159075565816:  Hold'em Limit ($3/$6 USD) - 2016/09/25 12:05:04 ET
Table 'Atalante' 6-max Seat #5 is the button
Seat 3: WillemDuit ($133.21 in chips)
Seat 5: VolkovDmitri ($246.35 in chips)
VolkovDmitri: posts small blind $1
WillemDuit: posts big blind $3
*** HOLE CARDS ***
VolkovDmitri: raises $3 to $6
WillemDuit: calls $3
*** FLOP *** [6h Jd 3c]
WillemDuit: checks
VolkovDmitri: bets $3
WillemDuit: calls $3
*** TURN *** [6h Jd 3c] [7s]
WillemDuit: checks
VolkovDmitri: bets $6
WillemDuit: folds
Uncalled bet ($6) returned to VolkovDmitri
VolkovDmitri collected $17.64 from pot
VolkovDmitri: doesn't show hand
*** SUMMARY ***
Total pot $18 | Rake $0.36
Board [6h Jd 3c 7s]
Seat 3: WillemDuit (big blind) folded on the Turn
Seat 5: VolkovDmitri (button) (small blind) collected ($17.64)


PokerStars Hand #159075631504:  Hold'em Limit ($3/$6 USD) - 2016/09/25 12:06:25 ET
Table 'Atalante' 6-max Seat #5 is the button
Seat 3: WillemDuit ($91.21 in chips)
Seat 5: VolkovDmitri ($287.49 in chips)
VolkovDmitri: posts small blind $1
WillemDuit: posts big blind $3
*** HOLE CARDS ***
VolkovDmitri: raises $3 to $6
WillemDuit: calls $3
*** FLOP *** [9s Th Ah]
WillemDuit: bets $3
VolkovDmitri: raises $3 to $6
WillemDuit: folds
Uncalled bet ($3) returned to VolkovDmitri
VolkovDmitri collected $17.64 from pot
VolkovDmitri: doesn't show hand
*** SUMMARY ***
Total pot $18 | Rake $0.36
Board [9s Th Ah]
Seat 3: WillemDuit (big blind) folded on the Flop
Seat 5: VolkovDmitri (button) (small blind) collected ($17.64)


PokerStars Hand #159075594748:  Hold'em Limit ($3/$6 USD) - 2016/09/25 12:05:39 ET
Table 'Atalante' 6-max Seat #3 is the button
Seat 3: WillemDuit ($124.21 in chips)
Seat 5: VolkovDmitri ($254.99 in chips)
WillemDuit: posts small blind $1
VolkovDmitri: posts big blind $3
*** HOLE CARDS ***
WillemDuit: raises $3 to $6
VolkovDmitri: raises $3 to $9
WillemDuit: calls $3
*** FLOP *** [Ts Jc 9h]
VolkovDmitri: bets $3
WillemDuit: raises $3 to $6
VolkovDmitri: calls $3
*** TURN *** [Ts Jc 9h] [7c]
VolkovDmitri: checks
WillemDuit: bets $6
VolkovDmitri: raises $6 to $12
WillemDuit: calls $6
*** RIVER *** [Ts Jc 9h 7c] [2h]
VolkovDmitri: bets $6
WillemDuit: calls $6
*** SHOW DOWN ***
VolkovDmitri: shows [Kc 8c] (a straight, Seven to Jack)
WillemDuit: mucks hand
VolkovDmitri collected $65.50 from pot
*** SUMMARY ***
Total pot $66 | Rake $0.50
Board [Ts Jc 9h 7c 2h]
Seat 3: WillemDuit (button) (small blind) mucked
Seat 5: VolkovDmitri (big blind) showed [Kc 8c] and won ($65.50) with a straight, Seven to Jack


PokerStars Hand #159075641755:  Hold'em Limit ($3/$6 USD) - 2016/09/25 12:06:38 ET
Table 'Atalante' 6-max Seat #3 is the button
Seat 3: WillemDuit ($82.21 in chips)
Seat 5: VolkovDmitri ($296.13 in chips)
WillemDuit: posts small blind $1
VolkovDmitri: posts big blind $3
*** HOLE CARDS ***
WillemDuit: folds
Uncalled bet ($2) returned to VolkovDmitri
VolkovDmitri collected $2 from pot
VolkovDmitri: doesn't show hand
*** SUMMARY ***
Total pot $2 | Rake $0
Seat 3: WillemDuit (button) (small blind) folded before Flop
Seat 5: VolkovDmitri (big blind) collected ($2)


PokerStars Hand #159075645681:  Hold'em Limit ($3/$6 USD) - 2016/09/25 12:06:43 ET
Table 'Atalante' 6-max Seat #5 is the button
Seat 3: WillemDuit ($81.21 in chips)
Seat 5: VolkovDmitri ($297.13 in chips)
VolkovDmitri: posts small blind $1
WillemDuit: posts big blind $3
*** HOLE CARDS ***
VolkovDmitri: raises $3 to $6
CoachMcA joins the table at seat #4
WillemDuit: raises $3 to $9
VolkovDmitri: calls $3
*** FLOP *** [8h 8c 4c]
WillemDuit: bets $3
VolkovDmitri: calls $3
*** TURN *** [8h 8c 4c] [9d]
WillemDuit: checks
VolkovDmitri: bets $6
WillemDuit: raises $6 to $12
VolkovDmitri: raises $6 to $18
WillemDuit: raises $6 to $24
Betting is capped
VolkovDmitri: calls $6
*** RIVER *** [8h 8c 4c 9d] [Kd]
WillemDuit: bets $6
VolkovDmitri: calls $6
*** SHOW DOWN ***
WillemDuit: shows [4d 4s] (a full house, Fours full of Eights)
VolkovDmitri: mucks hand
WillemDuit collected $83.50 from pot
*** SUMMARY ***
Total pot $84 | Rake $0.50
Board [8h 8c 4c 9d Kd]
Seat 3: WillemDuit (big blind) showed [4d 4s] and won ($83.50) with a full house, Fours full of Eights
Seat 5: VolkovDmitri (button) (small blind) mucked


PokerStars Hand #159075787293:  Hold'em Limit ($3/$6 USD) - 2016/09/25 12:09:40 ET
Table 'Atalante' 6-max Seat #4 is the button
Seat 4: CoachMcA ($95 in chips)
Seat 5: VolkovDmitri ($310.43 in chips)
CoachMcA: posts small blind $1
VolkovDmitri: posts big blind $3
*** HOLE CARDS ***
CoachMcA: raises $3 to $6
VolkovDmitri: calls $3
*** FLOP *** [Jc 9h 6h]
VolkovDmitri: checks
CoachMcA: bets $3
VolkovDmitri: calls $3
*** TURN *** [Jc 9h 6h] [7h]
VolkovDmitri: bets $6
CoachMcA: folds
Uncalled bet ($6) returned to VolkovDmitri
VolkovDmitri collected $17.64 from pot
VolkovDmitri: doesn't show hand
*** SUMMARY ***
Total pot $18 | Rake $0.36
Board [Jc 9h 6h 7h]
Seat 4: CoachMcA (button) (small blind) folded on the Turn
Seat 5: VolkovDmitri (big blind) collected ($17.64)


PokerStars Hand #159075779571:  Hold'em Limit ($3/$6 USD) - 2016/09/25 12:09:30 ET
Table 'Atalante' 6-max Seat #5 is the button
Seat 4: CoachMcA ($98 in chips)
Seat 5: VolkovDmitri ($307.43 in chips)
VolkovDmitri: posts small blind $1
CoachMcA: posts big blind $3
*** HOLE CARDS ***
VolkovDmitri: raises $3 to $6
CoachMcA: folds
Uncalled bet ($3) returned to VolkovDmitri
VolkovDmitri collected $6 from pot
VolkovDmitri: doesn't show hand
*** SUMMARY ***
Total pot $6 | Rake $0
Seat 4: CoachMcA (big blind) folded before Flop
Seat 5: VolkovDmitri (button) (small blind) collected ($6)


PokerStars Hand #159075831313:  Hold'em Limit ($3/$6 USD) - 2016/09/25 12:10:34 ET
Table 'Atalante' 6-max Seat #4 is the button
Seat 4: CoachMcA ($94.64 in chips)
Seat 5: VolkovDmitri ($310.07 in chips)
Genzii joins the table at seat #3
CoachMcA: posts small blind $1
VolkovDmitri: posts big blind $3
*** HOLE CARDS ***
CoachMcA: folds
Uncalled bet ($2) returned to VolkovDmitri
VolkovDmitri collected $2 from pot
VolkovDmitri: doesn't show hand
*** SUMMARY ***
Total pot $2 | Rake $0
Seat 4: CoachMcA (button) (small blind) folded before Flop
Seat 5: VolkovDmitri (big blind) collected ($2)


PokerStars Hand #159075869010:  Hold'em Limit ($3/$6 USD) - 2016/09/25 12:11:22 ET
Table 'Atalante' 6-max Seat #4 is the button
Seat 3: Genzii ($32 in chips)
Seat 4: CoachMcA ($111.74 in chips)
CoachMcA: posts small blind $1
Genzii: posts big blind $3
*** HOLE CARDS ***
CoachMcA: raises $3 to $6
Genzii: calls $3
*** FLOP *** [Qc 2c 3s]
Genzii: checks
CoachMcA: bets $3
Genzii: calls $3
*** TURN *** [Qc 2c 3s] [Kh]
Genzii: checks
CoachMcA: checks
*** RIVER *** [Qc 2c 3s Kh] [9d]
Genzii: bets $6
CoachMcA: calls $6
*** SHOW DOWN ***
Genzii: shows [Kd 5s] (a pair of Kings)
CoachMcA: mucks hand
Genzii collected $29.50 from pot
*** SUMMARY ***
Total pot $30 | Rake $0.50
Board [Qc 2c 3s Kh 9d]
Seat 3: Genzii (big blind) showed [Kd 5s] and won ($29.50) with a pair of Kings
Seat 4: CoachMcA (button) (small blind) mucked


PokerStars Hand #159075915611:  Hold'em Limit ($3/$6 USD) - 2016/09/25 12:12:09 ET
Table 'Atalante' 6-max Seat #3 is the button
Seat 3: Genzii ($46.50 in chips)
Seat 4: CoachMcA ($96.74 in chips)
Genzii: posts small blind $1
CoachMcA: posts big blind $3
*** HOLE CARDS ***
Genzii: raises $3 to $6
CoachMcA: calls $3
*** FLOP *** [Kd 7c Jc]
CoachMcA: checks
Genzii: bets $3
CoachMcA: folds
Uncalled bet ($3) returned to Genzii
Genzii collected $11.76 from pot
*** SUMMARY ***
Total pot $12 | Rake $0.24
Board [Kd 7c Jc]
Seat 3: Genzii (button) (small blind) collected ($11.76)
Seat 4: CoachMcA (big blind) folded on the Flop


PokerStars Hand #159075930322:  Hold'em Limit ($3/$6 USD) - 2016/09/25 12:12:27 ET
Table 'Atalante' 6-max Seat #4 is the button
Seat 3: Genzii ($52.26 in chips)
Seat 4: CoachMcA ($90.74 in chips)
CoachMcA: posts small blind $1
Genzii: posts big blind $3
*** HOLE CARDS ***
CoachMcA: folds
Uncalled bet ($2) returned to Genzii
Genzii collected $2 from pot
*** SUMMARY ***
Total pot $2 | Rake $0
Seat 3: Genzii (big blind) collected ($2)
Seat 4: CoachMcA (button) (small blind) folded before Flop


PokerStars Hand #159077122013:  Hold'em Limit ($3/$6 USD) - 2016/09/25 12:36:56 ET
Table 'Atalante' 6-max Seat #4 is the button
Seat 4: CoachMcA ($138.81 in chips)
Seat 6: PayMyAudiR8 ($182.88 in chips)
CoachMcA: posts small blind $1
PayMyAudiR8: posts big blind $3
*** HOLE CARDS ***
CoachMcA: raises $3 to $6
PayMyAudiR8: raises $3 to $9
CoachMcA: calls $3
*** FLOP *** [Ks Td 4h]
PayMyAudiR8: bets $3
CoachMcA: folds
Uncalled bet ($3) returned to PayMyAudiR8
PayMyAudiR8 collected $17.64 from pot
PayMyAudiR8: doesn't show hand
*** SUMMARY ***
Total pot $18 | Rake $0.36
Board [Ks Td 4h]
Seat 4: CoachMcA (button) (small blind) folded on the Flop
Seat 6: PayMyAudiR8 (big blind) collected ($17.64)


PokerStars Hand #159077117439:  Hold'em Limit ($3/$6 USD) - 2016/09/25 12:36:50 ET
Table 'Atalante' 6-max Seat #6 is the button
Seat 4: CoachMcA ($141.81 in chips)
Seat 6: PayMyAudiR8 ($179.88 in chips)
PayMyAudiR8: posts small blind $1
CoachMcA: posts big blind $3
*** HOLE CARDS ***
PayMyAudiR8: raises $3 to $6
CoachMcA: folds
Uncalled bet ($3) returned to PayMyAudiR8
PayMyAudiR8 collected $6 from pot
fishbla leaves the table
PayMyAudiR8: doesn't show hand
*** SUMMARY ***
Total pot $6 | Rake $0
Seat 4: CoachMcA (big blind) folded before Flop
Seat 6: PayMyAudiR8 (button) (small blind) collected ($6)


PokerStars Hand #159077130433:  Hold'em Limit ($3/$6 USD) - 2016/09/25 12:37:06 ET
Table 'Atalante' 6-max Seat #6 is the button
Seat 4: CoachMcA ($129.81 in chips)
Seat 6: PayMyAudiR8 ($191.52 in chips)
PayMyAudiR8: posts small blind $1
CoachMcA: posts big blind $3
*** HOLE CARDS ***
PayMyAudiR8: raises $3 to $6
CoachMcA: calls $3
*** FLOP *** [Qh 7c Th]
CoachMcA: checks
PayMyAudiR8: bets $3
CoachMcA: raises $3 to $6
PayMyAudiR8: calls $3
*** TURN *** [Qh 7c Th] [6h]
CoachMcA: bets $6
PayMyAudiR8: raises $6 to $12
CoachMcA: calls $6
*** RIVER *** [Qh 7c Th 6h] [4c]
CoachMcA: checks
PayMyAudiR8: bets $6
CoachMcA: calls $6
*** SHOW DOWN ***
PayMyAudiR8: shows [Jh Qs] (a pair of Queens)
CoachMcA: mucks hand
PayMyAudiR8 collected $59.50 from pot
*** SUMMARY ***
Total pot $60 | Rake $0.50
Board [Qh 7c Th 6h 4c]
Seat 4: CoachMcA (big blind) mucked
Seat 6: PayMyAudiR8 (button) (small blind) showed [Jh Qs] and won ($59.50) with a pair of Queens


PokerStars Hand #159077149805:  Hold'em Limit ($3/$6 USD) - 2016/09/25 12:37:30 ET
Table 'Atalante' 6-max Seat #6 is the button
Seat 4: CoachMcA ($102.81 in chips)
Seat 6: PayMyAudiR8 ($218.02 in chips)
PayMyAudiR8: posts small blind $1
CoachMcA: posts big blind $3
*** HOLE CARDS ***
PayMyAudiR8: folds
Uncalled bet ($2) returned to CoachMcA
CoachMcA collected $2 from pot
CoachMcA: doesn't show hand
*** SUMMARY ***
Total pot $2 | Rake $0
Seat 4: CoachMcA (big blind) collected ($2)
Seat 6: PayMyAudiR8 (button) (small blind) folded before Flop


PokerStars Hand #159077145243:  Hold'em Limit ($3/$6 USD) - 2016/09/25 12:37:24 ET
Table 'Atalante' 6-max Seat #4 is the button
Seat 4: CoachMcA ($99.81 in chips)
Seat 6: PayMyAudiR8 ($221.02 in chips)
CoachMcA: posts small blind $1
PayMyAudiR8: posts big blind $3
*** HOLE CARDS ***
CoachMcA: raises $3 to $6
PayMyAudiR8: folds
Uncalled bet ($3) returned to CoachMcA
CoachMcA collected $6 from pot
CoachMcA: doesn't show hand
*** SUMMARY ***
Total pot $6 | Rake $0
Seat 4: CoachMcA (button) (small blind) collected ($6)
Seat 6: PayMyAudiR8 (big blind) folded before Flop


PokerStars Hand #159077161570:  Hold'em Limit ($3/$6 USD) - 2016/09/25 12:37:44 ET
Table 'Atalante' 6-max Seat #6 is the button
Seat 4: CoachMcA ($109.57 in chips)
Seat 6: PayMyAudiR8 ($211.02 in chips)
PayMyAudiR8: posts small blind $1
CoachMcA: posts big blind $3
*** HOLE CARDS ***
PayMyAudiR8: folds
Uncalled bet ($2) returned to CoachMcA
CoachMcA collected $2 from pot
CoachMcA: doesn't show hand
*** SUMMARY ***
Total pot $2 | Rake $0
Seat 4: CoachMcA (big blind) collected ($2)
Seat 6: PayMyAudiR8 (button) (small blind) folded before Flop


PokerStars Hand #159077153906:  Hold'em Limit ($3/$6 USD) - 2016/09/25 12:37:35 ET
Table 'Atalante' 6-max Seat #4 is the button
Seat 4: CoachMcA ($103.81 in chips)
Seat 6: PayMyAudiR8 ($217.02 in chips)
CoachMcA: posts small blind $1
PayMyAudiR8: posts big blind $3
*** HOLE CARDS ***
CoachMcA: raises $3 to $6
PayMyAudiR8: calls $3
*** FLOP *** [Th Qd 5c]
PayMyAudiR8: checks
CoachMcA: bets $3
PayMyAudiR8: folds
Uncalled bet ($3) returned to CoachMcA
CoachMcA collected $11.76 from pot
CoachMcA: doesn't show hand
*** SUMMARY ***
Total pot $12 | Rake $0.24
Board [Th Qd 5c]
Seat 4: CoachMcA (button) (small blind) collected ($11.76)
Seat 6: PayMyAudiR8 (big blind) folded on the Flop


PokerStars Hand #159077175054:  Hold'em Limit ($3/$6 USD) - 2016/09/25 12:38:01 ET
Table 'Atalante' 6-max Seat #6 is the button
Seat 4: CoachMcA ($101.57 in chips)
Seat 6: PayMyAudiR8 ($218.66 in chips)
PayMyAudiR8: posts small blind $1
CoachMcA: posts big blind $3
*** HOLE CARDS ***
PayMyAudiR8: raises $3 to $6
CoachMcA: raises $3 to $9
PayMyAudiR8: calls $3
*** FLOP *** [6s Qc 5h]
CoachMcA: bets $3
PayMyAudiR8: raises $3 to $6
CoachMcA: calls $3
*** TURN *** [6s Qc 5h] [3d]
CoachMcA: checks
PayMyAudiR8: bets $6
CoachMcA: calls $6
*** RIVER *** [6s Qc 5h 3d] [8d]
CoachMcA: checks
PayMyAudiR8: bets $6
CoachMcA: calls $6
*** SHOW DOWN ***
PayMyAudiR8: shows [6c 3c] (two pair, Sixes and Threes)
CoachMcA: mucks hand
PayMyAudiR8 collected $53.50 from pot
*** SUMMARY ***
Total pot $54 | Rake $0.50
Board [6s Qc 5h 3d 8d]
Seat 4: CoachMcA (big blind) mucked
Seat 6: PayMyAudiR8 (button) (small blind) showed [6c 3c] and won ($53.50) with two pair, Sixes and Threes


PokerStars Hand #159077218113:  Hold'em Limit ($3/$6 USD) - 2016/09/25 12:38:53 ET
Table 'Atalante' 6-max Seat #4 is the button
Seat 4: CoachMcA ($107.07 in chips)
Seat 6: PayMyAudiR8 ($212.16 in chips)
CoachMcA: posts small blind $1
PayMyAudiR8: posts big blind $3
*** HOLE CARDS ***
CoachMcA: folds
Uncalled bet ($2) returned to PayMyAudiR8
PayMyAudiR8 collected $2 from pot
PayMyAudiR8: doesn't show hand
*** SUMMARY ***
Total pot $2 | Rake $0
Seat 4: CoachMcA (button) (small blind) folded before Flop
Seat 6: PayMyAudiR8 (big blind) collected ($2)


PokerStars Hand #159077201049:  Hold'em Limit ($3/$6 USD) - 2016/09/25 12:38:32 ET
Table 'Atalante' 6-max Seat #6 is the button
Seat 4: CoachMcA ($77.57 in chips)
Seat 6: PayMyAudiR8 ($242.16 in chips)
PayMyAudiR8: posts small blind $1
CoachMcA: posts big blind $3
*** HOLE CARDS ***
charlys65 joins the table at seat #3
PayMyAudiR8: raises $3 to $6
CoachMcA: raises $3 to $9
PayMyAudiR8: calls $3
*** FLOP *** [Js 7s 3d]
CoachMcA: bets $3
PayMyAudiR8: calls $3
*** TURN *** [Js 7s 3d] [9d]
CoachMcA: bets $6
PayMyAudiR8: raises $6 to $12
CoachMcA: calls $6
*** RIVER *** [Js 7s 3d 9d] [Jd]
CoachMcA: checks
PayMyAudiR8: bets $6
CoachMcA: calls $6
*** SHOW DOWN ***
PayMyAudiR8: shows [9c Qd] (two pair, Jacks and Nines)
CoachMcA: shows [Th Td] (two pair, Jacks and Tens)
CoachMcA collected $59.50 from pot
*** SUMMARY ***
Total pot $60 | Rake $0.50
Board [Js 7s 3d 9d Jd]
Seat 4: CoachMcA (big blind) showed [Th Td] and won ($59.50) with two pair, Jacks and Tens
Seat 6: PayMyAudiR8 (button) (small blind) showed [9c Qd] and lost with two pair, Jacks and Nines


PokerStars Hand #159077190043:  Hold'em Limit ($3/$6 USD) - 2016/09/25 12:38:19 ET
Table 'Atalante' 6-max Seat #4 is the button
Seat 4: CoachMcA ($74.57 in chips)
Seat 6: PayMyAudiR8 ($245.16 in chips)
CoachMcA: posts small blind $1
PayMyAudiR8: posts big blind $3
*** HOLE CARDS ***
CoachMcA: raises $3 to $6
PayMyAudiR8: folds
Uncalled bet ($3) returned to CoachMcA
CoachMcA collected $6 from pot
CoachMcA: doesn't show hand
*** SUMMARY ***
Total pot $6 | Rake $0
Seat 4: CoachMcA (button) (small blind) collected ($6)
Seat 6: PayMyAudiR8 (big blind) folded before Flop


PokerStars Hand #159077330832:  Hold'em Limit ($3/$6 USD) - 2016/09/25 12:41:10 ET
Table 'Atalante' 6-max Seat #6 is the button
Seat 4: CoachMcA ($128.33 in chips)
Seat 6: PayMyAudiR8 ($216.19 in chips)
PayMyAudiR8: posts small blind $1
CoachMcA: posts big blind $3
*** HOLE CARDS ***
PayMyAudiR8: raises $3 to $6
CoachMcA: calls $3
*** FLOP *** [Kh 4h Th]
CoachMcA: checks
PayMyAudiR8: bets $3
CoachMcA: raises $3 to $6
PayMyAudiR8: raises $3 to $9
CoachMcA: calls $3
*** TURN *** [Kh 4h Th] [7s]
RabbitNrAS joins the table at seat #5
CoachMcA: checks
PayMyAudiR8: bets $6
CoachMcA: calls $6
*** RIVER *** [Kh 4h Th 7s] [4s]
CoachMcA: checks
PayMyAudiR8: checks
*** SHOW DOWN ***
CoachMcA: shows [4d Jh] (three of a kind, Fours)
PayMyAudiR8: mucks hand
CoachMcA collected $41.50 from pot
*** SUMMARY ***
Total pot $42 | Rake $0.50
Board [Kh 4h Th 7s 4s]
Seat 4: CoachMcA (big blind) showed [4d Jh] and won ($41.50) with three of a kind, Fours
Seat 6: PayMyAudiR8 (button) (small blind) mucked


