PokerStars Hand #154408790791:  Hold'em Limit ($3/$6 USD) - 2016/06/07 7:11:18 ET
Table 'Atala II' 10-max Seat #7 is the button
Seat 1: SeanPeary ($41.52 in chips)
Seat 7: VolkovDmitri ($120 in chips)
VolkovDmitri: posts small blind $1
SeanPeary: posts big blind $3
*** HOLE CARDS ***
VolkovDmitri: raises $3 to $6
SeanPeary: calls $3
*** FLOP *** [Qs Tc 9s]
SeanPeary: checks
VolkovDmitri: bets $3
SeanPeary: calls $3
*** TURN *** [Qs Tc 9s] [Jh]
SeanPeary: checks
VolkovDmitri: checks
*** RIVER *** [Qs Tc 9s Jh] [7d]
SeanPeary: bets $6
VolkovDmitri: calls $6
*** SHOW DOWN ***
SeanPeary: shows [Th Kh] (a straight, Nine to King)
VolkovDmitri: mucks hand
SeanPeary collected $29.50 from pot
*** SUMMARY ***
Total pot $30 | Rake $0.50
Board [Qs Tc 9s Jh 7d]
Seat 1: SeanPeary (big blind) showed [Th Kh] and won ($29.50) with a straight, Nine to King
Seat 7: VolkovDmitri (button) (small blind) mucked


PokerStars Hand #154408780524:  Hold'em Limit ($3/$6 USD) - 2016/06/07 7:10:55 ET
Table 'Atala II' 10-max Seat #1 is the button
Seat 1: SeanPeary ($30 in chips)
Seat 7: VolkovDmitri ($120 in chips)
SeanPeary: posts small blind $1
VolkovDmitri: posts big blind $3
*** HOLE CARDS ***
SeanPeary: raises $3 to $6
VolkovDmitri: raises $3 to $9
SeanPeary: raises $3 to $12
Betting is capped
VolkovDmitri: calls $3
*** FLOP *** [8d Qs Ts]
VolkovDmitri: checks
SeanPeary: bets $3
VolkovDmitri: folds
Uncalled bet ($3) returned to SeanPeary
SeanPeary collected $23.52 from pot
SeanPeary: doesn't show hand
*** SUMMARY ***
Total pot $24 | Rake $0.48
Board [8d Qs Ts]
Seat 1: SeanPeary (button) (small blind) collected ($23.52)
Seat 7: VolkovDmitri (big blind) folded on the Flop


PokerStars Hand #154408821406:  Hold'em Limit ($3/$6 USD) - 2016/06/07 7:12:29 ET
Table 'Atala II' 10-max Seat #1 is the button
Seat 1: SeanPeary ($40.66 in chips)
Seat 7: VolkovDmitri ($134.50 in chips)
SeanPeary: posts small blind $1
VolkovDmitri: posts big blind $3
*** HOLE CARDS ***
SeanPeary: folds
Uncalled bet ($2) returned to VolkovDmitri
VolkovDmitri collected $2 from pot
VolkovDmitri: doesn't show hand
*** SUMMARY ***
Total pot $2 | Rake $0
Seat 1: SeanPeary (button) (small blind) folded before Flop
Seat 7: VolkovDmitri (big blind) collected ($2)


PokerStars Hand #154408812910:  Hold'em Limit ($3/$6 USD) - 2016/06/07 7:12:09 ET
Table 'Atala II' 10-max Seat #7 is the button
Seat 1: SeanPeary ($32.02 in chips)
Seat 7: VolkovDmitri ($143.50 in chips)
VolkovDmitri: posts small blind $1
SeanPeary: posts big blind $3
*** HOLE CARDS ***
VolkovDmitri: raises $3 to $6
SeanPeary: calls $3
*** FLOP *** [Ah 8c Ks]
SeanPeary: checks
VolkovDmitri: bets $3
SeanPeary: raises $3 to $6
VolkovDmitri: folds
Uncalled bet ($3) returned to SeanPeary
SeanPeary collected $17.64 from pot
SeanPeary: doesn't show hand
*** SUMMARY ***
Total pot $18 | Rake $0.36
Board [Ah 8c Ks]
Seat 1: SeanPeary (big blind) collected ($17.64)
Seat 7: VolkovDmitri (button) (small blind) folded on the Flop


PokerStars Hand #154408801523:  Hold'em Limit ($3/$6 USD) - 2016/06/07 7:11:43 ET
Table 'Atala II' 10-max Seat #1 is the button
Seat 1: SeanPeary ($56.02 in chips)
Seat 7: VolkovDmitri ($120 in chips)
SeanPeary: posts small blind $1
VolkovDmitri: posts big blind $3
*** HOLE CARDS ***
SeanPeary: calls $2
VolkovDmitri: raises $3 to $6
SeanPeary: calls $3
*** FLOP *** [7s 8h 2h]
VolkovDmitri: bets $3
SeanPeary: raises $3 to $6
VolkovDmitri: calls $3
*** TURN *** [7s 8h 2h] [9h]
VolkovDmitri: bets $6
SeanPeary: calls $6
*** RIVER *** [7s 8h 2h 9h] [Ks]
VolkovDmitri: bets $6
SeanPeary: calls $6
*** SHOW DOWN ***
VolkovDmitri: shows [9s 3s] (a pair of Nines)
SeanPeary: mucks hand
VolkovDmitri collected $47.50 from pot
*** SUMMARY ***
Total pot $48 | Rake $0.50
Board [7s 8h 2h 9h Ks]
Seat 1: SeanPeary (button) (small blind) mucked
Seat 7: VolkovDmitri (big blind) showed [9s 3s] and won ($47.50) with a pair of Nines


PokerStars Hand #154408855466:  Hold'em Limit ($3/$6 USD) - 2016/06/07 7:13:47 ET
Table 'Atala II' 10-max Seat #1 is the button
Seat 1: SeanPeary ($18.93 in chips)
Seat 7: VolkovDmitri ($154.98 in chips)
SeanPeary: posts small blind $1
VolkovDmitri: posts big blind $3
*** HOLE CARDS ***
SeanPeary: folds
Uncalled bet ($2) returned to VolkovDmitri
VolkovDmitri collected $2 from pot
VolkovDmitri: doesn't show hand
*** SUMMARY ***
Total pot $2 | Rake $0
Seat 1: SeanPeary (button) (small blind) folded before Flop
Seat 7: VolkovDmitri (big blind) collected ($2)


PokerStars Hand #154408846961:  Hold'em Limit ($3/$6 USD) - 2016/06/07 7:13:27 ET
Table 'Atala II' 10-max Seat #7 is the button
Seat 1: SeanPeary ($9.66 in chips)
Seat 7: VolkovDmitri ($164.64 in chips)
VolkovDmitri: posts small blind $1
SeanPeary: posts big blind $3
*** HOLE CARDS ***
VolkovDmitri: raises $3 to $6
SeanPeary: raises $3 to $9
VolkovDmitri: raises $3 to $12
Betting is capped
SeanPeary: calls $0.66 and is all-in
Uncalled bet ($2.34) returned to VolkovDmitri
*** FLOP *** [3s 9s 6s]
*** TURN *** [3s 9s 6s] [Ks]
*** RIVER *** [3s 9s 6s Ks] [5d]
*** SHOW DOWN ***
SeanPeary: shows [Ad 7c] (high card Ace)
VolkovDmitri: shows [Jd Qc] (high card King)
SeanPeary collected $18.93 from pot
*** SUMMARY ***
Total pot $19.32 | Rake $0.39
Board [3s 9s 6s Ks 5d]
Seat 1: SeanPeary (big blind) showed [Ad 7c] and won ($18.93) with high card Ace
Seat 7: VolkovDmitri (button) (small blind) showed [Jd Qc] and lost with high card King


PokerStars Hand #154408823316:  Hold'em Limit ($3/$6 USD) - 2016/06/07 7:12:33 ET
Table 'Atala II' 10-max Seat #7 is the button
Seat 1: SeanPeary ($39.66 in chips)
Seat 7: VolkovDmitri ($135.50 in chips)
VolkovDmitri: posts small blind $1
SeanPeary: posts big blind $3
*** HOLE CARDS ***
VolkovDmitri: raises $3 to $6
SeanPeary: calls $3
*** FLOP *** [Jd 3h 3s]
SeanPeary: checks
VolkovDmitri: bets $3
SeanPeary: calls $3
*** TURN *** [Jd 3h 3s] [Tc]
SeanPeary: checks
VolkovDmitri: checks
*** RIVER *** [Jd 3h 3s Tc] [3d]
SeanPeary: checks
VolkovDmitri: bets $6
SeanPeary: folds
Uncalled bet ($6) returned to VolkovDmitri
VolkovDmitri collected $17.64 from pot
VolkovDmitri: doesn't show hand
*** SUMMARY ***
Total pot $18 | Rake $0.36
Board [Jd 3h 3s Tc 3d]
Seat 1: SeanPeary (big blind) folded on the River
Seat 7: VolkovDmitri (button) (small blind) collected ($17.64)


PokerStars Hand #154408871392:  Hold'em Limit ($3/$6 USD) - 2016/06/07 7:14:23 ET
Table 'Atala II' 10-max Seat #7 is the button
Seat 1: SeanPeary ($29.36 in chips)
Seat 7: VolkovDmitri ($144.05 in chips)
VolkovDmitri: posts small blind $1
SeanPeary: posts big blind $3
*** HOLE CARDS ***
VolkovDmitri: raises $3 to $6
SeanPeary: folds
Uncalled bet ($3) returned to VolkovDmitri
VolkovDmitri collected $6 from pot
VolkovDmitri: doesn't show hand
*** SUMMARY ***
Total pot $6 | Rake $0
Seat 1: SeanPeary (big blind) folded before Flop
Seat 7: VolkovDmitri (button) (small blind) collected ($6)


PokerStars Hand #154408857947:  Hold'em Limit ($3/$6 USD) - 2016/06/07 7:13:52 ET
Table 'Atala II' 10-max Seat #7 is the button
Seat 1: SeanPeary ($17.93 in chips)
Seat 7: VolkovDmitri ($155.98 in chips)
VolkovDmitri: posts small blind $1
SeanPeary: posts big blind $3
*** HOLE CARDS ***
VolkovDmitri: raises $3 to $6
SeanPeary: folds
Uncalled bet ($3) returned to VolkovDmitri
VolkovDmitri collected $6 from pot
VolkovDmitri: doesn't show hand
*** SUMMARY ***
Total pot $6 | Rake $0
Seat 1: SeanPeary (big blind) folded before Flop
Seat 7: VolkovDmitri (button) (small blind) collected ($6)


PokerStars Hand #154408861826:  Hold'em Limit ($3/$6 USD) - 2016/06/07 7:14:01 ET
Table 'Atala II' 10-max Seat #1 is the button
Seat 1: SeanPeary ($14.93 in chips)
Seat 7: VolkovDmitri ($158.98 in chips)
SeanPeary: posts small blind $1
VolkovDmitri: posts big blind $3
*** HOLE CARDS ***
SeanPeary: raises $3 to $6
VolkovDmitri: raises $3 to $9
SeanPeary: calls $3
*** FLOP *** [Td As 3c]
VolkovDmitri: checks
SeanPeary: bets $3
VolkovDmitri: raises $3 to $6
SeanPeary: calls $2.93 and is all-in
Uncalled bet ($0.07) returned to VolkovDmitri
*** TURN *** [Td As 3c] [9d]
*** RIVER *** [Td As 3c 9d] [9c]
*** SHOW DOWN ***
VolkovDmitri: shows [8s Ts] (two pair, Tens and Nines)
SeanPeary: shows [Qd Qs] (two pair, Queens and Nines)
SeanPeary collected $29.36 from pot
*** SUMMARY ***
Total pot $29.86 | Rake $0.50
Board [Td As 3c 9d 9c]
Seat 1: SeanPeary (button) (small blind) showed [Qd Qs] and won ($29.36) with two pair, Queens and Nines
Seat 7: VolkovDmitri (big blind) showed [8s Ts] and lost with two pair, Tens and Nines


PokerStars Hand #154408874455:  Hold'em Limit ($3/$6 USD) - 2016/06/07 7:14:30 ET
Table 'Atala II' 10-max Seat #1 is the button
Seat 1: SeanPeary ($26.36 in chips)
Seat 7: VolkovDmitri ($147.05 in chips)
SeanPeary: posts small blind $1
VolkovDmitri: posts big blind $3
*** HOLE CARDS ***
SeanPeary: raises $3 to $6
VolkovDmitri: calls $3
*** FLOP *** [2h Ad 4h]
VolkovDmitri: checks
SeanPeary: bets $3
VolkovDmitri: calls $3
*** TURN *** [2h Ad 4h] [Ac]
VolkovDmitri: checks
fire852181 joins the table at seat #10
SeanPeary: bets $6
VolkovDmitri: calls $6
*** RIVER *** [2h Ad 4h Ac] [6s]
VolkovDmitri: checks
SeanPeary: bets $6
VolkovDmitri: folds
Uncalled bet ($6) returned to SeanPeary
SeanPeary collected $29.50 from pot
SeanPeary: doesn't show hand
*** SUMMARY ***
Total pot $30 | Rake $0.50
Board [2h Ad 4h Ac 6s]
Seat 1: SeanPeary (button) (small blind) collected ($29.50)
Seat 7: VolkovDmitri (big blind) folded on the River


