PokerStars Hand #146726197423:  Hold'em Limit ($3/$6 USD) - 2016/01/09 4:59:58 ET
Table 'Atala' 2-max Seat #1 is the button
Seat 1: simper11 ($121 in chips)
Seat 2: liza3008 ($119 in chips)
simper11: posts small blind $1
liza3008: posts big blind $3
*** HOLE CARDS ***
simper11: raises $3 to $6
liza3008: calls $3
*** FLOP *** [6s 4d Kc]
liza3008: checks
simper11: bets $3
liza3008: calls $3
*** TURN *** [6s 4d Kc] [Ad]
liza3008: checks
simper11: bets $6
liza3008: raises $6 to $12
simper11: raises $6 to $18
liza3008: calls $6
*** RIVER *** [6s 4d Kc Ad] [4s]
liza3008: checks
simper11: bets $6
liza3008: calls $6
*** SHOW DOWN ***
simper11: shows [6h 6d] (a full house, Sixes full of Fours)
liza3008: mucks hand
simper11 collected $65.50 from pot
*** SUMMARY ***
Total pot $66 | Rake $0.50
Board [6s 4d Kc Ad 4s]
Seat 1: simper11 (button) (small blind) showed [6h 6d] and won ($65.50) with a full house, Sixes full of Fours
Seat 2: liza3008 (big blind) mucked


PokerStars Hand #146726217394:  Hold'em Limit ($3/$6 USD) - 2016/01/09 5:00:44 ET
Table 'Atala' 2-max Seat #1 is the button
Seat 1: simper11 ($168 in chips)
Seat 2: liza3008 ($71 in chips)
simper11: posts small blind $1
liza3008: posts big blind $3
*** HOLE CARDS ***
simper11: raises $3 to $6
liza3008: folds
Uncalled bet ($3) returned to simper11
simper11 collected $6 from pot
simper11: doesn't show hand
*** SUMMARY ***
Total pot $6 | Rake $0
Seat 1: simper11 (button) (small blind) collected ($6)
Seat 2: liza3008 (big blind) folded before Flop


PokerStars Hand #146726207924:  Hold'em Limit ($3/$6 USD) - 2016/01/09 5:00:22 ET
Table 'Atala' 2-max Seat #2 is the button
Seat 1: simper11 ($153.50 in chips)
Seat 2: liza3008 ($86 in chips)
liza3008: posts small blind $1
simper11: posts big blind $3
*** HOLE CARDS ***
liza3008: raises $3 to $6
simper11: calls $3
*** FLOP *** [6h 7d 2s]
simper11: checks
liza3008: bets $3
simper11: calls $3
*** TURN *** [6h 7d 2s] [7h]
simper11: checks
liza3008: checks
*** RIVER *** [6h 7d 2s 7h] [5s]
simper11: bets $6
liza3008: calls $6
*** SHOW DOWN ***
simper11: shows [Ac 6d] (two pair, Sevens and Sixes)
liza3008: mucks hand
simper11 collected $29.50 from pot
*** SUMMARY ***
Total pot $30 | Rake $0.50
Board [6h 7d 2s 7h 5s]
Seat 1: simper11 (big blind) showed [Ac 6d] and won ($29.50) with two pair, Sevens and Sixes
Seat 2: liza3008 (button) (small blind) mucked


PokerStars Hand #146726219530:  Hold'em Limit ($3/$6 USD) - 2016/01/09 5:00:49 ET
Table 'Atala' 2-max Seat #2 is the button
Seat 1: simper11 ($171 in chips)
Seat 2: liza3008 ($68 in chips)
liza3008: posts small blind $1
simper11: posts big blind $3
*** HOLE CARDS ***
liza3008: raises $3 to $6
simper11: calls $3
*** FLOP *** [Ad 4h 3h]
simper11: checks
liza3008: bets $3
simper11: calls $3
*** TURN *** [Ad 4h 3h] [7c]
simper11: checks
liza3008: checks
*** RIVER *** [Ad 4h 3h 7c] [Qc]
simper11: checks
liza3008: bets $6
simper11: folds
Uncalled bet ($6) returned to liza3008
liza3008 collected $17.64 from pot
liza3008: doesn't show hand
*** SUMMARY ***
Total pot $18 | Rake $0.36
Board [Ad 4h 3h 7c Qc]
Seat 1: simper11 (big blind) folded on the River
Seat 2: liza3008 (button) (small blind) collected ($17.64)


PokerStars Hand #146726241151:  Hold'em Limit ($3/$6 USD) - 2016/01/09 5:01:36 ET
Table 'Atala' 2-max Seat #1 is the button
Seat 1: simper11 ($162 in chips)
Seat 2: liza3008 ($76.64 in chips)
simper11: posts small blind $1
liza3008: posts big blind $3
*** HOLE CARDS ***
simper11: raises $3 to $6
liza3008: calls $3
*** FLOP *** [8c Th 7c]
liza3008: checks
simper11: bets $3
liza3008: calls $3
*** TURN *** [8c Th 7c] [9c]
liza3008: checks
simper11: checks
*** RIVER *** [8c Th 7c 9c] [5h]
liza3008: bets $6
simper11: calls $6
*** SHOW DOWN ***
liza3008: shows [Ac 9d] (a pair of Nines)
simper11: mucks hand
liza3008 collected $29.50 from pot
*** SUMMARY ***
Total pot $30 | Rake $0.50
Board [8c Th 7c 9c 5h]
Seat 1: simper11 (button) (small blind) mucked
Seat 2: liza3008 (big blind) showed [Ac 9d] and won ($29.50) with a pair of Nines


PokerStars Hand #146726252561:  Hold'em Limit ($3/$6 USD) - 2016/01/09 5:02:00 ET
Table 'Atala' 2-max Seat #2 is the button
Seat 1: simper11 ($147 in chips)
Seat 2: liza3008 ($91.14 in chips)
liza3008: posts small blind $1
simper11: posts big blind $3
*** HOLE CARDS ***
liza3008: raises $3 to $6
simper11: raises $3 to $9
liza3008: calls $3
*** FLOP *** [Jd 4h Qh]
simper11: bets $3
liza3008: calls $3
*** TURN *** [Jd 4h Qh] [3d]
simper11: bets $6
liza3008: folds
Uncalled bet ($6) returned to simper11
simper11 collected $23.52 from pot
simper11: doesn't show hand
*** SUMMARY ***
Total pot $24 | Rake $0.48
Board [Jd 4h Qh 3d]
Seat 1: simper11 (big blind) collected ($23.52)
Seat 2: liza3008 (button) (small blind) folded on the Turn


PokerStars Hand #146726257539:  Hold'em Limit ($3/$6 USD) - 2016/01/09 5:02:10 ET
Table 'Atala' 2-max Seat #1 is the button
Seat 1: simper11 ($158.52 in chips)
Seat 2: liza3008 ($79.14 in chips)
simper11: posts small blind $1
liza3008: posts big blind $3
*** HOLE CARDS ***
simper11: folds
Uncalled bet ($2) returned to liza3008
liza3008 collected $2 from pot
liza3008: doesn't show hand
*** SUMMARY ***
Total pot $2 | Rake $0
Seat 1: simper11 (button) (small blind) folded before Flop
Seat 2: liza3008 (big blind) collected ($2)


PokerStars Hand #146726260053:  Hold'em Limit ($3/$6 USD) - 2016/01/09 5:02:16 ET
Table 'Atala' 2-max Seat #2 is the button
Seat 1: simper11 ($157.52 in chips)
Seat 2: liza3008 ($80.14 in chips)
liza3008: posts small blind $1
simper11: posts big blind $3
*** HOLE CARDS ***
liza3008: raises $3 to $6
simper11: calls $3
*** FLOP *** [5c Jc Qs]
simper11: checks
liza3008: bets $3
simper11: folds
Uncalled bet ($3) returned to liza3008
liza3008 collected $11.76 from pot
liza3008: doesn't show hand
*** SUMMARY ***
Total pot $12 | Rake $0.24
Board [5c Jc Qs]
Seat 1: simper11 (big blind) folded on the Flop
Seat 2: liza3008 (button) (small blind) collected ($11.76)


PokerStars Hand #146726273160:  Hold'em Limit ($3/$6 USD) - 2016/01/09 5:02:44 ET
Table 'Atala' 2-max Seat #2 is the button
Seat 1: simper11 ($136.52 in chips)
Seat 2: liza3008 ($100.40 in chips)
liza3008: posts small blind $1
simper11: posts big blind $3
*** HOLE CARDS ***
liza3008: raises $3 to $6
simper11: raises $3 to $9
liza3008: calls $3
*** FLOP *** [7s Kd 8c]
simper11: bets $3
liza3008: folds
Uncalled bet ($3) returned to simper11
simper11 collected $17.64 from pot
simper11: doesn't show hand
*** SUMMARY ***
Total pot $18 | Rake $0.36
Board [7s Kd 8c]
Seat 1: simper11 (big blind) collected ($17.64)
Seat 2: liza3008 (button) (small blind) folded on the Flop


PokerStars Hand #146726265810:  Hold'em Limit ($3/$6 USD) - 2016/01/09 5:02:28 ET
Table 'Atala' 2-max Seat #1 is the button
Seat 1: simper11 ($151.52 in chips)
Seat 2: liza3008 ($85.90 in chips)
simper11: posts small blind $1
liza3008: posts big blind $3
*** HOLE CARDS ***
simper11: raises $3 to $6
liza3008: calls $3
*** FLOP *** [8s Kc Kh]
liza3008: checks
simper11: bets $3
liza3008: calls $3
*** TURN *** [8s Kc Kh] [Ts]
liza3008: checks
simper11: checks
*** RIVER *** [8s Kc Kh Ts] [4s]
liza3008: bets $6
simper11: calls $6
*** SHOW DOWN ***
liza3008: shows [3d Ks] (three of a kind, Kings)
simper11: mucks hand
liza3008 collected $29.50 from pot
*** SUMMARY ***
Total pot $30 | Rake $0.50
Board [8s Kc Kh Ts 4s]
Seat 1: simper11 (button) (small blind) mucked
Seat 2: liza3008 (big blind) showed [3d Ks] and won ($29.50) with three of a kind, Kings


PokerStars Hand #146726277854:  Hold'em Limit ($3/$6 USD) - 2016/01/09 5:02:52 ET
Table 'Atala' 2-max Seat #1 is the button
Seat 1: simper11 ($145.16 in chips)
Seat 2: liza3008 ($91.40 in chips)
simper11: posts small blind $1
liza3008: posts big blind $3
*** HOLE CARDS ***
simper11: raises $3 to $6
liza3008: raises $3 to $9
simper11: calls $3
*** FLOP *** [8c 8h 2c]
liza3008: bets $3
simper11: calls $3
*** TURN *** [8c 8h 2c] [Kh]
liza3008: bets $6
simper11: calls $6
*** RIVER *** [8c 8h 2c Kh] [6h]
liza3008: bets $6
simper11: calls $6
*** SHOW DOWN ***
liza3008: shows [Qc Ah] (a pair of Eights)
simper11: shows [Ad 6c] (two pair, Eights and Sixes)
simper11 collected $47.50 from pot
*** SUMMARY ***
Total pot $48 | Rake $0.50
Board [8c 8h 2c Kh 6h]
Seat 1: simper11 (button) (small blind) showed [Ad 6c] and won ($47.50) with two pair, Eights and Sixes
Seat 2: liza3008 (big blind) showed [Qc Ah] and lost with a pair of Eights


PokerStars Hand #146726284689:  Hold'em Limit ($3/$6 USD) - 2016/01/09 5:03:06 ET
Table 'Atala' 2-max Seat #2 is the button
Seat 1: simper11 ($168.66 in chips)
Seat 2: liza3008 ($67.40 in chips)
liza3008: posts small blind $1
simper11: posts big blind $3
*** HOLE CARDS ***
liza3008: raises $3 to $6
simper11: calls $3
*** FLOP *** [3c 2s 9d]
simper11: checks
liza3008: bets $3
simper11: calls $3
*** TURN *** [3c 2s 9d] [Tc]
simper11: checks
liza3008: checks
*** RIVER *** [3c 2s 9d Tc] [9h]
simper11: checks
liza3008: bets $6
simper11: calls $6
*** SHOW DOWN ***
liza3008: shows [3s Kd] (two pair, Nines and Threes)
simper11: mucks hand
liza3008 collected $29.50 from pot
*** SUMMARY ***
Total pot $30 | Rake $0.50
Board [3c 2s 9d Tc 9h]
Seat 1: simper11 (big blind) mucked
Seat 2: liza3008 (button) (small blind) showed [3s Kd] and won ($29.50) with two pair, Nines and Threes


PokerStars Hand #146726294390:  Hold'em Limit ($3/$6 USD) - 2016/01/09 5:03:27 ET
Table 'Atala' 2-max Seat #2 is the button
Seat 1: simper11 ($159.42 in chips)
Seat 2: liza3008 ($75.90 in chips)
liza3008: posts small blind $1
simper11: posts big blind $3
*** HOLE CARDS ***
liza3008: raises $3 to $6
simper11: folds
Uncalled bet ($3) returned to liza3008
liza3008 collected $6 from pot
liza3008: doesn't show hand
*** SUMMARY ***
Total pot $6 | Rake $0
Seat 1: simper11 (big blind) folded before Flop
Seat 2: liza3008 (button) (small blind) collected ($6)


PokerStars Hand #146726290571:  Hold'em Limit ($3/$6 USD) - 2016/01/09 5:03:19 ET
Table 'Atala' 2-max Seat #1 is the button
Seat 1: simper11 ($153.66 in chips)
Seat 2: liza3008 ($81.90 in chips)
simper11: posts small blind $1
liza3008: posts big blind $3
*** HOLE CARDS ***
simper11: raises $3 to $6
liza3008: calls $3
*** FLOP *** [Qd 4s Ts]
liza3008: checks
simper11: bets $3
liza3008: folds
Uncalled bet ($3) returned to simper11
simper11 collected $11.76 from pot
simper11: doesn't show hand
*** SUMMARY ***
Total pot $12 | Rake $0.24
Board [Qd 4s Ts]
Seat 1: simper11 (button) (small blind) collected ($11.76)
Seat 2: liza3008 (big blind) folded on the Flop


PokerStars Hand #146726296735:  Hold'em Limit ($3/$6 USD) - 2016/01/09 5:03:32 ET
Table 'Atala' 2-max Seat #1 is the button
Seat 1: simper11 ($156.42 in chips)
Seat 2: liza3008 ($78.90 in chips)
simper11: posts small blind $1
liza3008: posts big blind $3
*** HOLE CARDS ***
simper11: raises $3 to $6
liza3008: calls $3
*** FLOP *** [5h 7s 8s]
liza3008: checks
simper11: bets $3
liza3008: raises $3 to $6
simper11: calls $3
*** TURN *** [5h 7s 8s] [7c]
liza3008: bets $6
simper11: calls $6
*** RIVER *** [5h 7s 8s 7c] [Jd]
liza3008: bets $6
simper11: calls $6
*** SHOW DOWN ***
liza3008: shows [Ad 7h] (three of a kind, Sevens)
simper11: mucks hand
liza3008 collected $47.50 from pot
*** SUMMARY ***
Total pot $48 | Rake $0.50
Board [5h 7s 8s 7c Jd]
Seat 1: simper11 (button) (small blind) mucked
Seat 2: liza3008 (big blind) showed [Ad 7h] and won ($47.50) with three of a kind, Sevens


PokerStars Hand #146726303362:  Hold'em Limit ($3/$6 USD) - 2016/01/09 5:03:46 ET
Table 'Atala' 2-max Seat #2 is the button
Seat 1: simper11 ($132.42 in chips)
Seat 2: liza3008 ($102.40 in chips)
liza3008: posts small blind $1
simper11: posts big blind $3
*** HOLE CARDS ***
liza3008: raises $3 to $6
simper11: raises $3 to $9
liza3008: calls $3
*** FLOP *** [9s Qh 3d]
simper11: bets $3
liza3008: raises $3 to $6
simper11: raises $3 to $9
liza3008: calls $3
*** TURN *** [9s Qh 3d] [8s]
simper11: bets $6
liza3008: calls $6
*** RIVER *** [9s Qh 3d 8s] [7s]
simper11: bets $6
liza3008: calls $6
*** SHOW DOWN ***
simper11: shows [Qs Ah] (a pair of Queens)
liza3008: mucks hand
simper11 collected $59.50 from pot
*** SUMMARY ***
Total pot $60 | Rake $0.50
Board [9s Qh 3d 8s 7s]
Seat 1: simper11 (big blind) showed [Qs Ah] and won ($59.50) with a pair of Queens
Seat 2: liza3008 (button) (small blind) mucked


PokerStars Hand #146726311643:  Hold'em Limit ($3/$6 USD) - 2016/01/09 5:04:02 ET
Table 'Atala' 2-max Seat #1 is the button
Seat 1: simper11 ($161.92 in chips)
Seat 2: liza3008 ($72.40 in chips)
simper11: posts small blind $1
liza3008: posts big blind $3
*** HOLE CARDS ***
simper11: folds
Uncalled bet ($2) returned to liza3008
liza3008 collected $2 from pot
liza3008: doesn't show hand
*** SUMMARY ***
Total pot $2 | Rake $0
Seat 1: simper11 (button) (small blind) folded before Flop
Seat 2: liza3008 (big blind) collected ($2)


PokerStars Hand #146726322260:  Hold'em Limit ($3/$6 USD) - 2016/01/09 5:04:24 ET
Table 'Atala' 2-max Seat #1 is the button
Seat 1: simper11 ($154.92 in chips)
Seat 2: liza3008 ($79.16 in chips)
simper11: posts small blind $1
liza3008: posts big blind $3
*** HOLE CARDS ***
simper11: folds
Uncalled bet ($2) returned to liza3008
liza3008 collected $2 from pot
liza3008: doesn't show hand
*** SUMMARY ***
Total pot $2 | Rake $0
Seat 1: simper11 (button) (small blind) folded before Flop
Seat 2: liza3008 (big blind) collected ($2)


PokerStars Hand #146726314646:  Hold'em Limit ($3/$6 USD) - 2016/01/09 5:04:08 ET
Table 'Atala' 2-max Seat #2 is the button
Seat 1: simper11 ($160.92 in chips)
Seat 2: liza3008 ($73.40 in chips)
liza3008: posts small blind $1
simper11: posts big blind $3
*** HOLE CARDS ***
liza3008: raises $3 to $6
simper11: calls $3
*** FLOP *** [Jd 5h 2d]
simper11: checks
liza3008: checks
*** TURN *** [Jd 5h 2d] [Qd]
simper11: checks
liza3008: checks
*** RIVER *** [Jd 5h 2d Qd] [7c]
simper11: checks
liza3008: bets $6
simper11: folds
Uncalled bet ($6) returned to liza3008
liza3008 collected $11.76 from pot
liza3008: doesn't show hand
*** SUMMARY ***
Total pot $12 | Rake $0.24
Board [Jd 5h 2d Qd 7c]
Seat 1: simper11 (big blind) folded on the River
Seat 2: liza3008 (button) (small blind) collected ($11.76)


PokerStars Hand #146726324996:  Hold'em Limit ($3/$6 USD) - 2016/01/09 5:04:29 ET
Table 'Atala' 2-max Seat #2 is the button
Seat 1: simper11 ($153.92 in chips)
Seat 2: liza3008 ($80.16 in chips)
liza3008: posts small blind $1
simper11: posts big blind $3
*** HOLE CARDS ***
liza3008: raises $3 to $6
simper11: calls $3
*** FLOP *** [8h 3c Qs]
simper11: checks
liza3008: checks
*** TURN *** [8h 3c Qs] [Qc]
simper11: checks
liza3008: bets $6
simper11: folds
Uncalled bet ($6) returned to liza3008
liza3008 collected $11.76 from pot
liza3008: doesn't show hand
*** SUMMARY ***
Total pot $12 | Rake $0.24
Board [8h 3c Qs Qc]
Seat 1: simper11 (big blind) folded on the Turn
Seat 2: liza3008 (button) (small blind) collected ($11.76)


PokerStars Hand #146726329763:  Hold'em Limit ($3/$6 USD) - 2016/01/09 5:04:39 ET
Table 'Atala' 2-max Seat #1 is the button
Seat 1: simper11 ($147.92 in chips)
Seat 2: liza3008 ($85.92 in chips)
simper11: posts small blind $1
liza3008: posts big blind $3
*** HOLE CARDS ***
simper11: raises $3 to $6
liza3008: calls $3
*** FLOP *** [8d 4h 4d]
liza3008: checks
simper11: bets $3
liza3008: calls $3
*** TURN *** [8d 4h 4d] [3s]
liza3008: checks
simper11: bets $6
liza3008: calls $6
*** RIVER *** [8d 4h 4d 3s] [4c]
liza3008: checks
simper11: bets $6
liza3008: calls $6
*** SHOW DOWN ***
simper11: shows [8h 9h] (a full house, Fours full of Eights)
liza3008: mucks hand
simper11 collected $41.50 from pot
*** SUMMARY ***
Total pot $42 | Rake $0.50
Board [8d 4h 4d 3s 4c]
Seat 1: simper11 (button) (small blind) showed [8h 9h] and won ($41.50) with a full house, Fours full of Eights
Seat 2: liza3008 (big blind) mucked


PokerStars Hand #146726337389:  Hold'em Limit ($3/$6 USD) - 2016/01/09 5:04:55 ET
Table 'Atala' 2-max Seat #2 is the button
Seat 1: simper11 ($168.42 in chips)
Seat 2: liza3008 ($64.92 in chips)
liza3008: posts small blind $1
simper11: posts big blind $3
*** HOLE CARDS ***
liza3008: raises $3 to $6
simper11: calls $3
*** FLOP *** [Kc 4h 4s]
simper11: checks
liza3008: checks
*** TURN *** [Kc 4h 4s] [6c]
simper11: checks
liza3008: checks
*** RIVER *** [Kc 4h 4s 6c] [Ks]
simper11: checks
liza3008: checks
*** SHOW DOWN ***
simper11: shows [Th 8c] (two pair, Kings and Fours)
liza3008: shows [5s Jd] (two pair, Kings and Fours - Jack kicker)
liza3008 collected $11.76 from pot
*** SUMMARY ***
Total pot $12 | Rake $0.24
Board [Kc 4h 4s 6c Ks]
Seat 1: simper11 (big blind) showed [Th 8c] and lost with two pair, Kings and Fours
Seat 2: liza3008 (button) (small blind) showed [5s Jd] and won ($11.76) with two pair, Kings and Fours


PokerStars Hand #146726346918:  Hold'em Limit ($3/$6 USD) - 2016/01/09 5:05:12 ET
Table 'Atala' 2-max Seat #1 is the button
Seat 1: simper11 ($162.42 in chips)
Seat 2: liza3008 ($70.68 in chips)
simper11: posts small blind $1
liza3008: posts big blind $3
*** HOLE CARDS ***
simper11: raises $3 to $6
liza3008: calls $3
*** FLOP *** [Ts Ad 9d]
liza3008: bets $3
simper11: calls $3
*** TURN *** [Ts Ad 9d] [8h]
liza3008: bets $6
simper11: calls $6
*** RIVER *** [Ts Ad 9d 8h] [9h]
liza3008: bets $6
simper11: raises $6 to $12
liza3008: raises $6 to $18
simper11: calls $6
*** SHOW DOWN ***
liza3008: shows [9c 8d] (a full house, Nines full of Eights)
simper11: mucks hand
liza3008 collected $65.50 from pot
*** SUMMARY ***
Total pot $66 | Rake $0.50
Board [Ts Ad 9d 8h 9h]
Seat 1: simper11 (button) (small blind) mucked
Seat 2: liza3008 (big blind) showed [9c 8d] and won ($65.50) with a full house, Nines full of Eights


PokerStars Hand #146726354745:  Hold'em Limit ($3/$6 USD) - 2016/01/09 5:05:28 ET
Table 'Atala' 2-max Seat #2 is the button
Seat 1: simper11 ($129.42 in chips)
Seat 2: liza3008 ($103.18 in chips)
liza3008: posts small blind $1
simper11: posts big blind $3
*** HOLE CARDS ***
liza3008: raises $3 to $6
simper11: raises $3 to $9
liza3008: calls $3
*** FLOP *** [Qs Th Td]
simper11: bets $3
liza3008: calls $3
*** TURN *** [Qs Th Td] [5d]
simper11: bets $6
liza3008: folds
Uncalled bet ($6) returned to simper11
simper11 collected $23.52 from pot
simper11: doesn't show hand
*** SUMMARY ***
Total pot $24 | Rake $0.48
Board [Qs Th Td 5d]
Seat 1: simper11 (big blind) collected ($23.52)
Seat 2: liza3008 (button) (small blind) folded on the Turn


PokerStars Hand #146726359955:  Hold'em Limit ($3/$6 USD) - 2016/01/09 5:05:39 ET
Table 'Atala' 2-max Seat #1 is the button
Seat 1: simper11 ($140.94 in chips)
Seat 2: liza3008 ($91.18 in chips)
simper11: posts small blind $1
liza3008: posts big blind $3
*** HOLE CARDS ***
simper11: raises $3 to $6
liza3008: calls $3
*** FLOP *** [Ks Ac 8c]
liza3008: checks
simper11: bets $3
liza3008: folds
Uncalled bet ($3) returned to simper11
simper11 collected $11.76 from pot
simper11: doesn't show hand
*** SUMMARY ***
Total pot $12 | Rake $0.24
Board [Ks Ac 8c]
Seat 1: simper11 (button) (small blind) collected ($11.76)
Seat 2: liza3008 (big blind) folded on the Flop


PokerStars Hand #146726365334:  Hold'em Limit ($3/$6 USD) - 2016/01/09 5:05:50 ET
Table 'Atala' 2-max Seat #2 is the button
Seat 1: simper11 ($146.70 in chips)
Seat 2: liza3008 ($85.18 in chips)
liza3008: posts small blind $1
simper11: posts big blind $3
*** HOLE CARDS ***
liza3008: raises $3 to $6
simper11: calls $3
*** FLOP *** [8s Th Tc]
simper11: checks
liza3008: checks
*** TURN *** [8s Th Tc] [9h]
simper11: bets $6
liza3008: raises $6 to $12
simper11: raises $6 to $18
liza3008: calls $6
*** RIVER *** [8s Th Tc 9h] [7s]
simper11: bets $6
liza3008: calls $6
*** SHOW DOWN ***
simper11: shows [Td 2d] (three of a kind, Tens)
liza3008: shows [6d 9s] (a straight, Six to Ten)
liza3008 collected $59.50 from pot
*** SUMMARY ***
Total pot $60 | Rake $0.50
Board [8s Th Tc 9h 7s]
Seat 1: simper11 (big blind) showed [Td 2d] and lost with three of a kind, Tens
Seat 2: liza3008 (button) (small blind) showed [6d 9s] and won ($59.50) with a straight, Six to Ten


PokerStars Hand #146726372853:  Hold'em Limit ($3/$6 USD) - 2016/01/09 5:06:05 ET
Table 'Atala' 2-max Seat #1 is the button
Seat 1: simper11 ($120 in chips)
Seat 2: liza3008 ($114.68 in chips)
simper11: posts small blind $1
liza3008: posts big blind $3
*** HOLE CARDS ***
simper11 said, "ahahah"
simper11 said, "ahahahah"
simper11 said, "sin sabaki"
simper11: raises $3 to $6
liza3008: calls $3
*** FLOP *** [Td Ts Qs]
liza3008: checks
simper11: bets $3
liza3008: calls $3
*** TURN *** [Td Ts Qs] [6c]
liza3008: checks
simper11: checks
*** RIVER *** [Td Ts Qs 6c] [4s]
liza3008: bets $6
simper11: calls $6
*** SHOW DOWN ***
liza3008: shows [7s 3s] (a flush, Queen high)
simper11: mucks hand
liza3008 collected $29.50 from pot
*** SUMMARY ***
Total pot $30 | Rake $0.50
Board [Td Ts Qs 6c 4s]
Seat 1: simper11 (button) (small blind) mucked
Seat 2: liza3008 (big blind) showed [7s 3s] and won ($29.50) with a flush, Queen high


PokerStars Hand #146726385379:  Hold'em Limit ($3/$6 USD) - 2016/01/09 5:06:30 ET
Table 'Atala' 2-max Seat #2 is the button
Seat 1: simper11 ($120 in chips)
Seat 2: liza3008 ($129.18 in chips)
liza3008: posts small blind $1
simper11: posts big blind $3
*** HOLE CARDS ***
liza3008: raises $3 to $6
simper11: calls $3
*** FLOP *** [Tc Ts 3c]
simper11: checks
liza3008: bets $3
simper11: raises $3 to $6
liza3008: folds
Uncalled bet ($3) returned to simper11
simper11 collected $17.64 from pot
simper11: doesn't show hand
*** SUMMARY ***
Total pot $18 | Rake $0.36
Board [Tc Ts 3c]
Seat 1: simper11 (big blind) collected ($17.64)
Seat 2: liza3008 (button) (small blind) folded on the Flop


PokerStars Hand #146726397926:  Hold'em Limit ($3/$6 USD) - 2016/01/09 5:06:54 ET
Table 'Atala' 2-max Seat #2 is the button
Seat 1: simper11 ($137.28 in chips)
Seat 2: liza3008 ($111.18 in chips)
liza3008: posts small blind $1
simper11: posts big blind $3
*** HOLE CARDS ***
liza3008: raises $3 to $6
simper11: raises $3 to $9
liza3008: calls $3
*** FLOP *** [2s 9h Ac]
simper11: bets $3
liza3008: folds
Uncalled bet ($3) returned to simper11
simper11 collected $17.64 from pot
simper11: doesn't show hand
*** SUMMARY ***
Total pot $18 | Rake $0.36
Board [2s 9h Ac]
Seat 1: simper11 (big blind) collected ($17.64)
Seat 2: liza3008 (button) (small blind) folded on the Flop


PokerStars Hand #146726391174:  Hold'em Limit ($3/$6 USD) - 2016/01/09 5:06:41 ET
Table 'Atala' 2-max Seat #1 is the button
Seat 1: simper11 ($128.64 in chips)
Seat 2: liza3008 ($120.18 in chips)
simper11: posts small blind $1
liza3008: posts big blind $3
*** HOLE CARDS ***
simper11: raises $3 to $6
liza3008: calls $3
*** FLOP *** [6h 7c Ah]
liza3008: checks
simper11: bets $3
liza3008: calls $3
*** TURN *** [6h 7c Ah] [9h]
liza3008: checks
simper11: bets $6
liza3008: folds
Uncalled bet ($6) returned to simper11
simper11 collected $17.64 from pot
simper11: doesn't show hand
*** SUMMARY ***
Total pot $18 | Rake $0.36
Board [6h 7c Ah 9h]
Seat 1: simper11 (button) (small blind) collected ($17.64)
Seat 2: liza3008 (big blind) folded on the Turn


PokerStars Hand #146726402184:  Hold'em Limit ($3/$6 USD) - 2016/01/09 5:07:03 ET
Table 'Atala' 2-max Seat #1 is the button
Seat 1: simper11 ($145.92 in chips)
Seat 2: liza3008 ($102.18 in chips)
simper11: posts small blind $1
liza3008: posts big blind $3
*** HOLE CARDS ***
simper11: raises $3 to $6
liza3008: calls $3
*** FLOP *** [2d 7c Ks]
liza3008: checks
simper11: bets $3
liza3008: calls $3
*** TURN *** [2d 7c Ks] [Qd]
liza3008: checks
simper11: bets $6
liza3008: raises $6 to $12
simper11: calls $6
*** RIVER *** [2d 7c Ks Qd] [6d]
liza3008: bets $6
simper11: calls $6
*** SHOW DOWN ***
liza3008: shows [Kc 7s] (two pair, Kings and Sevens)
simper11: mucks hand
liza3008 collected $53.50 from pot
*** SUMMARY ***
Total pot $54 | Rake $0.50
Board [2d 7c Ks Qd 6d]
Seat 1: simper11 (button) (small blind) mucked
Seat 2: liza3008 (big blind) showed [Kc 7s] and won ($53.50) with two pair, Kings and Sevens


PokerStars Hand #146726409798:  Hold'em Limit ($3/$6 USD) - 2016/01/09 5:07:18 ET
Table 'Atala' 2-max Seat #2 is the button
Seat 1: simper11 ($120 in chips)
Seat 2: liza3008 ($128.68 in chips)
liza3008: posts small blind $1
simper11: posts big blind $3
*** HOLE CARDS ***
liza3008: raises $3 to $6
simper11: raises $3 to $9
liza3008: calls $3
*** FLOP *** [2d 7c 4d]
simper11: bets $3
liza3008: calls $3
*** TURN *** [2d 7c 4d] [9d]
simper11: bets $6
liza3008: calls $6
*** RIVER *** [2d 7c 4d 9d] [Jc]
simper11: bets $6
liza3008: folds
Uncalled bet ($6) returned to simper11
simper11 collected $35.50 from pot
simper11: doesn't show hand
*** SUMMARY ***
Total pot $36 | Rake $0.50
Board [2d 7c 4d 9d Jc]
Seat 1: simper11 (big blind) collected ($35.50)
Seat 2: liza3008 (button) (small blind) folded on the River


PokerStars Hand #146726417487:  Hold'em Limit ($3/$6 USD) - 2016/01/09 5:07:33 ET
Table 'Atala' 2-max Seat #1 is the button
Seat 1: simper11 ($137.50 in chips)
Seat 2: liza3008 ($110.68 in chips)
simper11: posts small blind $1
liza3008: posts big blind $3
*** HOLE CARDS ***
simper11: raises $3 to $6
liza3008: calls $3
*** FLOP *** [8d 4d Js]
liza3008: checks
simper11: bets $3
liza3008: folds
Uncalled bet ($3) returned to simper11
simper11 collected $11.76 from pot
simper11: doesn't show hand
*** SUMMARY ***
Total pot $12 | Rake $0.24
Board [8d 4d Js]
Seat 1: simper11 (button) (small blind) collected ($11.76)
Seat 2: liza3008 (big blind) folded on the Flop


PokerStars Hand #146726422223:  Hold'em Limit ($3/$6 USD) - 2016/01/09 5:07:42 ET
Table 'Atala' 2-max Seat #2 is the button
Seat 1: simper11 ($143.26 in chips)
Seat 2: liza3008 ($104.68 in chips)
liza3008: posts small blind $1
simper11: posts big blind $3
*** HOLE CARDS ***
liza3008: raises $3 to $6
simper11: calls $3
*** FLOP *** [Th Qs Jh]
simper11: checks
liza3008: bets $3
simper11: calls $3
*** TURN *** [Th Qs Jh] [Kh]
simper11: checks
liza3008: checks
*** RIVER *** [Th Qs Jh Kh] [9h]
simper11: bets $6
liza3008: folds
Uncalled bet ($6) returned to simper11
simper11 collected $17.64 from pot
simper11: doesn't show hand
*** SUMMARY ***
Total pot $18 | Rake $0.36
Board [Th Qs Jh Kh 9h]
Seat 1: simper11 (big blind) collected ($17.64)
Seat 2: liza3008 (button) (small blind) folded on the River


PokerStars Hand #146726430170:  Hold'em Limit ($3/$6 USD) - 2016/01/09 5:07:58 ET
Table 'Atala' 2-max Seat #1 is the button
Seat 1: simper11 ($151.90 in chips)
Seat 2: liza3008 ($95.68 in chips)
simper11: posts small blind $1
liza3008: posts big blind $3
*** HOLE CARDS ***
simper11: raises $3 to $6
liza3008: calls $3
*** FLOP *** [3d 5h Tc]
liza3008: checks
simper11: bets $3
liza3008: raises $3 to $6
simper11: calls $3
*** TURN *** [3d 5h Tc] [3s]
liza3008: bets $6
simper11: folds
Uncalled bet ($6) returned to liza3008
liza3008 collected $23.52 from pot
liza3008: doesn't show hand
*** SUMMARY ***
Total pot $24 | Rake $0.48
Board [3d 5h Tc 3s]
Seat 1: simper11 (button) (small blind) folded on the Turn
Seat 2: liza3008 (big blind) collected ($23.52)


PokerStars Hand #146726436567:  Hold'em Limit ($3/$6 USD) - 2016/01/09 5:08:11 ET
Table 'Atala' 2-max Seat #2 is the button
Seat 1: simper11 ($139.90 in chips)
Seat 2: liza3008 ($107.20 in chips)
liza3008: posts small blind $1
simper11: posts big blind $3
*** HOLE CARDS ***
liza3008: raises $3 to $6
simper11: calls $3
*** FLOP *** [2s 7s 4d]
simper11: checks
liza3008: checks
*** TURN *** [2s 7s 4d] [2c]
simper11: bets $6
liza3008: calls $6
*** RIVER *** [2s 7s 4d 2c] [Jd]
simper11: bets $6
liza3008: raises $6 to $12
simper11: raises $6 to $18
liza3008: calls $6
*** SHOW DOWN ***
simper11: shows [Jc 7h] (two pair, Jacks and Sevens)
liza3008: mucks hand
simper11 collected $59.50 from pot
*** SUMMARY ***
Total pot $60 | Rake $0.50
Board [2s 7s 4d 2c Jd]
Seat 1: simper11 (big blind) showed [Jc 7h] and won ($59.50) with two pair, Jacks and Sevens
Seat 2: liza3008 (button) (small blind) mucked


PokerStars Hand #146726446348:  Hold'em Limit ($3/$6 USD) - 2016/01/09 5:08:30 ET
Table 'Atala' 2-max Seat #2 is the button
Seat 1: simper11 ($168.40 in chips)
Seat 2: liza3008 ($78.20 in chips)
liza3008: posts small blind $1
simper11: posts big blind $3
*** HOLE CARDS ***
liza3008: raises $3 to $6
simper11: folds
Uncalled bet ($3) returned to liza3008
liza3008 collected $6 from pot
liza3008: doesn't show hand
*** SUMMARY ***
Total pot $6 | Rake $0
Seat 1: simper11 (big blind) folded before Flop
Seat 2: liza3008 (button) (small blind) collected ($6)


PokerStars Hand #146726443268:  Hold'em Limit ($3/$6 USD) - 2016/01/09 5:08:24 ET
Table 'Atala' 2-max Seat #1 is the button
Seat 1: simper11 ($169.40 in chips)
Seat 2: liza3008 ($77.20 in chips)
simper11: posts small blind $1
liza3008: posts big blind $3
*** HOLE CARDS ***
simper11: folds
Uncalled bet ($2) returned to liza3008
liza3008 collected $2 from pot
liza3008: doesn't show hand
*** SUMMARY ***
Total pot $2 | Rake $0
Seat 1: simper11 (button) (small blind) folded before Flop
Seat 2: liza3008 (big blind) collected ($2)


PokerStars Hand #146726448741:  Hold'em Limit ($3/$6 USD) - 2016/01/09 5:08:35 ET
Table 'Atala' 2-max Seat #1 is the button
Seat 1: simper11 ($165.40 in chips)
Seat 2: liza3008 ($81.20 in chips)
simper11: posts small blind $1
liza3008: posts big blind $3
*** HOLE CARDS ***
simper11: raises $3 to $6
liza3008: calls $3
*** FLOP *** [Ac Qc As]
liza3008: checks
simper11: bets $3
liza3008: raises $3 to $6
simper11: calls $3
*** TURN *** [Ac Qc As] [8h]
liza3008: bets $6
simper11: calls $6
*** RIVER *** [Ac Qc As 8h] [Tc]
liza3008: checks
simper11: checks
*** SHOW DOWN ***
liza3008: shows [3h 4s] (a pair of Aces)
simper11: shows [Ks 9c] (a pair of Aces - King kicker)
simper11 collected $35.50 from pot
*** SUMMARY ***
Total pot $36 | Rake $0.50
Board [Ac Qc As 8h Tc]
Seat 1: simper11 (button) (small blind) showed [Ks 9c] and won ($35.50) with a pair of Aces
Seat 2: liza3008 (big blind) showed [3h 4s] and lost with a pair of Aces


PokerStars Hand #146726458610:  Hold'em Limit ($3/$6 USD) - 2016/01/09 5:08:54 ET
Table 'Atala' 2-max Seat #2 is the button
Seat 1: simper11 ($182.90 in chips)
Seat 2: liza3008 ($63.20 in chips)
liza3008: posts small blind $1
simper11: posts big blind $3
*** HOLE CARDS ***
liza3008: raises $3 to $6
simper11: calls $3
*** FLOP *** [3s 6c 3h]
simper11: checks
liza3008: checks
*** TURN *** [3s 6c 3h] [4d]
simper11: checks
liza3008: checks
*** RIVER *** [3s 6c 3h 4d] [Ts]
simper11: checks
liza3008: checks
*** SHOW DOWN ***
simper11: shows [7c 8s] (a pair of Threes)
liza3008: shows [Jh 7s] (a pair of Threes - Jack kicker)
liza3008 collected $11.76 from pot
*** SUMMARY ***
Total pot $12 | Rake $0.24
Board [3s 6c 3h 4d Ts]
Seat 1: simper11 (big blind) showed [7c 8s] and lost with a pair of Threes
Seat 2: liza3008 (button) (small blind) showed [Jh 7s] and won ($11.76) with a pair of Threes


PokerStars Hand #146726464551:  Hold'em Limit ($3/$6 USD) - 2016/01/09 5:09:06 ET
Table 'Atala' 2-max Seat #1 is the button
Seat 1: simper11 ($176.90 in chips)
Seat 2: liza3008 ($68.96 in chips)
simper11: posts small blind $1
liza3008: posts big blind $3
*** HOLE CARDS ***
simper11: raises $3 to $6
liza3008: calls $3
*** FLOP *** [3h Td Th]
liza3008: checks
simper11: bets $3
liza3008: calls $3
*** TURN *** [3h Td Th] [8h]
liza3008: checks
simper11: bets $6
liza3008: calls $6
*** RIVER *** [3h Td Th 8h] [Jd]
liza3008: bets $6
simper11: folds
Uncalled bet ($6) returned to liza3008
liza3008 collected $29.50 from pot
liza3008: doesn't show hand
*** SUMMARY ***
Total pot $30 | Rake $0.50
Board [3h Td Th 8h Jd]
Seat 1: simper11 (button) (small blind) folded on the River
Seat 2: liza3008 (big blind) collected ($29.50)


PokerStars Hand #146726480250:  Hold'em Limit ($3/$6 USD) - 2016/01/09 5:09:37 ET
Table 'Atala' 2-max Seat #1 is the button
Seat 1: simper11 ($134.90 in chips)
Seat 2: liza3008 ($109.96 in chips)
simper11: posts small blind $1
liza3008: posts big blind $3
*** HOLE CARDS ***
simper11: folds
Uncalled bet ($2) returned to liza3008
liza3008 collected $2 from pot
liza3008: doesn't show hand
*** SUMMARY ***
Total pot $2 | Rake $0
Seat 1: simper11 (button) (small blind) folded before Flop
Seat 2: liza3008 (big blind) collected ($2)


PokerStars Hand #146726471620:  Hold'em Limit ($3/$6 USD) - 2016/01/09 5:09:20 ET
Table 'Atala' 2-max Seat #2 is the button
Seat 1: simper11 ($161.90 in chips)
Seat 2: liza3008 ($83.46 in chips)
liza3008: posts small blind $1
simper11: posts big blind $3
*** HOLE CARDS ***
liza3008: raises $3 to $6
simper11: calls $3
*** FLOP *** [Ah Ts Kd]
simper11: checks
liza3008: bets $3
simper11: calls $3
*** TURN *** [Ah Ts Kd] [8s]
simper11: checks
liza3008: bets $6
simper11: raises $6 to $12
liza3008: calls $6
*** RIVER *** [Ah Ts Kd 8s] [4c]
simper11: bets $6
liza3008: calls $6
*** SHOW DOWN ***
simper11: shows [8h Tc] (two pair, Tens and Eights)
liza3008: shows [8c Ks] (two pair, Kings and Eights)
liza3008 collected $53.50 from pot
*** SUMMARY ***
Total pot $54 | Rake $0.50
Board [Ah Ts Kd 8s 4c]
Seat 1: simper11 (big blind) showed [8h Tc] and lost with two pair, Tens and Eights
Seat 2: liza3008 (button) (small blind) showed [8c Ks] and won ($53.50) with two pair, Kings and Eights


PokerStars Hand #146726482516:  Hold'em Limit ($3/$6 USD) - 2016/01/09 5:09:41 ET
Table 'Atala' 2-max Seat #2 is the button
Seat 1: simper11 ($133.90 in chips)
Seat 2: liza3008 ($110.96 in chips)
liza3008: posts small blind $1
simper11: posts big blind $3
*** HOLE CARDS ***
liza3008: raises $3 to $6
simper11: calls $3
*** FLOP *** [9c 3c 5d]
simper11: checks
liza3008: bets $3
simper11: calls $3
*** TURN *** [9c 3c 5d] [9d]
simper11: checks
liza3008: bets $6
simper11: folds
Uncalled bet ($6) returned to liza3008
liza3008 collected $17.64 from pot
liza3008: doesn't show hand
*** SUMMARY ***
Total pot $18 | Rake $0.36
Board [9c 3c 5d 9d]
Seat 1: simper11 (big blind) folded on the Turn
Seat 2: liza3008 (button) (small blind) collected ($17.64)


PokerStars Hand #146726487715:  Hold'em Limit ($3/$6 USD) - 2016/01/09 5:09:52 ET
Table 'Atala' 2-max Seat #1 is the button
Seat 1: simper11 ($124.90 in chips)
Seat 2: liza3008 ($119.60 in chips)
simper11: posts small blind $1
liza3008: posts big blind $3
*** HOLE CARDS ***
simper11: raises $3 to $6
liza3008: calls $3
*** FLOP *** [7c Jh Jd]
liza3008: checks
simper11: bets $3
liza3008: folds
Uncalled bet ($3) returned to simper11
simper11 collected $11.76 from pot
simper11: doesn't show hand
*** SUMMARY ***
Total pot $12 | Rake $0.24
Board [7c Jh Jd]
Seat 1: simper11 (button) (small blind) collected ($11.76)
Seat 2: liza3008 (big blind) folded on the Flop


PokerStars Hand #146726491803:  Hold'em Limit ($3/$6 USD) - 2016/01/09 5:10:00 ET
Table 'Atala' 2-max Seat #2 is the button
Seat 1: simper11 ($130.66 in chips)
Seat 2: liza3008 ($113.60 in chips)
liza3008: posts small blind $1
simper11: posts big blind $3
*** HOLE CARDS ***
liza3008: raises $3 to $6
simper11: calls $3
*** FLOP *** [Kd Qc 7h]
simper11: checks
liza3008: bets $3
simper11: folds
Uncalled bet ($3) returned to liza3008
liza3008 collected $11.76 from pot
liza3008: doesn't show hand
*** SUMMARY ***
Total pot $12 | Rake $0.24
Board [Kd Qc 7h]
Seat 1: simper11 (big blind) folded on the Flop
Seat 2: liza3008 (button) (small blind) collected ($11.76)


PokerStars Hand #146726495779:  Hold'em Limit ($3/$6 USD) - 2016/01/09 5:10:08 ET
Table 'Atala' 2-max Seat #1 is the button
Seat 1: simper11 ($124.66 in chips)
Seat 2: liza3008 ($119.36 in chips)
simper11: posts small blind $1
liza3008: posts big blind $3
*** HOLE CARDS ***
simper11: raises $3 to $6
liza3008: calls $3
*** FLOP *** [6c 2c Kh]
liza3008: checks
simper11: bets $3
liza3008: calls $3
*** TURN *** [6c 2c Kh] [7h]
liza3008: checks
simper11: bets $6
liza3008: folds
Uncalled bet ($6) returned to simper11
simper11 collected $17.64 from pot
simper11: doesn't show hand
*** SUMMARY ***
Total pot $18 | Rake $0.36
Board [6c 2c Kh 7h]
Seat 1: simper11 (button) (small blind) collected ($17.64)
Seat 2: liza3008 (big blind) folded on the Turn


PokerStars Hand #146726500842:  Hold'em Limit ($3/$6 USD) - 2016/01/09 5:10:18 ET
Table 'Atala' 2-max Seat #2 is the button
Seat 1: simper11 ($133.30 in chips)
Seat 2: liza3008 ($110.36 in chips)
liza3008: posts small blind $1
simper11: posts big blind $3
*** HOLE CARDS ***
liza3008: raises $3 to $6
simper11: calls $3
*** FLOP *** [Kd 8s 3c]
simper11: checks
liza3008: bets $3
simper11: calls $3
*** TURN *** [Kd 8s 3c] [4c]
simper11: checks
liza3008: bets $6
simper11: raises $6 to $12
liza3008: calls $6
*** RIVER *** [Kd 8s 3c 4c] [6d]
simper11: bets $6
liza3008: calls $6
*** SHOW DOWN ***
simper11: shows [9c Jc] (high card King)
liza3008: shows [8d Qh] (a pair of Eights)
liza3008 collected $53.50 from pot
*** SUMMARY ***
Total pot $54 | Rake $0.50
Board [Kd 8s 3c 4c 6d]
Seat 1: simper11 (big blind) showed [9c Jc] and lost with high card King
Seat 2: liza3008 (button) (small blind) showed [8d Qh] and won ($53.50) with a pair of Eights


PokerStars Hand #146726507570:  Hold'em Limit ($3/$6 USD) - 2016/01/09 5:10:31 ET
Table 'Atala' 2-max Seat #1 is the button
Seat 1: simper11 ($120 in chips)
Seat 2: liza3008 ($136.86 in chips)
simper11: posts small blind $1
liza3008: posts big blind $3
*** HOLE CARDS ***
simper11: raises $3 to $6
liza3008: calls $3
*** FLOP *** [Qc 8d 3s]
liza3008: checks
simper11: bets $3
liza3008: calls $3
*** TURN *** [Qc 8d 3s] [Js]
liza3008: checks
simper11: checks
*** RIVER *** [Qc 8d 3s Js] [4d]
liza3008: bets $6
simper11: folds
Uncalled bet ($6) returned to liza3008
liza3008 collected $17.64 from pot
liza3008: doesn't show hand
*** SUMMARY ***
Total pot $18 | Rake $0.36
Board [Qc 8d 3s Js 4d]
Seat 1: simper11 (button) (small blind) folded on the River
Seat 2: liza3008 (big blind) collected ($17.64)


PokerStars Hand #146726513540:  Hold'em Limit ($3/$6 USD) - 2016/01/09 5:10:43 ET
Table 'Atala' 2-max Seat #2 is the button
Seat 1: simper11 ($120 in chips)
Seat 2: liza3008 ($145.50 in chips)
liza3008: posts small blind $1
simper11: posts big blind $3
*** HOLE CARDS ***
liza3008: raises $3 to $6
simper11: folds
Uncalled bet ($3) returned to liza3008
liza3008 collected $6 from pot
liza3008: doesn't show hand
*** SUMMARY ***
Total pot $6 | Rake $0
Seat 1: simper11 (big blind) folded before Flop
Seat 2: liza3008 (button) (small blind) collected ($6)


PokerStars Hand #146726516028:  Hold'em Limit ($3/$6 USD) - 2016/01/09 5:10:48 ET
Table 'Atala' 2-max Seat #1 is the button
Seat 1: simper11 ($120 in chips)
Seat 2: liza3008 ($148.50 in chips)
simper11: posts small blind $1
liza3008: posts big blind $3
*** HOLE CARDS ***
simper11: raises $3 to $6
liza3008: calls $3
*** FLOP *** [Tc 5c 8h]
liza3008: checks
simper11: checks
*** TURN *** [Tc 5c 8h] [8s]
liza3008: checks
simper11: checks
*** RIVER *** [Tc 5c 8h 8s] [9c]
liza3008: bets $6
simper11: folds
Uncalled bet ($6) returned to liza3008
liza3008 collected $11.76 from pot
liza3008: doesn't show hand
*** SUMMARY ***
Total pot $12 | Rake $0.24
Board [Tc 5c 8h 8s 9c]
Seat 1: simper11 (button) (small blind) folded on the River
Seat 2: liza3008 (big blind) collected ($11.76)


PokerStars Hand #146726521704:  Hold'em Limit ($3/$6 USD) - 2016/01/09 5:10:59 ET
Table 'Atala' 2-max Seat #2 is the button
Seat 1: simper11 ($120 in chips)
Seat 2: liza3008 ($154.26 in chips)
liza3008: posts small blind $1
simper11: posts big blind $3
*** HOLE CARDS ***
liza3008: raises $3 to $6
simper11: raises $3 to $9
liza3008: calls $3
*** FLOP *** [Ks 2d 7s]
simper11 is disconnected
simper11 has timed out while disconnected
simper11: checks
liza3008: checks
*** TURN *** [Ks 2d 7s] [Qd]
simper11 has timed out while disconnected
simper11: checks
liza3008: bets $6
simper11 has timed out while disconnected
simper11: folds
Uncalled bet ($6) returned to liza3008
liza3008 collected $17.64 from pot
liza3008: doesn't show hand
*** SUMMARY ***
Total pot $18 | Rake $0.36
Board [Ks 2d 7s Qd]
Seat 1: simper11 (big blind) folded on the Turn
Seat 2: liza3008 (button) (small blind) collected ($17.64)


