PokerStars Hand #168985265145:  Hold'em Limit ($3/$6 USD) - 2017/04/13 13:14:27 ET
Table 'Atalante' 6-max Seat #4 is the button
Seat 3: SEUN SA ($122.94 in chips)
Seat 4: Zubasa07 ($361.69 in chips)
Zubasa07: posts small blind $1
Qvidde: is sitting out
Apanage: is sitting out
SEUN SA: posts big blind $3
*** HOLE CARDS ***
Zubasa07: raises $3 to $6
SEUN SA: raises $3 to $9
Zubasa07: calls $3
*** FLOP *** [Jc 6h 4d]
SEUN SA: bets $3
Zubasa07: calls $3
*** TURN *** [Jc 6h 4d] [2s]
SEUN SA: bets $6
Zubasa07: calls $6
*** RIVER *** [Jc 6h 4d 2s] [Jh]
SEUN SA: bets $6
Zubasa07: calls $6
*** SHOW DOWN ***
SEUN SA: shows [9c 8c] (a pair of Jacks)
Zubasa07: shows [2d Kh] (two pair, Jacks and Deuces)
Zubasa07 collected $47.50 from pot
*** SUMMARY ***
Total pot $48 | Rake $0.50
Board [Jc 6h 4d 2s Jh]
Seat 3: SEUN SA (big blind) showed [9c 8c] and lost with a pair of Jacks
Seat 4: Zubasa07 (button) (small blind) showed [2d Kh] and won ($47.50) with two pair, Jacks and Deuces


PokerStars Hand #168985288824:  Hold'em Limit ($3/$6 USD) - 2017/04/13 13:14:57 ET
Table 'Atalante' 6-max Seat #3 is the button
Seat 3: SEUN SA ($98.94 in chips)
Seat 4: Zubasa07 ($385.19 in chips)
SEUN SA: posts small blind $1
Zubasa07: posts big blind $3
*** HOLE CARDS ***
SEUN SA: raises $3 to $6
Zubasa07: calls $3
*** FLOP *** [2c 9c Qh]
Zubasa07: checks
SEUN SA: bets $3
Zubasa07: folds
Uncalled bet ($3) returned to SEUN SA
SEUN SA collected $11.76 from pot
SEUN SA: doesn't show hand
Qvidde leaves the table
*** SUMMARY ***
Total pot $12 | Rake $0.24
Board [2c 9c Qh]
Seat 3: SEUN SA (button) (small blind) collected ($11.76)
Seat 4: Zubasa07 (big blind) folded on the Flop


PokerStars Hand #168985361226:  Hold'em Limit ($3/$6 USD) - 2017/04/13 13:16:29 ET
Table 'Atalante' 6-max Seat #3 is the button
Seat 3: SEUN SA ($86.70 in chips)
Seat 4: Zubasa07 ($396.69 in chips)
SEUN SA: posts small blind $1
Zubasa07: posts big blind $3
*** HOLE CARDS ***
yamaxerm joins the table at seat #1
SEUN SA: raises $3 to $6
Zubasa07: calls $3
*** FLOP *** [3d Qs 5h]
Zubasa07: checks
SEUN SA: checks
*** TURN *** [3d Qs 5h] [Jd]
Zubasa07: checks
Apanage leaves the table
SEUN SA: checks
*** RIVER *** [3d Qs 5h Jd] [8h]
Zubasa07: checks
SEUN SA: bets $6
Zubasa07: folds
Uncalled bet ($6) returned to SEUN SA
SEUN SA collected $11.76 from pot
SEUN SA: doesn't show hand
*** SUMMARY ***
Total pot $12 | Rake $0.24
Board [3d Qs 5h Jd 8h]
Seat 3: SEUN SA (button) (small blind) collected ($11.76)
Seat 4: Zubasa07 (big blind) folded on the River


PokerStars Hand #168985302671:  Hold'em Limit ($3/$6 USD) - 2017/04/13 13:15:15 ET
Table 'Atalante' 6-max Seat #4 is the button
Seat 3: SEUN SA ($104.70 in chips)
Seat 4: Zubasa07 ($379.19 in chips)
Zubasa07: posts small blind $1
SEUN SA: posts big blind $3
*** HOLE CARDS ***
vestimokrec joins the table at seat #5
Zubasa07: raises $3 to $6
SEUN SA: calls $3
*** FLOP *** [Ts 5s Js]
SEUN SA: checks
Zubasa07: checks
*** TURN *** [Ts 5s Js] [5d]
SEUN SA: checks
Zubasa07: checks
*** RIVER *** [Ts 5s Js 5d] [Ks]
SEUN SA: checks
Zubasa07: bets $6
SEUN SA: raises $6 to $12
SEUN SA said, "zzzzzz"
Zubasa07: calls $6
*** SHOW DOWN ***
SEUN SA: shows [2c 8h] (a pair of Fives)
Zubasa07: shows [3h As] (a flush, Ace high)
Zubasa07 collected $35.50 from pot
*** SUMMARY ***
Total pot $36 | Rake $0.50
Board [Ts 5s Js 5d Ks]
Seat 3: SEUN SA (big blind) showed [2c 8h] and lost with a pair of Fives
Seat 4: Zubasa07 (button) (small blind) showed [3h As] and won ($35.50) with a flush, Ace high


