PokerStars Hand #161669687756:  Hold'em Limit ($3/$6 USD) - 2016/11/19 22:09:21 ET
Table 'Atalante' 6-max Seat #1 is the button
Seat 1: assitoni ($72 in chips)
Seat 3: halicpac ($102.67 in chips)
assitoni: posts small blind $1
halicpac: posts big blind $3
*** HOLE CARDS ***
assitoni: raises $3 to $6
halicpac: folds
Uncalled bet ($3) returned to assitoni
assitoni collected $6 from pot
assitoni: doesn't show hand
*** SUMMARY ***
Total pot $6 | Rake $0
Seat 1: assitoni (button) (small blind) collected ($6)
Seat 3: halicpac (big blind) folded before Flop


PokerStars Hand #161669729009:  Hold'em Limit ($3/$6 USD) - 2016/11/19 22:11:07 ET
Table 'Atalante' 6-max Seat #3 is the button
Seat 3: halicpac ($69.31 in chips)
Seat 4: Bakenbaster ($85.11 in chips)
halicpac: posts small blind $1
Bakenbaster: posts big blind $3
*** HOLE CARDS ***
sugarmama888 joins the table at seat #5
halicpac: folds
Uncalled bet ($2) returned to Bakenbaster
Bakenbaster collected $2 from pot
Bakenbaster: doesn't show hand
*** SUMMARY ***
Total pot $2 | Rake $0
Seat 3: halicpac (button) (small blind) folded before Flop
Seat 4: Bakenbaster (big blind) collected ($2)


PokerStars Hand #161669724408:  Hold'em Limit ($3/$6 USD) - 2016/11/19 22:10:56 ET
Table 'Atalante' 6-max Seat #4 is the button
Seat 3: halicpac ($60.67 in chips)
Seat 4: Bakenbaster ($94.11 in chips)
Bakenbaster: posts small blind $1
assitoni: is sitting out
halicpac: posts big blind $3
*** HOLE CARDS ***
assitoni leaves the table
Bakenbaster: raises $3 to $6
halicpac: raises $3 to $9
Bakenbaster: calls $3
*** FLOP *** [Jd Qs 3h]
halicpac: bets $3
Bakenbaster: folds
Uncalled bet ($3) returned to halicpac
halicpac collected $17.64 from pot
halicpac: doesn't show hand
*** SUMMARY ***
Total pot $18 | Rake $0.36
Board [Jd Qs 3h]
Seat 3: halicpac (big blind) collected ($17.64)
Seat 4: Bakenbaster (button) (small blind) folded on the Flop


PokerStars Hand #161669710920:  Hold'em Limit ($3/$6 USD) - 2016/11/19 22:10:21 ET
Table 'Atalante' 6-max Seat #1 is the button
Seat 1: assitoni ($101.50 in chips)
Seat 3: halicpac ($72.67 in chips)
assitoni: posts small blind $1
halicpac: posts big blind $3
*** HOLE CARDS ***
assitoni: raises $3 to $6
halicpac: folds
Uncalled bet ($3) returned to assitoni
assitoni collected $6 from pot
assitoni: doesn't show hand
*** SUMMARY ***
Total pot $6 | Rake $0
Seat 1: assitoni (button) (small blind) collected ($6)
Seat 3: halicpac (big blind) folded before Flop


PokerStars Hand #161669694607:  Hold'em Limit ($3/$6 USD) - 2016/11/19 22:09:39 ET
Table 'Atalante' 6-max Seat #3 is the button
Seat 1: assitoni ($75 in chips)
Seat 3: halicpac ($99.67 in chips)
halicpac: posts small blind $1
assitoni: posts big blind $3
*** HOLE CARDS ***
halicpac: raises $3 to $6
assitoni: calls $3
*** FLOP *** [Tc 9d 8d]
Bakenbaster joins the table at seat #4
assitoni: checks
halicpac: bets $3
assitoni: calls $3
*** TURN *** [Tc 9d 8d] [Kh]
assitoni: checks
halicpac: bets $6
assitoni: raises $6 to $12
halicpac: calls $6
*** RIVER *** [Tc 9d 8d Kh] [8c]
assitoni: bets $6
halicpac: calls $6
*** SHOW DOWN ***
assitoni: shows [8h Kd] (a full house, Eights full of Kings)
halicpac: mucks hand
assitoni collected $53.50 from pot
*** SUMMARY ***
Total pot $54 | Rake $0.50
Board [Tc 9d 8d Kh 8c]
Seat 1: assitoni (big blind) showed [8h Kd] and won ($53.50) with a full house, Eights full of Kings
Seat 3: halicpac (button) (small blind) mucked


PokerStars Hand #161669789659:  Hold'em Limit ($3/$6 USD) - 2016/11/19 22:13:45 ET
Table 'Atalante' 6-max Seat #5 is the button
Seat 4: Bakenbaster ($86.79 in chips)
Seat 5: sugarmama888 ($123 in chips)
sugarmama888: posts small blind $1
Bakenbaster: posts big blind $3
*** HOLE CARDS ***
bobs32 leaves the table
sugarmama888: raises $3 to $6
Bakenbaster: raises $3 to $9
sugarmama888: calls $3
*** FLOP *** [Jc Jd 4c]
Bakenbaster: bets $3
sugarmama888: calls $3
*** TURN *** [Jc Jd 4c] [8c]
Bakenbaster: bets $6
sugarmama888: raises $6 to $12
Bakenbaster: calls $6
*** RIVER *** [Jc Jd 4c 8c] [5d]
Bakenbaster: checks
sugarmama888: bets $6
Bakenbaster: calls $6
*** SHOW DOWN ***
sugarmama888: shows [8h 8d] (a full house, Eights full of Jacks)
Bakenbaster: mucks hand
sugarmama888 collected $59.50 from pot
*** SUMMARY ***
Total pot $60 | Rake $0.50
Board [Jc Jd 4c 8c 5d]
Seat 4: Bakenbaster (big blind) mucked
Seat 5: sugarmama888 (button) (small blind) showed [8h 8d] and won ($59.50) with a full house, Eights full of Jacks


