PokerStars Hand #149313824425:  Hold'em Limit ($3/$6 USD) - 2016/02/23 19:11:26 ET
Table 'Atalante II' 10-max Seat #5 is the button
Seat 4: LifeisagameX ($42 in chips)
Seat 5: Snuffymo ($137.50 in chips)
Snuffymo: posts small blind $1
LifeisagameX: posts big blind $3
*** HOLE CARDS ***
Snuffymo: folds
Uncalled bet ($2) returned to LifeisagameX
LifeisagameX collected $2 from pot
LifeisagameX: doesn't show hand
*** SUMMARY ***
Total pot $2 | Rake $0
Seat 4: LifeisagameX (big blind) collected ($2)
Seat 5: Snuffymo (button) (small blind) folded before Flop


PokerStars Hand #149313807647:  Hold'em Limit ($3/$6 USD) - 2016/02/23 19:11:02 ET
Table 'Atalante II' 10-max Seat #4 is the button
Seat 4: LifeisagameX ($60 in chips)
Seat 5: Snuffymo ($120 in chips)
LifeisagameX: posts small blind $1
Snuffymo: posts big blind $3
*** HOLE CARDS ***
LifeisagameX: raises $3 to $6
Snuffymo: calls $3
*** FLOP *** [2c Ac 6c]
Snuffymo: checks
LifeisagameX: checks
*** TURN *** [2c Ac 6c] [8d]
Snuffymo: bets $6
LifeisagameX: calls $6
*** RIVER *** [2c Ac 6c 8d] [9h]
Snuffymo: bets $6
LifeisagameX: calls $6
*** SHOW DOWN ***
Snuffymo: shows [8h 4h] (a pair of Eights)
LifeisagameX: mucks hand
Snuffymo collected $35.50 from pot
*** SUMMARY ***
Total pot $36 | Rake $0.50
Board [2c Ac 6c 8d 9h]
Seat 4: LifeisagameX (button) (small blind) mucked
Seat 5: Snuffymo (big blind) showed [8h 4h] and won ($35.50) with a pair of Eights


PokerStars Hand #149313847923:  Hold'em Limit ($3/$6 USD) - 2016/02/23 19:12:00 ET
Table 'Atalante II' 10-max Seat #5 is the button
Seat 4: LifeisagameX ($60.50 in chips)
Seat 5: Snuffymo ($118.50 in chips)
Snuffymo: posts small blind $1
LifeisagameX: posts big blind $3
*** HOLE CARDS ***
Snuffymo: raises $3 to $6
LifeisagameX: calls $3
*** FLOP *** [As 4d Kd]
LifeisagameX: checks
Snuffymo: bets $3
LifeisagameX: raises $3 to $6
Snuffymo: folds
Uncalled bet ($3) returned to LifeisagameX
LifeisagameX collected $17.64 from pot
LifeisagameX: doesn't show hand
*** SUMMARY ***
Total pot $18 | Rake $0.36
Board [As 4d Kd]
Seat 4: LifeisagameX (big blind) collected ($17.64)
Seat 5: Snuffymo (button) (small blind) folded on the Flop


PokerStars Hand #149313828205:  Hold'em Limit ($3/$6 USD) - 2016/02/23 19:11:31 ET
Table 'Atalante II' 10-max Seat #4 is the button
Seat 4: LifeisagameX ($43 in chips)
Seat 5: Snuffymo ($136.50 in chips)
LifeisagameX: posts small blind $1
Snuffymo: posts big blind $3
*** HOLE CARDS ***
LifeisagameX: raises $3 to $6
Snuffymo: calls $3
*** FLOP *** [3s 8s Tc]
Snuffymo: checks
LifeisagameX: checks
*** TURN *** [3s 8s Tc] [Ks]
Snuffymo: bets $6
LifeisagameX: calls $6
*** RIVER *** [3s 8s Tc Ks] [8c]
Snuffymo: bets $6
LifeisagameX: calls $6
*** SHOW DOWN ***
Snuffymo: shows [Js 7h] (a pair of Eights)
LifeisagameX: shows [6d 6c] (two pair, Eights and Sixes)
LifeisagameX collected $35.50 from pot
*** SUMMARY ***
Total pot $36 | Rake $0.50
Board [3s 8s Tc Ks 8c]
Seat 4: LifeisagameX (button) (small blind) showed [6d 6c] and won ($35.50) with two pair, Eights and Sixes
Seat 5: Snuffymo (big blind) showed [Js 7h] and lost with a pair of Eights


PokerStars Hand #149313898260:  Hold'em Limit ($3/$6 USD) - 2016/02/23 19:13:12 ET
Table 'Atalante II' 10-max Seat #4 is the button
Seat 4: LifeisagameX ($86.64 in chips)
Seat 5: Snuffymo ($91.26 in chips)
LifeisagameX: posts small blind $1
Snuffymo: posts big blind $3
*** HOLE CARDS ***
LifeisagameX: raises $3 to $6
Snuffymo: raises $3 to $9
LifeisagameX: calls $3
*** FLOP *** [4c 2s 2h]
Snuffymo: bets $3
LifeisagameX: calls $3
*** TURN *** [4c 2s 2h] [Kc]
Snuffymo: bets $6
LifeisagameX: folds
Uncalled bet ($6) returned to Snuffymo
Snuffymo collected $23.52 from pot
Snuffymo: doesn't show hand
*** SUMMARY ***
Total pot $24 | Rake $0.48
Board [4c 2s 2h Kc]
Seat 4: LifeisagameX (button) (small blind) folded on the Turn
Seat 5: Snuffymo (big blind) collected ($23.52)


PokerStars Hand #149313887940:  Hold'em Limit ($3/$6 USD) - 2016/02/23 19:12:57 ET
Table 'Atalante II' 10-max Seat #5 is the button
Seat 4: LifeisagameX ($92.64 in chips)
Seat 5: Snuffymo ($85.50 in chips)
Snuffymo: posts small blind $1
LifeisagameX: posts big blind $3
*** HOLE CARDS ***
Snuffymo: raises $3 to $6
LifeisagameX: calls $3
*** FLOP *** [Td Ac 5s]
LifeisagameX: checks
Snuffymo: bets $3
LifeisagameX: folds
Uncalled bet ($3) returned to Snuffymo
Snuffymo collected $11.76 from pot
Snuffymo: doesn't show hand
*** SUMMARY ***
Total pot $12 | Rake $0.24
Board [Td Ac 5s]
Seat 4: LifeisagameX (big blind) folded on the Flop
Seat 5: Snuffymo (button) (small blind) collected ($11.76)


PokerStars Hand #149313924645:  Hold'em Limit ($3/$6 USD) - 2016/02/23 19:13:50 ET
Table 'Atalante II' 10-max Seat #5 is the button
Seat 4: LifeisagameX ($81.40 in chips)
Seat 5: Snuffymo ($95.78 in chips)
Snuffymo: posts small blind $1
LifeisagameX: posts big blind $3
*** HOLE CARDS ***
Snuffymo: raises $3 to $6
LifeisagameX: raises $3 to $9
Snuffymo: calls $3
*** FLOP *** [Jc 5s 3s]
LifeisagameX: bets $3
Snuffymo: calls $3
*** TURN *** [Jc 5s 3s] [8s]
LifeisagameX: bets $6
Snuffymo: calls $6
*** RIVER *** [Jc 5s 3s 8s] [9h]
LifeisagameX: bets $6
Snuffymo: calls $6
*** SHOW DOWN ***
LifeisagameX: shows [7d 7s] (a pair of Sevens)
Snuffymo: shows [Ac 9d] (a pair of Nines)
Snuffymo collected $47.50 from pot
*** SUMMARY ***
Total pot $48 | Rake $0.50
Board [Jc 5s 3s 8s 9h]
Seat 4: LifeisagameX (big blind) showed [7d 7s] and lost with a pair of Sevens
Seat 5: Snuffymo (button) (small blind) showed [Ac 9d] and won ($47.50) with a pair of Nines


PokerStars Hand #149313914745:  Hold'em Limit ($3/$6 USD) - 2016/02/23 19:13:36 ET
Table 'Atalante II' 10-max Seat #4 is the button
Seat 4: LifeisagameX ($75.64 in chips)
Seat 5: Snuffymo ($101.78 in chips)
LifeisagameX: posts small blind $1
Snuffymo: posts big blind $3
*** HOLE CARDS ***
LifeisagameX: raises $3 to $6
Snuffymo: calls $3
*** FLOP *** [5c As Kh]
Snuffymo: checks
LifeisagameX: bets $3
Snuffymo: folds
Uncalled bet ($3) returned to LifeisagameX
LifeisagameX collected $11.76 from pot
LifeisagameX: doesn't show hand
*** SUMMARY ***
Total pot $12 | Rake $0.24
Board [5c As Kh]
Seat 4: LifeisagameX (button) (small blind) collected ($11.76)
Seat 5: Snuffymo (big blind) folded on the Flop


PokerStars Hand #149313910977:  Hold'em Limit ($3/$6 USD) - 2016/02/23 19:13:30 ET
Table 'Atalante II' 10-max Seat #5 is the button
Seat 4: LifeisagameX ($74.64 in chips)
Seat 5: Snuffymo ($102.78 in chips)
Snuffymo: posts small blind $1
LifeisagameX: posts big blind $3
*** HOLE CARDS ***
Snuffymo: folds
Uncalled bet ($2) returned to LifeisagameX
LifeisagameX collected $2 from pot
LifeisagameX: doesn't show hand
*** SUMMARY ***
Total pot $2 | Rake $0
Seat 4: LifeisagameX (big blind) collected ($2)
Seat 5: Snuffymo (button) (small blind) folded before Flop


PokerStars Hand #149313962258:  Hold'em Limit ($3/$6 USD) - 2016/02/23 19:14:45 ET
Table 'Atalante II' 10-max Seat #5 is the button
Seat 4: LifeisagameX ($39.40 in chips)
Seat 5: Snuffymo ($136.78 in chips)
Snuffymo: posts small blind $1
LifeisagameX: posts big blind $3
*** HOLE CARDS ***
Snuffymo: raises $3 to $6
LifeisagameX: calls $3
*** FLOP *** [Jd Kd Ac]
LifeisagameX: checks
Snuffymo: bets $3
LifeisagameX: calls $3
*** TURN *** [Jd Kd Ac] [2c]
LifeisagameX: checks
Snuffymo: bets $6
LifeisagameX: folds
Uncalled bet ($6) returned to Snuffymo
Snuffymo collected $17.64 from pot
Snuffymo: doesn't show hand
*** SUMMARY ***
Total pot $18 | Rake $0.36
Board [Jd Kd Ac 2c]
Seat 4: LifeisagameX (big blind) folded on the Turn
Seat 5: Snuffymo (button) (small blind) collected ($17.64)


PokerStars Hand #149313940719:  Hold'em Limit ($3/$6 USD) - 2016/02/23 19:14:14 ET
Table 'Atalante II' 10-max Seat #4 is the button
Seat 4: LifeisagameX ($57.40 in chips)
Seat 5: Snuffymo ($119.28 in chips)
LifeisagameX: posts small blind $1
Snuffymo: posts big blind $3
*** HOLE CARDS ***
LifeisagameX: raises $3 to $6
Snuffymo: calls $3
*** FLOP *** [6h 4s Qc]
Snuffymo: checks
LifeisagameX: checks
*** TURN *** [6h 4s Qc] [3c]
Snuffymo: bets $6
LifeisagameX: calls $6
*** RIVER *** [6h 4s Qc 3c] [As]
Snuffymo: checks
LifeisagameX: bets $6
Snuffymo: raises $6 to $12
LifeisagameX: folds
Uncalled bet ($6) returned to Snuffymo
Snuffymo collected $35.50 from pot
Snuffymo: doesn't show hand
*** SUMMARY ***
Total pot $36 | Rake $0.50
Board [6h 4s Qc 3c As]
Seat 4: LifeisagameX (button) (small blind) folded on the River
Seat 5: Snuffymo (big blind) collected ($35.50)


PokerStars Hand #149313998301:  Hold'em Limit ($3/$6 USD) - 2016/02/23 19:15:37 ET
Table 'Atalante II' 10-max Seat #5 is the button
Seat 4: LifeisagameX ($6.40 in chips)
Seat 5: Snuffymo ($168.92 in chips)
Snuffymo: posts small blind $1
LifeisagameX: posts big blind $3
*** HOLE CARDS ***
Snuffymo: folds
Uncalled bet ($2) returned to LifeisagameX
LifeisagameX collected $2 from pot
LifeisagameX: doesn't show hand
*** SUMMARY ***
Total pot $2 | Rake $0
Seat 4: LifeisagameX (big blind) collected ($2)
Seat 5: Snuffymo (button) (small blind) folded before Flop


PokerStars Hand #149313980580:  Hold'em Limit ($3/$6 USD) - 2016/02/23 19:15:11 ET
Table 'Atalante II' 10-max Seat #4 is the button
Seat 4: LifeisagameX ($30.40 in chips)
Seat 5: Snuffymo ($145.42 in chips)
LifeisagameX: posts small blind $1
Snuffymo: posts big blind $3
*** HOLE CARDS ***
LifeisagameX: raises $3 to $6
Snuffymo: raises $3 to $9
LifeisagameX: calls $3
*** FLOP *** [4s 9c Tc]
Snuffymo: bets $3
LifeisagameX: calls $3
*** TURN *** [4s 9c Tc] [6d]
Snuffymo: bets $6
LifeisagameX: calls $6
*** RIVER *** [4s 9c Tc 6d] [4h]
Snuffymo: bets $6
LifeisagameX: calls $6
*** SHOW DOWN ***
Snuffymo: shows [Kd 9d] (two pair, Nines and Fours)
LifeisagameX: mucks hand
Snuffymo collected $47.50 from pot
*** SUMMARY ***
Total pot $48 | Rake $0.50
Board [4s 9c Tc 6d 4h]
Seat 4: LifeisagameX (button) (small blind) mucked
Seat 5: Snuffymo (big blind) showed [Kd 9d] and won ($47.50) with two pair, Nines and Fours


PokerStars Hand #149321535805:  Hold'em Limit ($3/$6 USD) - 2016/02/24 0:09:00 ET
Table 'Atalante II' 10-max Seat #5 is the button
Seat 3: chipsdigme86 ($110 in chips)
Seat 5: ct-650 ($150 in chips)
ct-650: posts small blind $1
chipsdigme86: posts big blind $3
*** HOLE CARDS ***
ct-650: folds
Uncalled bet ($2) returned to chipsdigme86
chipsdigme86 collected $2 from pot
*** SUMMARY ***
Total pot $2 | Rake $0
Seat 3: chipsdigme86 (big blind) collected ($2)
Seat 5: ct-650 (button) (small blind) folded before Flop


PokerStars Hand #149321554862:  Hold'em Limit ($3/$6 USD) - 2016/02/24 0:10:09 ET
Table 'Atalante II' 10-max Seat #5 is the button
Seat 3: chipsdigme86 ($147 in chips)
Seat 5: ct-650 ($112 in chips)
ct-650: posts small blind $1
chipsdigme86: posts big blind $3
*** HOLE CARDS ***
ct-650: raises $3 to $6
chipsdigme86: calls $3
*** FLOP *** [8h 8s 3h]
chipsdigme86: checks
ct-650: bets $3
chipsdigme86: calls $3
*** TURN *** [8h 8s 3h] [Td]
chipsdigme86: checks
ct-650: bets $6
chipsdigme86: folds
Uncalled bet ($6) returned to ct-650
ct-650 collected $17.64 from pot
*** SUMMARY ***
Total pot $18 | Rake $0.36
Board [8h 8s 3h Td]
Seat 3: chipsdigme86 (big blind) folded on the Turn
Seat 5: ct-650 (button) (small blind) collected ($17.64)


PokerStars Hand #149321539252:  Hold'em Limit ($3/$6 USD) - 2016/02/24 0:09:12 ET
Table 'Atalante II' 10-max Seat #3 is the button
Seat 3: chipsdigme86 ($111 in chips)
Seat 5: ct-650 ($149 in chips)
chipsdigme86: posts small blind $1
ct-650: posts big blind $3
*** HOLE CARDS ***
chipsdigme86: raises $3 to $6
ct-650: calls $3
*** FLOP *** [5s 6d 7s]
ct-650: checks
chipsdigme86: bets $3
ct-650: raises $3 to $6
chipsdigme86: calls $3
*** TURN *** [5s 6d 7s] [2h]
ct-650: bets $6
chipsdigme86: calls $6
*** RIVER *** [5s 6d 7s 2h] [8d]
ct-650: checks
chipsdigme86: checks
*** SHOW DOWN ***
ct-650: shows [Ks 3s] (high card King)
chipsdigme86: shows [Qc Kh] (high card King - Queen kicker)
chipsdigme86 collected $35.50 from pot
*** SUMMARY ***
Total pot $36 | Rake $0.50
Board [5s 6d 7s 2h 8d]
Seat 3: chipsdigme86 (button) (small blind) showed [Qc Kh] and won ($35.50) with high card King
Seat 5: ct-650 (big blind) showed [Ks 3s] and lost with high card King


PokerStars Hand #149321548599:  Hold'em Limit ($3/$6 USD) - 2016/02/24 0:09:46 ET
Table 'Atalante II' 10-max Seat #3 is the button
Seat 3: chipsdigme86 ($129.50 in chips)
Seat 5: ct-650 ($130 in chips)
chipsdigme86: posts small blind $1
ct-650: posts big blind $3
*** HOLE CARDS ***
chipsdigme86: raises $3 to $6
ct-650: raises $3 to $9
chipsdigme86: calls $3
*** FLOP *** [9s Ah 8d]
ct-650: bets $3
chipsdigme86: calls $3
*** TURN *** [9s Ah 8d] [Qh]
ct-650: bets $6
chipsdigme86: calls $6
*** RIVER *** [9s Ah 8d Qh] [9h]
ct-650: checks
chipsdigme86: checks
*** SHOW DOWN ***
ct-650: shows [7c 7s] (two pair, Nines and Sevens)
chipsdigme86: shows [7h 8c] (two pair, Nines and Eights)
chipsdigme86 collected $35.50 from pot
*** SUMMARY ***
Total pot $36 | Rake $0.50
Board [9s Ah 8d Qh 9h]
Seat 3: chipsdigme86 (button) (small blind) showed [7h 8c] and won ($35.50) with two pair, Nines and Eights
Seat 5: ct-650 (big blind) showed [7c 7s] and lost with two pair, Nines and Sevens


PokerStars Hand #149321547084:  Hold'em Limit ($3/$6 USD) - 2016/02/24 0:09:41 ET
Table 'Atalante II' 10-max Seat #5 is the button
Seat 3: chipsdigme86 ($128.50 in chips)
Seat 5: ct-650 ($131 in chips)
ct-650: posts small blind $1
chipsdigme86: posts big blind $3
*** HOLE CARDS ***
ct-650: folds
Uncalled bet ($2) returned to chipsdigme86
chipsdigme86 collected $2 from pot
*** SUMMARY ***
Total pot $2 | Rake $0
Seat 3: chipsdigme86 (big blind) collected ($2)
Seat 5: ct-650 (button) (small blind) folded before Flop


PokerStars Hand #149321564372:  Hold'em Limit ($3/$6 USD) - 2016/02/24 0:10:43 ET
Table 'Atalante II' 10-max Seat #3 is the button
Seat 3: chipsdigme86 ($155.28 in chips)
Seat 5: ct-650 ($102.64 in chips)
chipsdigme86: posts small blind $1
ct-650: posts big blind $3
*** HOLE CARDS ***
chipsdigme86: raises $3 to $6
ct-650: folds
Uncalled bet ($3) returned to chipsdigme86
chipsdigme86 collected $6 from pot
*** SUMMARY ***
Total pot $6 | Rake $0
Seat 3: chipsdigme86 (button) (small blind) collected ($6)
Seat 5: ct-650 (big blind) folded before Flop


PokerStars Hand #149321560803:  Hold'em Limit ($3/$6 USD) - 2016/02/24 0:10:30 ET
Table 'Atalante II' 10-max Seat #5 is the button
Seat 3: chipsdigme86 ($143.76 in chips)
Seat 5: ct-650 ($114.64 in chips)
ct-650: posts small blind $1
chipsdigme86: posts big blind $3
*** HOLE CARDS ***
ct-650: raises $3 to $6
chipsdigme86: raises $3 to $9
ct-650: calls $3
*** FLOP *** [2s 7d 3d]
chipsdigme86: bets $3
ct-650: calls $3
*** TURN *** [2s 7d 3d] [6h]
chipsdigme86: checks
ct-650: checks
*** RIVER *** [2s 7d 3d 6h] [Jd]
chipsdigme86: bets $6
ct-650: folds
Uncalled bet ($6) returned to chipsdigme86
chipsdigme86 collected $23.52 from pot
*** SUMMARY ***
Total pot $24 | Rake $0.48
Board [2s 7d 3d 6h Jd]
Seat 3: chipsdigme86 (big blind) collected ($23.52)
Seat 5: ct-650 (button) (small blind) folded on the River


PokerStars Hand #149321571016:  Hold'em Limit ($3/$6 USD) - 2016/02/24 0:11:06 ET
Table 'Atalante II' 10-max Seat #3 is the button
Seat 3: chipsdigme86 ($134.28 in chips)
Seat 5: ct-650 ($123.14 in chips)
chipsdigme86: posts small blind $1
ct-650: posts big blind $3
*** HOLE CARDS ***
chipsdigme86: folds
Uncalled bet ($2) returned to ct-650
ct-650 collected $2 from pot
*** SUMMARY ***
Total pot $2 | Rake $0
Seat 3: chipsdigme86 (button) (small blind) folded before Flop
Seat 5: ct-650 (big blind) collected ($2)


PokerStars Hand #149321565866:  Hold'em Limit ($3/$6 USD) - 2016/02/24 0:10:48 ET
Table 'Atalante II' 10-max Seat #5 is the button
Seat 3: chipsdigme86 ($158.28 in chips)
Seat 5: ct-650 ($99.64 in chips)
ct-650: posts small blind $1
chipsdigme86: posts big blind $3
*** HOLE CARDS ***
ct-650: raises $3 to $6
chipsdigme86: raises $3 to $9
ct-650: calls $3
*** FLOP *** [5c 5s 7h]
chipsdigme86: bets $3
ct-650: calls $3
*** TURN *** [5c 5s 7h] [6s]
chipsdigme86: bets $6
ct-650: calls $6
*** RIVER *** [5c 5s 7h 6s] [7c]
chipsdigme86: bets $6
ct-650: calls $6
*** SHOW DOWN ***
chipsdigme86: shows [Th 9s] (two pair, Sevens and Fives)
ct-650: shows [9c 6c] (two pair, Sevens and Sixes)
ct-650 collected $47.50 from pot
*** SUMMARY ***
Total pot $48 | Rake $0.50
Board [5c 5s 7h 6s 7c]
Seat 3: chipsdigme86 (big blind) showed [Th 9s] and lost with two pair, Sevens and Fives
Seat 5: ct-650 (button) (small blind) showed [9c 6c] and won ($47.50) with two pair, Sevens and Sixes


PokerStars Hand #149321558380:  Hold'em Limit ($3/$6 USD) - 2016/02/24 0:10:21 ET
Table 'Atalante II' 10-max Seat #3 is the button
Seat 3: chipsdigme86 ($138 in chips)
Seat 5: ct-650 ($120.64 in chips)
chipsdigme86: posts small blind $1
ct-650: posts big blind $3
*** HOLE CARDS ***
chipsdigme86: raises $3 to $6
ct-650: calls $3
*** FLOP *** [5h Qs Qc]
ct-650: checks
chipsdigme86: bets $3
ct-650: folds
Uncalled bet ($3) returned to chipsdigme86
chipsdigme86 collected $11.76 from pot
*** SUMMARY ***
Total pot $12 | Rake $0.24
Board [5h Qs Qc]
Seat 3: chipsdigme86 (button) (small blind) collected ($11.76)
Seat 5: ct-650 (big blind) folded on the Flop


PokerStars Hand #149321622074:  Hold'em Limit ($3/$6 USD) - 2016/02/24 0:14:09 ET
Table 'Atalante II' 10-max Seat #5 is the button
Seat 3: chipsdigme86 ($111.28 in chips)
Seat 5: ct-650 ($145.64 in chips)
ct-650: posts small blind $1
chipsdigme86: posts big blind $3
*** HOLE CARDS ***
ct-650: raises $3 to $6
chipsdigme86: folds
Uncalled bet ($3) returned to ct-650
ct-650 collected $6 from pot
*** SUMMARY ***
Total pot $6 | Rake $0
Seat 3: chipsdigme86 (big blind) folded before Flop
Seat 5: ct-650 (button) (small blind) collected ($6)


PokerStars Hand #149321620839:  Hold'em Limit ($3/$6 USD) - 2016/02/24 0:14:05 ET
Table 'Atalante II' 10-max Seat #3 is the button
Seat 3: chipsdigme86 ($112.28 in chips)
Seat 5: ct-650 ($144.64 in chips)
chipsdigme86: posts small blind $1
ct-650: posts big blind $3
*** HOLE CARDS ***
chipsdigme86: folds
Uncalled bet ($2) returned to ct-650
ct-650 collected $2 from pot
*** SUMMARY ***
Total pot $2 | Rake $0
Seat 3: chipsdigme86 (button) (small blind) folded before Flop
Seat 5: ct-650 (big blind) collected ($2)


PokerStars Hand #149321615396:  Hold'em Limit ($3/$6 USD) - 2016/02/24 0:13:45 ET
Table 'Atalante II' 10-max Seat #5 is the button
Seat 3: chipsdigme86 ($133.28 in chips)
Seat 5: ct-650 ($124.14 in chips)
ct-650: posts small blind $1
chipsdigme86: posts big blind $3
*** HOLE CARDS ***
ct-650: raises $3 to $6
chipsdigme86: calls $3
*** FLOP *** [2s 4h 8h]
chipsdigme86: checks
ct-650: bets $3
chipsdigme86: calls $3
*** TURN *** [2s 4h 8h] [3s]
chipsdigme86: checks
ct-650: bets $6
chipsdigme86: calls $6
*** RIVER *** [2s 4h 8h 3s] [Ah]
chipsdigme86: checks
ct-650: bets $6
chipsdigme86: calls $6
*** SHOW DOWN ***
ct-650: shows [Kh 8d] (a pair of Eights)
chipsdigme86: mucks hand
ct-650 collected $41.50 from pot
*** SUMMARY ***
Total pot $42 | Rake $0.50
Board [2s 4h 8h 3s Ah]
Seat 3: chipsdigme86 (big blind) mucked
Seat 5: ct-650 (button) (small blind) showed [Kh 8d] and won ($41.50) with a pair of Eights


PokerStars Hand #149321623452:  Hold'em Limit ($3/$6 USD) - 2016/02/24 0:14:14 ET
Table 'Atalante II' 10-max Seat #3 is the button
Seat 3: chipsdigme86 ($108.28 in chips)
Seat 5: ct-650 ($148.64 in chips)
chipsdigme86: posts small blind $1
ct-650: posts big blind $3
*** HOLE CARDS ***
chipsdigme86: raises $3 to $6
ct-650: folds
Uncalled bet ($3) returned to chipsdigme86
chipsdigme86 collected $6 from pot
*** SUMMARY ***
Total pot $6 | Rake $0
Seat 3: chipsdigme86 (button) (small blind) collected ($6)
Seat 5: ct-650 (big blind) folded before Flop


PokerStars Hand #149321633121:  Hold'em Limit ($3/$6 USD) - 2016/02/24 0:14:49 ET
Table 'Atalante II' 10-max Seat #5 is the button
Seat 3: chipsdigme86 ($110.78 in chips)
Seat 5: ct-650 ($145.14 in chips)
ct-650: posts small blind $1
chipsdigme86: posts big blind $3
*** HOLE CARDS ***
ct-650: raises $3 to $6
chipsdigme86: calls $3
*** FLOP *** [4d Kh Ad]
chipsdigme86: checks
ct-650: bets $3
chipsdigme86: raises $3 to $6
ct-650: calls $3
*** TURN *** [4d Kh Ad] [Qh]
chipsdigme86: bets $6
ct-650: raises $6 to $12
chipsdigme86: calls $6
*** RIVER *** [4d Kh Ad Qh] [6h]
chipsdigme86: checks
ct-650: bets $6
chipsdigme86: calls $6
*** SHOW DOWN ***
ct-650: shows [Jh Th] (a flush, King high)
chipsdigme86: mucks hand
ct-650 collected $59.50 from pot
*** SUMMARY ***
Total pot $60 | Rake $0.50
Board [4d Kh Ad Qh 6h]
Seat 3: chipsdigme86 (big blind) mucked
Seat 5: ct-650 (button) (small blind) showed [Jh Th] and won ($59.50) with a flush, King high


PokerStars Hand #149321629511:  Hold'em Limit ($3/$6 USD) - 2016/02/24 0:14:36 ET
Table 'Atalante II' 10-max Seat #3 is the button
Seat 3: chipsdigme86 ($93.28 in chips)
Seat 5: ct-650 ($163.14 in chips)
chipsdigme86: posts small blind $1
ct-650: posts big blind $3
*** HOLE CARDS ***
chipsdigme86: raises $3 to $6
ct-650: calls $3
*** FLOP *** [Tc Js Qs]
ct-650: checks
chipsdigme86: checks
*** TURN *** [Tc Js Qs] [Kd]
ct-650: bets $6
chipsdigme86: calls $6
*** RIVER *** [Tc Js Qs Kd] [Qh]
ct-650: bets $6
chipsdigme86: raises $6 to $12
ct-650: folds
Uncalled bet ($6) returned to chipsdigme86
chipsdigme86 collected $35.50 from pot
*** SUMMARY ***
Total pot $36 | Rake $0.50
Board [Tc Js Qs Kd Qh]
Seat 3: chipsdigme86 (button) (small blind) collected ($35.50)
Seat 5: ct-650 (big blind) folded on the River


PokerStars Hand #149321624946:  Hold'em Limit ($3/$6 USD) - 2016/02/24 0:14:20 ET
Table 'Atalante II' 10-max Seat #5 is the button
Seat 3: chipsdigme86 ($111.28 in chips)
Seat 5: ct-650 ($145.64 in chips)
ct-650: posts small blind $1
chipsdigme86: posts big blind $3
*** HOLE CARDS ***
ct-650: raises $3 to $6
chipsdigme86: raises $3 to $9
ct-650: calls $3
*** FLOP *** [Qh Ac 9d]
chipsdigme86: bets $3
ct-650: calls $3
*** TURN *** [Qh Ac 9d] [Kc]
chipsdigme86: bets $6
ct-650: calls $6
*** RIVER *** [Qh Ac 9d Kc] [9s]
chipsdigme86: checks
ct-650: checks
*** SHOW DOWN ***
chipsdigme86: shows [7h Jh] (a pair of Nines)
ct-650: shows [4d Qc] (two pair, Queens and Nines)
ct-650 collected $35.50 from pot
*** SUMMARY ***
Total pot $36 | Rake $0.50
Board [Qh Ac 9d Kc 9s]
Seat 3: chipsdigme86 (big blind) showed [7h Jh] and lost with a pair of Nines
Seat 5: ct-650 (button) (small blind) showed [4d Qc] and won ($35.50) with two pair, Queens and Nines


PokerStars Hand #149321638482:  Hold'em Limit ($3/$6 USD) - 2016/02/24 0:15:08 ET
Table 'Atalante II' 10-max Seat #3 is the button
Seat 3: chipsdigme86 ($80.78 in chips)
Seat 5: ct-650 ($174.64 in chips)
chipsdigme86: posts small blind $1
ct-650: posts big blind $3
*** HOLE CARDS ***
chipsdigme86: raises $3 to $6
ct-650: calls $3
*** FLOP *** [9h 4h 5h]
ct-650: checks
chipsdigme86: bets $3
ct-650: raises $3 to $6
chipsdigme86: raises $3 to $9
ct-650: calls $3
*** TURN *** [9h 4h 5h] [7c]
ct-650: checks
chipsdigme86: checks
*** RIVER *** [9h 4h 5h 7c] [Ad]
ct-650: bets $6
chipsdigme86: folds
Uncalled bet ($6) returned to ct-650
ct-650 collected $29.50 from pot
*** SUMMARY ***
Total pot $30 | Rake $0.50
Board [9h 4h 5h 7c Ad]
Seat 3: chipsdigme86 (button) (small blind) folded on the River
Seat 5: ct-650 (big blind) collected ($29.50)


