PokerStars Hand #171423595741:  Hold'em Limit ($3/$6 USD) - 2017/06/06 12:32:22 ET
Table 'Atala II' 6-max Seat #4 is the button
Seat 4: MTails ($159 in chips)
Seat 6: Zubasa07 ($291 in chips)
B_loJkl will be allowed to play after the button
vestimokrec will be allowed to play after the button
MTails: posts small blind $1
Zubasa07: posts big blind $3
*** HOLE CARDS ***
MTails: raises $3 to $6
Zubasa07: calls $3
*** FLOP *** [4s 9c Qs]
Zubasa07: checks
MTails: bets $3
Zubasa07: calls $3
*** TURN *** [4s 9c Qs] [As]
scorpio04 joins the table at seat #2
Zubasa07: checks
MTails: bets $6
Zubasa07: calls $6
*** RIVER *** [4s 9c Qs As] [Kh]
Zubasa07: checks
MTails: bets $6
Zubasa07: calls $6
*** SHOW DOWN ***
MTails: shows [9h Ac] (two pair, Aces and Nines)
Zubasa07: mucks hand
MTails collected $41.50 from pot
*** SUMMARY ***
Total pot $42 | Rake $0.50
Board [4s 9c Qs As Kh]
Seat 4: MTails (button) (small blind) showed [9h Ac] and won ($41.50) with two pair, Aces and Nines
Seat 6: Zubasa07 (big blind) mucked


PokerStars Hand #171424171923:  Hold'em Limit ($3/$6 USD) - 2017/06/06 12:45:52 ET
Table 'Atala II' 6-max Seat #5 is the button
Seat 2: scorpio04 ($221.71 in chips)
Seat 5: Spriysugen ($79.54 in chips)
Spriysugen: posts small blind $1
B_loJkl: is sitting out
scorpio04: posts big blind $3
*** HOLE CARDS ***
Spriysugen: raises $3 to $6
scorpio04: raises $3 to $9
Spriysugen: calls $3
*** FLOP *** [9h Ac Qd]
scorpio04: bets $3
Spriysugen: raises $3 to $6
scorpio04: raises $3 to $9
Spriysugen: calls $3
*** TURN *** [9h Ac Qd] [3s]
scorpio04: bets $6
Spriysugen: calls $6
*** RIVER *** [9h Ac Qd 3s] [4d]
scorpio04: bets $6
Spriysugen: calls $6
*** SHOW DOWN ***
scorpio04: shows [7d Ad] (a pair of Aces)
Spriysugen: shows [Td As] (a pair of Aces - Queen+Ten kicker)
Spriysugen collected $59.50 from pot
*** SUMMARY ***
Total pot $60 | Rake $0.50
Board [9h Ac Qd 3s 4d]
Seat 2: scorpio04 (big blind) showed [7d Ad] and lost with a pair of Aces
Seat 5: Spriysugen (button) (small blind) showed [Td As] and won ($59.50) with a pair of Aces


