PokerStars Hand #162638037005:  Hold'em Limit ($3/$6 USD) - 2016/12/08 18:50:20 ET
Table 'Atalante II' 6-max Seat #4 is the button
Seat 4: Actionni13 ($164.50 in chips)
Seat 6: stiflerkk ($23 in chips)
Actionni13: posts small blind $1
stiflerkk: posts big blind $3
*** HOLE CARDS ***
Actionni13: folds
Uncalled bet ($2) returned to stiflerkk
stiflerkk collected $2 from pot
stiflerkk: doesn't show hand
*** SUMMARY ***
Total pot $2 | Rake $0
Seat 4: Actionni13 (button) (small blind) folded before Flop
Seat 6: stiflerkk (big blind) collected ($2)


PokerStars Hand #162638011728:  Hold'em Limit ($3/$6 USD) - 2016/12/08 18:49:46 ET
Table 'Atalante II' 6-max Seat #6 is the button
Seat 4: Actionni13 ($150 in chips)
Seat 6: stiflerkk ($38 in chips)
stiflerkk: posts small blind $1
Actionni13: posts big blind $3
*** HOLE CARDS ***
stiflerkk: raises $3 to $6
Actionni13: calls $3
*** FLOP *** [9s 8c 4d]
Actionni13: checks
stiflerkk: bets $3
Actionni13: calls $3
*** TURN *** [9s 8c 4d] [7h]
Actionni13: bets $6
stiflerkk: calls $6
*** RIVER *** [9s 8c 4d 7h] [Kd]
Actionni13: bets $6
trogr09 joins the table at seat #1
stiflerkk: folds
Uncalled bet ($6) returned to Actionni13
Actionni13 collected $29.50 from pot
Actionni13: doesn't show hand
*** SUMMARY ***
Total pot $30 | Rake $0.50
Board [9s 8c 4d 7h Kd]
Seat 4: Actionni13 (big blind) collected ($29.50)
Seat 6: stiflerkk (button) (small blind) folded on the River


