PokerStars Hand #166382091558:  Hold'em Limit ($3/$6 USD) - 2017/02/18 1:59:20 ET
Table 'Atami' 6-max Seat #3 is the button
Seat 3: habari786 ($57 in chips)
Seat 6: sarasa46 ($51.44 in chips)
Chessnok will be allowed to play after the button
habari786: posts small blind $1
MTails: is sitting out
sarasa46: posts big blind $3
*** HOLE CARDS ***
habari786: folds
Uncalled bet ($2) returned to sarasa46
sarasa46 collected $2 from pot
sarasa46: doesn't show hand
*** SUMMARY ***
Total pot $2 | Rake $0
Seat 3: habari786 (button) (small blind) folded before Flop
Seat 6: sarasa46 (big blind) collected ($2)


PokerStars Hand #166382242605:  Hold'em Limit ($3/$6 USD) - 2017/02/18 2:07:37 ET
Table 'Atami' 6-max Seat #6 is the button
Seat 1: Chessnok ($177.55 in chips)
Seat 6: sarasa46 ($40.06 in chips)
sarasa46: posts small blind $1
Chessnok: posts big blind $3
*** HOLE CARDS ***
sarasa46: folds
Uncalled bet ($2) returned to Chessnok
Chessnok collected $2 from pot
Chessnok: doesn't show hand
*** SUMMARY ***
Total pot $2 | Rake $0
Seat 1: Chessnok (big blind) collected ($2)
Seat 6: sarasa46 (button) (small blind) folded before Flop


PokerStars Hand #166382234428:  Hold'em Limit ($3/$6 USD) - 2017/02/18 2:07:11 ET
Table 'Atami' 6-max Seat #1 is the button
Seat 1: Chessnok ($154.05 in chips)
Seat 6: sarasa46 ($64.06 in chips)
Chessnok: posts small blind $1
sarasa46: posts big blind $3
*** HOLE CARDS ***
Chessnok: raises $3 to $6
sarasa46: calls $3
*** FLOP *** [7h 3h Ah]
sarasa46: checks
Chessnok: bets $3
sarasa46: raises $3 to $6
Chessnok: calls $3
*** TURN *** [7h 3h Ah] [8d]
sarasa46: bets $6
Chessnok: calls $6
*** RIVER *** [7h 3h Ah 8d] [Qd]
sarasa46: bets $6
Chessnok: calls $6
*** SHOW DOWN ***
sarasa46: shows [5c Kh] (high card Ace)
Chessnok: shows [As 9d] (a pair of Aces)
Chessnok collected $47.50 from pot
*** SUMMARY ***
Total pot $48 | Rake $0.50
Board [7h 3h Ah 8d Qd]
Seat 1: Chessnok (button) (small blind) showed [As 9d] and won ($47.50) with a pair of Aces
Seat 6: sarasa46 (big blind) showed [5c Kh] and lost with high card Ace


PokerStars Hand #166382251073:  Hold'em Limit ($3/$6 USD) - 2017/02/18 2:08:03 ET
Table 'Atami' 6-max Seat #6 is the button
Seat 1: Chessnok ($184.31 in chips)
Seat 6: sarasa46 ($33.06 in chips)
sarasa46: posts small blind $1
Chessnok: posts big blind $3
*** HOLE CARDS ***
sarasa46: raises $3 to $6
Chessnok: calls $3
*** FLOP *** [Ah 7c Ad]
Chessnok: bets $3
sarasa46: raises $3 to $6
Chessnok: calls $3
*** TURN *** [Ah 7c Ad] [Qh]
Chessnok: checks
sarasa46: bets $6
Chessnok: calls $6
*** RIVER *** [Ah 7c Ad Qh] [2h]
Chessnok: checks
sarasa46: checks
*** SHOW DOWN ***
Chessnok: shows [Kh 4h] (a flush, Ace high)
sarasa46: mucks hand
Chessnok collected $35.50 from pot
*** SUMMARY ***
Total pot $36 | Rake $0.50
Board [Ah 7c Ad Qh 2h]
Seat 1: Chessnok (big blind) showed [Kh 4h] and won ($35.50) with a flush, Ace high
Seat 6: sarasa46 (button) (small blind) mucked


PokerStars Hand #166382244747:  Hold'em Limit ($3/$6 USD) - 2017/02/18 2:07:43 ET
Table 'Atami' 6-max Seat #1 is the button
Seat 1: Chessnok ($178.55 in chips)
Seat 6: sarasa46 ($39.06 in chips)
Chessnok: posts small blind $1
sarasa46: posts big blind $3
*** HOLE CARDS ***
Chessnok: raises $3 to $6
sarasa46: calls $3
*** FLOP *** [Jd Qs 8s]
sarasa46: checks
Chessnok: bets $3
sarasa46: folds
Uncalled bet ($3) returned to Chessnok
Chessnok collected $11.76 from pot
Chessnok: doesn't show hand
*** SUMMARY ***
Total pot $12 | Rake $0.24
Board [Jd Qs 8s]
Seat 1: Chessnok (button) (small blind) collected ($11.76)
Seat 6: sarasa46 (big blind) folded on the Flop


PokerStars Hand #166382259032:  Hold'em Limit ($3/$6 USD) - 2017/02/18 2:08:29 ET
Table 'Atami' 6-max Seat #1 is the button
Seat 1: Chessnok ($201.81 in chips)
Seat 6: sarasa46 ($15.06 in chips)
Chessnok: posts small blind $1
sarasa46: posts big blind $3
*** HOLE CARDS ***
Chessnok: raises $3 to $6
sarasa46: raises $3 to $9
Chessnok: calls $3
*** FLOP *** [As Jh Qh]
sarasa46: bets $3
Chessnok: calls $3
*** TURN *** [As Jh Qh] [5s]
sarasa46: bets $3.06 and is all-in
Chessnok: calls $3.06
*** RIVER *** [As Jh Qh 5s] [6s]
*** SHOW DOWN ***
sarasa46: shows [Ac 3c] (a pair of Aces)
Chessnok: shows [5d Th] (a pair of Fives)
sarasa46 collected $29.62 from pot
*** SUMMARY ***
Total pot $30.12 | Rake $0.50
Board [As Jh Qh 5s 6s]
Seat 1: Chessnok (button) (small blind) showed [5d Th] and lost with a pair of Fives
Seat 6: sarasa46 (big blind) showed [Ac 3c] and won ($29.62) with a pair of Aces


