PokerStars Hand #156233250274:  Hold'em Limit ($3/$6 USD) - 2016/07/20 18:21:05 ET
Table 'Atami' 10-max Seat #1 is the button
Seat 1: leyv595 ($23.73 in chips)
Seat 10: MTails ($131.26 in chips)
leyv595: posts small blind $1
MTails: posts big blind $3
*** HOLE CARDS ***
leyv595: calls $2
MTails: checks
*** FLOP *** [8c Ks Ac]
MTails: bets $3
leyv595: folds
Uncalled bet ($3) returned to MTails
MTails collected $5.88 from pot
*** SUMMARY ***
Total pot $6 | Rake $0.12
Board [8c Ks Ac]
Seat 1: leyv595 (button) (small blind) folded on the Flop
Seat 10: MTails (big blind) collected ($5.88)


PokerStars Hand #156233233163:  Hold'em Limit ($3/$6 USD) - 2016/07/20 18:20:40 ET
Table 'Atami' 10-max Seat #10 is the button
Seat 1: leyv595 ($50.73 in chips)
Seat 10: MTails ($104.76 in chips)
MTails: posts small blind $1
leyv595: posts big blind $3
*** HOLE CARDS ***
MTails: raises $3 to $6
leyv595: calls $3
*** FLOP *** [Ac 5s 8c]
leyv595: bets $3
MTails: calls $3
*** TURN *** [Ac 5s 8c] [Ah]
leyv595: bets $6
MTails: calls $6
*** RIVER *** [Ac 5s 8c Ah] [7h]
leyv595: bets $6
MTails: raises $6 to $12
leyv595: calls $6
*** SHOW DOWN ***
MTails: shows [6c 9d] (a straight, Five to Nine)
leyv595: mucks hand
MTails collected $53.50 from pot
*** SUMMARY ***
Total pot $54 | Rake $0.50
Board [Ac 5s 8c Ah 7h]
Seat 1: leyv595 (big blind) mucked
Seat 10: MTails (button) (small blind) showed [6c 9d] and won ($53.50) with a straight, Five to Nine


PokerStars Hand #156233280740:  Hold'em Limit ($3/$6 USD) - 2016/07/20 18:21:51 ET
Table 'Atami' 10-max Seat #10 is the button
Seat 1: leyv595 ($23.37 in chips)
Seat 10: MTails ($130.90 in chips)
MTails: posts small blind $1
MATZZZZZ joins the table at seat #6
leyv595: posts big blind $3
*** HOLE CARDS ***
MTails: raises $3 to $6
JOKERISTS joins the table at seat #5
leyv595: calls $3
*** FLOP *** [2s 7s Tc]
leyv595: bets $3
MTails: calls $3
*** TURN *** [2s 7s Tc] [Js]
leyv595: bets $6
MTails: raises $6 to $12
leyv595: raises $2.37 to $14.37 and is all-in
MTails: calls $2.37
*** RIVER *** [2s 7s Tc Js] [Qd]
*** SHOW DOWN ***
leyv595: shows [5d 2d] (a pair of Deuces)
MTails: shows [7d 4s] (a pair of Sevens)
MTails collected $46.24 from pot
*** SUMMARY ***
Total pot $46.74 | Rake $0.50
Board [2s 7s Tc Js Qd]
Seat 1: leyv595 (big blind) showed [5d 2d] and lost with a pair of Deuces
Seat 10: MTails (button) (small blind) showed [7d 4s] and won ($46.24) with a pair of Sevens


PokerStars Hand #156233270715:  Hold'em Limit ($3/$6 USD) - 2016/07/20 18:21:36 ET
Table 'Atami' 10-max Seat #1 is the button
Seat 1: leyv595 ($29.37 in chips)
Seat 10: MTails ($125.14 in chips)
leyv595: posts small blind $1
MTails: posts big blind $3
*** HOLE CARDS ***
leyv595: calls $2
MTails: raises $3 to $6
leyv595: calls $3
*** FLOP *** [Ad 9d Jc]
MTails: bets $3
leyv595: folds
Uncalled bet ($3) returned to MTails
MTails collected $11.76 from pot
*** SUMMARY ***
Total pot $12 | Rake $0.24
Board [Ad 9d Jc]
Seat 1: leyv595 (button) (small blind) folded on the Flop
Seat 10: MTails (big blind) collected ($11.76)


PokerStars Hand #156233259396:  Hold'em Limit ($3/$6 USD) - 2016/07/20 18:21:19 ET
Table 'Atami' 10-max Seat #10 is the button
Seat 1: leyv595 ($20.73 in chips)
Seat 10: MTails ($134.14 in chips)
MTails: posts small blind $1
leyv595: posts big blind $3
*** HOLE CARDS ***
MTails: raises $3 to $6
leyv595: raises $3 to $9
MTails: calls $3
*** FLOP *** [2d 6c Js]
leyv595: bets $3
MTails: folds
Uncalled bet ($3) returned to leyv595
leyv595 collected $17.64 from pot
leyv595: doesn't show hand
*** SUMMARY ***
Total pot $18 | Rake $0.36
Board [2d 6c Js]
Seat 1: leyv595 (big blind) collected ($17.64)
Seat 10: MTails (button) (small blind) folded on the Flop


PokerStars Hand #156233320472:  Hold'em Limit ($3/$6 USD) - 2016/07/20 18:22:49 ET
Table 'Atami' 10-max Seat #6 is the button
Seat 5: JOKERISTS ($92.03 in chips)
Seat 6: MATZZZZZ ($120 in chips)
MATZZZZZ: posts small blind $1
JOKERISTS: posts big blind $3
*** HOLE CARDS ***
MATZZZZZ: raises $3 to $6
JOKERISTS: calls $3
*** FLOP *** [As 8c 5s]
JOKERISTS: checks
MATZZZZZ: bets $3
JOKERISTS: raises $3 to $6
MATZZZZZ: calls $3
*** TURN *** [As 8c 5s] [Qd]
JOKERISTS: checks
MATZZZZZ: checks
*** RIVER *** [As 8c 5s Qd] [Td]
JOKERISTS: bets $6
MATZZZZZ: folds
Uncalled bet ($6) returned to JOKERISTS
JOKERISTS collected $23.52 from pot
JOKERISTS: doesn't show hand
*** SUMMARY ***
Total pot $24 | Rake $0.48
Board [As 8c 5s Qd Td]
Seat 5: JOKERISTS (big blind) collected ($23.52)
Seat 6: MATZZZZZ (button) (small blind) folded on the River


PokerStars Hand #156233308586:  Hold'em Limit ($3/$6 USD) - 2016/07/20 18:22:31 ET
Table 'Atami' 10-max Seat #5 is the button
Seat 5: JOKERISTS ($89.15 in chips)
Seat 6: MATZZZZZ ($120 in chips)
JOKERISTS: posts small blind $1
MATZZZZZ: posts big blind $3
*** HOLE CARDS ***
JOKERISTS: calls $2
MATZZZZZ: checks
*** FLOP *** [Tc 4h Jh]
MATZZZZZ: checks
JOKERISTS: checks
*** TURN *** [Tc 4h Jh] [9s]
MATZZZZZ: checks
JOKERISTS: checks
*** RIVER *** [Tc 4h Jh 9s] [Kd]
MATZZZZZ: checks
JOKERISTS: checks
*** SHOW DOWN ***
MATZZZZZ: shows [8c 3s] (high card King)
JOKERISTS: shows [3c Ks] (a pair of Kings)
JOKERISTS collected $5.88 from pot
*** SUMMARY ***
Total pot $6 | Rake $0.12
Board [Tc 4h Jh 9s Kd]
Seat 5: JOKERISTS (button) (small blind) showed [3c Ks] and won ($5.88) with a pair of Kings
Seat 6: MATZZZZZ (big blind) showed [8c 3s] and lost with high card King


PokerStars Hand #156233302810:  Hold'em Limit ($3/$6 USD) - 2016/07/20 18:22:23 ET
Table 'Atami' 10-max Seat #6 is the button
Seat 5: JOKERISTS ($88.15 in chips)
Seat 6: MATZZZZZ ($120 in chips)
MATZZZZZ: posts small blind $1
MTails: is sitting out
JOKERISTS: posts big blind $3
*** HOLE CARDS ***
MATZZZZZ: folds
Uncalled bet ($2) returned to JOKERISTS
JOKERISTS collected $2 from pot
JOKERISTS: doesn't show hand
*** SUMMARY ***
Total pot $2 | Rake $0
Seat 5: JOKERISTS (big blind) collected ($2)
Seat 6: MATZZZZZ (button) (small blind) folded before Flop


PokerStars Hand #156233374272:  Hold'em Limit ($3/$6 USD) - 2016/07/20 18:24:09 ET
Table 'Atami' 10-max Seat #5 is the button
Seat 5: JOKERISTS ($93.55 in chips)
Seat 6: MATZZZZZ ($129.88 in chips)
JOKERISTS: posts small blind $1
MATZZZZZ: posts big blind $3
*** HOLE CARDS ***
JOKERISTS: folds
Uncalled bet ($2) returned to MATZZZZZ
MATZZZZZ collected $2 from pot
MATZZZZZ: doesn't show hand
*** SUMMARY ***
Total pot $2 | Rake $0
Seat 5: JOKERISTS (button) (small blind) folded before Flop
Seat 6: MATZZZZZ (big blind) collected ($2)


PokerStars Hand #156233370006:  Hold'em Limit ($3/$6 USD) - 2016/07/20 18:24:02 ET
Table 'Atami' 10-max Seat #6 is the button
Seat 5: JOKERISTS ($96.55 in chips)
Seat 6: MATZZZZZ ($126.88 in chips)
MATZZZZZ: posts small blind $1
JOKERISTS: posts big blind $3
*** HOLE CARDS ***
MATZZZZZ: raises $3 to $6
JOKERISTS: folds
Uncalled bet ($3) returned to MATZZZZZ
leyv595 leaves the table
MATZZZZZ collected $6 from pot
MATZZZZZ: doesn't show hand
*** SUMMARY ***
Total pot $6 | Rake $0
Seat 5: JOKERISTS (big blind) folded before Flop
Seat 6: MATZZZZZ (button) (small blind) collected ($6)


PokerStars Hand #156233358977:  Hold'em Limit ($3/$6 USD) - 2016/07/20 18:23:46 ET
Table 'Atami' 10-max Seat #5 is the button
Seat 5: JOKERISTS ($99.55 in chips)
Seat 6: MATZZZZZ ($124 in chips)
JOKERISTS: posts small blind $1
MATZZZZZ: posts big blind $3
*** HOLE CARDS ***
JOKERISTS: calls $2
MATZZZZZ: checks
*** FLOP *** [7s 7h Ad]
MATZZZZZ: checks
JOKERISTS: checks
*** TURN *** [7s 7h Ad] [Qd]
MATZZZZZ: bets $6
JOKERISTS: folds
Uncalled bet ($6) returned to MATZZZZZ
MATZZZZZ collected $5.88 from pot
MATZZZZZ: doesn't show hand
*** SUMMARY ***
Total pot $6 | Rake $0.12
Board [7s 7h Ad Qd]
Seat 5: JOKERISTS (button) (small blind) folded on the Turn
Seat 6: MATZZZZZ (big blind) collected ($5.88)


PokerStars Hand #156233354786:  Hold'em Limit ($3/$6 USD) - 2016/07/20 18:23:40 ET
Table 'Atami' 10-max Seat #6 is the button
Seat 5: JOKERISTS ($98.55 in chips)
Seat 6: MATZZZZZ ($125 in chips)
MATZZZZZ: posts small blind $1
JOKERISTS: posts big blind $3
*** HOLE CARDS ***
MATZZZZZ: folds
Uncalled bet ($2) returned to JOKERISTS
JOKERISTS collected $2 from pot
JOKERISTS: doesn't show hand
*** SUMMARY ***
Total pot $2 | Rake $0
Seat 5: JOKERISTS (big blind) collected ($2)
Seat 6: MATZZZZZ (button) (small blind) folded before Flop


PokerStars Hand #156233351757:  Hold'em Limit ($3/$6 USD) - 2016/07/20 18:23:35 ET
Table 'Atami' 10-max Seat #5 is the button
Seat 5: JOKERISTS ($99.55 in chips)
Seat 6: MATZZZZZ ($124 in chips)
JOKERISTS: posts small blind $1
MATZZZZZ: posts big blind $3
*** HOLE CARDS ***
JOKERISTS: folds
Uncalled bet ($2) returned to MATZZZZZ
MATZZZZZ collected $2 from pot
MATZZZZZ: doesn't show hand
*** SUMMARY ***
Total pot $2 | Rake $0
Seat 5: JOKERISTS (button) (small blind) folded before Flop
Seat 6: MATZZZZZ (big blind) collected ($2)


PokerStars Hand #156233347199:  Hold'em Limit ($3/$6 USD) - 2016/07/20 18:23:28 ET
Table 'Atami' 10-max Seat #6 is the button
Seat 5: JOKERISTS ($102.55 in chips)
Seat 6: MATZZZZZ ($121 in chips)
MATZZZZZ: posts small blind $1
JOKERISTS: posts big blind $3
*** HOLE CARDS ***
MATZZZZZ: raises $3 to $6
JOKERISTS: folds
Uncalled bet ($3) returned to MATZZZZZ
MATZZZZZ collected $6 from pot
MATZZZZZ: doesn't show hand
*** SUMMARY ***
Total pot $6 | Rake $0
Seat 5: JOKERISTS (big blind) folded before Flop
Seat 6: MATZZZZZ (button) (small blind) collected ($6)


PokerStars Hand #156233343952:  Hold'em Limit ($3/$6 USD) - 2016/07/20 18:23:23 ET
Table 'Atami' 10-max Seat #5 is the button
Seat 5: JOKERISTS ($103.55 in chips)
Seat 6: MATZZZZZ ($120 in chips)
JOKERISTS: posts small blind $1
MATZZZZZ: posts big blind $3
*** HOLE CARDS ***
JOKERISTS: folds
Uncalled bet ($2) returned to MATZZZZZ
MATZZZZZ collected $2 from pot
MATZZZZZ: doesn't show hand
*** SUMMARY ***
Total pot $2 | Rake $0
Seat 5: JOKERISTS (button) (small blind) folded before Flop
Seat 6: MATZZZZZ (big blind) collected ($2)


PokerStars Hand #156233406864:  Hold'em Limit ($3/$6 USD) - 2016/07/20 18:24:58 ET
Table 'Atami' 10-max Seat #6 is the button
Seat 5: JOKERISTS ($75.55 in chips)
Seat 6: MATZZZZZ ($147.28 in chips)
MATZZZZZ: posts small blind $1
JOKERISTS: posts big blind $3
*** HOLE CARDS ***
MATZZZZZ: raises $3 to $6
JOKERISTS: folds
Uncalled bet ($3) returned to MATZZZZZ
MATZZZZZ collected $6 from pot
MATZZZZZ: doesn't show hand
*** SUMMARY ***
Total pot $6 | Rake $0
Seat 5: JOKERISTS (big blind) folded before Flop
Seat 6: MATZZZZZ (button) (small blind) collected ($6)


PokerStars Hand #156233403921:  Hold'em Limit ($3/$6 USD) - 2016/07/20 18:24:54 ET
Table 'Atami' 10-max Seat #5 is the button
Seat 5: JOKERISTS ($76.55 in chips)
Seat 6: MATZZZZZ ($146.28 in chips)
JOKERISTS: posts small blind $1
MATZZZZZ: posts big blind $3
*** HOLE CARDS ***
JOKERISTS: folds
Uncalled bet ($2) returned to MATZZZZZ
MATZZZZZ collected $2 from pot
MATZZZZZ: doesn't show hand
*** SUMMARY ***
Total pot $2 | Rake $0
Seat 5: JOKERISTS (button) (small blind) folded before Flop
Seat 6: MATZZZZZ (big blind) collected ($2)


PokerStars Hand #156233395016:  Hold'em Limit ($3/$6 USD) - 2016/07/20 18:24:40 ET
Table 'Atami' 10-max Seat #6 is the button
Seat 5: JOKERISTS ($82.55 in chips)
Seat 6: MATZZZZZ ($140.52 in chips)
MATZZZZZ: posts small blind $1
JOKERISTS: posts big blind $3
*** HOLE CARDS ***
MATZZZZZ: raises $3 to $6
JOKERISTS: calls $3
*** FLOP *** [Jh As 2h]
JOKERISTS: checks
MATZZZZZ: bets $3
JOKERISTS: folds
Uncalled bet ($3) returned to MATZZZZZ
MATZZZZZ collected $11.76 from pot
MATZZZZZ: doesn't show hand
*** SUMMARY ***
Total pot $12 | Rake $0.24
Board [Jh As 2h]
Seat 5: JOKERISTS (big blind) folded on the Flop
Seat 6: MATZZZZZ (button) (small blind) collected ($11.76)


PokerStars Hand #156233390433:  Hold'em Limit ($3/$6 USD) - 2016/07/20 18:24:33 ET
Table 'Atami' 10-max Seat #5 is the button
Seat 5: JOKERISTS ($83.55 in chips)
Seat 6: MATZZZZZ ($139.52 in chips)
JOKERISTS: posts small blind $1
MATZZZZZ: posts big blind $3
*** HOLE CARDS ***
JOKERISTS: folds
Uncalled bet ($2) returned to MATZZZZZ
MATZZZZZ collected $2 from pot
MATZZZZZ: doesn't show hand
*** SUMMARY ***
Total pot $2 | Rake $0
Seat 5: JOKERISTS (button) (small blind) folded before Flop
Seat 6: MATZZZZZ (big blind) collected ($2)


PokerStars Hand #156233377236:  Hold'em Limit ($3/$6 USD) - 2016/07/20 18:24:14 ET
Table 'Atami' 10-max Seat #6 is the button
Seat 5: JOKERISTS ($92.55 in chips)
Seat 6: MATZZZZZ ($130.88 in chips)
MATZZZZZ: posts small blind $1
JOKERISTS: posts big blind $3
*** HOLE CARDS ***
MATZZZZZ: raises $3 to $6
JOKERISTS: calls $3
*** FLOP *** [Kh Ts 9d]
JOKERISTS: bets $3
MATZZZZZ: calls $3
*** TURN *** [Kh Ts 9d] [7s]
JOKERISTS: checks
MATZZZZZ: bets $6
JOKERISTS: folds
Uncalled bet ($6) returned to MATZZZZZ
MATZZZZZ collected $17.64 from pot
MATZZZZZ: doesn't show hand
*** SUMMARY ***
Total pot $18 | Rake $0.36
Board [Kh Ts 9d 7s]
Seat 5: JOKERISTS (big blind) folded on the Turn
Seat 6: MATZZZZZ (button) (small blind) collected ($17.64)


PokerStars Hand #156233429490:  Hold'em Limit ($3/$6 USD) - 2016/07/20 18:25:32 ET
Table 'Atami' 10-max Seat #5 is the button
Seat 5: JOKERISTS ($58.55 in chips)
Seat 6: MATZZZZZ ($163.78 in chips)
JOKERISTS: posts small blind $1
MATZZZZZ: posts big blind $3
*** HOLE CARDS ***
JOKERISTS: raises $3 to $6
MATZZZZZ: raises $3 to $9
JOKERISTS: calls $3
*** FLOP *** [Ts 9d 4c]
FabronxRJ joins the table at seat #7
MATZZZZZ: bets $3
JOKERISTS: raises $3 to $6
MATZZZZZ: calls $3
*** TURN *** [Ts 9d 4c] [6s]
MATZZZZZ: checks
JOKERISTS: bets $6
MATZZZZZ: calls $6
*** RIVER *** [Ts 9d 4c 6s] [Qc]
MATZZZZZ: checks
JOKERISTS: checks
*** SHOW DOWN ***
MATZZZZZ: shows [Td Ah] (a pair of Tens)
JOKERISTS: mucks hand
MATZZZZZ collected $41.50 from pot
*** SUMMARY ***
Total pot $42 | Rake $0.50
Board [Ts 9d 4c 6s Qc]
Seat 5: JOKERISTS (button) (small blind) mucked
Seat 6: MATZZZZZ (big blind) showed [Td Ah] and won ($41.50) with a pair of Tens


PokerStars Hand #156233426143:  Hold'em Limit ($3/$6 USD) - 2016/07/20 18:25:27 ET
Table 'Atami' 10-max Seat #6 is the button
Seat 5: JOKERISTS ($57.55 in chips)
Seat 6: MATZZZZZ ($164.78 in chips)
MATZZZZZ: posts small blind $1
JOKERISTS: posts big blind $3
*** HOLE CARDS ***
MATZZZZZ: folds
Uncalled bet ($2) returned to JOKERISTS
JOKERISTS collected $2 from pot
JOKERISTS: doesn't show hand
*** SUMMARY ***
Total pot $2 | Rake $0
Seat 5: JOKERISTS (big blind) collected ($2)
Seat 6: MATZZZZZ (button) (small blind) folded before Flop


PokerStars Hand #156233412168:  Hold'em Limit ($3/$6 USD) - 2016/07/20 18:25:06 ET
Table 'Atami' 10-max Seat #5 is the button
Seat 5: JOKERISTS ($72.55 in chips)
Seat 6: MATZZZZZ ($150.28 in chips)
JOKERISTS: posts small blind $1
MATZZZZZ: posts big blind $3
*** HOLE CARDS ***
JOKERISTS: calls $2
MATZZZZZ: checks
*** FLOP *** [6s 4c As]
MATZZZZZ: checks
JOKERISTS: checks
*** TURN *** [6s 4c As] [Qs]
MATZZZZZ: bets $6
JOKERISTS: calls $6
*** RIVER *** [6s 4c As Qs] [7d]
MATZZZZZ: checks
JOKERISTS: bets $6
MATZZZZZ: calls $6
*** SHOW DOWN ***
JOKERISTS: shows [9d Kc] (high card Ace)
MATZZZZZ: shows [3d Qd] (a pair of Queens)
MATZZZZZ collected $29.50 from pot
*** SUMMARY ***
Total pot $30 | Rake $0.50
Board [6s 4c As Qs 7d]
Seat 5: JOKERISTS (button) (small blind) showed [9d Kc] and lost with high card Ace
Seat 6: MATZZZZZ (big blind) showed [3d Qd] and won ($29.50) with a pair of Queens


PokerStars Hand #156233501934:  Hold'em Limit ($3/$6 USD) - 2016/07/20 18:27:20 ET
Table 'Atami' 10-max Seat #5 is the button
Seat 5: JOKERISTS ($50.65 in chips)
Seat 6: MATZZZZZ ($169.28 in chips)
FabronxRJ has timed out
FabronxRJ: is sitting out
GRAILKO will be allowed to play after the button
JOKERISTS: posts small blind $1
MATZZZZZ: posts big blind $3
*** HOLE CARDS ***
Roma198722 joins the table at seat #9
JOKERISTS: calls $2
MATZZZZZ: checks
*** FLOP *** [9d 7d 5s]
MATZZZZZ: checks
JOKERISTS: bets $3
MATZZZZZ: calls $3
*** TURN *** [9d 7d 5s] [4s]
MATZZZZZ: checks
JOKERISTS: bets $6
MATZZZZZ: calls $6
*** RIVER *** [9d 7d 5s 4s] [9h]
MATZZZZZ: checks
JOKERISTS: checks
*** SHOW DOWN ***
MATZZZZZ: shows [5c 6d] (two pair, Nines and Fives)
JOKERISTS: shows [7s 6h] (two pair, Nines and Sevens)
JOKERISTS collected $23.52 from pot
*** SUMMARY ***
Total pot $24 | Rake $0.48
Board [9d 7d 5s 4s 9h]
Seat 5: JOKERISTS (button) (small blind) showed [7s 6h] and won ($23.52) with two pair, Nines and Sevens
Seat 6: MATZZZZZ (big blind) showed [5c 6d] and lost with two pair, Nines and Fives


PokerStars Hand #156234800790:  Hold'em Limit ($3/$6 USD) - 2016/07/20 19:02:55 ET
Table 'Atami' 10-max Seat #6 is the button
Seat 6: MATZZZZZ ($150.83 in chips)
Seat 9: JOKERISTS ($100.40 in chips)
MATZZZZZ: posts small blind $1
JOKERISTS: posts big blind $3
*** HOLE CARDS ***
Chessnok joins the table at seat #10
MATZZZZZ: raises $3 to $6
JOKERISTS: calls $3
*** FLOP *** [Ah Ks Qs]
JOKERISTS: checks
MATZZZZZ: checks
*** TURN *** [Ah Ks Qs] [8h]
JOKERISTS: checks
MATZZZZZ: checks
*** RIVER *** [Ah Ks Qs 8h] [Td]
JOKERISTS: bets $6
MATZZZZZ: calls $6
*** SHOW DOWN ***
JOKERISTS: shows [5h 6c] (high card Ace)
MATZZZZZ: shows [7s Qd] (a pair of Queens)
MATZZZZZ collected $23.52 from pot
*** SUMMARY ***
Total pot $24 | Rake $0.48
Board [Ah Ks Qs 8h Td]
Seat 6: MATZZZZZ (button) (small blind) showed [7s Qd] and won ($23.52) with a pair of Queens
Seat 9: JOKERISTS (big blind) showed [5h 6c] and lost with high card Ace


PokerStars Hand #156234798162:  Hold'em Limit ($3/$6 USD) - 2016/07/20 19:02:50 ET
Table 'Atami' 10-max Seat #9 is the button
Seat 6: MATZZZZZ ($149.83 in chips)
Seat 9: JOKERISTS ($101.40 in chips)
JOKERISTS: posts small blind $1
MATZZZZZ: posts big blind $3
*** HOLE CARDS ***
JOKERISTS: folds
Uncalled bet ($2) returned to MATZZZZZ
MATZZZZZ collected $2 from pot
MATZZZZZ: doesn't show hand
*** SUMMARY ***
Total pot $2 | Rake $0
Seat 6: MATZZZZZ (big blind) collected ($2)
Seat 9: JOKERISTS (button) (small blind) folded before Flop


PokerStars Hand #156234795258:  Hold'em Limit ($3/$6 USD) - 2016/07/20 19:02:45 ET
Table 'Atami' 10-max Seat #6 is the button
Seat 6: MATZZZZZ ($150.83 in chips)
Seat 9: JOKERISTS ($100.40 in chips)
MATZZZZZ: posts small blind $1
JOKERISTS: posts big blind $3
*** HOLE CARDS ***
MATZZZZZ: folds
Uncalled bet ($2) returned to JOKERISTS
JOKERISTS collected $2 from pot
JOKERISTS: doesn't show hand
*** SUMMARY ***
Total pot $2 | Rake $0
Seat 6: MATZZZZZ (button) (small blind) folded before Flop
Seat 9: JOKERISTS (big blind) collected ($2)


PokerStars Hand #156234892507:  Hold'em Limit ($3/$6 USD) - 2016/07/20 19:05:33 ET
Table 'Atami' 10-max Seat #9 is the button
Seat 6: MATZZZZZ ($131.81 in chips)
Seat 9: JOKERISTS ($98.33 in chips)
JOKERISTS: posts small blind $1
Chessnok: is sitting out
MATZZZZZ: posts big blind $3
*** HOLE CARDS ***
JOKERISTS: calls $2
MATZZZZZ: checks
*** FLOP *** [4d 4c Qc]
MATZZZZZ: checks
riecki joins the table at seat #8
JOKERISTS: checks
*** TURN *** [4d 4c Qc] [As]
MATZZZZZ: bets $6
JOKERISTS: folds
Uncalled bet ($6) returned to MATZZZZZ
MATZZZZZ collected $5.88 from pot
MATZZZZZ: doesn't show hand
*** SUMMARY ***
Total pot $6 | Rake $0.12
Board [4d 4c Qc As]
Seat 6: MATZZZZZ (big blind) collected ($5.88)
Seat 9: JOKERISTS (button) (small blind) folded on the Turn


PokerStars Hand #156235432211:  Hold'em Limit ($3/$6 USD) - 2016/07/20 19:21:19 ET
Table 'Atami' 10-max Seat #9 is the button
Seat 9: Zubasa07 ($524.02 in chips)
Seat 10: JoeHeaton ($113.92 in chips)
Zubasa07: posts small blind $1
JoeHeaton: posts big blind $3
*** HOLE CARDS ***
Zubasa07: folds
Uncalled bet ($2) returned to JoeHeaton
JoeHeaton collected $2 from pot
*** SUMMARY ***
Total pot $2 | Rake $0
Seat 9: Zubasa07 (button) (small blind) folded before Flop
Seat 10: JoeHeaton (big blind) collected ($2)


PokerStars Hand #156235419866:  Hold'em Limit ($3/$6 USD) - 2016/07/20 19:20:56 ET
Table 'Atami' 10-max Seat #10 is the button
Seat 9: Zubasa07 ($515.38 in chips)
Seat 10: JoeHeaton ($122.92 in chips)
JoeHeaton: posts small blind $1
TinaTurner72: is sitting out
Zubasa07: posts big blind $3
*** HOLE CARDS ***
JoeHeaton: raises $3 to $6
TinaTurner72 leaves the table
Zubasa07: calls $3
*** FLOP *** [Qs 4d 8h]
Zubasa07: checks
JoeHeaton: bets $3
Zubasa07: raises $3 to $6
JoeHeaton: folds
Uncalled bet ($3) returned to Zubasa07
Zubasa07 collected $17.64 from pot
Zubasa07: doesn't show hand
*** SUMMARY ***
Total pot $18 | Rake $0.36
Board [Qs 4d 8h]
Seat 9: Zubasa07 (big blind) collected ($17.64)
Seat 10: JoeHeaton (button) (small blind) folded on the Flop


