PokerStars Hand #151426480895:  Hold'em Limit ($3/$6 USD) - 2016/04/04 13:37:49 ET
Table 'Atami III' 6-max Seat #4 is the button
Seat 4: AzureCaper ($77.76 in chips)
Seat 6: JoeBlack1982 ($109.36 in chips)
AzureCaper: posts small blind $1
JoeBlack1982: posts big blind $3
*** HOLE CARDS ***
AzureCaper: raises $3 to $6
JoeBlack1982: folds
Uncalled bet ($3) returned to AzureCaper
AzureCaper collected $6 from pot
AzureCaper: doesn't show hand
*** SUMMARY ***
Total pot $6 | Rake $0
Seat 4: AzureCaper (button) (small blind) collected ($6)
Seat 6: JoeBlack1982 (big blind) folded before Flop


PokerStars Hand #151426493984:  Hold'em Limit ($3/$6 USD) - 2016/04/04 13:38:04 ET
Table 'Atami III' 6-max Seat #4 is the button
Seat 4: AzureCaper ($77.76 in chips)
Seat 6: JoeBlack1982 ($109.36 in chips)
AzureCaper: posts small blind $1
JoeBlack1982: posts big blind $3
*** HOLE CARDS ***
AzureCaper: raises $3 to $6
JoeBlack1982: calls $3
*** FLOP *** [Ad 9s 3d]
xlestov joins the table at seat #3
JoeBlack1982: checks
AzureCaper: bets $3
JoeBlack1982: folds
Uncalled bet ($3) returned to AzureCaper
AzureCaper collected $11.76 from pot
AzureCaper: doesn't show hand
*** SUMMARY ***
Total pot $12 | Rake $0.24
Board [Ad 9s 3d]
Seat 4: AzureCaper (button) (small blind) collected ($11.76)
Seat 6: JoeBlack1982 (big blind) folded on the Flop


PokerStars Hand #151426486676:  Hold'em Limit ($3/$6 USD) - 2016/04/04 13:37:56 ET
Table 'Atami III' 6-max Seat #6 is the button
Seat 4: AzureCaper ($80.76 in chips)
Seat 6: JoeBlack1982 ($106.36 in chips)
JoeBlack1982: posts small blind $1
AzureCaper: posts big blind $3
*** HOLE CARDS ***
JoeBlack1982: raises $3 to $6
AzureCaper: folds
Uncalled bet ($3) returned to JoeBlack1982
JoeBlack1982 collected $6 from pot
JoeBlack1982: doesn't show hand
*** SUMMARY ***
Total pot $6 | Rake $0
Seat 4: AzureCaper (big blind) folded before Flop
Seat 6: JoeBlack1982 (button) (small blind) collected ($6)


PokerStars Hand #151426540932:  Hold'em Limit ($3/$6 USD) - 2016/04/04 13:38:57 ET
Table 'Atami III' 6-max Seat #4 is the button
Seat 4: AzureCaper ($80.52 in chips)
Seat 6: JoeBlack1982 ($134.56 in chips)
AzureCaper: posts small blind $1
JoeBlack1982: posts big blind $3
*** HOLE CARDS ***
AzureCaper: raises $3 to $6
JoeBlack1982: calls $3
*** FLOP *** [8d 3c 6h]
JoeBlack1982: checks
AzureCaper: bets $3
JoeBlack1982: calls $3
*** TURN *** [8d 3c 6h] [8h]
JoeBlack1982: checks
AzureCaper: bets $6
JoeBlack1982: raises $6 to $12
AzureCaper: calls $6
*** RIVER *** [8d 3c 6h 8h] [9h]
JoeBlack1982: bets $6
AzureCaper: raises $6 to $12
JoeBlack1982: calls $6
*** SHOW DOWN ***
AzureCaper: shows [7h Kh] (a flush, King high)
JoeBlack1982: mucks hand
AzureCaper collected $65.50 from pot
*** SUMMARY ***
Total pot $66 | Rake $0.50
Board [8d 3c 6h 8h 9h]
Seat 4: AzureCaper (button) (small blind) showed [7h Kh] and won ($65.50) with a flush, King high
Seat 6: JoeBlack1982 (big blind) mucked


PokerStars Hand #151426534454:  Hold'em Limit ($3/$6 USD) - 2016/04/04 13:38:50 ET
Table 'Atami III' 6-max Seat #6 is the button
Seat 4: AzureCaper ($83.52 in chips)
Seat 6: JoeBlack1982 ($131.56 in chips)
JoeBlack1982: posts small blind $1
AzureCaper: posts big blind $3
*** HOLE CARDS ***
JoeBlack1982: raises $3 to $6
AzureCaper: folds
Uncalled bet ($3) returned to JoeBlack1982
JoeBlack1982 collected $6 from pot
JoeBlack1982: doesn't show hand
xlestov leaves the table
*** SUMMARY ***
Total pot $6 | Rake $0
Seat 4: AzureCaper (big blind) folded before Flop
Seat 6: JoeBlack1982 (button) (small blind) collected ($6)


PokerStars Hand #151426568958:  Hold'em Limit ($3/$6 USD) - 2016/04/04 13:39:29 ET
Table 'Atami III' 6-max Seat #6 is the button
Seat 4: AzureCaper ($113.02 in chips)
Seat 6: JoeBlack1982 ($101.56 in chips)
JoeBlack1982: posts small blind $1
AzureCaper: posts big blind $3
*** HOLE CARDS ***
JoeBlack1982: raises $3 to $6
AzureCaper: calls $3
*** FLOP *** [9c Jd 9s]
AzureCaper: checks
JoeBlack1982: bets $3
AzureCaper: folds
Uncalled bet ($3) returned to JoeBlack1982
JoeBlack1982 collected $11.76 from pot
JoeBlack1982: doesn't show hand
*** SUMMARY ***
Total pot $12 | Rake $0.24
Board [9c Jd 9s]
Seat 4: AzureCaper (big blind) folded on the Flop
Seat 6: JoeBlack1982 (button) (small blind) collected ($11.76)


PokerStars Hand #151426602578:  Hold'em Limit ($3/$6 USD) - 2016/04/04 13:40:07 ET
Table 'Atami III' 6-max Seat #4 is the button
Seat 4: AzureCaper ($128.52 in chips)
Seat 6: JoeBlack1982 ($85.32 in chips)
AzureCaper: posts small blind $1
JoeBlack1982: posts big blind $3
*** HOLE CARDS ***
lexabenny joins the table at seat #1
AzureCaper: folds
Uncalled bet ($2) returned to JoeBlack1982
JoeBlack1982 collected $2 from pot
JoeBlack1982: doesn't show hand
*** SUMMARY ***
Total pot $2 | Rake $0
Seat 4: AzureCaper (button) (small blind) folded before Flop
Seat 6: JoeBlack1982 (big blind) collected ($2)


PokerStars Hand #151426598264:  Hold'em Limit ($3/$6 USD) - 2016/04/04 13:40:02 ET
Table 'Atami III' 6-max Seat #6 is the button
Seat 4: AzureCaper ($127.52 in chips)
Seat 6: JoeBlack1982 ($86.32 in chips)
JoeBlack1982: posts small blind $1
AzureCaper: posts big blind $3
*** HOLE CARDS ***
JoeBlack1982: folds
Uncalled bet ($2) returned to AzureCaper
AzureCaper collected $2 from pot
AzureCaper: doesn't show hand
*** SUMMARY ***
Total pot $2 | Rake $0
Seat 4: AzureCaper (big blind) collected ($2)
Seat 6: JoeBlack1982 (button) (small blind) folded before Flop


PokerStars Hand #151426577309:  Hold'em Limit ($3/$6 USD) - 2016/04/04 13:39:38 ET
Table 'Atami III' 6-max Seat #4 is the button
Seat 4: AzureCaper ($107.02 in chips)
Seat 6: JoeBlack1982 ($107.32 in chips)
AzureCaper: posts small blind $1
JoeBlack1982: posts big blind $3
*** HOLE CARDS ***
AzureCaper: raises $3 to $6
JoeBlack1982: calls $3
*** FLOP *** [8s Ts Td]
JoeBlack1982: checks
AzureCaper: bets $3
JoeBlack1982: calls $3
*** TURN *** [8s Ts Td] [3s]
JoeBlack1982: checks
AzureCaper: bets $6
JoeBlack1982: calls $6
*** RIVER *** [8s Ts Td 3s] [8c]
JoeBlack1982: checks
AzureCaper: bets $6
JoeBlack1982: calls $6
*** SHOW DOWN ***
AzureCaper: shows [As 5s] (a flush, Ace high)
JoeBlack1982: mucks hand
AzureCaper collected $41.50 from pot
*** SUMMARY ***
Total pot $42 | Rake $0.50
Board [8s Ts Td 3s 8c]
Seat 4: AzureCaper (button) (small blind) showed [As 5s] and won ($41.50) with a flush, Ace high
Seat 6: JoeBlack1982 (big blind) mucked


PokerStars Hand #151427114554:  Hold'em Limit ($3/$6 USD) - 2016/04/04 13:49:50 ET
Table 'Atami III' 6-max Seat #6 is the button
Seat 5: Chessnok ($109 in chips)
Seat 6: JoeBlack1982 ($9.10 in chips)
JoeBlack1982: posts small blind $1
AzureCaper: is sitting out
Chessnok: posts big blind $3
*** HOLE CARDS ***
JoeBlack1982: raises $3 to $6
Chessnok: raises $3 to $9
JoeBlack1982: raises $0.10 to $9.10 and is all-in
Betting is capped
Chessnok: calls $0.10
*** FLOP *** [Kc 6c 8h]
*** TURN *** [Kc 6c 8h] [Ad]
*** RIVER *** [Kc 6c 8h Ad] [3d]
*** SHOW DOWN ***
Chessnok: shows [6h Ks] (two pair, Kings and Sixes)
JoeBlack1982: shows [Th Qc] (high card Ace)
JoeBlack1982 leaves the table
Chessnok collected $17.84 from pot
*** SUMMARY ***
Total pot $18.20 | Rake $0.36
Board [Kc 6c 8h Ad 3d]
Seat 5: Chessnok (big blind) showed [6h Ks] and won ($17.84) with two pair, Kings and Sixes
Seat 6: JoeBlack1982 (button) (small blind) showed [Th Qc] and lost with high card Ace


