PokerStars Hand #172471507195:  Hold'em Limit ($3/$6 USD) - 2017/07/01 12:21:54 ET
Table 'Atami II' 6-max Seat #4 is the button
Seat 4: Airbag999 ($106 in chips)
Seat 5: cabrinhakite ($304.70 in chips)
Airbag999: posts small blind $1
AzureCaper joins the table at seat #6
cabrinhakite: posts big blind $3
*** HOLE CARDS ***
Airbag999: raises $3 to $6
cabrinhakite: calls $3
*** FLOP *** [2c Kc 4h]
cabrinhakite: checks
Airbag999: bets $3
cabrinhakite: calls $3
*** TURN *** [2c Kc 4h] [9c]
cabrinhakite: checks
Airbag999: checks
*** RIVER *** [2c Kc 4h 9c] [Tc]
cabrinhakite: bets $6
Airbag999: folds
Uncalled bet ($6) returned to cabrinhakite
cabrinhakite collected $17.64 from pot
cabrinhakite: doesn't show hand
*** SUMMARY ***
Total pot $18 | Rake $0.36
Board [2c Kc 4h 9c Tc]
Seat 4: Airbag999 (button) (small blind) folded on the River
Seat 5: cabrinhakite (big blind) collected ($17.64)


PokerStars Hand #172471542073:  Hold'em Limit ($3/$6 USD) - 2017/07/01 12:22:47 ET
Table 'Atami II' 6-max Seat #6 is the button
Seat 4: Airbag999 ($105 in chips)
Seat 6: AzureCaper ($72 in chips)
AzureCaper: posts small blind $1
Airbag999: posts big blind $3
*** HOLE CARDS ***
AzureCaper: raises $3 to $6
Airbag999: calls $3
*** FLOP *** [5c 5h Qs]
Airbag999: checks
AzureCaper: bets $3
Airbag999: calls $3
*** TURN *** [5c 5h Qs] [3h]
Airbag999: checks
AzureCaper: checks
*** RIVER *** [5c 5h Qs 3h] [Qd]
Airbag999: bets $6
AzureCaper: folds
Uncalled bet ($6) returned to Airbag999
Airbag999 collected $17.64 from pot
Airbag999: doesn't show hand
*** SUMMARY ***
Total pot $18 | Rake $0.36
Board [5c 5h Qs 3h Qd]
Seat 4: Airbag999 (big blind) collected ($17.64)
Seat 6: AzureCaper (button) (small blind) folded on the River


PokerStars Hand #172471534634:  Hold'em Limit ($3/$6 USD) - 2017/07/01 12:22:36 ET
Table 'Atami II' 6-max Seat #4 is the button
Seat 4: Airbag999 ($102 in chips)
Seat 6: AzureCaper ($72 in chips)
Airbag999: posts small blind $1
cabrinhakite: is sitting out
cabrinhakite leaves the table
AzureCaper: posts big blind $3
*** HOLE CARDS ***
Airbag999: raises $3 to $6
AzureCaper: folds
Uncalled bet ($3) returned to Airbag999
Airbag999 collected $6 from pot
Airbag999: doesn't show hand
*** SUMMARY ***
Total pot $6 | Rake $0
Seat 4: Airbag999 (button) (small blind) collected ($6)
Seat 6: AzureCaper (big blind) folded before Flop


PokerStars Hand #172472059049:  Hold'em Limit ($3/$6 USD) - 2017/07/01 12:35:30 ET
Table 'Atami II' 6-max Seat #5 is the button
Seat 4: Airbag999 ($145.42 in chips)
Seat 5: Auge72 ($86.50 in chips)
Auge72: posts small blind $1
Airbag999: posts big blind $3
*** HOLE CARDS ***
Auge72: raises $3 to $6
Airbag999: calls $3
*** FLOP *** [8s 2h 4s]
Airbag999: checks
Auge72: bets $3
Airbag999: calls $3
*** TURN *** [8s 2h 4s] [Ah]
Airbag999: checks
Auge72: checks
*** RIVER *** [8s 2h 4s Ah] [Ts]
Airbag999: checks
Auge72: checks
*** SHOW DOWN ***
Airbag999: shows [Qs 7c] (high card Ace)
Auge72: shows [9d 8c] (a pair of Eights)
Auge72 collected $17.64 from pot
*** SUMMARY ***
Total pot $18 | Rake $0.36
Board [8s 2h 4s Ah Ts]
Seat 4: Airbag999 (big blind) showed [Qs 7c] and lost with high card Ace
Seat 5: Auge72 (button) (small blind) showed [9d 8c] and won ($17.64) with a pair of Eights


PokerStars Hand #172473035438:  Hold'em Limit ($3/$6 USD) - 2017/07/01 13:00:34 ET
Table 'Atami II' 6-max Seat #5 is the button
Seat 5: cabrinhakite ($308.34 in chips)
Seat 6: HAOYUN88888 ($34 in chips)
cabrinhakite: posts small blind $1
HAOYUN88888: posts big blind $3
*** HOLE CARDS ***
cabrinhakite: raises $3 to $6
HAOYUN88888: folds
Uncalled bet ($3) returned to cabrinhakite
cabrinhakite collected $6 from pot
cabrinhakite: doesn't show hand
*** SUMMARY ***
Total pot $6 | Rake $0
Seat 5: cabrinhakite (button) (small blind) collected ($6)
Seat 6: HAOYUN88888 (big blind) folded before Flop


PokerStars Hand #172473031782:  Hold'em Limit ($3/$6 USD) - 2017/07/01 13:00:27 ET
Table 'Atami II' 6-max Seat #6 is the button
Seat 5: cabrinhakite ($311.34 in chips)
Seat 6: HAOYUN88888 ($31 in chips)
HAOYUN88888: posts small blind $1
cabrinhakite: posts big blind $3
*** HOLE CARDS ***
HAOYUN88888: raises $3 to $6
cabrinhakite: folds
Uncalled bet ($3) returned to HAOYUN88888
HAOYUN88888 collected $6 from pot
HAOYUN88888: doesn't show hand
*** SUMMARY ***
Total pot $6 | Rake $0
Seat 5: cabrinhakite (big blind) folded before Flop
Seat 6: HAOYUN88888 (button) (small blind) collected ($6)


PokerStars Hand #172473038758:  Hold'em Limit ($3/$6 USD) - 2017/07/01 13:00:40 ET
Table 'Atami II' 6-max Seat #6 is the button
Seat 5: cabrinhakite ($311.34 in chips)
Seat 6: HAOYUN88888 ($31 in chips)
HAOYUN88888: posts small blind $1
cabrinhakite: posts big blind $3
*** HOLE CARDS ***
HAOYUN88888: raises $3 to $6
cabrinhakite: calls $3
*** FLOP *** [As 9d Ad]
cabrinhakite: bets $3
HAOYUN88888: folds
Uncalled bet ($3) returned to cabrinhakite
cabrinhakite collected $11.76 from pot
cabrinhakite: doesn't show hand
*** SUMMARY ***
Total pot $12 | Rake $0.24
Board [As 9d Ad]
Seat 5: cabrinhakite (big blind) collected ($11.76)
Seat 6: HAOYUN88888 (button) (small blind) folded on the Flop


PokerStars Hand #172473047474:  Hold'em Limit ($3/$6 USD) - 2017/07/01 13:00:55 ET
Table 'Atami II' 6-max Seat #5 is the button
Seat 5: cabrinhakite ($317.10 in chips)
Seat 6: HAOYUN88888 ($56.74 in chips)
cabrinhakite: posts small blind $1
HAOYUN88888: posts big blind $3
*** HOLE CARDS ***
cabrinhakite: raises $3 to $6
HAOYUN88888: calls $3
*** FLOP *** [9s 4s 2h]
HAOYUN88888: checks
cabrinhakite: bets $3
HAOYUN88888: raises $3 to $6
cabrinhakite: calls $3
*** TURN *** [9s 4s 2h] [2d]
HAOYUN88888: bets $6
cabrinhakite: calls $6
*** RIVER *** [9s 4s 2h 2d] [6c]
HAOYUN88888: bets $6
cabrinhakite: calls $6
*** SHOW DOWN ***
HAOYUN88888: shows [Ts 9h] (two pair, Nines and Deuces)
cabrinhakite: mucks hand
HAOYUN88888 collected $47.50 from pot
*** SUMMARY ***
Total pot $48 | Rake $0.50
Board [9s 4s 2h 2d 6c]
Seat 5: cabrinhakite (button) (small blind) mucked
Seat 6: HAOYUN88888 (big blind) showed [Ts 9h] and won ($47.50) with two pair, Nines and Deuces


PokerStars Hand #172473057165:  Hold'em Limit ($3/$6 USD) - 2017/07/01 13:01:11 ET
Table 'Atami II' 6-max Seat #6 is the button
Seat 5: cabrinhakite ($293.10 in chips)
Seat 6: HAOYUN88888 ($80.24 in chips)
HAOYUN88888: posts small blind $1
cabrinhakite: posts big blind $3
*** HOLE CARDS ***
HAOYUN88888: raises $3 to $6
cabrinhakite: calls $3
*** FLOP *** [4c 5d 5h]
cabrinhakite: checks
HAOYUN88888: bets $3
cabrinhakite: calls $3
*** TURN *** [4c 5d 5h] [Kh]
cabrinhakite: checks
HAOYUN88888: bets $6
cabrinhakite: calls $6
*** RIVER *** [4c 5d 5h Kh] [8h]
cabrinhakite: checks
HAOYUN88888: bets $6
cabrinhakite: calls $6
*** SHOW DOWN ***
HAOYUN88888: shows [Qs Kc] (two pair, Kings and Fives)
cabrinhakite: mucks hand
HAOYUN88888 collected $41.50 from pot
*** SUMMARY ***
Total pot $42 | Rake $0.50
Board [4c 5d 5h Kh 8h]
Seat 5: cabrinhakite (big blind) mucked
Seat 6: HAOYUN88888 (button) (small blind) showed [Qs Kc] and won ($41.50) with two pair, Kings and Fives


PokerStars Hand #172473068087:  Hold'em Limit ($3/$6 USD) - 2017/07/01 13:01:30 ET
Table 'Atami II' 6-max Seat #5 is the button
Seat 5: cabrinhakite ($272.10 in chips)
Seat 6: HAOYUN88888 ($100.74 in chips)
cabrinhakite: posts small blind $1
HAOYUN88888: posts big blind $3
*** HOLE CARDS ***
cabrinhakite: raises $3 to $6
HAOYUN88888: folds
Uncalled bet ($3) returned to cabrinhakite
cabrinhakite collected $6 from pot
cabrinhakite: doesn't show hand
*** SUMMARY ***
Total pot $6 | Rake $0
Seat 5: cabrinhakite (button) (small blind) collected ($6)
Seat 6: HAOYUN88888 (big blind) folded before Flop


PokerStars Hand #172473088602:  Hold'em Limit ($3/$6 USD) - 2017/07/01 13:02:03 ET
Table 'Atami II' 6-max Seat #5 is the button
Seat 5: cabrinhakite ($248.10 in chips)
Seat 6: HAOYUN88888 ($124.24 in chips)
cabrinhakite: posts small blind $1
HAOYUN88888: posts big blind $3
*** HOLE CARDS ***
cabrinhakite: raises $3 to $6
HAOYUN88888: folds
Uncalled bet ($3) returned to cabrinhakite
cabrinhakite collected $6 from pot
cabrinhakite: doesn't show hand
*** SUMMARY ***
Total pot $6 | Rake $0
Seat 5: cabrinhakite (button) (small blind) collected ($6)
Seat 6: HAOYUN88888 (big blind) folded before Flop


PokerStars Hand #172473071233:  Hold'em Limit ($3/$6 USD) - 2017/07/01 13:01:35 ET
Table 'Atami II' 6-max Seat #6 is the button
Seat 5: cabrinhakite ($275.10 in chips)
Seat 6: HAOYUN88888 ($97.74 in chips)
HAOYUN88888: posts small blind $1
cabrinhakite: posts big blind $3
*** HOLE CARDS ***
HAOYUN88888: raises $3 to $6
cabrinhakite: raises $3 to $9
HAOYUN88888: calls $3
*** FLOP *** [7d Th 9h]
cabrinhakite: checks
HAOYUN88888: checks
*** TURN *** [7d Th 9h] [5h]
cabrinhakite: bets $6
AzureCaper leaves the table
HAOYUN88888: calls $6
*** RIVER *** [7d Th 9h 5h] [8c]
cabrinhakite: bets $6
simper11 joins the table at seat #3
HAOYUN88888: raises $6 to $12
cabrinhakite: calls $6
*** SHOW DOWN ***
HAOYUN88888: shows [Jd 5d] (a straight, Seven to Jack)
cabrinhakite: mucks hand
HAOYUN88888 collected $53.50 from pot
*** SUMMARY ***
Total pot $54 | Rake $0.50
Board [7d Th 9h 5h 8c]
Seat 5: cabrinhakite (big blind) mucked
Seat 6: HAOYUN88888 (button) (small blind) showed [Jd 5d] and won ($53.50) with a straight, Seven to Jack


PokerStars Hand #172474380088:  Hold'em Limit ($3/$6 USD) - 2017/07/01 13:32:19 ET
Table 'Atami II' 6-max Seat #4 is the button
Seat 3: simper11 ($90 in chips)
Seat 4: degal76 ($121 in chips)
degal76: posts small blind $1
simper11: posts big blind $3
*** HOLE CARDS ***
degal76: folds
Uncalled bet ($2) returned to simper11
simper11 collected $2 from pot
simper11: doesn't show hand
*** SUMMARY ***
Total pot $2 | Rake $0
Seat 3: simper11 (big blind) collected ($2)
Seat 4: degal76 (button) (small blind) folded before Flop


PokerStars Hand #172474372163:  Hold'em Limit ($3/$6 USD) - 2017/07/01 13:32:08 ET
Table 'Atami II' 6-max Seat #3 is the button
Seat 3: simper11 ($90 in chips)
Seat 4: degal76 ($120 in chips)
simper11: posts small blind $1
degal76: posts big blind $3
*** HOLE CARDS ***
simper11: folds
Uncalled bet ($2) returned to degal76
degal76 collected $2 from pot
degal76: doesn't show hand
*** SUMMARY ***
Total pot $2 | Rake $0
Seat 3: simper11 (button) (small blind) folded before Flop
Seat 4: degal76 (big blind) collected ($2)


PokerStars Hand #172474384942:  Hold'em Limit ($3/$6 USD) - 2017/07/01 13:32:26 ET
Table 'Atami II' 6-max Seat #3 is the button
Seat 3: simper11 ($91 in chips)
Seat 4: degal76 ($120 in chips)
simper11: posts small blind $1
degal76: posts big blind $3
*** HOLE CARDS ***
simper11: raises $3 to $6
degal76: folds
Uncalled bet ($3) returned to simper11
simper11 collected $6 from pot
simper11: doesn't show hand
*** SUMMARY ***
Total pot $6 | Rake $0
Seat 3: simper11 (button) (small blind) collected ($6)
Seat 4: degal76 (big blind) folded before Flop


PokerStars Hand #172474390072:  Hold'em Limit ($3/$6 USD) - 2017/07/01 13:32:33 ET
Table 'Atami II' 6-max Seat #4 is the button
Seat 3: simper11 ($94 in chips)
Seat 4: degal76 ($117 in chips)
degal76: posts small blind $1
simper11: posts big blind $3
*** HOLE CARDS ***
degal76: raises $3 to $6
simper11: calls $3
*** FLOP *** [5s 2s 3s]
simper11: checks
degal76: checks
*** TURN *** [5s 2s 3s] [Tc]
simper11: checks
degal76: checks
*** RIVER *** [5s 2s 3s Tc] [Ts]
simper11: checks
degal76: bets $6
simper11: folds
Uncalled bet ($6) returned to degal76
degal76 collected $11.76 from pot
degal76: doesn't show hand
*** SUMMARY ***
Total pot $12 | Rake $0.24
Board [5s 2s 3s Tc Ts]
Seat 3: simper11 (big blind) folded on the River
Seat 4: degal76 (button) (small blind) collected ($11.76)


PokerStars Hand #172474407733:  Hold'em Limit ($3/$6 USD) - 2017/07/01 13:32:58 ET
Table 'Atami II' 6-max Seat #4 is the button
Seat 3: simper11 ($90 in chips)
Seat 4: degal76 ($123.76 in chips)
degal76: posts small blind $1
simper11: posts big blind $3
*** HOLE CARDS ***
degal76: folds
Uncalled bet ($2) returned to simper11
simper11 collected $2 from pot
simper11: doesn't show hand
*** SUMMARY ***
Total pot $2 | Rake $0
Seat 3: simper11 (big blind) collected ($2)
Seat 4: degal76 (button) (small blind) folded before Flop


PokerStars Hand #172474401906:  Hold'em Limit ($3/$6 USD) - 2017/07/01 13:32:50 ET
Table 'Atami II' 6-max Seat #3 is the button
Seat 3: simper11 ($90 in chips)
Seat 4: degal76 ($122.76 in chips)
simper11: posts small blind $1
degal76: posts big blind $3
*** HOLE CARDS ***
simper11: folds
Uncalled bet ($2) returned to degal76
degal76 collected $2 from pot
degal76: doesn't show hand
*** SUMMARY ***
Total pot $2 | Rake $0
Seat 3: simper11 (button) (small blind) folded before Flop
Seat 4: degal76 (big blind) collected ($2)


PokerStars Hand #172474411522:  Hold'em Limit ($3/$6 USD) - 2017/07/01 13:33:03 ET
Table 'Atami II' 6-max Seat #3 is the button
Seat 3: simper11 ($91 in chips)
Seat 4: degal76 ($122.76 in chips)
simper11: posts small blind $1
degal76: posts big blind $3
*** HOLE CARDS ***
simper11: raises $3 to $6
degal76: raises $3 to $9
simper11: calls $3
*** FLOP *** [Qc Tc 9d]
degal76: bets $3
simper11: raises $3 to $6
degal76: calls $3
*** TURN *** [Qc Tc 9d] [6h]
degal76: checks
simper11: bets $6
degal76: calls $6
*** RIVER *** [Qc Tc 9d 6h] [Ad]
degal76: checks
simper11: checks
*** SHOW DOWN ***
degal76: shows [8h 8d] (a pair of Eights)
simper11: mucks hand
degal76 collected $41.50 from pot
*** SUMMARY ***
Total pot $42 | Rake $0.50
Board [Qc Tc 9d 6h Ad]
Seat 3: simper11 (button) (small blind) mucked
Seat 4: degal76 (big blind) showed [8h 8d] and won ($41.50) with a pair of Eights


PokerStars Hand #172474423948:  Hold'em Limit ($3/$6 USD) - 2017/07/01 13:33:21 ET
Table 'Atami II' 6-max Seat #4 is the button
Seat 3: simper11 ($79.82 in chips)
Seat 4: degal76 ($143.26 in chips)
degal76: posts small blind $1
simper11: posts big blind $3
*** HOLE CARDS ***
degal76: folds
Uncalled bet ($2) returned to simper11
simper11 collected $2 from pot
simper11: doesn't show hand
*** SUMMARY ***
Total pot $2 | Rake $0
Seat 3: simper11 (big blind) collected ($2)
Seat 4: degal76 (button) (small blind) folded before Flop


PokerStars Hand #172474428103:  Hold'em Limit ($3/$6 USD) - 2017/07/01 13:33:27 ET
Table 'Atami II' 6-max Seat #3 is the button
Seat 3: simper11 ($80.82 in chips)
Seat 4: degal76 ($142.26 in chips)
simper11: posts small blind $1
degal76: posts big blind $3
*** HOLE CARDS ***
simper11: raises $3 to $6
degal76: calls $3
*** FLOP *** [3c 8s 5d]
degal76: checks
simper11: bets $3
degal76: raises $3 to $6
simper11: calls $3
*** TURN *** [3c 8s 5d] [Kd]
degal76: bets $6
simper11: calls $6
*** RIVER *** [3c 8s 5d Kd] [4s]
degal76: bets $6
simper11: calls $6
*** SHOW DOWN ***
degal76: shows [5s Ac] (a pair of Fives)
simper11: mucks hand
degal76 collected $47.50 from pot
*** SUMMARY ***
Total pot $48 | Rake $0.50
Board [3c 8s 5d Kd 4s]
Seat 3: simper11 (button) (small blind) mucked
Seat 4: degal76 (big blind) showed [5s Ac] and won ($47.50) with a pair of Fives


PokerStars Hand #172474442448:  Hold'em Limit ($3/$6 USD) - 2017/07/01 13:33:47 ET
Table 'Atami II' 6-max Seat #3 is the button
Seat 3: simper11 ($57.82 in chips)
Seat 4: degal76 ($164.76 in chips)
simper11: posts small blind $1
degal76: posts big blind $3
*** HOLE CARDS ***
simper11: folds
Uncalled bet ($2) returned to degal76
degal76 collected $2 from pot
degal76: doesn't show hand
*** SUMMARY ***
Total pot $2 | Rake $0
Seat 3: simper11 (button) (small blind) folded before Flop
Seat 4: degal76 (big blind) collected ($2)


PokerStars Hand #172474438718:  Hold'em Limit ($3/$6 USD) - 2017/07/01 13:33:41 ET
Table 'Atami II' 6-max Seat #4 is the button
Seat 3: simper11 ($56.82 in chips)
Seat 4: degal76 ($165.76 in chips)
degal76: posts small blind $1
simper11: posts big blind $3
*** HOLE CARDS ***
degal76: folds
Uncalled bet ($2) returned to simper11
simper11 collected $2 from pot
simper11: doesn't show hand
*** SUMMARY ***
Total pot $2 | Rake $0
Seat 3: simper11 (big blind) collected ($2)
Seat 4: degal76 (button) (small blind) folded before Flop


PokerStars Hand #172474445946:  Hold'em Limit ($3/$6 USD) - 2017/07/01 13:33:52 ET
Table 'Atami II' 6-max Seat #4 is the button
Seat 3: simper11 ($56.82 in chips)
Seat 4: degal76 ($165.76 in chips)
degal76: posts small blind $1
simper11: posts big blind $3
*** HOLE CARDS ***
degal76: raises $3 to $6
simper11: raises $3 to $9
degal76: calls $3
*** FLOP *** [Ks Kc Ah]
simper11: bets $3
degal76: calls $3
*** TURN *** [Ks Kc Ah] [4h]
simper11: bets $6
degal76: folds
Uncalled bet ($6) returned to simper11
simper11 collected $23.52 from pot
simper11: doesn't show hand
*** SUMMARY ***
Total pot $24 | Rake $0.48
Board [Ks Kc Ah 4h]
Seat 3: simper11 (big blind) collected ($23.52)
Seat 4: degal76 (button) (small blind) folded on the Turn


PokerStars Hand #172474464519:  Hold'em Limit ($3/$6 USD) - 2017/07/01 13:34:18 ET
Table 'Atami II' 6-max Seat #4 is the button
Seat 3: simper11 ($44.34 in chips)
Seat 4: degal76 ($177.26 in chips)
degal76: posts small blind $1
simper11: posts big blind $3
*** HOLE CARDS ***
degal76: folds
Uncalled bet ($2) returned to simper11
simper11 collected $2 from pot
simper11: doesn't show hand
*** SUMMARY ***
Total pot $2 | Rake $0
Seat 3: simper11 (big blind) collected ($2)
Seat 4: degal76 (button) (small blind) folded before Flop


PokerStars Hand #172474455558:  Hold'em Limit ($3/$6 USD) - 2017/07/01 13:34:05 ET
Table 'Atami II' 6-max Seat #3 is the button
Seat 3: simper11 ($68.34 in chips)
Seat 4: degal76 ($153.76 in chips)
simper11: posts small blind $1
degal76: posts big blind $3
*** HOLE CARDS ***
simper11: raises $3 to $6
degal76: raises $3 to $9
simper11: calls $3
*** FLOP *** [Ad 5c 7d]
degal76: bets $3
simper11: calls $3
*** TURN *** [Ad 5c 7d] [4d]
degal76: bets $6
simper11: calls $6
*** RIVER *** [Ad 5c 7d 4d] [2c]
degal76: bets $6
simper11: calls $6
*** SHOW DOWN ***
degal76: shows [Ac Qc] (a pair of Aces)
simper11: mucks hand
degal76 collected $47.50 from pot
*** SUMMARY ***
Total pot $48 | Rake $0.50
Board [Ad 5c 7d 4d 2c]
Seat 3: simper11 (button) (small blind) mucked
Seat 4: degal76 (big blind) showed [Ac Qc] and won ($47.50) with a pair of Aces


PokerStars Hand #172474468357:  Hold'em Limit ($3/$6 USD) - 2017/07/01 13:34:23 ET
Table 'Atami II' 6-max Seat #3 is the button
Seat 3: simper11 ($45.34 in chips)
Seat 4: degal76 ($176.26 in chips)
simper11: posts small blind $1
degal76: posts big blind $3
*** HOLE CARDS ***
simper11: raises $3 to $6
degal76: calls $3
*** FLOP *** [Qh Js 5d]
degal76: checks
simper11: bets $3
degal76: calls $3
*** TURN *** [Qh Js 5d] [Ah]
degal76: checks
simper11: bets $6
degal76: folds
Uncalled bet ($6) returned to simper11
simper11 collected $17.64 from pot
simper11: doesn't show hand
*** SUMMARY ***
Total pot $18 | Rake $0.36
Board [Qh Js 5d Ah]
Seat 3: simper11 (button) (small blind) collected ($17.64)
Seat 4: degal76 (big blind) folded on the Turn


PokerStars Hand #172474477708:  Hold'em Limit ($3/$6 USD) - 2017/07/01 13:34:36 ET
Table 'Atami II' 6-max Seat #4 is the button
Seat 3: simper11 ($53.98 in chips)
Seat 4: degal76 ($167.26 in chips)
degal76: posts small blind $1
simper11: posts big blind $3
*** HOLE CARDS ***
degal76: raises $3 to $6
simper11: calls $3
*** FLOP *** [Jh Kd Qh]
simper11: checks
degal76: bets $3
simper11: folds
Uncalled bet ($3) returned to degal76
degal76 collected $11.76 from pot
degal76: doesn't show hand
*** SUMMARY ***
Total pot $12 | Rake $0.24
Board [Jh Kd Qh]
Seat 3: simper11 (big blind) folded on the Flop
Seat 4: degal76 (button) (small blind) collected ($11.76)


PokerStars Hand #172474498357:  Hold'em Limit ($3/$6 USD) - 2017/07/01 13:35:06 ET
Table 'Atami II' 6-max Seat #3 is the button
Seat 3: simper11 ($24.98 in chips)
Seat 4: degal76 ($195.52 in chips)
simper11: posts small blind $1
degal76: posts big blind $3
*** HOLE CARDS ***
simper11: raises $3 to $6
degal76: calls $3
*** FLOP *** [Js 4s 8s]
degal76: checks
simper11: bets $3
degal76: raises $3 to $6
simper11: calls $3
*** TURN *** [Js 4s 8s] [Tc]
degal76: bets $6
simper11: calls $6
*** RIVER *** [Js 4s 8s Tc] [4h]
degal76: bets $6
simper11: calls $6
*** SHOW DOWN ***
degal76: shows [Jh 6d] (two pair, Jacks and Fours)
simper11: mucks hand
degal76 collected $47.50 from pot
*** SUMMARY ***
Total pot $48 | Rake $0.50
Board [Js 4s 8s Tc 4h]
Seat 3: simper11 (button) (small blind) mucked
Seat 4: degal76 (big blind) showed [Jh 6d] and won ($47.50) with two pair, Jacks and Fours


PokerStars Hand #172474494819:  Hold'em Limit ($3/$6 USD) - 2017/07/01 13:35:01 ET
Table 'Atami II' 6-max Seat #4 is the button
Seat 3: simper11 ($23.98 in chips)
Seat 4: degal76 ($196.52 in chips)
degal76: posts small blind $1
simper11: posts big blind $3
*** HOLE CARDS ***
degal76: folds
Uncalled bet ($2) returned to simper11
simper11 collected $2 from pot
simper11: doesn't show hand
*** SUMMARY ***
Total pot $2 | Rake $0
Seat 3: simper11 (big blind) collected ($2)
Seat 4: degal76 (button) (small blind) folded before Flop


PokerStars Hand #172474485037:  Hold'em Limit ($3/$6 USD) - 2017/07/01 13:34:47 ET
Table 'Atami II' 6-max Seat #3 is the button
Seat 3: simper11 ($47.98 in chips)
Seat 4: degal76 ($173.02 in chips)
simper11: posts small blind $1
degal76: posts big blind $3
*** HOLE CARDS ***
simper11: raises $3 to $6
degal76: raises $3 to $9
simper11: calls $3
*** FLOP *** [Js Ac 3d]
degal76: bets $3
simper11: calls $3
*** TURN *** [Js Ac 3d] [5s]
degal76: bets $6
simper11: calls $6
*** RIVER *** [Js Ac 3d 5s] [4h]
degal76: bets $6
simper11: calls $6
*** SHOW DOWN ***
degal76: shows [9s As] (a pair of Aces)
simper11: mucks hand
degal76 collected $47.50 from pot
*** SUMMARY ***
Total pot $48 | Rake $0.50
Board [Js Ac 3d 5s 4h]
Seat 3: simper11 (button) (small blind) mucked
Seat 4: degal76 (big blind) showed [9s As] and won ($47.50) with a pair of Aces


PokerStars Hand #172474995517:  Hold'em Limit ($3/$6 USD) - 2017/07/01 13:46:53 ET
Table 'Atami II' 6-max Seat #4 is the button
Seat 3: simper11 ($122.53 in chips)
Seat 4: AzureCaper ($134.19 in chips)
AzureCaper: posts small blind $1
simper11: posts big blind $3
*** HOLE CARDS ***
bekooi leaves the table
AzureCaper: raises $3 to $6
simper11: calls $3
*** FLOP *** [As Jc Ad]
simper11: checks
AzureCaper: bets $3
simper11: folds
Uncalled bet ($3) returned to AzureCaper
AzureCaper collected $11.76 from pot
AzureCaper: doesn't show hand
*** SUMMARY ***
Total pot $12 | Rake $0.24
Board [As Jc Ad]
Seat 3: simper11 (big blind) folded on the Flop
Seat 4: AzureCaper (button) (small blind) collected ($11.76)


PokerStars Hand #172475284823:  Hold'em Limit ($3/$6 USD) - 2017/07/01 13:53:50 ET
Table 'Atami II' 6-max Seat #4 is the button
Seat 4: anebodil ($86 in chips)
Seat 5: AzureCaper ($76.76 in chips)
anebodil: posts small blind $1
AzureCaper: posts big blind $3
*** HOLE CARDS ***
anebodil: calls $2
Krazy90 joins the table at seat #6
dobber888 joins the table at seat #2
AzureCaper: raises $3 to $6
anebodil: calls $3
*** FLOP *** [6d 6s 3c]
fender676 joins the table at seat #3
AzureCaper: bets $3
anebodil: folds
Uncalled bet ($3) returned to AzureCaper
AzureCaper collected $11.76 from pot
AzureCaper: doesn't show hand
*** SUMMARY ***
Total pot $12 | Rake $0.24
Board [6d 6s 3c]
Seat 4: anebodil (button) (small blind) folded on the Flop
Seat 5: AzureCaper (big blind) collected ($11.76)


PokerStars Hand #172476473954:  Hold'em Limit ($3/$6 USD) - 2017/07/01 14:22:11 ET
Table 'Atami II' 6-max Seat #6 is the button
Seat 4: anebodil ($37.57 in chips)
Seat 6: Krazy90 ($233.97 in chips)
Krazy90: posts small blind $1
anebodil: posts big blind $3
*** HOLE CARDS ***
Krazy90: raises $3 to $6
anebodil: calls $3
*** FLOP *** [Qh 8h Ad]
anebodil: checks
Krazy90: bets $3
anebodil: calls $3
*** TURN *** [Qh 8h Ad] [Kc]
anebodil: bets $6
Krazy90: calls $6
*** RIVER *** [Qh 8h Ad Kc] [2s]
anebodil: bets $6
Krazy90: calls $6
*** SHOW DOWN ***
anebodil: shows [Kh 7c] (a pair of Kings)
Krazy90: shows [3h Kd] (a pair of Kings)
anebodil collected $20.75 from pot
Krazy90 collected $20.75 from pot
*** SUMMARY ***
Total pot $42 | Rake $0.50
Board [Qh 8h Ad Kc 2s]
Seat 4: anebodil (big blind) showed [Kh 7c] and won ($20.75) with a pair of Kings
Seat 6: Krazy90 (button) (small blind) showed [3h Kd] and won ($20.75) with a pair of Kings


PokerStars Hand #172476488451:  Hold'em Limit ($3/$6 USD) - 2017/07/01 14:22:31 ET
Table 'Atami II' 6-max Seat #4 is the button
Seat 4: anebodil ($37.32 in chips)
Seat 6: Krazy90 ($233.72 in chips)
anebodil: posts small blind $1
Krazy90: posts big blind $3
*** HOLE CARDS ***
anebodil: raises $3 to $6
Krazy90: calls $3
*** FLOP *** [2s Ah Ac]
Krazy90: checks
anebodil: bets $3
Krazy90: folds
Uncalled bet ($3) returned to anebodil
anebodil collected $11.76 from pot
*** SUMMARY ***
Total pot $12 | Rake $0.24
Board [2s Ah Ac]
Seat 4: anebodil (button) (small blind) collected ($11.76)
Seat 6: Krazy90 (big blind) folded on the Flop


PokerStars Hand #172476499576:  Hold'em Limit ($3/$6 USD) - 2017/07/01 14:22:46 ET
Table 'Atami II' 6-max Seat #6 is the button
Seat 4: anebodil ($43.08 in chips)
Seat 6: Krazy90 ($227.72 in chips)
Krazy90: posts small blind $1
anebodil: posts big blind $3
*** HOLE CARDS ***
Krazy90: raises $3 to $6
anebodil: calls $3
*** FLOP *** [7c Qh Ah]
anebodil: checks
Krazy90: bets $3
anebodil: calls $3
*** TURN *** [7c Qh Ah] [5h]
anebodil: bets $6
Krazy90: raises $6 to $12
anebodil: calls $6
*** RIVER *** [7c Qh Ah 5h] [8s]
anebodil: checks
Krazy90: bets $6
anebodil: folds
Uncalled bet ($6) returned to Krazy90
Krazy90 collected $41.50 from pot
Krazy90: doesn't show hand
*** SUMMARY ***
Total pot $42 | Rake $0.50
Board [7c Qh Ah 5h 8s]
Seat 4: anebodil (big blind) folded on the River
Seat 6: Krazy90 (button) (small blind) collected ($41.50)


PokerStars Hand #172476518584:  Hold'em Limit ($3/$6 USD) - 2017/07/01 14:23:11 ET
Table 'Atami II' 6-max Seat #4 is the button
Seat 4: anebodil ($22.08 in chips)
Seat 6: Krazy90 ($248.22 in chips)
anebodil: posts small blind $1
Krazy90: posts big blind $3
*** HOLE CARDS ***
anebodil: calls $2
Krazy90: raises $3 to $6
anebodil: calls $3
*** FLOP *** [Ac 2h 7c]
Krazy90: bets $3
anebodil: folds
Uncalled bet ($3) returned to Krazy90
Krazy90 collected $11.76 from pot
Krazy90: doesn't show hand
*** SUMMARY ***
Total pot $12 | Rake $0.24
Board [Ac 2h 7c]
Seat 4: anebodil (button) (small blind) folded on the Flop
Seat 6: Krazy90 (big blind) collected ($11.76)


PokerStars Hand #172476527937:  Hold'em Limit ($3/$6 USD) - 2017/07/01 14:23:24 ET
Table 'Atami II' 6-max Seat #6 is the button
Seat 4: anebodil ($16.08 in chips)
Seat 6: Krazy90 ($253.98 in chips)
Krazy90: posts small blind $1
anebodil: posts big blind $3
*** HOLE CARDS ***
Krazy90: raises $3 to $6
anebodil: folds
Uncalled bet ($3) returned to Krazy90
Krazy90 collected $6 from pot
Krazy90: doesn't show hand
*** SUMMARY ***
Total pot $6 | Rake $0
Seat 4: anebodil (big blind) folded before Flop
Seat 6: Krazy90 (button) (small blind) collected ($6)


PokerStars Hand #172476532831:  Hold'em Limit ($3/$6 USD) - 2017/07/01 14:23:30 ET
Table 'Atami II' 6-max Seat #4 is the button
Seat 4: anebodil ($13.08 in chips)
Seat 6: Krazy90 ($256.98 in chips)
anebodil: posts small blind $1
Krazy90: posts big blind $3
*** HOLE CARDS ***
anebodil: raises $3 to $6
Krazy90: raises $3 to $9
anebodil: calls $3
*** FLOP *** [3c Tc 3s]
Krazy90: bets $3
anebodil: calls $3
*** TURN *** [3c Tc 3s] [9c]
Krazy90: bets $6
anebodil: calls $1.08 and is all-in
Uncalled bet ($4.92) returned to Krazy90
*** RIVER *** [3c Tc 3s 9c] [5d]
*** SHOW DOWN ***
Krazy90: shows [Th Ah] (two pair, Tens and Threes)
anebodil: shows [7h 7c] (two pair, Sevens and Threes)
Krazy90 collected $25.66 from pot
*** SUMMARY ***
Total pot $26.16 | Rake $0.50
Board [3c Tc 3s 9c 5d]
Seat 4: anebodil (button) (small blind) showed [7h 7c] and lost with two pair, Sevens and Threes
Seat 6: Krazy90 (big blind) showed [Th Ah] and won ($25.66) with two pair, Tens and Threes


PokerStars Hand #172482379880:  Hold'em Limit ($3/$6 USD) - 2017/07/01 16:38:32 ET
Table 'Atami II' 6-max Seat #6 is the button
Seat 4: cabrinhakite ($420.89 in chips)
Seat 6: AzureCaper ($73 in chips)
AzureCaper: posts small blind $1
cabrinhakite: posts big blind $3
*** HOLE CARDS ***
AzureCaper: raises $3 to $6
cabrinhakite: calls $3
*** FLOP *** [As 9h Qd]
cabrinhakite: checks
AzureCaper: bets $3
cabrinhakite: calls $3
*** TURN *** [As 9h Qd] [3h]
cabrinhakite: checks
AzureCaper: checks
*** RIVER *** [As 9h Qd 3h] [9c]
cabrinhakite: bets $6
AzureCaper: folds
Uncalled bet ($6) returned to cabrinhakite
cabrinhakite collected $17.64 from pot
cabrinhakite: doesn't show hand
*** SUMMARY ***
Total pot $18 | Rake $0.36
Board [As 9h Qd 3h 9c]
Seat 4: cabrinhakite (big blind) collected ($17.64)
Seat 6: AzureCaper (button) (small blind) folded on the River


PokerStars Hand #172482376143:  Hold'em Limit ($3/$6 USD) - 2017/07/01 16:38:27 ET
Table 'Atami II' 6-max Seat #4 is the button
Seat 4: cabrinhakite ($421.89 in chips)
Seat 6: AzureCaper ($72 in chips)
cabrinhakite: posts small blind $1
AzureCaper: posts big blind $3
*** HOLE CARDS ***
cabrinhakite: folds
Uncalled bet ($2) returned to AzureCaper
AzureCaper collected $2 from pot
AzureCaper: doesn't show hand
*** SUMMARY ***
Total pot $2 | Rake $0
Seat 4: cabrinhakite (button) (small blind) folded before Flop
Seat 6: AzureCaper (big blind) collected ($2)


PokerStars Hand #172482368931:  Hold'em Limit ($3/$6 USD) - 2017/07/01 16:38:17 ET
Table 'Atami II' 6-max Seat #4 is the button
Seat 4: cabrinhakite ($421.89 in chips)
Seat 6: AzureCaper ($72 in chips)
cabrinhakite: posts small blind $1
AzureCaper: posts big blind $3
*** HOLE CARDS ***
cabrinhakite: folds
Uncalled bet ($2) returned to AzureCaper
AzureCaper collected $2 from pot
AzureCaper: doesn't show hand
*** SUMMARY ***
Total pot $2 | Rake $0
Seat 4: cabrinhakite (button) (small blind) folded before Flop
Seat 6: AzureCaper (big blind) collected ($2)


PokerStars Hand #172482419380:  Hold'em Limit ($3/$6 USD) - 2017/07/01 16:39:26 ET
Table 'Atami II' 6-max Seat #4 is the button
Seat 4: cabrinhakite ($436.29 in chips)
Seat 6: AzureCaper ($72 in chips)
cabrinhakite: posts small blind $1
AzureCaper: posts big blind $3
*** HOLE CARDS ***
cabrinhakite: raises $3 to $6
AzureCaper: folds
Uncalled bet ($3) returned to cabrinhakite
cabrinhakite collected $6 from pot
cabrinhakite: doesn't show hand
*** SUMMARY ***
Total pot $6 | Rake $0
Seat 4: cabrinhakite (button) (small blind) collected ($6)
Seat 6: AzureCaper (big blind) folded before Flop


PokerStars Hand #172482414085:  Hold'em Limit ($3/$6 USD) - 2017/07/01 16:39:19 ET
Table 'Atami II' 6-max Seat #6 is the button
Seat 4: cabrinhakite ($435.29 in chips)
Seat 6: AzureCaper ($73 in chips)
AzureCaper: posts small blind $1
cabrinhakite: posts big blind $3
*** HOLE CARDS ***
AzureCaper: folds
Uncalled bet ($2) returned to cabrinhakite
cabrinhakite collected $2 from pot
cabrinhakite: doesn't show hand
*** SUMMARY ***
Total pot $2 | Rake $0
Seat 4: cabrinhakite (big blind) collected ($2)
Seat 6: AzureCaper (button) (small blind) folded before Flop


PokerStars Hand #172482410421:  Hold'em Limit ($3/$6 USD) - 2017/07/01 16:39:14 ET
Table 'Atami II' 6-max Seat #4 is the button
Seat 4: cabrinhakite ($436.29 in chips)
Seat 6: AzureCaper ($72 in chips)
cabrinhakite: posts small blind $1
AzureCaper: posts big blind $3
*** HOLE CARDS ***
cabrinhakite: folds
Uncalled bet ($2) returned to AzureCaper
AzureCaper collected $2 from pot
AzureCaper: doesn't show hand
*** SUMMARY ***
Total pot $2 | Rake $0
Seat 4: cabrinhakite (button) (small blind) folded before Flop
Seat 6: AzureCaper (big blind) collected ($2)


PokerStars Hand #172482405116:  Hold'em Limit ($3/$6 USD) - 2017/07/01 16:39:07 ET
Table 'Atami II' 6-max Seat #6 is the button
Seat 4: cabrinhakite ($435.29 in chips)
Seat 6: AzureCaper ($72 in chips)
AzureCaper: posts small blind $1
cabrinhakite: posts big blind $3
*** HOLE CARDS ***
AzureCaper: folds
Uncalled bet ($2) returned to cabrinhakite
cabrinhakite collected $2 from pot
cabrinhakite: doesn't show hand
*** SUMMARY ***
Total pot $2 | Rake $0
Seat 4: cabrinhakite (big blind) collected ($2)
Seat 6: AzureCaper (button) (small blind) folded before Flop


PokerStars Hand #172482392551:  Hold'em Limit ($3/$6 USD) - 2017/07/01 16:38:50 ET
Table 'Atami II' 6-max Seat #4 is the button
Seat 4: cabrinhakite ($429.53 in chips)
Seat 6: AzureCaper ($72 in chips)
cabrinhakite: posts small blind $1
AzureCaper: posts big blind $3
*** HOLE CARDS ***
cabrinhakite: raises $3 to $6
AzureCaper: calls $3
*** FLOP *** [8h 3s 4c]
AzureCaper: checks
cabrinhakite: checks
*** TURN *** [8h 3s 4c] [7d]
AzureCaper: checks
cabrinhakite: checks
*** RIVER *** [8h 3s 4c 7d] [4h]
AzureCaper: checks
cabrinhakite: checks
*** SHOW DOWN ***
AzureCaper: shows [9h Ks] (a pair of Fours)
cabrinhakite: shows [Jd As] (a pair of Fours - Ace kicker)
cabrinhakite collected $11.76 from pot
*** SUMMARY ***
Total pot $12 | Rake $0.24
Board [8h 3s 4c 7d 4h]
Seat 4: cabrinhakite (button) (small blind) showed [Jd As] and won ($11.76) with a pair of Fours
Seat 6: AzureCaper (big blind) showed [9h Ks] and lost with a pair of Fours


