PokerStars Hand #149632858582:  Hold'em Limit ($3/$6 USD) - 2016/02/29 16:07:20 ET
Table 'Ate III' 6-max Seat #3 is the button
Seat 3: minigus575 ($128 in chips)
Seat 4: AzureCaper ($72 in chips)
minigus575: posts small blind $1
AzureCaper: posts big blind $3
*** HOLE CARDS ***
Amin Jensen joins the table at seat #2
minigus575: folds
Uncalled bet ($2) returned to AzureCaper
AzureCaper collected $2 from pot
AzureCaper: doesn't show hand
*** SUMMARY ***
Total pot $2 | Rake $0
Seat 3: minigus575 (button) (small blind) folded before Flop
Seat 4: AzureCaper (big blind) collected ($2)


PokerStars Hand #149632847343:  Hold'em Limit ($3/$6 USD) - 2016/02/29 16:07:10 ET
Table 'Ate III' 6-max Seat #4 is the button
Seat 3: minigus575 ($127 in chips)
Seat 4: AzureCaper ($73 in chips)
AzureCaper: posts small blind $1
minigus575: posts big blind $3
*** HOLE CARDS ***
AzureCaper: folds
Uncalled bet ($2) returned to minigus575
minigus575 collected $2 from pot
minigus575: doesn't show hand
*** SUMMARY ***
Total pot $2 | Rake $0
Seat 3: minigus575 (big blind) collected ($2)
Seat 4: AzureCaper (button) (small blind) folded before Flop


PokerStars Hand #149632842501:  Hold'em Limit ($3/$6 USD) - 2016/02/29 16:07:05 ET
Table 'Ate III' 6-max Seat #3 is the button
Seat 3: minigus575 ($128 in chips)
Seat 4: AzureCaper ($72 in chips)
minigus575: posts small blind $1
AzureCaper: posts big blind $3
*** HOLE CARDS ***
minigus575: folds
Uncalled bet ($2) returned to AzureCaper
AzureCaper collected $2 from pot
AzureCaper: doesn't show hand
*** SUMMARY ***
Total pot $2 | Rake $0
Seat 3: minigus575 (button) (small blind) folded before Flop
Seat 4: AzureCaper (big blind) collected ($2)


PokerStars Hand #149633230291:  Hold'em Limit ($3/$6 USD) - 2016/02/29 16:13:09 ET
Table 'Ate III' 6-max Seat #4 is the button
Seat 3: minigus575 ($209.05 in chips)
Seat 4: AzureCaper ($95.69 in chips)
AzureCaper: posts small blind $1
minigus575: posts big blind $3
*** HOLE CARDS ***
AzureCaper: folds
Uncalled bet ($2) returned to minigus575
minigus575 collected $2 from pot
minigus575: doesn't show hand
*** SUMMARY ***
Total pot $2 | Rake $0
Seat 3: minigus575 (big blind) collected ($2)
Seat 4: AzureCaper (button) (small blind) folded before Flop


PokerStars Hand #149633299444:  Hold'em Limit ($3/$6 USD) - 2016/02/29 16:14:13 ET
Table 'Ate III' 6-max Seat #2 is the button
Seat 2: Amin Jensen ($99 in chips)
Seat 3: minigus575 ($230.21 in chips)
Amin Jensen: posts small blind $1
minigus575: posts big blind $3
*** HOLE CARDS ***
Amin Jensen: folds
Uncalled bet ($2) returned to minigus575
minigus575 collected $2 from pot
minigus575: doesn't show hand
*** SUMMARY ***
Total pot $2 | Rake $0
Seat 2: Amin Jensen (button) (small blind) folded before Flop
Seat 3: minigus575 (big blind) collected ($2)


PokerStars Hand #149633281928:  Hold'em Limit ($3/$6 USD) - 2016/02/29 16:13:57 ET
Table 'Ate III' 6-max Seat #3 is the button
Seat 2: Amin Jensen ($105 in chips)
Seat 3: minigus575 ($224.45 in chips)
minigus575: posts small blind $1
Amin Jensen: posts big blind $3
*** HOLE CARDS ***
minigus575: raises $3 to $6
Amin Jensen: calls $3
*** FLOP *** [4h 8c Qc]
Amin Jensen: checks
minigus575: bets $3
Amin Jensen: folds
Uncalled bet ($3) returned to minigus575
minigus575 collected $11.76 from pot
minigus575: doesn't show hand
*** SUMMARY ***
Total pot $12 | Rake $0.24
Board [4h 8c Qc]
Seat 2: Amin Jensen (big blind) folded on the Flop
Seat 3: minigus575 (button) (small blind) collected ($11.76)


PokerStars Hand #149633247331:  Hold'em Limit ($3/$6 USD) - 2016/02/29 16:13:25 ET
Table 'Ate III' 6-max Seat #3 is the button
Seat 2: Amin Jensen ($120 in chips)
Seat 3: minigus575 ($210.05 in chips)
minigus575: posts small blind $1
Amin Jensen: posts big blind $3
*** HOLE CARDS ***
minigus575: raises $3 to $6
Amin Jensen: calls $3
*** FLOP *** [7c 5s Jd]
Amin Jensen: checks
minigus575: bets $3
Amin Jensen: folds
Uncalled bet ($3) returned to minigus575
minigus575 collected $11.76 from pot
minigus575: doesn't show hand
*** SUMMARY ***
Total pot $12 | Rake $0.24
Board [7c 5s Jd]
Seat 2: Amin Jensen (big blind) folded on the Flop
Seat 3: minigus575 (button) (small blind) collected ($11.76)


PokerStars Hand #149633259740:  Hold'em Limit ($3/$6 USD) - 2016/02/29 16:13:36 ET
Table 'Ate III' 6-max Seat #2 is the button
Seat 2: Amin Jensen ($114 in chips)
Seat 3: minigus575 ($215.81 in chips)
Amin Jensen: posts small blind $1
minigus575: posts big blind $3
*** HOLE CARDS ***
Amin Jensen: raises $3 to $6
minigus575: calls $3
*** FLOP *** [3s 8h Jd]
minigus575: checks
Amin Jensen: bets $3
minigus575: calls $3
*** TURN *** [3s 8h Jd] [Ks]
minigus575: checks
Amin Jensen: checks
*** RIVER *** [3s 8h Jd Ks] [4c]
minigus575: checks
Amin Jensen: checks
*** SHOW DOWN ***
minigus575: shows [Kd 3c] (two pair, Kings and Threes)
Amin Jensen: mucks hand
minigus575 collected $17.64 from pot
*** SUMMARY ***
Total pot $18 | Rake $0.36
Board [3s 8h Jd Ks 4c]
Seat 2: Amin Jensen (button) (small blind) mucked
Seat 3: minigus575 (big blind) showed [Kd 3c] and won ($17.64) with two pair, Kings and Threes


PokerStars Hand #149633340206:  Hold'em Limit ($3/$6 USD) - 2016/02/29 16:14:52 ET
Table 'Ate III' 6-max Seat #3 is the button
Seat 2: Amin Jensen ($106.50 in chips)
Seat 3: minigus575 ($221.97 in chips)
minigus575: posts small blind $1
Amin Jensen: posts big blind $3
*** HOLE CARDS ***
minigus575: raises $3 to $6
Amin Jensen: calls $3
*** FLOP *** [3h 7c 6c]
Amin Jensen: checks
minigus575: bets $3
Amin Jensen: calls $3
*** TURN *** [3h 7c 6c] [7s]
Amin Jensen: checks
minigus575: checks
*** RIVER *** [3h 7c 6c 7s] [4s]
Amin Jensen: bets $6
minigus575: raises $6 to $12
Amin Jensen: calls $6
*** SHOW DOWN ***
minigus575: shows [Ks 5d] (a straight, Three to Seven)
Amin Jensen: mucks hand
minigus575 collected $41.50 from pot
*** SUMMARY ***
Total pot $42 | Rake $0.50
Board [3h 7c 6c 7s 4s]
Seat 2: Amin Jensen (big blind) mucked
Seat 3: minigus575 (button) (small blind) showed [Ks 5d] and won ($41.50) with a straight, Three to Seven


PokerStars Hand #149633317474:  Hold'em Limit ($3/$6 USD) - 2016/02/29 16:14:30 ET
Table 'Ate III' 6-max Seat #2 is the button
Seat 2: Amin Jensen ($92 in chips)
Seat 3: minigus575 ($236.97 in chips)
Amin Jensen: posts small blind $1
minigus575: posts big blind $3
*** HOLE CARDS ***
Amin Jensen: raises $3 to $6
minigus575: calls $3
*** FLOP *** [Qd Ts 8s]
minigus575: checks
Amin Jensen: bets $3
minigus575: calls $3
*** TURN *** [Qd Ts 8s] [6c]
minigus575: checks
Amin Jensen: bets $6
minigus575: calls $6
*** RIVER *** [Qd Ts 8s 6c] [9d]
minigus575: checks
Amin Jensen: bets $6
minigus575: folds
Uncalled bet ($6) returned to Amin Jensen
Amin Jensen collected $29.50 from pot
*** SUMMARY ***
Total pot $30 | Rake $0.50
Board [Qd Ts 8s 6c 9d]
Seat 2: Amin Jensen (button) (small blind) collected ($29.50)
Seat 3: minigus575 (big blind) folded on the River


PokerStars Hand #149633304696:  Hold'em Limit ($3/$6 USD) - 2016/02/29 16:14:18 ET
Table 'Ate III' 6-max Seat #3 is the button
Seat 2: Amin Jensen ($98 in chips)
Seat 3: minigus575 ($231.21 in chips)
minigus575: posts small blind $1
Amin Jensen: posts big blind $3
*** HOLE CARDS ***
minigus575: raises $3 to $6
Amin Jensen: calls $3
*** FLOP *** [9c 6d Tc]
Amin Jensen: checks
minigus575: bets $3
Amin Jensen: folds
Uncalled bet ($3) returned to minigus575
minigus575 collected $11.76 from pot
minigus575: doesn't show hand
*** SUMMARY ***
Total pot $12 | Rake $0.24
Board [9c 6d Tc]
Seat 2: Amin Jensen (big blind) folded on the Flop
Seat 3: minigus575 (button) (small blind) collected ($11.76)


PokerStars Hand #149633418276:  Hold'em Limit ($3/$6 USD) - 2016/02/29 16:16:04 ET
Table 'Ate III' 6-max Seat #2 is the button
Seat 2: Amin Jensen ($50.50 in chips)
Seat 3: minigus575 ($276.73 in chips)
Amin Jensen: posts small blind $1
minigus575: posts big blind $3
*** HOLE CARDS ***
Amin Jensen: folds
Uncalled bet ($2) returned to minigus575
minigus575 collected $2 from pot
minigus575: doesn't show hand
*** SUMMARY ***
Total pot $2 | Rake $0
Seat 2: Amin Jensen (button) (small blind) folded before Flop
Seat 3: minigus575 (big blind) collected ($2)


PokerStars Hand #149633410970:  Hold'em Limit ($3/$6 USD) - 2016/02/29 16:15:57 ET
Table 'Ate III' 6-max Seat #3 is the button
Seat 2: Amin Jensen ($53.50 in chips)
Seat 3: minigus575 ($273.73 in chips)
minigus575: posts small blind $1
Amin Jensen: posts big blind $3
*** HOLE CARDS ***
minigus575: raises $3 to $6
Amin Jensen: folds
Uncalled bet ($3) returned to minigus575
minigus575 collected $6 from pot
minigus575: doesn't show hand
*** SUMMARY ***
Total pot $6 | Rake $0
Seat 2: Amin Jensen (big blind) folded before Flop
Seat 3: minigus575 (button) (small blind) collected ($6)


PokerStars Hand #149633404296:  Hold'em Limit ($3/$6 USD) - 2016/02/29 16:15:51 ET
Table 'Ate III' 6-max Seat #2 is the button
Seat 2: Amin Jensen ($54.50 in chips)
Seat 3: minigus575 ($272.73 in chips)
Amin Jensen: posts small blind $1
minigus575: posts big blind $3
*** HOLE CARDS ***
Amin Jensen: folds
Uncalled bet ($2) returned to minigus575
minigus575 collected $2 from pot
minigus575: doesn't show hand
*** SUMMARY ***
Total pot $2 | Rake $0
Seat 2: Amin Jensen (button) (small blind) folded before Flop
Seat 3: minigus575 (big blind) collected ($2)


PokerStars Hand #149633398112:  Hold'em Limit ($3/$6 USD) - 2016/02/29 16:15:45 ET
Table 'Ate III' 6-max Seat #3 is the button
Seat 2: Amin Jensen ($57.50 in chips)
Seat 3: minigus575 ($269.73 in chips)
minigus575: posts small blind $1
Amin Jensen: posts big blind $3
*** HOLE CARDS ***
minigus575: raises $3 to $6
Amin Jensen: folds
Uncalled bet ($3) returned to minigus575
minigus575 collected $6 from pot
minigus575: doesn't show hand
*** SUMMARY ***
Total pot $6 | Rake $0
Seat 2: Amin Jensen (big blind) folded before Flop
Seat 3: minigus575 (button) (small blind) collected ($6)


PokerStars Hand #149633393284:  Hold'em Limit ($3/$6 USD) - 2016/02/29 16:15:41 ET
Table 'Ate III' 6-max Seat #2 is the button
Seat 2: Amin Jensen ($58.50 in chips)
Seat 3: minigus575 ($268.73 in chips)
Amin Jensen: posts small blind $1
minigus575: posts big blind $3
*** HOLE CARDS ***
Amin Jensen: folds
Uncalled bet ($2) returned to minigus575
minigus575 collected $2 from pot
minigus575: doesn't show hand
*** SUMMARY ***
Total pot $2 | Rake $0
Seat 2: Amin Jensen (button) (small blind) folded before Flop
Seat 3: minigus575 (big blind) collected ($2)


PokerStars Hand #149633381520:  Hold'em Limit ($3/$6 USD) - 2016/02/29 16:15:30 ET
Table 'Ate III' 6-max Seat #3 is the button
Seat 2: Amin Jensen ($64.50 in chips)
Seat 3: minigus575 ($262.97 in chips)
minigus575: posts small blind $1
Amin Jensen: posts big blind $3
*** HOLE CARDS ***
minigus575: raises $3 to $6
Amin Jensen: calls $3
*** FLOP *** [5s Js 2h]
Amin Jensen: checks
minigus575: bets $3
Amin Jensen: folds
Uncalled bet ($3) returned to minigus575
minigus575 collected $11.76 from pot
minigus575: doesn't show hand
*** SUMMARY ***
Total pot $12 | Rake $0.24
Board [5s Js 2h]
Seat 2: Amin Jensen (big blind) folded on the Flop
Seat 3: minigus575 (button) (small blind) collected ($11.76)


PokerStars Hand #149633359526:  Hold'em Limit ($3/$6 USD) - 2016/02/29 16:15:09 ET
Table 'Ate III' 6-max Seat #2 is the button
Seat 2: Amin Jensen ($85.50 in chips)
Seat 3: minigus575 ($242.47 in chips)
Amin Jensen: posts small blind $1
minigus575: posts big blind $3
*** HOLE CARDS ***
Amin Jensen: raises $3 to $6
minigus575: calls $3
*** FLOP *** [2d 3d 7s]
minigus575: checks
Amin Jensen: bets $3
minigus575: calls $3
*** TURN *** [2d 3d 7s] [Kh]
minigus575: bets $6
Amin Jensen: calls $6
*** RIVER *** [2d 3d 7s Kh] [9c]
minigus575: bets $6
Amin Jensen: calls $6
*** SHOW DOWN ***
minigus575: shows [4c Ks] (a pair of Kings)
Amin Jensen: mucks hand
minigus575 collected $41.50 from pot
*** SUMMARY ***
Total pot $42 | Rake $0.50
Board [2d 3d 7s Kh 9c]
Seat 2: Amin Jensen (button) (small blind) mucked
Seat 3: minigus575 (big blind) showed [4c Ks] and won ($41.50) with a pair of Kings


PokerStars Hand #149633423509:  Hold'em Limit ($3/$6 USD) - 2016/02/29 16:16:09 ET
Table 'Ate III' 6-max Seat #3 is the button
Seat 2: Amin Jensen ($49.50 in chips)
Seat 3: minigus575 ($277.73 in chips)
minigus575: posts small blind $1
Amin Jensen: posts big blind $3
*** HOLE CARDS ***
minigus575: raises $3 to $6
Amin Jensen: calls $3
*** FLOP *** [2s Jd 5s]
Amin Jensen: checks
minigus575: bets $3
Amin Jensen: calls $3
*** TURN *** [2s Jd 5s] [Kh]
Amin Jensen: checks
minigus575: bets $6
Amin Jensen: folds
Uncalled bet ($6) returned to minigus575
minigus575 collected $17.64 from pot
minigus575: doesn't show hand
*** SUMMARY ***
Total pot $18 | Rake $0.36
Board [2s Jd 5s Kh]
Seat 2: Amin Jensen (big blind) folded on the Turn
Seat 3: minigus575 (button) (small blind) collected ($17.64)


PokerStars Hand #149633452926:  Hold'em Limit ($3/$6 USD) - 2016/02/29 16:16:36 ET
Table 'Ate III' 6-max Seat #3 is the button
Seat 2: Amin Jensen ($31.50 in chips)
Seat 3: minigus575 ($295.01 in chips)
minigus575: posts small blind $1
Amin Jensen: posts big blind $3
*** HOLE CARDS ***
minigus575: folds
Uncalled bet ($2) returned to Amin Jensen
Amin Jensen collected $2 from pot
*** SUMMARY ***
Total pot $2 | Rake $0
Seat 2: Amin Jensen (big blind) collected ($2)
Seat 3: minigus575 (button) (small blind) folded before Flop


PokerStars Hand #149633437370:  Hold'em Limit ($3/$6 USD) - 2016/02/29 16:16:22 ET
Table 'Ate III' 6-max Seat #2 is the button
Seat 2: Amin Jensen ($40.50 in chips)
Seat 3: minigus575 ($286.37 in chips)
Amin Jensen: posts small blind $1
minigus575: posts big blind $3
*** HOLE CARDS ***
Amin Jensen: raises $3 to $6
minigus575: calls $3
*** FLOP *** [9h 5h 5c]
minigus575: checks
Amin Jensen: bets $3
minigus575: calls $3
*** TURN *** [9h 5h 5c] [2d]
minigus575: checks
Amin Jensen: checks
*** RIVER *** [9h 5h 5c 2d] [8d]
minigus575: bets $6
Amin Jensen: folds
Uncalled bet ($6) returned to minigus575
minigus575 collected $17.64 from pot
minigus575: doesn't show hand
*** SUMMARY ***
Total pot $18 | Rake $0.36
Board [9h 5h 5c 2d 8d]
Seat 2: Amin Jensen (button) (small blind) folded on the River
Seat 3: minigus575 (big blind) collected ($17.64)


PokerStars Hand #149633457933:  Hold'em Limit ($3/$6 USD) - 2016/02/29 16:16:41 ET
Table 'Ate III' 6-max Seat #2 is the button
Seat 2: Amin Jensen ($32.50 in chips)
Seat 3: minigus575 ($294.01 in chips)
Amin Jensen: posts small blind $1
minigus575: posts big blind $3
*** HOLE CARDS ***
Amin Jensen: raises $3 to $6
minigus575: raises $3 to $9
Amin Jensen: calls $3
*** FLOP *** [2d 6h 3d]
minigus575: bets $3
Amin Jensen: calls $3
*** TURN *** [2d 6h 3d] [Jh]
minigus575: bets $6
Amin Jensen: raises $6 to $12
minigus575: raises $6 to $18
Amin Jensen: calls $6
*** RIVER *** [2d 6h 3d Jh] [2c]
minigus575: bets $6
Amin Jensen: calls $2.50 and is all-in
Uncalled bet ($3.50) returned to minigus575
*** SHOW DOWN ***
minigus575: shows [Ad Ah] (two pair, Aces and Deuces)
Amin Jensen: shows [Js 9h] (two pair, Jacks and Deuces)
minigus575 collected $64.50 from pot
*** SUMMARY ***
Total pot $65 | Rake $0.50
Board [2d 6h 3d Jh 2c]
Seat 2: Amin Jensen (button) (small blind) showed [Js 9h] and lost with two pair, Jacks and Deuces
Seat 3: minigus575 (big blind) showed [Ad Ah] and won ($64.50) with two pair, Aces and Deuces


