PokerStars Hand #144561268066:  Hold'em Limit ($3/$6 USD) - 2015/11/29 11:13:36 ET
Table 'Ate' 6-max Seat #4 is the button
Seat 4: MobyDickDK ($56.52 in chips)
Seat 6: scorpio04 ($72 in chips)
MobyDickDK: posts small blind $1
scorpio04: posts big blind $3
*** HOLE CARDS ***
MobyDickDK: folds
Uncalled bet ($2) returned to scorpio04
MobyDickDK leaves the table
scorpio04 collected $2 from pot
scorpio04: doesn't show hand
*** SUMMARY ***
Total pot $2 | Rake $0
Seat 4: MobyDickDK (button) (small blind) folded before Flop
Seat 6: scorpio04 (big blind) collected ($2)


PokerStars Hand #144562584653:  Hold'em Limit ($3/$6 USD) - 2015/11/29 11:38:29 ET
Table 'Ate' 6-max Seat #3 is the button
Seat 3: Swe_OlssoN ($89.18 in chips)
Seat 4: Azrarn ($72 in chips)
Swe_OlssoN: posts small blind $1
Azrarn: posts big blind $3
*** HOLE CARDS ***
Swe_OlssoN: raises $3 to $6
Azrarn: calls $3
*** FLOP *** [Jd Th 2h]
Azrarn: checks
Swe_OlssoN: bets $3
Azrarn: calls $3
*** TURN *** [Jd Th 2h] [Kd]
Azrarn: checks
Swe_OlssoN: checks
*** RIVER *** [Jd Th 2h Kd] [Jc]
Azrarn: checks
Swe_OlssoN: checks
*** SHOW DOWN ***
Azrarn: shows [6d Qd] (a pair of Jacks)
Swe_OlssoN: shows [Ad 9d] (a pair of Jacks - Ace kicker)
Swe_OlssoN collected $17.64 from pot
*** SUMMARY ***
Total pot $18 | Rake $0.36
Board [Jd Th 2h Kd Jc]
Seat 3: Swe_OlssoN (button) (small blind) showed [Ad 9d] and won ($17.64) with a pair of Jacks
Seat 4: Azrarn (big blind) showed [6d Qd] and lost with a pair of Jacks


PokerStars Hand #144562616020:  Hold'em Limit ($3/$6 USD) - 2015/11/29 11:39:05 ET
Table 'Ate' 6-max Seat #4 is the button
Seat 3: Swe_OlssoN ($97.82 in chips)
Seat 4: Azrarn ($72 in chips)
Azrarn: posts small blind $1
Swe_OlssoN: posts big blind $3
*** HOLE CARDS ***
Azrarn: raises $3 to $6
Swe_OlssoN: raises $3 to $9
Azrarn: calls $3
*** FLOP *** [2h 6h 3d]
Swe_OlssoN: bets $3
Azrarn: calls $3
*** TURN *** [2h 6h 3d] [Qd]
Swe_OlssoN: bets $6
Azrarn: calls $6
*** RIVER *** [2h 6h 3d Qd] [Kc]
Swe_OlssoN: checks
Azrarn: checks
*** SHOW DOWN ***
Swe_OlssoN: shows [Tc Ts] (a pair of Tens)
Azrarn: mucks hand
Swe_OlssoN collected $35.50 from pot
*** SUMMARY ***
Total pot $36 | Rake $0.50
Board [2h 6h 3d Qd Kc]
Seat 3: Swe_OlssoN (big blind) showed [Tc Ts] and won ($35.50) with a pair of Tens
Seat 4: Azrarn (button) (small blind) mucked


PokerStars Hand #144562672108:  Hold'em Limit ($3/$6 USD) - 2015/11/29 11:40:07 ET
Table 'Ate' 6-max Seat #3 is the button
Seat 3: Swe_OlssoN ($106.32 in chips)
Seat 4: Azrarn ($80.64 in chips)
Swe_OlssoN: posts small blind $1
Azrarn: posts big blind $3
*** HOLE CARDS ***
Swe_OlssoN: folds
Uncalled bet ($2) returned to Azrarn
Azrarn collected $2 from pot
Azrarn: doesn't show hand
*** SUMMARY ***
Total pot $2 | Rake $0
Seat 3: Swe_OlssoN (button) (small blind) folded before Flop
Seat 4: Azrarn (big blind) collected ($2)


PokerStars Hand #144562658583:  Hold'em Limit ($3/$6 USD) - 2015/11/29 11:39:52 ET
Table 'Ate' 6-max Seat #4 is the button
Seat 3: Swe_OlssoN ($109.32 in chips)
Seat 4: Azrarn ($77.76 in chips)
Azrarn: posts small blind $1
Swe_OlssoN: posts big blind $3
*** HOLE CARDS ***
Azrarn: calls $2
Swe_OlssoN: checks
*** FLOP *** [Th 7c 3h]
Swe_OlssoN: checks
Azrarn: bets $3
Swe_OlssoN: folds
Uncalled bet ($3) returned to Azrarn
Azrarn collected $5.88 from pot
Azrarn: doesn't show hand
*** SUMMARY ***
Total pot $6 | Rake $0.12
Board [Th 7c 3h]
Seat 3: Swe_OlssoN (big blind) folded on the Flop
Seat 4: Azrarn (button) (small blind) collected ($5.88)


PokerStars Hand #144562633276:  Hold'em Limit ($3/$6 USD) - 2015/11/29 11:39:24 ET
Table 'Ate' 6-max Seat #3 is the button
Seat 3: Swe_OlssoN ($115.32 in chips)
Seat 4: Azrarn ($72 in chips)
Swe_OlssoN: posts small blind $1
Azrarn: posts big blind $3
*** HOLE CARDS ***
Swe_OlssoN: raises $3 to $6
Azrarn: calls $3
*** FLOP *** [5d 2d 8d]
Azrarn: checks
Swe_OlssoN: checks
*** TURN *** [5d 2d 8d] [Ts]
Azrarn: bets $6
Swe_OlssoN: folds
Uncalled bet ($6) returned to Azrarn
Azrarn collected $11.76 from pot
Azrarn: doesn't show hand
*** SUMMARY ***
Total pot $12 | Rake $0.24
Board [5d 2d 8d Ts]
Seat 3: Swe_OlssoN (button) (small blind) folded on the Turn
Seat 4: Azrarn (big blind) collected ($11.76)


PokerStars Hand #144562695769:  Hold'em Limit ($3/$6 USD) - 2015/11/29 11:40:34 ET
Table 'Ate' 6-max Seat #4 is the button
Seat 3: Swe_OlssoN ($112.96 in chips)
Seat 4: Azrarn ($73.64 in chips)
Azrarn: posts small blind $1
Swe_OlssoN: posts big blind $3
*** HOLE CARDS ***
Azrarn: folds
Uncalled bet ($2) returned to Swe_OlssoN
Swe_OlssoN collected $2 from pot
Swe_OlssoN: doesn't show hand
*** SUMMARY ***
Total pot $2 | Rake $0
Seat 3: Swe_OlssoN (big blind) collected ($2)
Seat 4: Azrarn (button) (small blind) folded before Flop


PokerStars Hand #144562691402:  Hold'em Limit ($3/$6 USD) - 2015/11/29 11:40:29 ET
Table 'Ate' 6-max Seat #3 is the button
Seat 3: Swe_OlssoN ($113.96 in chips)
Seat 4: Azrarn ($72.64 in chips)
Swe_OlssoN: posts small blind $1
Azrarn: posts big blind $3
*** HOLE CARDS ***
Swe_OlssoN: folds
Uncalled bet ($2) returned to Azrarn
Azrarn collected $2 from pot
Azrarn: doesn't show hand
*** SUMMARY ***
Total pot $2 | Rake $0
Seat 3: Swe_OlssoN (button) (small blind) folded before Flop
Seat 4: Azrarn (big blind) collected ($2)


PokerStars Hand #144562676254:  Hold'em Limit ($3/$6 USD) - 2015/11/29 11:40:12 ET
Table 'Ate' 6-max Seat #4 is the button
Seat 3: Swe_OlssoN ($105.32 in chips)
Seat 4: Azrarn ($81.64 in chips)
Azrarn: posts small blind $1
Swe_OlssoN: posts big blind $3
*** HOLE CARDS ***
Azrarn: raises $3 to $6
Swe_OlssoN: raises $3 to $9
Azrarn: calls $3
*** FLOP *** [Kc Qc 3c]
Swe_OlssoN: bets $3
Azrarn: folds
Uncalled bet ($3) returned to Swe_OlssoN
Swe_OlssoN collected $17.64 from pot
Swe_OlssoN: doesn't show hand
*** SUMMARY ***
Total pot $18 | Rake $0.36
Board [Kc Qc 3c]
Seat 3: Swe_OlssoN (big blind) collected ($17.64)
Seat 4: Azrarn (button) (small blind) folded on the Flop


PokerStars Hand #144562755684:  Hold'em Limit ($3/$6 USD) - 2015/11/29 11:41:41 ET
Table 'Ate' 6-max Seat #4 is the button
Seat 3: Swe_OlssoN ($91.96 in chips)
Seat 4: Azrarn ($94.14 in chips)
Azrarn: posts small blind $1
Swe_OlssoN: posts big blind $3
*** HOLE CARDS ***
Azrarn: folds
Uncalled bet ($2) returned to Swe_OlssoN
Swe_OlssoN collected $2 from pot
Swe_OlssoN: doesn't show hand
*** SUMMARY ***
Total pot $2 | Rake $0
Seat 3: Swe_OlssoN (big blind) collected ($2)
Seat 4: Azrarn (button) (small blind) folded before Flop


PokerStars Hand #144562751098:  Hold'em Limit ($3/$6 USD) - 2015/11/29 11:41:36 ET
Table 'Ate' 6-max Seat #3 is the button
Seat 3: Swe_OlssoN ($92.96 in chips)
Seat 4: Azrarn ($93.14 in chips)
Swe_OlssoN: posts small blind $1
Azrarn: posts big blind $3
*** HOLE CARDS ***
Swe_OlssoN: folds
Uncalled bet ($2) returned to Azrarn
Azrarn collected $2 from pot
Azrarn: doesn't show hand
*** SUMMARY ***
Total pot $2 | Rake $0
Seat 3: Swe_OlssoN (button) (small blind) folded before Flop
Seat 4: Azrarn (big blind) collected ($2)


PokerStars Hand #144562759954:  Hold'em Limit ($3/$6 USD) - 2015/11/29 11:41:45 ET
Table 'Ate' 6-max Seat #3 is the button
Seat 3: Swe_OlssoN ($92.96 in chips)
Seat 4: Azrarn ($93.14 in chips)
Swe_OlssoN: posts small blind $1
Azrarn: posts big blind $3
*** HOLE CARDS ***
Swe_OlssoN: folds
Uncalled bet ($2) returned to Azrarn
Azrarn collected $2 from pot
Azrarn: doesn't show hand
*** SUMMARY ***
Total pot $2 | Rake $0
Seat 3: Swe_OlssoN (button) (small blind) folded before Flop
Seat 4: Azrarn (big blind) collected ($2)


PokerStars Hand #144562769386:  Hold'em Limit ($3/$6 USD) - 2015/11/29 11:41:56 ET
Table 'Ate' 6-max Seat #3 is the button
Seat 3: Swe_OlssoN ($88.96 in chips)
Seat 4: Azrarn ($97.14 in chips)
Swe_OlssoN: posts small blind $1
Azrarn: posts big blind $3
*** HOLE CARDS ***
Swe_OlssoN: folds
Uncalled bet ($2) returned to Azrarn
Azrarn collected $2 from pot
Azrarn: doesn't show hand
*** SUMMARY ***
Total pot $2 | Rake $0
Seat 3: Swe_OlssoN (button) (small blind) folded before Flop
Seat 4: Azrarn (big blind) collected ($2)


PokerStars Hand #144562763745:  Hold'em Limit ($3/$6 USD) - 2015/11/29 11:41:50 ET
Table 'Ate' 6-max Seat #4 is the button
Seat 3: Swe_OlssoN ($91.96 in chips)
Seat 4: Azrarn ($94.14 in chips)
Azrarn: posts small blind $1
Swe_OlssoN: posts big blind $3
*** HOLE CARDS ***
Azrarn: raises $3 to $6
Swe_OlssoN: folds
Uncalled bet ($3) returned to Azrarn
Azrarn collected $6 from pot
Azrarn: doesn't show hand
*** SUMMARY ***
Total pot $6 | Rake $0
Seat 3: Swe_OlssoN (big blind) folded before Flop
Seat 4: Azrarn (button) (small blind) collected ($6)


PokerStars Hand #144562773979:  Hold'em Limit ($3/$6 USD) - 2015/11/29 11:42:01 ET
Table 'Ate' 6-max Seat #4 is the button
Seat 3: Swe_OlssoN ($87.96 in chips)
Seat 4: Azrarn ($98.14 in chips)
Azrarn: posts small blind $1
Swe_OlssoN: posts big blind $3
*** HOLE CARDS ***
Azrarn: raises $3 to $6
Swe_OlssoN: raises $3 to $9
Azrarn: calls $3
*** FLOP *** [2c 7c 5s]
Swe_OlssoN: bets $3
Azrarn: calls $3
*** TURN *** [2c 7c 5s] [9d]
Swe_OlssoN: bets $6
Azrarn: folds
Uncalled bet ($6) returned to Swe_OlssoN
Swe_OlssoN collected $23.52 from pot
Swe_OlssoN: doesn't show hand
*** SUMMARY ***
Total pot $24 | Rake $0.48
Board [2c 7c 5s 9d]
Seat 3: Swe_OlssoN (big blind) collected ($23.52)
Seat 4: Azrarn (button) (small blind) folded on the Turn


PokerStars Hand #144562745742:  Hold'em Limit ($3/$6 USD) - 2015/11/29 11:41:30 ET
Table 'Ate' 6-max Seat #4 is the button
Seat 3: Swe_OlssoN ($95.96 in chips)
Seat 4: Azrarn ($90.14 in chips)
Azrarn: posts small blind $1
Swe_OlssoN: posts big blind $3
*** HOLE CARDS ***
Azrarn: raises $3 to $6
Swe_OlssoN: folds
Uncalled bet ($3) returned to Azrarn
Azrarn collected $6 from pot
Azrarn: doesn't show hand
*** SUMMARY ***
Total pot $6 | Rake $0
Seat 3: Swe_OlssoN (big blind) folded before Flop
Seat 4: Azrarn (button) (small blind) collected ($6)


PokerStars Hand #144562706687:  Hold'em Limit ($3/$6 USD) - 2015/11/29 11:40:46 ET
Table 'Ate' 6-max Seat #3 is the button
Seat 3: Swe_OlssoN ($113.96 in chips)
Seat 4: Azrarn ($72.64 in chips)
Swe_OlssoN: posts small blind $1
Azrarn: posts big blind $3
*** HOLE CARDS ***
Swe_OlssoN: raises $3 to $6
Azrarn: calls $3
*** FLOP *** [Ts 5h 7s]
Azrarn: checks
Swe_OlssoN: bets $3
Azrarn: raises $3 to $6
Swe_OlssoN: calls $3
*** TURN *** [Ts 5h 7s] [Qs]
Azrarn: checks
Swe_OlssoN: bets $6
Azrarn: calls $6
*** RIVER *** [Ts 5h 7s Qs] [3h]
Azrarn: checks
Swe_OlssoN: checks
*** SHOW DOWN ***
Azrarn: shows [7h Ks] (a pair of Sevens)
Swe_OlssoN: mucks hand
Azrarn collected $35.50 from pot
*** SUMMARY ***
Total pot $36 | Rake $0.50
Board [Ts 5h 7s Qs 3h]
Seat 3: Swe_OlssoN (button) (small blind) mucked
Seat 4: Azrarn (big blind) showed [7h Ks] and won ($35.50) with a pair of Sevens


PokerStars Hand #144562825650:  Hold'em Limit ($3/$6 USD) - 2015/11/29 11:42:59 ET
Table 'Ate' 6-max Seat #4 is the button
Seat 3: Swe_OlssoN ($112.98 in chips)
Seat 4: Azrarn ($78.76 in chips)
Azrarn: posts small blind $1
Swe_OlssoN: posts big blind $3
*** HOLE CARDS ***
Azrarn: raises $3 to $6
Swe_OlssoN: folds
Uncalled bet ($3) returned to Azrarn
Azrarn collected $6 from pot
Azrarn: doesn't show hand
*** SUMMARY ***
Total pot $6 | Rake $0
Seat 3: Swe_OlssoN (big blind) folded before Flop
Seat 4: Azrarn (button) (small blind) collected ($6)


PokerStars Hand #144562788699:  Hold'em Limit ($3/$6 USD) - 2015/11/29 11:42:18 ET
Table 'Ate' 6-max Seat #3 is the button
Seat 3: Swe_OlssoN ($99.48 in chips)
Seat 4: Azrarn ($86.14 in chips)
Swe_OlssoN: posts small blind $1
Azrarn: posts big blind $3
*** HOLE CARDS ***
Swe_OlssoN: raises $3 to $6
Azrarn: calls $3
*** FLOP *** [Jd 5d 6c]
Azrarn: checks
Swe_OlssoN: bets $3
Azrarn: calls $3
*** TURN *** [Jd 5d 6c] [2c]
Azrarn: checks
Swe_OlssoN: bets $6
Azrarn: calls $6
*** RIVER *** [Jd 5d 6c 2c] [Qs]
Azrarn: bets $6
Swe_OlssoN: calls $6
*** SHOW DOWN ***
Azrarn: shows [5h 8s] (a pair of Fives)
Swe_OlssoN: shows [7h 7s] (a pair of Sevens)
Swe_OlssoN collected $41.50 from pot
*** SUMMARY ***
Total pot $42 | Rake $0.50
Board [Jd 5d 6c 2c Qs]
Seat 3: Swe_OlssoN (button) (small blind) showed [7h 7s] and won ($41.50) with a pair of Sevens
Seat 4: Azrarn (big blind) showed [5h 8s] and lost with a pair of Fives


PokerStars Hand #144562808149:  Hold'em Limit ($3/$6 USD) - 2015/11/29 11:42:39 ET
Table 'Ate' 6-max Seat #4 is the button
Seat 3: Swe_OlssoN ($119.98 in chips)
Seat 4: Azrarn ($72 in chips)
Azrarn: posts small blind $1
Swe_OlssoN: posts big blind $3
*** HOLE CARDS ***
Azrarn: raises $3 to $6
Swe_OlssoN: calls $3
*** FLOP *** [Jh As Kh]
Swe_OlssoN: checks
Azrarn: bets $3
Swe_OlssoN: folds
Uncalled bet ($3) returned to Azrarn
Azrarn collected $11.76 from pot
Azrarn: doesn't show hand
*** SUMMARY ***
Total pot $12 | Rake $0.24
Board [Jh As Kh]
Seat 3: Swe_OlssoN (big blind) folded on the Flop
Seat 4: Azrarn (button) (small blind) collected ($11.76)


PokerStars Hand #144562820970:  Hold'em Limit ($3/$6 USD) - 2015/11/29 11:42:54 ET
Table 'Ate' 6-max Seat #3 is the button
Seat 3: Swe_OlssoN ($113.98 in chips)
Seat 4: Azrarn ($77.76 in chips)
Swe_OlssoN: posts small blind $1
Azrarn: posts big blind $3
*** HOLE CARDS ***
Swe_OlssoN: folds
Uncalled bet ($2) returned to Azrarn
Azrarn collected $2 from pot
Azrarn: doesn't show hand
*** SUMMARY ***
Total pot $2 | Rake $0
Seat 3: Swe_OlssoN (button) (small blind) folded before Flop
Seat 4: Azrarn (big blind) collected ($2)


PokerStars Hand #144562832999:  Hold'em Limit ($3/$6 USD) - 2015/11/29 11:43:07 ET
Table 'Ate' 6-max Seat #3 is the button
Seat 3: Swe_OlssoN ($109.98 in chips)
Seat 4: Azrarn ($81.76 in chips)
Swe_OlssoN: posts small blind $1
Azrarn: posts big blind $3
*** HOLE CARDS ***
Swe_OlssoN: raises $3 to $6
Azrarn: calls $3
*** FLOP *** [Jc 3h 2h]
Azrarn: checks
Swe_OlssoN: bets $3
Azrarn: raises $3 to $6
Swe_OlssoN: calls $3
*** TURN *** [Jc 3h 2h] [Jd]
Azrarn: bets $6
Swe_OlssoN: calls $6
*** RIVER *** [Jc 3h 2h Jd] [2s]
Azrarn: bets $6
Swe_OlssoN: calls $6
*** SHOW DOWN ***
Azrarn: shows [Js Kd] (a full house, Jacks full of Deuces)
Swe_OlssoN: mucks hand
Azrarn collected $47.50 from pot
*** SUMMARY ***
Total pot $48 | Rake $0.50
Board [Jc 3h 2h Jd 2s]
Seat 3: Swe_OlssoN (button) (small blind) mucked
Seat 4: Azrarn (big blind) showed [Js Kd] and won ($47.50) with a full house, Jacks full of Deuces


PokerStars Hand #144562886765:  Hold'em Limit ($3/$6 USD) - 2015/11/29 11:44:07 ET
Table 'Ate' 6-max Seat #4 is the button
Seat 3: Swe_OlssoN ($75.98 in chips)
Seat 4: Azrarn ($114.90 in chips)
Azrarn: posts small blind $1
Swe_OlssoN: posts big blind $3
*** HOLE CARDS ***
Azrarn: raises $3 to $6
Swe_OlssoN: calls $3
*** FLOP *** [8s Ts 2h]
Swe_OlssoN: checks
Azrarn: bets $3
Swe_OlssoN: folds
Uncalled bet ($3) returned to Azrarn
Azrarn collected $11.76 from pot
Azrarn: doesn't show hand
*** SUMMARY ***
Total pot $12 | Rake $0.24
Board [8s Ts 2h]
Seat 3: Swe_OlssoN (big blind) folded on the Flop
Seat 4: Azrarn (button) (small blind) collected ($11.76)


PokerStars Hand #144562853790:  Hold'em Limit ($3/$6 USD) - 2015/11/29 11:43:30 ET
Table 'Ate' 6-max Seat #4 is the button
Seat 3: Swe_OlssoN ($85.98 in chips)
Seat 4: Azrarn ($105.26 in chips)
Azrarn: posts small blind $1
Swe_OlssoN: posts big blind $3
*** HOLE CARDS ***
Azrarn: raises $3 to $6
Swe_OlssoN: calls $3
*** FLOP *** [As Th 3c]
Swe_OlssoN: checks
Azrarn: bets $3
Swe_OlssoN: calls $3
*** TURN *** [As Th 3c] [8h]
Swe_OlssoN: checks
Azrarn: checks
*** RIVER *** [As Th 3c 8h] [9d]
Swe_OlssoN: checks
Azrarn: bets $6
Swe_OlssoN: folds
Uncalled bet ($6) returned to Azrarn
Azrarn collected $17.64 from pot
Azrarn: doesn't show hand
*** SUMMARY ***
Total pot $18 | Rake $0.36
Board [As Th 3c 8h 9d]
Seat 3: Swe_OlssoN (big blind) folded on the River
Seat 4: Azrarn (button) (small blind) collected ($17.64)


PokerStars Hand #144562899234:  Hold'em Limit ($3/$6 USD) - 2015/11/29 11:44:21 ET
Table 'Ate' 6-max Seat #3 is the button
Seat 3: Swe_OlssoN ($69.98 in chips)
Seat 4: Azrarn ($120.66 in chips)
Swe_OlssoN: posts small blind $1
Azrarn: posts big blind $3
*** HOLE CARDS ***
Swe_OlssoN: raises $3 to $6
Azrarn: calls $3
*** FLOP *** [Qs 3c Jd]
Azrarn: checks
Swe_OlssoN: bets $3
Azrarn: folds
Uncalled bet ($3) returned to Swe_OlssoN
Swe_OlssoN collected $11.76 from pot
Swe_OlssoN: doesn't show hand
*** SUMMARY ***
Total pot $12 | Rake $0.24
Board [Qs 3c Jd]
Seat 3: Swe_OlssoN (button) (small blind) collected ($11.76)
Seat 4: Azrarn (big blind) folded on the Flop


PokerStars Hand #144562911030:  Hold'em Limit ($3/$6 USD) - 2015/11/29 11:44:34 ET
Table 'Ate' 6-max Seat #4 is the button
Seat 3: Swe_OlssoN ($75.74 in chips)
Seat 4: Azrarn ($114.66 in chips)
Azrarn: posts small blind $1
Swe_OlssoN: posts big blind $3
*** HOLE CARDS ***
Azrarn: raises $3 to $6
Swe_OlssoN: folds
Uncalled bet ($3) returned to Azrarn
Azrarn collected $6 from pot
Azrarn: doesn't show hand
*** SUMMARY ***
Total pot $6 | Rake $0
Seat 3: Swe_OlssoN (big blind) folded before Flop
Seat 4: Azrarn (button) (small blind) collected ($6)


PokerStars Hand #144562920387:  Hold'em Limit ($3/$6 USD) - 2015/11/29 11:44:45 ET
Table 'Ate' 6-max Seat #3 is the button
Seat 3: Swe_OlssoN ($72.74 in chips)
Seat 4: Azrarn ($117.66 in chips)
Swe_OlssoN: posts small blind $1
Azrarn: posts big blind $3
*** HOLE CARDS ***
Swe_OlssoN: folds
Uncalled bet ($2) returned to Azrarn
Azrarn collected $2 from pot
Azrarn: doesn't show hand
*** SUMMARY ***
Total pot $2 | Rake $0
Seat 3: Swe_OlssoN (button) (small blind) folded before Flop
Seat 4: Azrarn (big blind) collected ($2)


PokerStars Hand #144562924861:  Hold'em Limit ($3/$6 USD) - 2015/11/29 11:44:50 ET
Table 'Ate' 6-max Seat #4 is the button
Seat 3: Swe_OlssoN ($71.74 in chips)
Seat 4: Azrarn ($118.66 in chips)
Azrarn: posts small blind $1
Swe_OlssoN: posts big blind $3
*** HOLE CARDS ***
Azrarn: raises $3 to $6
Swe_OlssoN: raises $3 to $9
Azrarn: calls $3
*** FLOP *** [Ac 3c Ks]
Swe_OlssoN: bets $3
Azrarn: folds
Uncalled bet ($3) returned to Swe_OlssoN
Swe_OlssoN collected $17.64 from pot
Swe_OlssoN: doesn't show hand
*** SUMMARY ***
Total pot $18 | Rake $0.36
Board [Ac 3c Ks]
Seat 3: Swe_OlssoN (big blind) collected ($17.64)
Seat 4: Azrarn (button) (small blind) folded on the Flop


PokerStars Hand #144562943196:  Hold'em Limit ($3/$6 USD) - 2015/11/29 11:45:10 ET
Table 'Ate' 6-max Seat #4 is the button
Seat 3: Swe_OlssoN ($79.38 in chips)
Seat 4: Azrarn ($110.66 in chips)
Azrarn: posts small blind $1
Swe_OlssoN: posts big blind $3
*** HOLE CARDS ***
Azrarn: raises $3 to $6
Swe_OlssoN: folds
Uncalled bet ($3) returned to Azrarn
Azrarn collected $6 from pot
Azrarn: doesn't show hand
*** SUMMARY ***
Total pot $6 | Rake $0
Seat 3: Swe_OlssoN (big blind) folded before Flop
Seat 4: Azrarn (button) (small blind) collected ($6)


PokerStars Hand #144562938973:  Hold'em Limit ($3/$6 USD) - 2015/11/29 11:45:05 ET
Table 'Ate' 6-max Seat #3 is the button
Seat 3: Swe_OlssoN ($80.38 in chips)
Seat 4: Azrarn ($109.66 in chips)
Swe_OlssoN: posts small blind $1
Azrarn: posts big blind $3
*** HOLE CARDS ***
Swe_OlssoN: folds
Uncalled bet ($2) returned to Azrarn
Azrarn collected $2 from pot
Azrarn: doesn't show hand
*** SUMMARY ***
Total pot $2 | Rake $0
Seat 3: Swe_OlssoN (button) (small blind) folded before Flop
Seat 4: Azrarn (big blind) collected ($2)


PokerStars Hand #144562987293:  Hold'em Limit ($3/$6 USD) - 2015/11/29 11:45:59 ET
Table 'Ate' 6-max Seat #4 is the button
Seat 3: Swe_OlssoN ($61.38 in chips)
Seat 4: Azrarn ($128.16 in chips)
Azrarn: posts small blind $1
Swe_OlssoN: posts big blind $3
*** HOLE CARDS ***
Azrarn: raises $3 to $6
Swe_OlssoN: calls $3
*** FLOP *** [8h Ah 4d]
Swe_OlssoN: checks
Azrarn: bets $3
Swe_OlssoN: folds
Uncalled bet ($3) returned to Azrarn
Azrarn collected $11.76 from pot
Azrarn: doesn't show hand
*** SUMMARY ***
Total pot $12 | Rake $0.24
Board [8h Ah 4d]
Seat 3: Swe_OlssoN (big blind) folded on the Flop
Seat 4: Azrarn (button) (small blind) collected ($11.76)


PokerStars Hand #144562948683:  Hold'em Limit ($3/$6 USD) - 2015/11/29 11:45:16 ET
Table 'Ate' 6-max Seat #3 is the button
Seat 3: Swe_OlssoN ($76.38 in chips)
Seat 4: Azrarn ($113.66 in chips)
Swe_OlssoN: posts small blind $1
Azrarn: posts big blind $3
*** HOLE CARDS ***
Swe_OlssoN: raises $3 to $6
Azrarn: calls $3
*** FLOP *** [Jc 6s 7h]
Azrarn: checks
Swe_OlssoN: bets $3
Azrarn: calls $3
*** TURN *** [Jc 6s 7h] [8s]
Azrarn: checks
Swe_OlssoN: bets $6
Azrarn: calls $6
*** RIVER *** [Jc 6s 7h 8s] [Ts]
Azrarn: checks
Swe_OlssoN: checks
*** SHOW DOWN ***
Azrarn: shows [5s 8d] (a pair of Eights)
Swe_OlssoN: mucks hand
Azrarn collected $29.50 from pot
*** SUMMARY ***
Total pot $30 | Rake $0.50
Board [Jc 6s 7h 8s Ts]
Seat 3: Swe_OlssoN (button) (small blind) mucked
Seat 4: Azrarn (big blind) showed [5s 8d] and won ($29.50) with a pair of Eights


PokerStars Hand #144562971389:  Hold'em Limit ($3/$6 USD) - 2015/11/29 11:45:41 ET
Table 'Ate' 6-max Seat #3 is the button
Seat 3: Swe_OlssoN ($62.38 in chips)
Seat 4: Azrarn ($127.16 in chips)
Swe_OlssoN: posts small blind $1
Azrarn: posts big blind $3
*** HOLE CARDS ***
Swe_OlssoN: folds
Uncalled bet ($2) returned to Azrarn
Azrarn collected $2 from pot
Azrarn: doesn't show hand
*** SUMMARY ***
Total pot $2 | Rake $0
Seat 3: Swe_OlssoN (button) (small blind) folded before Flop
Seat 4: Azrarn (big blind) collected ($2)


PokerStars Hand #144562967400:  Hold'em Limit ($3/$6 USD) - 2015/11/29 11:45:37 ET
Table 'Ate' 6-max Seat #4 is the button
Seat 3: Swe_OlssoN ($61.38 in chips)
Seat 4: Azrarn ($128.16 in chips)
Azrarn: posts small blind $1
Swe_OlssoN: posts big blind $3
*** HOLE CARDS ***
Azrarn: folds
Uncalled bet ($2) returned to Swe_OlssoN
Swe_OlssoN collected $2 from pot
Swe_OlssoN: doesn't show hand
*** SUMMARY ***
Total pot $2 | Rake $0
Seat 3: Swe_OlssoN (big blind) collected ($2)
Seat 4: Azrarn (button) (small blind) folded before Flop


PokerStars Hand #144562975823:  Hold'em Limit ($3/$6 USD) - 2015/11/29 11:45:46 ET
Table 'Ate' 6-max Seat #4 is the button
Seat 3: Swe_OlssoN ($61.38 in chips)
Seat 4: Azrarn ($128.16 in chips)
Azrarn: posts small blind $1
Swe_OlssoN: posts big blind $3
*** HOLE CARDS ***
Azrarn: raises $3 to $6
Swe_OlssoN: folds
Uncalled bet ($3) returned to Azrarn
Azrarn collected $6 from pot
Azrarn: doesn't show hand
*** SUMMARY ***
Total pot $6 | Rake $0
Seat 3: Swe_OlssoN (big blind) folded before Flop
Seat 4: Azrarn (button) (small blind) collected ($6)


PokerStars Hand #144562981455:  Hold'em Limit ($3/$6 USD) - 2015/11/29 11:45:52 ET
Table 'Ate' 6-max Seat #3 is the button
Seat 3: Swe_OlssoN ($58.38 in chips)
Seat 4: Azrarn ($131.16 in chips)
Swe_OlssoN: posts small blind $1
Azrarn: posts big blind $3
*** HOLE CARDS ***
Swe_OlssoN: raises $3 to $6
Azrarn: folds
Uncalled bet ($3) returned to Swe_OlssoN
Swe_OlssoN collected $6 from pot
Swe_OlssoN: doesn't show hand
*** SUMMARY ***
Total pot $6 | Rake $0
Seat 3: Swe_OlssoN (button) (small blind) collected ($6)
Seat 4: Azrarn (big blind) folded before Flop


PokerStars Hand #144563001347:  Hold'em Limit ($3/$6 USD) - 2015/11/29 11:46:14 ET
Table 'Ate' 6-max Seat #3 is the button
Seat 3: Swe_OlssoN ($55.38 in chips)
Seat 4: Azrarn ($133.92 in chips)
Swe_OlssoN: posts small blind $1
Azrarn: posts big blind $3
*** HOLE CARDS ***
Swe_OlssoN: raises $3 to $6
Azrarn: calls $3
*** FLOP *** [5d 8h 7d]
Azrarn: checks
Swe_OlssoN: bets $3
Azrarn: calls $3
*** TURN *** [5d 8h 7d] [Qh]
Azrarn: checks
Swe_OlssoN: bets $6
Azrarn: calls $6
*** RIVER *** [5d 8h 7d Qh] [5s]
Azrarn: checks
Swe_OlssoN: bets $6
Azrarn: raises $6 to $12
Swe_OlssoN: calls $6
*** SHOW DOWN ***
Azrarn: shows [5h 6s] (three of a kind, Fives)
Swe_OlssoN: mucks hand
Azrarn collected $53.50 from pot
*** SUMMARY ***
Total pot $54 | Rake $0.50
Board [5d 8h 7d Qh 5s]
Seat 3: Swe_OlssoN (button) (small blind) mucked
Seat 4: Azrarn (big blind) showed [5h 6s] and won ($53.50) with three of a kind, Fives


PokerStars Hand #144563052751:  Hold'em Limit ($3/$6 USD) - 2015/11/29 11:47:11 ET
Table 'Ate' 6-max Seat #3 is the button
Seat 3: Swe_OlssoN ($7.38 in chips)
Seat 4: Azrarn ($180.92 in chips)
Swe_OlssoN: posts small blind $1
Azrarn: posts big blind $3
*** HOLE CARDS ***
Swe_OlssoN: raises $3 to $6
Azrarn: raises $3 to $9
Swe_OlssoN: calls $1.38 and is all-in
Uncalled bet ($1.62) returned to Azrarn
*** FLOP *** [4h 8d Qc]
*** TURN *** [4h 8d Qc] [7h]
*** RIVER *** [4h 8d Qc 7h] [Ah]
*** SHOW DOWN ***
Azrarn: shows [Qd Ac] (two pair, Aces and Queens)
Swe_OlssoN: shows [As Qs] (two pair, Aces and Queens)
Azrarn collected $7.23 from pot
Swe_OlssoN collected $7.23 from pot
*** SUMMARY ***
Total pot $14.76 | Rake $0.30
Board [4h 8d Qc 7h Ah]
Seat 3: Swe_OlssoN (button) (small blind) showed [As Qs] and won ($7.23) with two pair, Aces and Queens
Seat 4: Azrarn (big blind) showed [Qd Ac] and won ($7.23) with two pair, Aces and Queens


PokerStars Hand #144563032574:  Hold'em Limit ($3/$6 USD) - 2015/11/29 11:46:49 ET
Table 'Ate' 6-max Seat #4 is the button
Seat 3: Swe_OlssoN ($28.38 in chips)
Seat 4: Azrarn ($160.42 in chips)
Azrarn: posts small blind $1
Swe_OlssoN: posts big blind $3
*** HOLE CARDS ***
Swe_OlssoN said, ".."
Azrarn: raises $3 to $6
Swe_OlssoN: calls $3
*** FLOP *** [5d 5s Qc]
Swe_OlssoN: bets $3
Azrarn said, ":X"
Azrarn: calls $3
*** TURN *** [5d 5s Qc] [7c]
Swe_OlssoN: bets $6
Azrarn: calls $6
*** RIVER *** [5d 5s Qc 7c] [Ah]
Swe_OlssoN: checks
Azrarn: bets $6
Swe_OlssoN: calls $6
*** SHOW DOWN ***
Azrarn: shows [Ks Kd] (two pair, Kings and Fives)
Swe_OlssoN: mucks hand
Azrarn collected $41.50 from pot
*** SUMMARY ***
Total pot $42 | Rake $0.50
Board [5d 5s Qc 7c Ah]
Seat 3: Swe_OlssoN (big blind) mucked
Seat 4: Azrarn (button) (small blind) showed [Ks Kd] and won ($41.50) with two pair, Kings and Fives


PokerStars Hand #144563073000:  Hold'em Limit ($3/$6 USD) - 2015/11/29 11:47:34 ET
Table 'Ate' 6-max Seat #3 is the button
Seat 3: Swe_OlssoN ($8.23 in chips)
Seat 4: Azrarn ($179.77 in chips)
Swe_OlssoN: posts small blind $1
Azrarn: posts big blind $3
*** HOLE CARDS ***
Swe_OlssoN: raises $3 to $6
Azrarn: raises $3 to $9
Swe_OlssoN: calls $2.23 and is all-in
Uncalled bet ($0.77) returned to Azrarn
*** FLOP *** [3d 6c Ah]
*** TURN *** [3d 6c Ah] [Jd]
*** RIVER *** [3d 6c Ah Jd] [Th]
*** SHOW DOWN ***
Azrarn: shows [Ad Jc] (two pair, Aces and Jacks)
Swe_OlssoN: shows [9d 8c] (high card Ace)
Azrarn collected $16.13 from pot
*** SUMMARY ***
Total pot $16.46 | Rake $0.33
Board [3d 6c Ah Jd Th]
Seat 3: Swe_OlssoN (button) (small blind) showed [9d 8c] and lost with high card Ace
Seat 4: Azrarn (big blind) showed [Ad Jc] and won ($16.13) with two pair, Aces and Jacks


PokerStars Hand #144564960589:  Hold'em Limit ($3/$6 USD) - 2015/11/29 12:22:41 ET
Table 'Ate' 6-max Seat #3 is the button
Seat 3: SashaYuvelir ($73 in chips)
Seat 4: Gesystar ($119 in chips)
SashaYuvelir: posts small blind $1
Gesystar: posts big blind $3
*** HOLE CARDS ***
SashaYuvelir: raises $3 to $6
Gesystar: calls $3
*** FLOP *** [Jd 8d Qs]
Gesystar: checks
SashaYuvelir: bets $3
Gesystar: calls $3
*** TURN *** [Jd 8d Qs] [9d]
LukaSteel joins the table at seat #5
Gesystar: checks
SashaYuvelir: bets $6
Gesystar: calls $6
*** RIVER *** [Jd 8d Qs 9d] [2c]
Gesystar: checks
SashaYuvelir: checks
*** SHOW DOWN ***
Gesystar: shows [Kh 8h] (a pair of Eights)
SashaYuvelir: shows [4s 9h] (a pair of Nines)
SashaYuvelir collected $29.50 from pot
*** SUMMARY ***
Total pot $30 | Rake $0.50
Board [Jd 8d Qs 9d 2c]
Seat 3: SashaYuvelir (button) (small blind) showed [4s 9h] and won ($29.50) with a pair of Nines
Seat 4: Gesystar (big blind) showed [Kh 8h] and lost with a pair of Eights


