PokerStars Hand #173483319027:  Hold'em Limit ($3/$6 USD) - 2017/07/25 6:56:59 ET
Table 'Ate' 6-max Seat #3 is the button
Seat 3: Mili2332 ($30 in chips)
Seat 4: VolkovDmitri ($120 in chips)
Mili2332: posts small blind $1
VolkovDmitri: posts big blind $3
*** HOLE CARDS ***
Mili2332: folds
Uncalled bet ($2) returned to VolkovDmitri
VolkovDmitri collected $2 from pot
VolkovDmitri: doesn't show hand
*** SUMMARY ***
Total pot $2 | Rake $0
Seat 3: Mili2332 (button) (small blind) folded before Flop
Seat 4: VolkovDmitri (big blind) collected ($2)


PokerStars Hand #173483335470:  Hold'em Limit ($3/$6 USD) - 2017/07/25 6:57:46 ET
Table 'Ate' 6-max Seat #3 is the button
Seat 3: Mili2332 ($11 in chips)
Seat 4: VolkovDmitri ($138.40 in chips)
Mili2332: posts small blind $1
VolkovDmitri: posts big blind $3
*** HOLE CARDS ***
Mili2332: raises $3 to $6
VolkovDmitri: raises $3 to $9
Mili2332: raises $2 to $11 and is all-in
Betting is capped
VolkovDmitri: calls $2
*** FLOP *** [Th 8s Kh]
*** TURN *** [Th 8s Kh] [Jd]
*** RIVER *** [Th 8s Kh Jd] [5d]
*** SHOW DOWN ***
VolkovDmitri: shows [Ts 9s] (a pair of Tens)
Mili2332: shows [4d Td] (a pair of Tens - lower kicker)
Mili2332 leaves the table
VolkovDmitri collected $21.56 from pot
*** SUMMARY ***
Total pot $22 | Rake $0.44
Board [Th 8s Kh Jd 5d]
Seat 3: Mili2332 (button) (small blind) showed [4d Td] and lost with a pair of Tens
Seat 4: VolkovDmitri (big blind) showed [Ts 9s] and won ($21.56) with a pair of Tens


PokerStars Hand #173483323808:  Hold'em Limit ($3/$6 USD) - 2017/07/25 6:57:13 ET
Table 'Ate' 6-max Seat #3 is the button
Seat 3: Mili2332 ($26 in chips)
Seat 4: VolkovDmitri ($124 in chips)
Mili2332: posts small blind $1
VolkovDmitri: posts big blind $3
*** HOLE CARDS ***
Mili2332: calls $2
VolkovDmitri: raises $3 to $6
Mili2332: calls $3
*** FLOP *** [8s Kh 7s]
VolkovDmitri: bets $3
Mili2332: calls $3
*** TURN *** [8s Kh 7s] [3d]
VolkovDmitri: bets $6
Mili2332: folds
Uncalled bet ($6) returned to VolkovDmitri
VolkovDmitri collected $17.64 from pot
VolkovDmitri: doesn't show hand
*** SUMMARY ***
Total pot $18 | Rake $0.36
Board [8s Kh 7s 3d]
Seat 3: Mili2332 (button) (small blind) folded on the Turn
Seat 4: VolkovDmitri (big blind) collected ($17.64)


PokerStars Hand #173483330907:  Hold'em Limit ($3/$6 USD) - 2017/07/25 6:57:33 ET
Table 'Ate' 6-max Seat #4 is the button
Seat 3: Mili2332 ($17 in chips)
Seat 4: VolkovDmitri ($132.64 in chips)
VolkovDmitri: posts small blind $1
Mili2332: posts big blind $3
*** HOLE CARDS ***
VolkovDmitri: raises $3 to $6
Mili2332: calls $3
*** FLOP *** [4d 4s Th]
Mili2332: checks
VolkovDmitri: bets $3
Mili2332: folds
Uncalled bet ($3) returned to VolkovDmitri
VolkovDmitri collected $11.76 from pot
VolkovDmitri: doesn't show hand
*** SUMMARY ***
Total pot $12 | Rake $0.24
Board [4d 4s Th]
Seat 3: Mili2332 (big blind) folded on the Flop
Seat 4: VolkovDmitri (button) (small blind) collected ($11.76)


PokerStars Hand #173483321722:  Hold'em Limit ($3/$6 USD) - 2017/07/25 6:57:07 ET
Table 'Ate' 6-max Seat #4 is the button
Seat 3: Mili2332 ($29 in chips)
Seat 4: VolkovDmitri ($121 in chips)
VolkovDmitri: posts small blind $1
Mili2332: posts big blind $3
*** HOLE CARDS ***
VolkovDmitri: raises $3 to $6
Mili2332: folds
Uncalled bet ($3) returned to VolkovDmitri
VolkovDmitri collected $6 from pot
VolkovDmitri: doesn't show hand
*** SUMMARY ***
Total pot $6 | Rake $0
Seat 3: Mili2332 (big blind) folded before Flop
Seat 4: VolkovDmitri (button) (small blind) collected ($6)


PokerStars Hand #173484978214:  Hold'em Limit ($3/$6 USD) - 2017/07/25 8:03:16 ET
Table 'Ate' 6-max Seat #4 is the button
Seat 3: Kosova1968 ($120 in chips)
Seat 4: VolkovDmitri ($148.96 in chips)
VolkovDmitri: posts small blind $1
Kosova1968: posts big blind $3
*** HOLE CARDS ***
VolkovDmitri: raises $3 to $6
Kosova1968: calls $3
*** FLOP *** [8h 7h 7s]
Kosova1968: checks
VolkovDmitri: bets $3
zsomz joins the table at seat #5
Kosova1968: raises $3 to $6
VolkovDmitri: folds
Uncalled bet ($3) returned to Kosova1968
Kosova1968 collected $17.64 from pot
*** SUMMARY ***
Total pot $18 | Rake $0.36
Board [8h 7h 7s]
Seat 3: Kosova1968 (big blind) collected ($17.64)
Seat 4: VolkovDmitri (button) (small blind) folded on the Flop


PokerStars Hand #173484985936:  Hold'em Limit ($3/$6 USD) - 2017/07/25 8:03:33 ET
Table 'Ate' 6-max Seat #3 is the button
Seat 3: Kosova1968 ($128.64 in chips)
Seat 4: VolkovDmitri ($139.96 in chips)
Kosova1968: posts small blind $1
VolkovDmitri: posts big blind $3
*** HOLE CARDS ***
Kosova1968: raises $3 to $6
zsomz leaves the table
VolkovDmitri: raises $3 to $9
Kosova1968: calls $3
*** FLOP *** [2c 4h 4s]
Fantomet joins the table at seat #6
VolkovDmitri: bets $3
Kosova1968: calls $3
*** TURN *** [2c 4h 4s] [5s]
VolkovDmitri: bets $6
Kosova1968: calls $6
*** RIVER *** [2c 4h 4s 5s] [6s]
VolkovDmitri: checks
Kosova1968: bets $6
VolkovDmitri: calls $6
*** SHOW DOWN ***
Kosova1968: shows [Js As] (a flush, Ace high)
VolkovDmitri: mucks hand
Kosova1968 collected $47.50 from pot
*** SUMMARY ***
Total pot $48 | Rake $0.50
Board [2c 4h 4s 5s 6s]
Seat 3: Kosova1968 (button) (small blind) showed [Js As] and won ($47.50) with a flush, Ace high
Seat 4: VolkovDmitri (big blind) mucked


PokerStars Hand #173486452171:  Hold'em Limit ($3/$6 USD) - 2017/07/25 8:55:48 ET
Table 'Ate' 6-max Seat #3 is the button
Seat 3: Kosova1968 ($51.03 in chips)
Seat 5: scorpio04 ($184.11 in chips)
Kosova1968: posts small blind $1
TbIP-TbIP 88: is sitting out
scorpio04: posts big blind $3
*** HOLE CARDS ***
Kosova1968: raises $3 to $6
scorpio04: folds
Uncalled bet ($3) returned to Kosova1968
Kosova1968 collected $6 from pot
*** SUMMARY ***
Total pot $6 | Rake $0
Seat 3: Kosova1968 (button) (small blind) collected ($6)
Seat 5: scorpio04 (big blind) folded before Flop


