PokerStars Hand #145519539819:  Hold'em Limit ($3/$6 USD) - 2015/12/18 3:32:22 ET
Table 'Ate' 2-max Seat #2 is the button
Seat 1: Rus29APX ($113 in chips)
Seat 2: yirkape ($44.80 in chips)
yirkape: posts small blind $1
Rus29APX: posts big blind $3
*** HOLE CARDS ***
yirkape: raises $3 to $6
Rus29APX: folds
Uncalled bet ($3) returned to yirkape
yirkape collected $6 from pot
yirkape: doesn't show hand
*** SUMMARY ***
Total pot $6 | Rake $0
Seat 1: Rus29APX (big blind) folded before Flop
Seat 2: yirkape (button) (small blind) collected ($6)


PokerStars Hand #145519537953:  Hold'em Limit ($3/$6 USD) - 2015/12/18 3:32:16 ET
Table 'Ate' 2-max Seat #1 is the button
Seat 1: Rus29APX ($114 in chips)
Seat 2: yirkape ($43.80 in chips)
Rus29APX: posts small blind $1
yirkape: posts big blind $3
*** HOLE CARDS ***
Rus29APX: folds
Uncalled bet ($2) returned to yirkape
yirkape collected $2 from pot
*** SUMMARY ***
Total pot $2 | Rake $0
Seat 1: Rus29APX (button) (small blind) folded before Flop
Seat 2: yirkape (big blind) collected ($2)


PokerStars Hand #145519542263:  Hold'em Limit ($3/$6 USD) - 2015/12/18 3:32:30 ET
Table 'Ate' 2-max Seat #1 is the button
Seat 1: Rus29APX ($110 in chips)
Seat 2: yirkape ($47.80 in chips)
Rus29APX: posts small blind $1
yirkape: posts big blind $3
*** HOLE CARDS ***
Rus29APX: raises $3 to $6
yirkape: calls $3
*** FLOP *** [7s Qs 4c]
yirkape: checks
Rus29APX: bets $3
yirkape: calls $3
*** TURN *** [7s Qs 4c] [Kh]
yirkape: checks
Rus29APX: checks
*** RIVER *** [7s Qs 4c Kh] [4s]
yirkape: bets $6
Rus29APX: calls $6
*** SHOW DOWN ***
yirkape: shows [Ks 5d] (two pair, Kings and Fours)
Rus29APX: mucks hand
yirkape collected $29.50 from pot
*** SUMMARY ***
Total pot $30 | Rake $0.50
Board [7s Qs 4c Kh 4s]
Seat 1: Rus29APX (button) (small blind) mucked
Seat 2: yirkape (big blind) showed [Ks 5d] and won ($29.50) with two pair, Kings and Fours


PokerStars Hand #145519547319:  Hold'em Limit ($3/$6 USD) - 2015/12/18 3:32:45 ET
Table 'Ate' 2-max Seat #2 is the button
Seat 1: Rus29APX ($95 in chips)
Seat 2: yirkape ($62.30 in chips)
yirkape: posts small blind $1
Rus29APX: posts big blind $3
*** HOLE CARDS ***
yirkape: calls $2
Rus29APX: checks
*** FLOP *** [Tc 9s 5h]
Rus29APX: bets $3
yirkape: calls $3
*** TURN *** [Tc 9s 5h] [Qs]
Rus29APX: bets $6
yirkape: calls $6
*** RIVER *** [Tc 9s 5h Qs] [As]
Rus29APX: checks
yirkape: checks
*** SHOW DOWN ***
Rus29APX: shows [2s Td] (a pair of Tens)
yirkape: mucks hand
Rus29APX collected $23.52 from pot
*** SUMMARY ***
Total pot $24 | Rake $0.48
Board [Tc 9s 5h Qs As]
Seat 1: Rus29APX (big blind) showed [2s Td] and won ($23.52) with a pair of Tens
Seat 2: yirkape (button) (small blind) mucked


PokerStars Hand #145519558698:  Hold'em Limit ($3/$6 USD) - 2015/12/18 3:33:21 ET
Table 'Ate' 2-max Seat #1 is the button
Seat 1: Rus29APX ($113.28 in chips)
Seat 2: yirkape ($43.30 in chips)
Rus29APX: posts small blind $1
yirkape: posts big blind $3
*** HOLE CARDS ***
Rus29APX: raises $3 to $6
yirkape: calls $3
*** FLOP *** [Jc Ac 9s]
yirkape: bets $3
Rus29APX: raises $3 to $6
yirkape: calls $3
*** TURN *** [Jc Ac 9s] [Td]
yirkape: checks
Rus29APX: checks
*** RIVER *** [Jc Ac 9s Td] [Ah]
yirkape: checks
Rus29APX: checks
*** SHOW DOWN ***
yirkape: shows [9d 8d] (two pair, Aces and Nines)
Rus29APX: mucks hand
yirkape collected $23.52 from pot
*** SUMMARY ***
Total pot $24 | Rake $0.48
Board [Jc Ac 9s Td Ah]
Seat 1: Rus29APX (button) (small blind) mucked
Seat 2: yirkape (big blind) showed [9d 8d] and won ($23.52) with two pair, Aces and Nines


PokerStars Hand #145519564184:  Hold'em Limit ($3/$6 USD) - 2015/12/18 3:33:38 ET
Table 'Ate' 2-max Seat #2 is the button
Seat 1: Rus29APX ($101.28 in chips)
Seat 2: yirkape ($54.82 in chips)
yirkape: posts small blind $1
Rus29APX: posts big blind $3
*** HOLE CARDS ***
yirkape: raises $3 to $6
Rus29APX: raises $3 to $9
yirkape: raises $3 to $12
Betting is capped
Rus29APX: calls $3
*** FLOP *** [As Jh 2h]
Rus29APX: checks
yirkape: checks
*** TURN *** [As Jh 2h] [4h]
Rus29APX: bets $6
yirkape: raises $6 to $12
Rus29APX: calls $6
*** RIVER *** [As Jh 2h 4h] [7h]
Rus29APX: checks
yirkape: bets $6
Rus29APX: folds
Uncalled bet ($6) returned to yirkape
yirkape collected $47.50 from pot
yirkape: doesn't show hand
*** SUMMARY ***
Total pot $48 | Rake $0.50
Board [As Jh 2h 4h 7h]
Seat 1: Rus29APX (big blind) folded on the River
Seat 2: yirkape (button) (small blind) collected ($47.50)


PokerStars Hand #145519557388:  Hold'em Limit ($3/$6 USD) - 2015/12/18 3:33:16 ET
Table 'Ate' 2-max Seat #2 is the button
Seat 1: Rus29APX ($112.28 in chips)
Seat 2: yirkape ($44.30 in chips)
yirkape: posts small blind $1
Rus29APX: posts big blind $3
*** HOLE CARDS ***
yirkape: folds
Uncalled bet ($2) returned to Rus29APX
Rus29APX collected $2 from pot
Rus29APX: doesn't show hand
*** SUMMARY ***
Total pot $2 | Rake $0
Seat 1: Rus29APX (big blind) collected ($2)
Seat 2: yirkape (button) (small blind) folded before Flop


PokerStars Hand #145519552496:  Hold'em Limit ($3/$6 USD) - 2015/12/18 3:33:02 ET
Table 'Ate' 2-max Seat #1 is the button
Seat 1: Rus29APX ($106.52 in chips)
Seat 2: yirkape ($50.30 in chips)
Rus29APX: posts small blind $1
yirkape: posts big blind $3
*** HOLE CARDS ***
Rus29APX: raises $3 to $6
yirkape: calls $3
*** FLOP *** [Qs Kc As]
yirkape: checks
Rus29APX: checks
*** TURN *** [Qs Kc As] [4d]
yirkape: checks
Rus29APX: bets $6
yirkape: folds
Uncalled bet ($6) returned to Rus29APX
Rus29APX collected $11.76 from pot
Rus29APX: doesn't show hand
*** SUMMARY ***
Total pot $12 | Rake $0.24
Board [Qs Kc As 4d]
Seat 1: Rus29APX (button) (small blind) collected ($11.76)
Seat 2: yirkape (big blind) folded on the Turn


PokerStars Hand #145519571215:  Hold'em Limit ($3/$6 USD) - 2015/12/18 3:34:00 ET
Table 'Ate' 2-max Seat #1 is the button
Seat 1: Rus29APX ($77.28 in chips)
Seat 2: yirkape ($78.32 in chips)
Rus29APX: posts small blind $1
yirkape: posts big blind $3
*** HOLE CARDS ***
Rus29APX: raises $3 to $6
yirkape: folds
Uncalled bet ($3) returned to Rus29APX
Rus29APX collected $6 from pot
Rus29APX: doesn't show hand
*** SUMMARY ***
Total pot $6 | Rake $0
Seat 1: Rus29APX (button) (small blind) collected ($6)
Seat 2: yirkape (big blind) folded before Flop


PokerStars Hand #145519572989:  Hold'em Limit ($3/$6 USD) - 2015/12/18 3:34:06 ET
Table 'Ate' 2-max Seat #2 is the button
Seat 1: Rus29APX ($80.28 in chips)
Seat 2: yirkape ($75.32 in chips)
yirkape: posts small blind $1
Rus29APX: posts big blind $3
*** HOLE CARDS ***
yirkape: calls $2
Rus29APX: raises $3 to $6
yirkape: calls $3
*** FLOP *** [Ts Ac 8c]
Rus29APX: bets $3
yirkape: raises $3 to $6
Rus29APX: folds
Uncalled bet ($3) returned to yirkape
yirkape collected $17.64 from pot
yirkape: doesn't show hand
*** SUMMARY ***
Total pot $18 | Rake $0.36
Board [Ts Ac 8c]
Seat 1: Rus29APX (big blind) folded on the Flop
Seat 2: yirkape (button) (small blind) collected ($17.64)


