PokerStars Hand #155401966473:  Hold'em Limit ($3/$6 USD) - 2016/06/30 17:37:24 ET
Table 'Ate' 6-max Seat #6 is the button
Seat 3: Butifara4416 ($143.34 in chips)
Seat 6: RJF1943 ($54 in chips)
Pelurile will be allowed to play after the button
RJF1943: posts small blind $1
Butifara4416: posts big blind $3
*** HOLE CARDS ***
RJF1943: folds
Uncalled bet ($2) returned to Butifara4416
Butifara4416 collected $2 from pot
Butifara4416: doesn't show hand
*** SUMMARY ***
Total pot $2 | Rake $0
Seat 3: Butifara4416 (big blind) collected ($2)
Seat 6: RJF1943 (button) (small blind) folded before Flop


PokerStars Hand #155402134330:  Hold'em Limit ($3/$6 USD) - 2016/06/30 17:41:28 ET
Table 'Ate' 6-max Seat #5 is the button
Seat 3: Butifara4416 ($125.62 in chips)
Seat 5: Pelurile ($20.64 in chips)
Pelurile: posts small blind $1
Butifara4416: posts big blind $3
*** HOLE CARDS ***
Pelurile: folds
Uncalled bet ($2) returned to Butifara4416
Butifara4416 collected $2 from pot
Butifara4416: doesn't show hand
*** SUMMARY ***
Total pot $2 | Rake $0
Seat 3: Butifara4416 (big blind) collected ($2)
Seat 5: Pelurile (button) (small blind) folded before Flop


