PokerStars Hand #166487817445:  Hold'em Limit ($3/$6 USD) - 2017/02/20 1:33:46 ET
Table 'Ate' 6-max Seat #3 is the button
Seat 3: SongOnur ($60.62 in chips)
Seat 4: VolkovDmitri ($120 in chips)
SongOnur: posts small blind $1
VolkovDmitri: posts big blind $3
*** HOLE CARDS ***
SongOnur: raises $3 to $6
VolkovDmitri: raises $3 to $9
SongOnur: calls $3
*** FLOP *** [2h Ks Qh]
VolkovDmitri: bets $3
SongOnur: folds
Uncalled bet ($3) returned to VolkovDmitri
VolkovDmitri collected $17.64 from pot
VolkovDmitri: doesn't show hand
*** SUMMARY ***
Total pot $18 | Rake $0.36
Board [2h Ks Qh]
Seat 3: SongOnur (button) (small blind) folded on the Flop
Seat 4: VolkovDmitri (big blind) collected ($17.64)


PokerStars Hand #166487822278:  Hold'em Limit ($3/$6 USD) - 2017/02/20 1:34:04 ET
Table 'Ate' 6-max Seat #4 is the button
Seat 3: SongOnur ($51.62 in chips)
Seat 4: VolkovDmitri ($128.64 in chips)
VolkovDmitri: posts small blind $1
SongOnur: posts big blind $3
*** HOLE CARDS ***
VolkovDmitri: raises $3 to $6
SongOnur: calls $3
*** FLOP *** [Qd As Jd]
SongOnur: checks
VolkovDmitri: bets $3
SongOnur: folds
Uncalled bet ($3) returned to VolkovDmitri
VolkovDmitri collected $11.76 from pot
VolkovDmitri: doesn't show hand
*** SUMMARY ***
Total pot $12 | Rake $0.24
Board [Qd As Jd]
Seat 3: SongOnur (big blind) folded on the Flop
Seat 4: VolkovDmitri (button) (small blind) collected ($11.76)


PokerStars Hand #166487827779:  Hold'em Limit ($3/$6 USD) - 2017/02/20 1:34:26 ET
Table 'Ate' 6-max Seat #4 is the button
Seat 3: SongOnur ($44.62 in chips)
Seat 4: VolkovDmitri ($135.40 in chips)
VolkovDmitri: posts small blind $1
SongOnur: posts big blind $3
*** HOLE CARDS ***
VolkovDmitri: raises $3 to $6
SongOnur: raises $3 to $9
VolkovDmitri: calls $3
*** FLOP *** [7d Th Ts]
SongOnur: bets $3
VolkovDmitri: folds
Uncalled bet ($3) returned to SongOnur
SongOnur collected $17.64 from pot
*** SUMMARY ***
Total pot $18 | Rake $0.36
Board [7d Th Ts]
Seat 3: SongOnur (big blind) collected ($17.64)
Seat 4: VolkovDmitri (button) (small blind) folded on the Flop


PokerStars Hand #166487826523:  Hold'em Limit ($3/$6 USD) - 2017/02/20 1:34:21 ET
Table 'Ate' 6-max Seat #3 is the button
Seat 3: SongOnur ($45.62 in chips)
Seat 4: VolkovDmitri ($134.40 in chips)
SongOnur: posts small blind $1
VolkovDmitri: posts big blind $3
*** HOLE CARDS ***
SongOnur: folds
Uncalled bet ($2) returned to VolkovDmitri
VolkovDmitri collected $2 from pot
*** SUMMARY ***
Total pot $2 | Rake $0
Seat 3: SongOnur (button) (small blind) folded before Flop
Seat 4: VolkovDmitri (big blind) collected ($2)


PokerStars Hand #166487832326:  Hold'em Limit ($3/$6 USD) - 2017/02/20 1:34:43 ET
Table 'Ate' 6-max Seat #3 is the button
Seat 3: SongOnur ($53.26 in chips)
Seat 4: VolkovDmitri ($126.40 in chips)
SongOnur: posts small blind $1
VolkovDmitri: posts big blind $3
*** HOLE CARDS ***
SongOnur: raises $3 to $6
VolkovDmitri: raises $3 to $9
SongOnur: calls $3
*** FLOP *** [5h Ac 9c]
VolkovDmitri: bets $3
SongOnur: calls $3
*** TURN *** [5h Ac 9c] [Ad]
VolkovDmitri: bets $6
SongOnur: raises $6 to $12
VolkovDmitri: calls $6
*** RIVER *** [5h Ac 9c Ad] [7s]
VolkovDmitri: checks
SongOnur: checks
*** SHOW DOWN ***
VolkovDmitri: shows [Ts As] (three of a kind, Aces)
SongOnur: mucks hand
VolkovDmitri collected $47.50 from pot
*** SUMMARY ***
Total pot $48 | Rake $0.50
Board [5h Ac 9c Ad 7s]
Seat 3: SongOnur (button) (small blind) mucked
Seat 4: VolkovDmitri (big blind) showed [Ts As] and won ($47.50) with three of a kind, Aces


PokerStars Hand #166487839828:  Hold'em Limit ($3/$6 USD) - 2017/02/20 1:35:12 ET
Table 'Ate' 6-max Seat #4 is the button
Seat 3: SongOnur ($29.26 in chips)
Seat 4: VolkovDmitri ($149.90 in chips)
VolkovDmitri: posts small blind $1
SongOnur: posts big blind $3
*** HOLE CARDS ***
VolkovDmitri: raises $3 to $6
SongOnur: calls $3
*** FLOP *** [Th 2h 6c]
SongOnur: checks
VolkovDmitri: bets $3
SongOnur: raises $3 to $6
VolkovDmitri: calls $3
*** TURN *** [Th 2h 6c] [2s]
SongOnur: bets $6
VolkovDmitri: calls $6
*** RIVER *** [Th 2h 6c 2s] [2c]
SongOnur: checks
VolkovDmitri: checks
*** SHOW DOWN ***
SongOnur: shows [5c 4s] (three of a kind, Deuces)
VolkovDmitri: shows [Ks 4h] (three of a kind, Deuces - King kicker)
VolkovDmitri collected $35.50 from pot
*** SUMMARY ***
Total pot $36 | Rake $0.50
Board [Th 2h 6c 2s 2c]
Seat 3: SongOnur (big blind) showed [5c 4s] and lost with three of a kind, Deuces
Seat 4: VolkovDmitri (button) (small blind) showed [Ks 4h] and won ($35.50) with three of a kind, Deuces


