PokerStars Hand #160016083004:  Hold'em Limit ($3/$6 USD) - 2016/10/16 12:43:04 ET
Table 'Aten' 6-max Seat #5 is the button
Seat 4: FHstyles ($69.76 in chips)
Seat 5: ChicagoBull4 ($104.77 in chips)
ChicagoBull4: posts small blind $1
FHstyles: posts big blind $3
*** HOLE CARDS ***
ChicagoBull4: raises $3 to $6
FHstyles: calls $3
*** FLOP *** [Td 3s 6h]
FHstyles: checks
ChicagoBull4: bets $3
FHstyles: calls $3
*** TURN *** [Td 3s 6h] [Ad]
FHstyles: checks
ChicagoBull4: bets $6
FHstyles: calls $6
*** RIVER *** [Td 3s 6h Ad] [Js]
FHstyles: checks
ChicagoBull4: checks
*** SHOW DOWN ***
FHstyles: shows [3d 8d] (a pair of Threes)
ChicagoBull4: mucks hand
FHstyles collected $29.50 from pot
*** SUMMARY ***
Total pot $30 | Rake $0.50
Board [Td 3s 6h Ad Js]
Seat 4: FHstyles (big blind) showed [3d 8d] and won ($29.50) with a pair of Threes
Seat 5: ChicagoBull4 (button) (small blind) mucked


PokerStars Hand #160016077102:  Hold'em Limit ($3/$6 USD) - 2016/10/16 12:42:57 ET
Table 'Aten' 6-max Seat #4 is the button
Seat 4: FHstyles ($66.76 in chips)
Seat 5: ChicagoBull4 ($107.77 in chips)
FHstyles: posts small blind $1
ChicagoBull4: posts big blind $3
*** HOLE CARDS ***
FHstyles: raises $3 to $6
ChicagoBull4: folds
Uncalled bet ($3) returned to FHstyles
FHstyles collected $6 from pot
FHstyles: doesn't show hand
*** SUMMARY ***
Total pot $6 | Rake $0
Seat 4: FHstyles (button) (small blind) collected ($6)
Seat 5: ChicagoBull4 (big blind) folded before Flop


PokerStars Hand #160016072834:  Hold'em Limit ($3/$6 USD) - 2016/10/16 12:42:52 ET
Table 'Aten' 6-max Seat #5 is the button
Seat 4: FHstyles ($65.76 in chips)
Seat 5: ChicagoBull4 ($108.77 in chips)
ChicagoBull4: posts small blind $1
FHstyles: posts big blind $3
*** HOLE CARDS ***
ChicagoBull4: folds
Uncalled bet ($2) returned to FHstyles
FHstyles collected $2 from pot
FHstyles: doesn't show hand
*** SUMMARY ***
Total pot $2 | Rake $0
Seat 4: FHstyles (big blind) collected ($2)
Seat 5: ChicagoBull4 (button) (small blind) folded before Flop


PokerStars Hand #160016150229:  Hold'em Limit ($3/$6 USD) - 2016/10/16 12:44:22 ET
Table 'Aten' 6-max Seat #5 is the button
Seat 4: FHstyles ($120.26 in chips)
Seat 5: ChicagoBull4 ($52.77 in chips)
ChicagoBull4: posts small blind $1
FHstyles: posts big blind $3
*** HOLE CARDS ***
ChicagoBull4: folds
Uncalled bet ($2) returned to FHstyles
FHstyles collected $2 from pot
FHstyles: doesn't show hand
*** SUMMARY ***
Total pot $2 | Rake $0
Seat 4: FHstyles (big blind) collected ($2)
Seat 5: ChicagoBull4 (button) (small blind) folded before Flop


PokerStars Hand #160016124971:  Hold'em Limit ($3/$6 USD) - 2016/10/16 12:43:52 ET
Table 'Aten' 6-max Seat #4 is the button
Seat 4: FHstyles ($105.76 in chips)
Seat 5: ChicagoBull4 ($67.77 in chips)
FHstyles: posts small blind $1
ChicagoBull4: posts big blind $3
*** HOLE CARDS ***
FHstyles: raises $3 to $6
ChicagoBull4: raises $3 to $9
FHstyles: calls $3
*** FLOP *** [As 8h Ad]
ChicagoBull4: bets $3
FHstyles: raises $3 to $6
ChicagoBull4: calls $3
*** TURN *** [As 8h Ad] [7h]
ChicagoBull4: checks
FHstyles: bets $6
ChicagoBull4: folds
Uncalled bet ($6) returned to FHstyles
FHstyles collected $29.50 from pot
FHstyles: doesn't show hand
*** SUMMARY ***
Total pot $30 | Rake $0.50
Board [As 8h Ad 7h]
Seat 4: FHstyles (button) (small blind) collected ($29.50)
Seat 5: ChicagoBull4 (big blind) folded on the Turn


PokerStars Hand #160016120420:  Hold'em Limit ($3/$6 USD) - 2016/10/16 12:43:47 ET
Table 'Aten' 6-max Seat #5 is the button
Seat 4: FHstyles ($104.76 in chips)
Seat 5: ChicagoBull4 ($68.77 in chips)
ChicagoBull4: posts small blind $1
FHstyles: posts big blind $3
*** HOLE CARDS ***
ChicagoBull4: folds
Uncalled bet ($2) returned to FHstyles
FHstyles collected $2 from pot
FHstyles: doesn't show hand
*** SUMMARY ***
Total pot $2 | Rake $0
Seat 4: FHstyles (big blind) collected ($2)
Seat 5: ChicagoBull4 (button) (small blind) folded before Flop


PokerStars Hand #160016096210:  Hold'em Limit ($3/$6 USD) - 2016/10/16 12:43:19 ET
Table 'Aten' 6-max Seat #4 is the button
Seat 4: FHstyles ($84.26 in chips)
Seat 5: ChicagoBull4 ($89.77 in chips)
FHstyles: posts small blind $1
ChicagoBull4: posts big blind $3
*** HOLE CARDS ***
FHstyles: raises $3 to $6
ChicagoBull4: calls $3
*** FLOP *** [2s 7h 8d]
ChicagoBull4: checks
FHstyles: bets $3
ChicagoBull4: raises $3 to $6
FHstyles: raises $3 to $9
ChicagoBull4: calls $3
*** TURN *** [2s 7h 8d] [Ad]
ChicagoBull4: checks
FHstyles: bets $6
ChicagoBull4: calls $6
*** RIVER *** [2s 7h 8d Ad] [Jc]
ChicagoBull4: checks
FHstyles: bets $6
ChicagoBull4: folds
Uncalled bet ($6) returned to FHstyles
FHstyles collected $41.50 from pot
FHstyles: doesn't show hand
*** SUMMARY ***
Total pot $42 | Rake $0.50
Board [2s 7h 8d Ad Jc]
Seat 4: FHstyles (button) (small blind) collected ($41.50)
Seat 5: ChicagoBull4 (big blind) folded on the River


PokerStars Hand #160016154132:  Hold'em Limit ($3/$6 USD) - 2016/10/16 12:44:26 ET
Table 'Aten' 6-max Seat #4 is the button
Seat 4: FHstyles ($121.26 in chips)
Seat 5: ChicagoBull4 ($51.77 in chips)
FHstyles: posts small blind $1
ChicagoBull4: posts big blind $3
*** HOLE CARDS ***
FHstyles: raises $3 to $6
ChicagoBull4: folds
Uncalled bet ($3) returned to FHstyles
ChicagoBull4 leaves the table
FHstyles collected $6 from pot
FHstyles: doesn't show hand
*** SUMMARY ***
Total pot $6 | Rake $0
Seat 4: FHstyles (button) (small blind) collected ($6)
Seat 5: ChicagoBull4 (big blind) folded before Flop


