PokerStars Hand #149811984860:  Hold'em Limit ($3/$6 USD) - 2016/03/04 5:08:22 ET
Table 'Athamantis II' 6-max Seat #3 is the button
Seat 3: Vossa035 ($116 in chips)
Seat 4: TbIP-TbIP 88 ($76 in chips)
Vossa035: posts small blind $1
TbIP-TbIP 88: posts big blind $3
*** HOLE CARDS ***
VolkovDmitri joins the table at seat #6
Vossa035: calls $2
TbIP-TbIP 88: raises $3 to $6
Vossa035: calls $3
*** FLOP *** [4d 9d Kc]
TbIP-TbIP 88: bets $3
Vossa035: folds
Uncalled bet ($3) returned to TbIP-TbIP 88
TbIP-TbIP 88 collected $11.76 from pot
TbIP-TbIP 88: doesn't show hand
*** SUMMARY ***
Total pot $12 | Rake $0.24
Board [4d 9d Kc]
Seat 3: Vossa035 (button) (small blind) folded on the Flop
Seat 4: TbIP-TbIP 88 (big blind) collected ($11.76)


PokerStars Hand #149811981006:  Hold'em Limit ($3/$6 USD) - 2016/03/04 5:08:13 ET
Table 'Athamantis II' 6-max Seat #4 is the button
Seat 3: Vossa035 ($119 in chips)
Seat 4: TbIP-TbIP 88 ($73 in chips)
TbIP-TbIP 88: posts small blind $1
Vossa035: posts big blind $3
*** HOLE CARDS ***
PROFI8088 joins the table at seat #5
TbIP-TbIP 88: raises $3 to $6
Vossa035: folds
Uncalled bet ($3) returned to TbIP-TbIP 88
TbIP-TbIP 88 collected $6 from pot
TbIP-TbIP 88: doesn't show hand
*** SUMMARY ***
Total pot $6 | Rake $0
Seat 3: Vossa035 (big blind) folded before Flop
Seat 4: TbIP-TbIP 88 (button) (small blind) collected ($6)


PokerStars Hand #149812757002:  Hold'em Limit ($3/$6 USD) - 2016/03/04 5:37:05 ET
Table 'Athamantis II' 6-max Seat #1 is the button
Seat 1: HAL9QQQ ($186.87 in chips)
Seat 5: SmellyToes4u ($76.91 in chips)
HAL9QQQ: posts small blind $1
degal76: is sitting out
SmellyToes4u: posts big blind $3
*** HOLE CARDS ***
HAL9QQQ: folds
Uncalled bet ($2) returned to SmellyToes4u
SmellyToes4u collected $2 from pot
degal76 leaves the table
SmellyToes4u: doesn't show hand
*** SUMMARY ***
Total pot $2 | Rake $0
Seat 1: HAL9QQQ (button) (small blind) folded before Flop
Seat 5: SmellyToes4u (big blind) collected ($2)


