PokerStars Hand #170350538742:  Hold'em Limit ($3/$6 USD) - 2017/05/13 5:55:09 ET
Table 'Athanasia' 6-max Seat #1 is the button
Seat 1: HamNEgger100 ($45.36 in chips)
Seat 2: Rednaxela05 ($118.88 in chips)
HamNEgger100: posts small blind $1
Rednaxela05: posts big blind $3
*** HOLE CARDS ***
HamNEgger100 said, "seems no matter what low card you catch on the flop you're calling to the river"
HamNEgger100: calls $2
Rednaxela05: raises $3 to $6
HamNEgger100: calls $3
*** FLOP *** [3s 8h 7d]
Rednaxela05: bets $3
HamNEgger100: raises $3 to $6
Rednaxela05: calls $3
*** TURN *** [3s 8h 7d] [9h]
Rednaxela05: checks
HamNEgger100: bets $6
Rednaxela05: raises $6 to $12
HamNEgger100: calls $6
*** RIVER *** [3s 8h 7d 9h] [9s]
Rednaxela05: bets $6
HamNEgger100: raises $6 to $12
Rednaxela05: calls $6
*** SHOW DOWN ***
HamNEgger100: shows [2h Kh] (a pair of Nines)
Rednaxela05: shows [6h 5h] (a straight, Five to Nine)
Rednaxela05 collected $71.50 from pot
*** SUMMARY ***
Total pot $72 | Rake $0.50
Board [3s 8h 7d 9h 9s]
Seat 1: HamNEgger100 (button) (small blind) showed [2h Kh] and lost with a pair of Nines
Seat 2: Rednaxela05 (big blind) showed [6h 5h] and won ($71.50) with a straight, Five to Nine


