PokerStars Hand #156861818540:  Hold'em Limit ($3/$6 USD) - 2016/08/04 14:24:37 ET
Table 'Athalia II' 6-max Seat #1 is the button
Seat 1: hasky156 ($119.61 in chips)
Seat 4: BuzovaPro ($89.89 in chips)
hasky156: posts small blind $1
RockKillerTY: is sitting out
BuzovaPro: posts big blind $3
*** HOLE CARDS ***
hasky156: folds
Uncalled bet ($2) returned to BuzovaPro
BuzovaPro collected $2 from pot
BuzovaPro: doesn't show hand
*** SUMMARY ***
Total pot $2 | Rake $0
Seat 1: hasky156 (button) (small blind) folded before Flop
Seat 4: BuzovaPro (big blind) collected ($2)


PokerStars Hand #156861823230:  Hold'em Limit ($3/$6 USD) - 2016/08/04 14:24:43 ET
Table 'Athalia II' 6-max Seat #4 is the button
Seat 1: hasky156 ($118.61 in chips)
Seat 4: BuzovaPro ($90.89 in chips)
BuzovaPro: posts small blind $1
hasky156: posts big blind $3
*** HOLE CARDS ***
RockKillerTY leaves the table
BuzovaPro: raises $3 to $6
hasky156: folds
Uncalled bet ($3) returned to BuzovaPro
BuzovaPro collected $6 from pot
BuzovaPro: doesn't show hand
*** SUMMARY ***
Total pot $6 | Rake $0
Seat 1: hasky156 (big blind) folded before Flop
Seat 4: BuzovaPro (button) (small blind) collected ($6)


PokerStars Hand #156862119310:  Hold'em Limit ($3/$6 USD) - 2016/08/04 14:31:37 ET
Table 'Athalia II' 6-max Seat #1 is the button
Seat 1: ManuelSikora ($120 in chips)
Seat 4: BuzovaPro ($93.89 in chips)
ManuelSikora: posts small blind $1
BuzovaPro: posts big blind $3
*** HOLE CARDS ***
ManuelSikora: raises $3 to $6
BuzovaPro: calls $3
*** FLOP *** [Jh Td 2h]
BuzovaPro: checks
ManuelSikora: bets $3
BuzovaPro: folds
Uncalled bet ($3) returned to ManuelSikora
ManuelSikora collected $11.76 from pot
ManuelSikora: doesn't show hand
*** SUMMARY ***
Total pot $12 | Rake $0.24
Board [Jh Td 2h]
Seat 1: ManuelSikora (button) (small blind) collected ($11.76)
Seat 4: BuzovaPro (big blind) folded on the Flop


PokerStars Hand #156862216422:  Hold'em Limit ($3/$6 USD) - 2016/08/04 14:33:51 ET
Table 'Athalia II' 6-max Seat #4 is the button
Seat 1: ManuelSikora ($116.76 in chips)
Seat 4: BuzovaPro ($96.41 in chips)
BuzovaPro: posts small blind $1
ManuelSikora: posts big blind $3
*** HOLE CARDS ***
BuzovaPro: folds
Uncalled bet ($2) returned to ManuelSikora
ManuelSikora collected $2 from pot
ManuelSikora: doesn't show hand
*** SUMMARY ***
Total pot $2 | Rake $0
Seat 1: ManuelSikora (big blind) collected ($2)
Seat 4: BuzovaPro (button) (small blind) folded before Flop


PokerStars Hand #156862209985:  Hold'em Limit ($3/$6 USD) - 2016/08/04 14:33:42 ET
Table 'Athalia II' 6-max Seat #1 is the button
Seat 1: ManuelSikora ($113.76 in chips)
Seat 4: BuzovaPro ($99.41 in chips)
ManuelSikora: posts small blind $1
BuzovaPro: posts big blind $3
*** HOLE CARDS ***
ManuelSikora: raises $3 to $6
BuzovaPro: folds
Uncalled bet ($3) returned to ManuelSikora
ManuelSikora collected $6 from pot
ManuelSikora: doesn't show hand
*** SUMMARY ***
Total pot $6 | Rake $0
Seat 1: ManuelSikora (button) (small blind) collected ($6)
Seat 4: BuzovaPro (big blind) folded before Flop


PokerStars Hand #156862149970:  Hold'em Limit ($3/$6 USD) - 2016/08/04 14:32:19 ET
Table 'Athalia II' 6-max Seat #4 is the button
Seat 1: ManuelSikora ($125.76 in chips)
Seat 4: BuzovaPro ($87.89 in chips)
BuzovaPro: posts small blind $1
ManuelSikora: posts big blind $3
*** HOLE CARDS ***
BuzovaPro: raises $3 to $6
ManuelSikora: calls $3
*** FLOP *** [Jh 9c 3d]
ManuelSikora: checks
BuzovaPro: checks
*** TURN *** [Jh 9c 3d] [7c]
ManuelSikora: bets $6
BuzovaPro: calls $6
*** RIVER *** [Jh 9c 3d 7c] [Ah]
ManuelSikora: checks
BuzovaPro: bets $6
ManuelSikora: folds
Uncalled bet ($6) returned to BuzovaPro
BuzovaPro collected $23.52 from pot
BuzovaPro: doesn't show hand
*** SUMMARY ***
Total pot $24 | Rake $0.48
Board [Jh 9c 3d 7c Ah]
Seat 1: ManuelSikora (big blind) folded on the River
Seat 4: BuzovaPro (button) (small blind) collected ($23.52)


PokerStars Hand #156862252845:  Hold'em Limit ($3/$6 USD) - 2016/08/04 14:34:41 ET
Table 'Athalia II' 6-max Seat #1 is the button
Seat 1: ManuelSikora ($117.40 in chips)
Seat 4: BuzovaPro ($95.05 in chips)
ManuelSikora: posts small blind $1
BuzovaPro: posts big blind $3
*** HOLE CARDS ***
ManuelSikora: raises $3 to $6
BuzovaPro: calls $3
*** FLOP *** [3c Qh 8s]
BuzovaPro: checks
ManuelSikora: checks
*** TURN *** [3c Qh 8s] [Js]
BuzovaPro: bets $6
ManuelSikora: calls $6
*** RIVER *** [3c Qh 8s Js] [6c]
BuzovaPro: bets $6
ManuelSikora: folds
Uncalled bet ($6) returned to BuzovaPro
BuzovaPro collected $23.52 from pot
BuzovaPro: doesn't show hand
*** SUMMARY ***
Total pot $24 | Rake $0.48
Board [3c Qh 8s Js 6c]
Seat 1: ManuelSikora (button) (small blind) folded on the River
Seat 4: BuzovaPro (big blind) collected ($23.52)


PokerStars Hand #156862237781:  Hold'em Limit ($3/$6 USD) - 2016/08/04 14:34:20 ET
Table 'Athalia II' 6-max Seat #4 is the button
Seat 1: ManuelSikora ($108.76 in chips)
Seat 4: BuzovaPro ($104.05 in chips)
BuzovaPro: posts small blind $1
ManuelSikora: posts big blind $3
*** HOLE CARDS ***
BuzovaPro: raises $3 to $6
ManuelSikora: raises $3 to $9
BuzovaPro: calls $3
*** FLOP *** [Td Qs Jh]
ManuelSikora: bets $3
BuzovaPro: folds
Uncalled bet ($3) returned to ManuelSikora
ManuelSikora collected $17.64 from pot
ManuelSikora: doesn't show hand
*** SUMMARY ***
Total pot $18 | Rake $0.36
Board [Td Qs Jh]
Seat 1: ManuelSikora (big blind) collected ($17.64)
Seat 4: BuzovaPro (button) (small blind) folded on the Flop


PokerStars Hand #156862219921:  Hold'em Limit ($3/$6 USD) - 2016/08/04 14:33:56 ET
Table 'Athalia II' 6-max Seat #1 is the button
Seat 1: ManuelSikora ($117.76 in chips)
Seat 4: BuzovaPro ($95.41 in chips)
ManuelSikora: posts small blind $1
BuzovaPro: posts big blind $3
*** HOLE CARDS ***
ManuelSikora: raises $3 to $6
BuzovaPro: calls $3
*** FLOP *** [2h 4h 2d]
BuzovaPro: bets $3
ManuelSikora: calls $3
*** TURN *** [2h 4h 2d] [6s]
BuzovaPro: bets $6
ManuelSikora: folds
Uncalled bet ($6) returned to BuzovaPro
BuzovaPro collected $17.64 from pot
BuzovaPro: doesn't show hand
*** SUMMARY ***
Total pot $18 | Rake $0.36
Board [2h 4h 2d 6s]
Seat 1: ManuelSikora (button) (small blind) folded on the Turn
Seat 4: BuzovaPro (big blind) collected ($17.64)


PokerStars Hand #156862279991:  Hold'em Limit ($3/$6 USD) - 2016/08/04 14:35:19 ET
Table 'Athalia II' 6-max Seat #1 is the button
Seat 1: ManuelSikora ($106.40 in chips)
Seat 4: BuzovaPro ($105.57 in chips)
ManuelSikora: posts small blind $1
BuzovaPro: posts big blind $3
*** HOLE CARDS ***
ManuelSikora: raises $3 to $6
BuzovaPro: calls $3
*** FLOP *** [6h Jc 9s]
BuzovaPro: bets $3
ManuelSikora: calls $3
*** TURN *** [6h Jc 9s] [Jd]
BuzovaPro: bets $6
ManuelSikora: calls $6
*** RIVER *** [6h Jc 9s Jd] [4c]
BuzovaPro: bets $6
ManuelSikora: calls $6
*** SHOW DOWN ***
BuzovaPro: shows [Js 7c] (three of a kind, Jacks)
ManuelSikora: mucks hand
BuzovaPro collected $41.50 from pot
*** SUMMARY ***
Total pot $42 | Rake $0.50
Board [6h Jc 9s Jd 4c]
Seat 1: ManuelSikora (button) (small blind) mucked
Seat 4: BuzovaPro (big blind) showed [Js 7c] and won ($41.50) with three of a kind, Jacks


PokerStars Hand #156862276169:  Hold'em Limit ($3/$6 USD) - 2016/08/04 14:35:14 ET
Table 'Athalia II' 6-max Seat #4 is the button
Seat 1: ManuelSikora ($105.40 in chips)
Seat 4: BuzovaPro ($106.57 in chips)
BuzovaPro: posts small blind $1
ManuelSikora: posts big blind $3
*** HOLE CARDS ***
BuzovaPro: folds
Uncalled bet ($2) returned to ManuelSikora
ManuelSikora collected $2 from pot
ManuelSikora: doesn't show hand
*** SUMMARY ***
Total pot $2 | Rake $0
Seat 1: ManuelSikora (big blind) collected ($2)
Seat 4: BuzovaPro (button) (small blind) folded before Flop


PokerStars Hand #156862300284:  Hold'em Limit ($3/$6 USD) - 2016/08/04 14:35:47 ET
Table 'Athalia II' 6-max Seat #4 is the button
Seat 1: ManuelSikora ($85.40 in chips)
Seat 4: BuzovaPro ($126.07 in chips)
BuzovaPro: posts small blind $1
ManuelSikora: posts big blind $3
*** HOLE CARDS ***
LExtorDurty joins the table at seat #5
BuzovaPro: raises $3 to $6
ManuelSikora: raises $3 to $9
BuzovaPro: calls $3
*** FLOP *** [8c Ad Kd]
ManuelSikora: checks
BuzovaPro: bets $3
ManuelSikora: calls $3
*** TURN *** [8c Ad Kd] [Kc]
ManuelSikora: checks
hairy1961 joins the table at seat #6
BuzovaPro: checks
*** RIVER *** [8c Ad Kd Kc] [2s]
ManuelSikora: checks
ValeryRon joins the table at seat #2
BuzovaPro: checks
*** SHOW DOWN ***
ManuelSikora: shows [9s Qd] (a pair of Kings)
BuzovaPro: mucks hand
ManuelSikora collected $23.52 from pot
*** SUMMARY ***
Total pot $24 | Rake $0.48
Board [8c Ad Kd Kc 2s]
Seat 1: ManuelSikora (big blind) showed [9s Qd] and won ($23.52) with a pair of Kings
Seat 4: BuzovaPro (button) (small blind) mucked


PokerStars Hand #156863179212:  Hold'em Limit ($3/$6 USD) - 2016/08/04 14:55:43 ET
Table 'Athalia II' 6-max Seat #6 is the button
Seat 5: LExtorDurty ($228.75 in chips)
Seat 6: Wurst2000 ($117 in chips)
Wurst2000: posts small blind $1
ValeryRon: is sitting out
kolaz03: is sitting out
BuzovaPro: is sitting out
LExtorDurty: posts big blind $3
*** HOLE CARDS ***
Wurst2000: raises $3 to $6
LExtorDurty: raises $3 to $9
ValeryRon leaves the table
kolaz03 leaves the table
Wurst2000: calls $3
*** FLOP *** [Ts Qc 9d]
LExtorDurty: bets $3
Wurst2000: raises $3 to $6
LExtorDurty: calls $3
*** TURN *** [Ts Qc 9d] [6h]
LExtorDurty: checks
Wurst2000: bets $6
LExtorDurty: calls $6
*** RIVER *** [Ts Qc 9d 6h] [As]
LExtorDurty: checks
Wurst2000: checks
*** SHOW DOWN ***
LExtorDurty: shows [Ah Kc] (a pair of Aces)
Wurst2000: mucks hand
LExtorDurty collected $41.50 from pot
*** SUMMARY ***
Total pot $42 | Rake $0.50
Board [Ts Qc 9d 6h As]
Seat 5: LExtorDurty (big blind) showed [Ah Kc] and won ($41.50) with a pair of Aces
Seat 6: Wurst2000 (button) (small blind) mucked


