PokerStars Hand #170158324999:  Hold'em Limit ($3/$6 USD) - 2017/05/08 22:39:09 ET
Table 'Athamantis' 6-max Seat #2 is the button
Seat 2: Brama Br ($124 in chips)
Seat 3: TbIP-TbIP 88 ($72 in chips)
Brama Br: posts small blind $1
TbIP-TbIP 88: posts big blind $3
*** HOLE CARDS ***
Brama Br: raises $3 to $6
TbIP-TbIP 88: calls $3
*** FLOP *** [Kd Td 8c]
TbIP-TbIP 88: checks
Brama Br: bets $3
TbIP-TbIP 88: raises $3 to $6
Brama Br: folds
Uncalled bet ($3) returned to TbIP-TbIP 88
TbIP-TbIP 88 collected $17.64 from pot
TbIP-TbIP 88: doesn't show hand
*** SUMMARY ***
Total pot $18 | Rake $0.36
Board [Kd Td 8c]
Seat 2: Brama Br (button) (small blind) folded on the Flop
Seat 3: TbIP-TbIP 88 (big blind) collected ($17.64)


PokerStars Hand #170158317897:  Hold'em Limit ($3/$6 USD) - 2017/05/08 22:38:49 ET
Table 'Athamantis' 6-max Seat #3 is the button
Seat 2: Brama Br ($123 in chips)
Seat 3: TbIP-TbIP 88 ($72 in chips)
TbIP-TbIP 88: posts small blind $1
Brama Br: posts big blind $3
*** HOLE CARDS ***
TbIP-TbIP 88: folds
Uncalled bet ($2) returned to Brama Br
Brama Br collected $2 from pot
Brama Br: doesn't show hand
*** SUMMARY ***
Total pot $2 | Rake $0
Seat 2: Brama Br (big blind) collected ($2)
Seat 3: TbIP-TbIP 88 (button) (small blind) folded before Flop


PokerStars Hand #170158311351:  Hold'em Limit ($3/$6 USD) - 2017/05/08 22:38:30 ET
Table 'Athamantis' 6-max Seat #2 is the button
Seat 2: Brama Br ($120 in chips)
Seat 3: TbIP-TbIP 88 ($72 in chips)
Brama Br: posts small blind $1
TbIP-TbIP 88: posts big blind $3
*** HOLE CARDS ***
Brama Br: raises $3 to $6
TbIP-TbIP 88: folds
Uncalled bet ($3) returned to Brama Br
Brama Br collected $6 from pot
Brama Br: doesn't show hand
*** SUMMARY ***
Total pot $6 | Rake $0
Seat 2: Brama Br (button) (small blind) collected ($6)
Seat 3: TbIP-TbIP 88 (big blind) folded before Flop


PokerStars Hand #170158333993:  Hold'em Limit ($3/$6 USD) - 2017/05/08 22:39:35 ET
Table 'Athamantis' 6-max Seat #3 is the button
Seat 2: Brama Br ($115 in chips)
Seat 3: TbIP-TbIP 88 ($80.64 in chips)
TbIP-TbIP 88: posts small blind $1
Brama Br: posts big blind $3
*** HOLE CARDS ***
TbIP-TbIP 88: folds
Uncalled bet ($2) returned to Brama Br
Brama Br collected $2 from pot
Brama Br: doesn't show hand
*** SUMMARY ***
Total pot $2 | Rake $0
Seat 2: Brama Br (big blind) collected ($2)
Seat 3: TbIP-TbIP 88 (button) (small blind) folded before Flop


PokerStars Hand #170158337689:  Hold'em Limit ($3/$6 USD) - 2017/05/08 22:39:46 ET
Table 'Athamantis' 6-max Seat #2 is the button
Seat 2: Brama Br ($116 in chips)
Seat 3: TbIP-TbIP 88 ($79.64 in chips)
Brama Br: posts small blind $1
TbIP-TbIP 88: posts big blind $3
*** HOLE CARDS ***
Brama Br: raises $3 to $6
TbIP-TbIP 88: raises $3 to $9
Brama Br: raises $3 to $12
Betting is capped
TbIP-TbIP 88: calls $3
*** FLOP *** [9h 2h 9c]
TbIP-TbIP 88: checks
Brama Br: checks
*** TURN *** [9h 2h 9c] [3h]
TbIP-TbIP 88: bets $6
Brama Br: raises $6 to $12
TbIP-TbIP 88: calls $6
*** RIVER *** [9h 2h 9c 3h] [9s]
TbIP-TbIP 88: checks
Brama Br: checks
*** SHOW DOWN ***
TbIP-TbIP 88: shows [Ad Jc] (three of a kind, Nines)
Brama Br: mucks hand
TbIP-TbIP 88 collected $47.50 from pot
*** SUMMARY ***
Total pot $48 | Rake $0.50
Board [9h 2h 9c 3h 9s]
Seat 2: Brama Br (button) (small blind) mucked
Seat 3: TbIP-TbIP 88 (big blind) showed [Ad Jc] and won ($47.50) with three of a kind, Nines


PokerStars Hand #170158367109:  Hold'em Limit ($3/$6 USD) - 2017/05/08 22:41:12 ET
Table 'Athamantis' 6-max Seat #2 is the button
Seat 2: Brama Br ($100.64 in chips)
Seat 3: TbIP-TbIP 88 ($94.14 in chips)
Brama Br: posts small blind $1
TbIP-TbIP 88: posts big blind $3
*** HOLE CARDS ***
Brama Br: raises $3 to $6
TbIP-TbIP 88: folds
Uncalled bet ($3) returned to Brama Br
Brama Br collected $6 from pot
Brama Br: doesn't show hand
*** SUMMARY ***
Total pot $6 | Rake $0
Seat 2: Brama Br (button) (small blind) collected ($6)
Seat 3: TbIP-TbIP 88 (big blind) folded before Flop


PokerStars Hand #170158349772:  Hold'em Limit ($3/$6 USD) - 2017/05/08 22:40:21 ET
Table 'Athamantis' 6-max Seat #3 is the button
Seat 2: Brama Br ($92 in chips)
Seat 3: TbIP-TbIP 88 ($103.14 in chips)
TbIP-TbIP 88: posts small blind $1
Brama Br: posts big blind $3
*** HOLE CARDS ***
TbIP-TbIP 88: raises $3 to $6
Brama Br: calls $3
*** FLOP *** [Jd 4s 9d]
Brama Br: checks
TbIP-TbIP 88: bets $3
Brama Br: calls $3
*** TURN *** [Jd 4s 9d] [Th]
Brama Br: checks
TbIP-TbIP 88: checks
*** RIVER *** [Jd 4s 9d Th] [Ad]
Brama Br: bets $6
TbIP-TbIP 88: folds
Uncalled bet ($6) returned to Brama Br
Brama Br collected $17.64 from pot
Brama Br: doesn't show hand
*** SUMMARY ***
Total pot $18 | Rake $0.36
Board [Jd 4s 9d Th Ad]
Seat 2: Brama Br (big blind) collected ($17.64)
Seat 3: TbIP-TbIP 88 (button) (small blind) folded on the River


PokerStars Hand #170158377690:  Hold'em Limit ($3/$6 USD) - 2017/05/08 22:41:42 ET
Table 'Athamantis' 6-max Seat #3 is the button
Seat 2: Brama Br ($103.64 in chips)
Seat 3: TbIP-TbIP 88 ($91.14 in chips)
TbIP-TbIP 88: posts small blind $1
Brama Br: posts big blind $3
*** HOLE CARDS ***
TbIP-TbIP 88: raises $3 to $6
Brama Br: calls $3
*** FLOP *** [Qh 8d 2d]
Brama Br: checks
TbIP-TbIP 88: bets $3
Brama Br: calls $3
*** TURN *** [Qh 8d 2d] [Kh]
Brama Br: checks
TbIP-TbIP 88: checks
*** RIVER *** [Qh 8d 2d Kh] [As]
Brama Br: bets $6
TbIP-TbIP 88: calls $6
*** SHOW DOWN ***
Brama Br: shows [7c 8s] (a pair of Eights)
TbIP-TbIP 88: shows [Ad 9h] (a pair of Aces)
TbIP-TbIP 88 collected $29.50 from pot
*** SUMMARY ***
Total pot $30 | Rake $0.50
Board [Qh 8d 2d Kh As]
Seat 2: Brama Br (big blind) showed [7c 8s] and lost with a pair of Eights
Seat 3: TbIP-TbIP 88 (button) (small blind) showed [Ad 9h] and won ($29.50) with a pair of Aces


PokerStars Hand #170158395945:  Hold'em Limit ($3/$6 USD) - 2017/05/08 22:42:35 ET
Table 'Athamantis' 6-max Seat #2 is the button
Seat 2: Brama Br ($88.64 in chips)
Seat 3: TbIP-TbIP 88 ($105.64 in chips)
Brama Br: posts small blind $1
TbIP-TbIP 88: posts big blind $3
*** HOLE CARDS ***
Brama Br: folds
Uncalled bet ($2) returned to TbIP-TbIP 88
TbIP-TbIP 88 collected $2 from pot
TbIP-TbIP 88: doesn't show hand
*** SUMMARY ***
Total pot $2 | Rake $0
Seat 2: Brama Br (button) (small blind) folded before Flop
Seat 3: TbIP-TbIP 88 (big blind) collected ($2)


PokerStars Hand #170158402382:  Hold'em Limit ($3/$6 USD) - 2017/05/08 22:42:54 ET
Table 'Athamantis' 6-max Seat #3 is the button
Seat 2: Brama Br ($87.64 in chips)
Seat 3: TbIP-TbIP 88 ($106.64 in chips)
TbIP-TbIP 88: posts small blind $1
Brama Br: posts big blind $3
*** HOLE CARDS ***
TbIP-TbIP 88: raises $3 to $6
Brama Br: calls $3
*** FLOP *** [6d 2h Tc]
Brama Br: checks
TbIP-TbIP 88: bets $3
Brama Br: raises $3 to $6
TbIP-TbIP 88: calls $3
*** TURN *** [6d 2h Tc] [6s]
Brama Br: bets $6
B_loJkl joins the table at seat #4
TbIP-TbIP 88: calls $6
*** RIVER *** [6d 2h Tc 6s] [8d]
Brama Br: bets $6
TbIP-TbIP 88: calls $6
*** SHOW DOWN ***
Brama Br: shows [6h Jh] (three of a kind, Sixes)
TbIP-TbIP 88: mucks hand
Brama Br collected $47.50 from pot
*** SUMMARY ***
Total pot $48 | Rake $0.50
Board [6d 2h Tc 6s 8d]
Seat 2: Brama Br (big blind) showed [6h Jh] and won ($47.50) with three of a kind, Sixes
Seat 3: TbIP-TbIP 88 (button) (small blind) mucked


PokerStars Hand #170158443180:  Hold'em Limit ($3/$6 USD) - 2017/05/08 22:44:43 ET
Table 'Athamantis' 6-max Seat #2 is the button
Seat 2: Brama Br ($111.14 in chips)
Seat 3: TbIP-TbIP 88 ($82.64 in chips)
Brama Br: posts small blind $1
TbIP-TbIP 88: posts big blind $3
*** HOLE CARDS ***
Brama Br: raises $3 to $6
TbIP-TbIP 88: raises $3 to $9
Brama Br: raises $3 to $12
Betting is capped
TbIP-TbIP 88: calls $3
*** FLOP *** [7s 8s 3c]
TbIP-TbIP 88: checks
Brama Br: bets $3
TbIP-TbIP 88: calls $3
*** TURN *** [7s 8s 3c] [6d]
TbIP-TbIP 88: checks
Brama Br: checks
*** RIVER *** [7s 8s 3c 6d] [6h]
TbIP-TbIP 88: checks
Brama Br: checks
*** SHOW DOWN ***
TbIP-TbIP 88: shows [As Td] (a pair of Sixes)
Brama Br: mucks hand
TbIP-TbIP 88 collected $29.50 from pot
*** SUMMARY ***
Total pot $30 | Rake $0.50
Board [7s 8s 3c 6d 6h]
Seat 2: Brama Br (button) (small blind) mucked
Seat 3: TbIP-TbIP 88 (big blind) showed [As Td] and won ($29.50) with a pair of Sixes


