PokerStars Hand #175406425047:  Hold'em Limit ($3/$6 USD) - 2017/09/09 7:12:27 ET
Table 'Athamantis' 6-max Seat #1 is the button
Seat 1: ANIN1337 ($77.14 in chips)
Seat 2: TbIP-TbIP 88 ($72 in chips)
ANIN1337: posts small blind $1
TbIP-TbIP 88: posts big blind $3
*** HOLE CARDS ***
ANIN1337: raises $3 to $6
TbIP-TbIP 88: calls $3
*** FLOP *** [8s 5s 6c]
TbIP-TbIP 88: checks
ANIN1337: checks
*** TURN *** [8s 5s 6c] [Ad]
TbIP-TbIP 88: checks
ANIN1337: bets $6
TbIP-TbIP 88: calls $6
*** RIVER *** [8s 5s 6c Ad] [Kc]
TbIP-TbIP 88: checks
ANIN1337: checks
*** SHOW DOWN ***
TbIP-TbIP 88: shows [6h Kh] (two pair, Kings and Sixes)
ANIN1337: mucks hand
TbIP-TbIP 88 collected $23.52 from pot
*** SUMMARY ***
Total pot $24 | Rake $0.48
Board [8s 5s 6c Ad Kc]
Seat 1: ANIN1337 (button) (small blind) mucked
Seat 2: TbIP-TbIP 88 (big blind) showed [6h Kh] and won ($23.52) with two pair, Kings and Sixes


PokerStars Hand #175406983716:  Hold'em Limit ($3/$6 USD) - 2017/09/09 7:32:47 ET
Table 'Athamantis' 6-max Seat #2 is the button
Seat 2: TbIP-TbIP 88 ($83.52 in chips)
Seat 3: ANIN1337 ($48 in chips)
TbIP-TbIP 88: posts small blind $1
ANIN1337: posts big blind $3
*** HOLE CARDS ***
TbIP-TbIP 88: raises $3 to $6
ANIN1337: calls $3
*** FLOP *** [Kh Qs 8h]
ANIN1337: checks
TbIP-TbIP 88: bets $3
ANIN1337: folds
Uncalled bet ($3) returned to TbIP-TbIP 88
TbIP-TbIP 88 collected $11.76 from pot
TbIP-TbIP 88: doesn't show hand
*** SUMMARY ***
Total pot $12 | Rake $0.24
Board [Kh Qs 8h]
Seat 2: TbIP-TbIP 88 (button) (small blind) collected ($11.76)
Seat 3: ANIN1337 (big blind) folded on the Flop


PokerStars Hand #175406990052:  Hold'em Limit ($3/$6 USD) - 2017/09/09 7:33:01 ET
Table 'Athamantis' 6-max Seat #3 is the button
Seat 2: TbIP-TbIP 88 ($89.28 in chips)
Seat 3: ANIN1337 ($42 in chips)
ANIN1337: posts small blind $1
TbIP-TbIP 88: posts big blind $3
*** HOLE CARDS ***
ANIN1337: folds
Uncalled bet ($2) returned to TbIP-TbIP 88
TbIP-TbIP 88 collected $2 from pot
TbIP-TbIP 88: doesn't show hand
*** SUMMARY ***
Total pot $2 | Rake $0
Seat 2: TbIP-TbIP 88 (big blind) collected ($2)
Seat 3: ANIN1337 (button) (small blind) folded before Flop


PokerStars Hand #175406994583:  Hold'em Limit ($3/$6 USD) - 2017/09/09 7:33:11 ET
Table 'Athamantis' 6-max Seat #2 is the button
Seat 2: TbIP-TbIP 88 ($90.28 in chips)
Seat 3: ANIN1337 ($41 in chips)
TbIP-TbIP 88: posts small blind $1
ANIN1337: posts big blind $3
*** HOLE CARDS ***
TbIP-TbIP 88: raises $3 to $6
ANIN1337: raises $3 to $9
TbIP-TbIP 88: calls $3
*** FLOP *** [Qs Th 6s]
ANIN1337: bets $3
TbIP-TbIP 88: raises $3 to $6
ANIN1337: raises $3 to $9
TbIP-TbIP 88: calls $3
*** TURN *** [Qs Th 6s] [3s]
ANIN1337: bets $6
TbIP-TbIP 88: raises $6 to $12
ANIN1337: calls $6
*** RIVER *** [Qs Th 6s 3s] [Js]
ANIN1337: checks
TbIP-TbIP 88: checks
*** SHOW DOWN ***
ANIN1337: shows [Kh Td] (a pair of Tens)
TbIP-TbIP 88: shows [5s 8s] (a flush, Queen high)
TbIP-TbIP 88 collected $59.50 from pot
*** SUMMARY ***
Total pot $60 | Rake $0.50
Board [Qs Th 6s 3s Js]
Seat 2: TbIP-TbIP 88 (button) (small blind) showed [5s 8s] and won ($59.50) with a flush, Queen high
Seat 3: ANIN1337 (big blind) showed [Kh Td] and lost with a pair of Tens


