PokerStars Hand #160447246425:  Hold'em Limit ($3/$6 USD) - 2016/10/25 22:12:05 ET
Table 'Athor' 6-max Seat #3 is the button
Seat 3: -25an- ($44.98 in chips)
Seat 4: assitoni ($72 in chips)
-25an-: posts small blind $1
assitoni: posts big blind $3
*** HOLE CARDS ***
-25an-: folds
Uncalled bet ($2) returned to assitoni
assitoni collected $2 from pot
assitoni: doesn't show hand
*** SUMMARY ***
Total pot $2 | Rake $0
Seat 3: -25an- (button) (small blind) folded before Flop
Seat 4: assitoni (big blind) collected ($2)


PokerStars Hand #160447259651:  Hold'em Limit ($3/$6 USD) - 2016/10/25 22:12:42 ET
Table 'Athor' 6-max Seat #3 is the button
Seat 3: -25an- ($52.62 in chips)
Seat 4: assitoni ($72 in chips)
-25an-: posts small blind $1
assitoni: posts big blind $3
*** HOLE CARDS ***
-25an-: calls $2
assitoni: raises $3 to $6
-25an-: calls $3
*** FLOP *** [Jh 9s 6d]
assitoni: bets $3
-25an-: calls $3
*** TURN *** [Jh 9s 6d] [Qd]
assitoni: checks
-25an-: checks
*** RIVER *** [Jh 9s 6d Qd] [9d]
assitoni: checks
-25an-: checks
*** SHOW DOWN ***
assitoni: shows [Ac 7h] (a pair of Nines)
-25an-: shows [As Td] (a pair of Nines)
assitoni collected $8.82 from pot
-25an- collected $8.82 from pot
*** SUMMARY ***
Total pot $18 | Rake $0.36
Board [Jh 9s 6d Qd 9d]
Seat 3: -25an- (button) (small blind) showed [As Td] and won ($8.82) with a pair of Nines
Seat 4: assitoni (big blind) showed [Ac 7h] and won ($8.82) with a pair of Nines


PokerStars Hand #160447250161:  Hold'em Limit ($3/$6 USD) - 2016/10/25 22:12:15 ET
Table 'Athor' 6-max Seat #4 is the button
Seat 3: -25an- ($43.98 in chips)
Seat 4: assitoni ($73 in chips)
assitoni: posts small blind $1
-25an-: posts big blind $3
*** HOLE CARDS ***
assitoni: raises $3 to $6
-25an-: calls $3
*** FLOP *** [7h Jh Js]
-25an-: checks
assitoni: bets $3
-25an-: calls $3
*** TURN *** [7h Jh Js] [Td]
-25an-: checks
assitoni: checks
*** RIVER *** [7h Jh Js Td] [4d]
-25an-: bets $6
assitoni: folds
Uncalled bet ($6) returned to -25an-
-25an- collected $17.64 from pot
-25an-: doesn't show hand
*** SUMMARY ***
Total pot $18 | Rake $0.36
Board [7h Jh Js Td 4d]
Seat 3: -25an- (big blind) collected ($17.64)
Seat 4: assitoni (button) (small blind) folded on the River


PokerStars Hand #160447267465:  Hold'em Limit ($3/$6 USD) - 2016/10/25 22:13:03 ET
Table 'Athor' 6-max Seat #4 is the button
Seat 3: -25an- ($52.44 in chips)
Seat 4: assitoni ($72 in chips)
assitoni: posts small blind $1
-25an-: posts big blind $3
*** HOLE CARDS ***
Brama Br joins the table at seat #5
assitoni: folds
Uncalled bet ($2) returned to -25an-
-25an- collected $2 from pot
-25an-: doesn't show hand
*** SUMMARY ***
Total pot $2 | Rake $0
Seat 3: -25an- (big blind) collected ($2)
Seat 4: assitoni (button) (small blind) folded before Flop


