PokerStars Hand #169011728641:  Hold'em Limit ($3/$6 USD) - 2017/04/14 1:47:19 ET
Table 'Athor II' 6-max Seat #1 is the button
Seat 1: Yordan34b20 ($57 in chips)
Seat 2: B_loJkl ($153 in chips)
Yordan34b20: posts small blind $1
B_loJkl: posts big blind $3
*** HOLE CARDS ***
Yordan34b20: calls $2
B_loJkl: checks
*** FLOP *** [5s Td Qc]
B_loJkl: checks
Yordan34b20: checks
*** TURN *** [5s Td Qc] [3s]
B_loJkl: bets $6
Yordan34b20: folds
Uncalled bet ($6) returned to B_loJkl
B_loJkl collected $5.88 from pot
B_loJkl: doesn't show hand
*** SUMMARY ***
Total pot $6 | Rake $0.12
Board [5s Td Qc 3s]
Seat 1: Yordan34b20 (button) (small blind) folded on the Turn
Seat 2: B_loJkl (big blind) collected ($5.88)


PokerStars Hand #169011738011:  Hold'em Limit ($3/$6 USD) - 2017/04/14 1:47:51 ET
Table 'Athor II' 6-max Seat #2 is the button
Seat 1: Yordan34b20 ($54 in chips)
Seat 2: B_loJkl ($155.88 in chips)
B_loJkl: posts small blind $1
Yordan34b20: posts big blind $3
*** HOLE CARDS ***
B_loJkl: raises $3 to $6
Yordan34b20: raises $3 to $9
B_loJkl: calls $3
*** FLOP *** [5c 3d 6c]
Yordan34b20: bets $3
B_loJkl: calls $3
*** TURN *** [5c 3d 6c] [Kh]
Yordan34b20: checks
B_loJkl: bets $6
Yordan34b20: calls $6
*** RIVER *** [5c 3d 6c Kh] [2c]
Yordan34b20: bets $6
B_loJkl: raises $6 to $12
Yordan34b20: raises $6 to $18
B_loJkl: calls $6
*** SHOW DOWN ***
Yordan34b20: shows [Jc Ac] (a flush, Ace high)
B_loJkl: mucks hand
Yordan34b20 collected $71.50 from pot
*** SUMMARY ***
Total pot $72 | Rake $0.50
Board [5c 3d 6c Kh 2c]
Seat 1: Yordan34b20 (big blind) showed [Jc Ac] and won ($71.50) with a flush, Ace high
Seat 2: B_loJkl (button) (small blind) mucked


PokerStars Hand #169011773080:  Hold'em Limit ($3/$6 USD) - 2017/04/14 1:49:50 ET
Table 'Athor II' 6-max Seat #2 is the button
Seat 1: Yordan34b20 ($34.50 in chips)
Seat 2: B_loJkl ($173.42 in chips)
B_loJkl: posts small blind $1
Yordan34b20: posts big blind $3
*** HOLE CARDS ***
B_loJkl: folds
Uncalled bet ($2) returned to Yordan34b20
Yordan34b20 collected $2 from pot
Agrotait leaves the table
*** SUMMARY ***
Total pot $2 | Rake $0
Seat 1: Yordan34b20 (big blind) collected ($2)
Seat 2: B_loJkl (button) (small blind) folded before Flop


PokerStars Hand #169011771709:  Hold'em Limit ($3/$6 USD) - 2017/04/14 1:49:46 ET
Table 'Athor II' 6-max Seat #1 is the button
Seat 1: Yordan34b20 ($35.50 in chips)
Seat 2: B_loJkl ($172.42 in chips)
Yordan34b20: posts small blind $1
B_loJkl: posts big blind $3
*** HOLE CARDS ***
Yordan34b20: folds
Uncalled bet ($2) returned to B_loJkl
B_loJkl collected $2 from pot
B_loJkl: doesn't show hand
*** SUMMARY ***
Total pot $2 | Rake $0
Seat 1: Yordan34b20 (button) (small blind) folded before Flop
Seat 2: B_loJkl (big blind) collected ($2)


PokerStars Hand #169011763578:  Hold'em Limit ($3/$6 USD) - 2017/04/14 1:49:18 ET
Table 'Athor II' 6-max Seat #2 is the button
Seat 1: Yordan34b20 ($65.50 in chips)
Seat 2: B_loJkl ($142.92 in chips)
B_loJkl: posts small blind $1
Yordan34b20: posts big blind $3
*** HOLE CARDS ***
B_loJkl: raises $3 to $6
Yordan34b20: calls $3
*** FLOP *** [Qh 6d Ks]
Yordan34b20: checks
B_loJkl: bets $3
Yordan34b20: raises $3 to $6
B_loJkl: calls $3
*** TURN *** [Qh 6d Ks] [7s]
Yordan34b20: checks
B_loJkl: bets $6
Yordan34b20: raises $6 to $12
B_loJkl: calls $6
*** RIVER *** [Qh 6d Ks 7s] [7h]
Yordan34b20: bets $6
B_loJkl: calls $6
*** SHOW DOWN ***
Yordan34b20: shows [Qd 6h] (two pair, Queens and Sevens)
B_loJkl: shows [3c Kd] (two pair, Kings and Sevens)
B_loJkl collected $59.50 from pot
*** SUMMARY ***
Total pot $60 | Rake $0.50
Board [Qh 6d Ks 7s 7h]
Seat 1: Yordan34b20 (big blind) showed [Qd 6h] and lost with two pair, Queens and Sevens
Seat 2: B_loJkl (button) (small blind) showed [3c Kd] and won ($59.50) with two pair, Kings and Sevens


PokerStars Hand #169011756400:  Hold'em Limit ($3/$6 USD) - 2017/04/14 1:48:54 ET
Table 'Athor II' 6-max Seat #1 is the button
Seat 1: Yordan34b20 ($77.50 in chips)
Seat 2: B_loJkl ($131.40 in chips)
Yordan34b20: posts small blind $1
B_loJkl: posts big blind $3
*** HOLE CARDS ***
Yordan34b20: calls $2
B_loJkl: raises $3 to $6
Yordan34b20: calls $3
*** FLOP *** [7c 9s 6d]
B_loJkl: bets $3
Yordan34b20: raises $3 to $6
B_loJkl: calls $3
*** TURN *** [7c 9s 6d] [6h]
B_loJkl: checks
Yordan34b20: checks
*** RIVER *** [7c 9s 6d 6h] [Jd]
B_loJkl: checks
Yordan34b20: checks
*** SHOW DOWN ***
B_loJkl: shows [Ah 7d] (two pair, Sevens and Sixes)
Yordan34b20: mucks hand
B_loJkl collected $23.52 from pot
*** SUMMARY ***
Total pot $24 | Rake $0.48
Board [7c 9s 6d 6h Jd]
Seat 1: Yordan34b20 (button) (small blind) mucked
Seat 2: B_loJkl (big blind) showed [Ah 7d] and won ($23.52) with two pair, Sevens and Sixes


PokerStars Hand #169011774438:  Hold'em Limit ($3/$6 USD) - 2017/04/14 1:49:55 ET
Table 'Athor II' 6-max Seat #1 is the button
Seat 1: Yordan34b20 ($35.50 in chips)
Seat 2: B_loJkl ($172.42 in chips)
Yordan34b20: posts small blind $1
B_loJkl: posts big blind $3
*** HOLE CARDS ***
Yordan34b20: raises $3 to $6
B_loJkl: calls $3
*** FLOP *** [4d Kh 2h]
B_loJkl: checks
Yordan34b20: bets $3
B_loJkl: calls $3
*** TURN *** [4d Kh 2h] [4h]
B_loJkl: checks
Yordan34b20: bets $6
B_loJkl: calls $6
*** RIVER *** [4d Kh 2h 4h] [7h]
B_loJkl: bets $6
Yordan34b20: folds
Uncalled bet ($6) returned to B_loJkl
ermolov1 joins the table at seat #3
B_loJkl collected $29.50 from pot
B_loJkl: doesn't show hand
*** SUMMARY ***
Total pot $30 | Rake $0.50
Board [4d Kh 2h 4h 7h]
Seat 1: Yordan34b20 (button) (small blind) folded on the River
Seat 2: B_loJkl (big blind) collected ($29.50)


