PokerStars Hand #161342680376:  Hold'em Limit ($3/$6 USD) - 2016/11/13 12:01:25 ET
Table 'Athor' 6-max Seat #6 is the button
Seat 1: edelgold ($30.80 in chips)
Seat 6: jackRizzar ($180 in chips)
jackRizzar: posts small blind $1
edelgold: posts big blind $3
*** HOLE CARDS ***
jackRizzar: raises $3 to $6
edelgold: folds
Uncalled bet ($3) returned to jackRizzar
jackRizzar collected $6 from pot
jackRizzar: doesn't show hand
*** SUMMARY ***
Total pot $6 | Rake $0
Seat 1: edelgold (big blind) folded before Flop
Seat 6: jackRizzar (button) (small blind) collected ($6)


PokerStars Hand #161342720624:  Hold'em Limit ($3/$6 USD) - 2016/11/13 12:02:11 ET
Table 'Athor' 6-max Seat #6 is the button
Seat 1: edelgold ($13.33 in chips)
Seat 6: jackRizzar ($196.70 in chips)
jackRizzar: posts small blind $1
edelgold: posts big blind $3
*** HOLE CARDS ***
jackRizzar: raises $3 to $6
edelgold: raises $3 to $9
jackRizzar: calls $3
*** FLOP *** [Kc 9d 7c]
edelgold: bets $3
jackRizzar: folds
Uncalled bet ($3) returned to edelgold
edelgold collected $17.64 from pot
*** SUMMARY ***
Total pot $18 | Rake $0.36
Board [Kc 9d 7c]
Seat 1: edelgold (big blind) collected ($17.64)
Seat 6: jackRizzar (button) (small blind) folded on the Flop


PokerStars Hand #161342709104:  Hold'em Limit ($3/$6 USD) - 2016/11/13 12:01:58 ET
Table 'Athor' 6-max Seat #1 is the button
Seat 1: edelgold ($6.80 in chips)
Seat 6: jackRizzar ($203.50 in chips)
edelgold: posts small blind $1
jackRizzar: posts big blind $3
*** HOLE CARDS ***
edelgold: raises $3 to $6
jackRizzar: raises $3 to $9
edelgold: calls $0.80 and is all-in
Uncalled bet ($2.20) returned to jackRizzar
*** FLOP *** [Qc 7d 7h]
*** TURN *** [Qc 7d 7h] [8d]
*** RIVER *** [Qc 7d 7h 8d] [As]
*** SHOW DOWN ***
jackRizzar: shows [2h 9c] (a pair of Sevens)
edelgold: shows [Js 6s] (a pair of Sevens - Ace+Queen+Jack kicker)
edelgold collected $13.33 from pot
*** SUMMARY ***
Total pot $13.60 | Rake $0.27
Board [Qc 7d 7h 8d As]
Seat 1: edelgold (button) (small blind) showed [Js 6s] and won ($13.33) with a pair of Sevens
Seat 6: jackRizzar (big blind) showed [2h 9c] and lost with a pair of Sevens


PokerStars Hand #161342730695:  Hold'em Limit ($3/$6 USD) - 2016/11/13 12:02:21 ET
Table 'Athor' 6-max Seat #1 is the button
Seat 1: edelgold ($21.97 in chips)
Seat 6: jackRizzar ($187.70 in chips)
edelgold: posts small blind $1
jackRizzar: posts big blind $3
*** HOLE CARDS ***
edelgold: raises $3 to $6
jackRizzar: calls $3
*** FLOP *** [3h 3s 6d]
jackRizzar: checks
edelgold: bets $3
jackRizzar: folds
Uncalled bet ($3) returned to edelgold
edelgold collected $11.76 from pot
*** SUMMARY ***
Total pot $12 | Rake $0.24
Board [3h 3s 6d]
Seat 1: edelgold (button) (small blind) collected ($11.76)
Seat 6: jackRizzar (big blind) folded on the Flop


PokerStars Hand #161342703435:  Hold'em Limit ($3/$6 USD) - 2016/11/13 12:01:52 ET
Table 'Athor' 6-max Seat #6 is the button
Seat 1: edelgold ($9.80 in chips)
Seat 6: jackRizzar ($200.50 in chips)
jackRizzar: posts small blind $1
edelgold: posts big blind $3
*** HOLE CARDS ***
jackRizzar: raises $3 to $6
edelgold: folds
Uncalled bet ($3) returned to jackRizzar
jackRizzar collected $6 from pot
jackRizzar: doesn't show hand
*** SUMMARY ***
Total pot $6 | Rake $0
Seat 1: edelgold (big blind) folded before Flop
Seat 6: jackRizzar (button) (small blind) collected ($6)


PokerStars Hand #161342690203:  Hold'em Limit ($3/$6 USD) - 2016/11/13 12:01:36 ET
Table 'Athor' 6-max Seat #1 is the button
Seat 1: edelgold ($27.80 in chips)
Seat 6: jackRizzar ($183 in chips)
edelgold: posts small blind $1
jackRizzar: posts big blind $3
*** HOLE CARDS ***
edelgold: raises $3 to $6
jackRizzar: calls $3
*** FLOP *** [3d 2c 5h]
TbIP-TbIP 88 joins the table at seat #2
jackRizzar: checks
edelgold: bets $3
jackRizzar: raises $3 to $6
edelgold: calls $3
*** TURN *** [3d 2c 5h] [6c]
jackRizzar: bets $6
edelgold: calls $6
*** RIVER *** [3d 2c 5h 6c] [As]
jackRizzar: bets $6
edelgold: folds
Uncalled bet ($6) returned to jackRizzar
jackRizzar collected $35.50 from pot
jackRizzar: doesn't show hand
*** SUMMARY ***
Total pot $36 | Rake $0.50
Board [3d 2c 5h 6c As]
Seat 1: edelgold (button) (small blind) folded on the River
Seat 6: jackRizzar (big blind) collected ($35.50)


PokerStars Hand #161342739567:  Hold'em Limit ($3/$6 USD) - 2016/11/13 12:02:31 ET
Table 'Athor' 6-max Seat #6 is the button
Seat 1: edelgold ($27.73 in chips)
Seat 6: jackRizzar ($181.70 in chips)
jackRizzar: posts small blind $1
edelgold: posts big blind $3
*** HOLE CARDS ***
jackRizzar: raises $3 to $6
edelgold: raises $3 to $9
jackRizzar: calls $3
*** FLOP *** [Ac 8h 5s]
edelgold: bets $3
jackRizzar: calls $3
*** TURN *** [Ac 8h 5s] [Qs]
edelgold: bets $6
jackRizzar: raises $6 to $12
edelgold: raises $3.73 to $15.73 and is all-in
jackRizzar: calls $3.73
*** RIVER *** [Ac 8h 5s Qs] [3d]
*** SHOW DOWN ***
edelgold: shows [Jc Qc] (a pair of Queens)
jackRizzar: shows [Ad 2h] (a pair of Aces)
jackRizzar collected $54.96 from pot
*** SUMMARY ***
Total pot $55.46 | Rake $0.50
Board [Ac 8h 5s Qs 3d]
Seat 1: edelgold (big blind) showed [Jc Qc] and lost with a pair of Queens
Seat 6: jackRizzar (button) (small blind) showed [Ad 2h] and won ($54.96) with a pair of Aces


