PokerStars Hand #166404915871:  Hold'em Limit ($3/$6 USD) - 2017/02/18 12:58:17 ET
Table 'Athor' 10-max Seat #8 is the button
Seat 8: TinaTurner72 ($120 in chips)
Seat 9: japachess ($60 in chips)
TinaTurner72: posts small blind $1
japachess: posts big blind $3
*** HOLE CARDS ***
TinaTurner72: raises $3 to $6
japachess: calls $3
*** FLOP *** [Ks 9c 2s]
japachess: checks
TinaTurner72: bets $3
japachess: folds
Uncalled bet ($3) returned to TinaTurner72
TinaTurner72 collected $11.76 from pot
TinaTurner72: doesn't show hand
*** SUMMARY ***
Total pot $12 | Rake $0.24
Board [Ks 9c 2s]
Seat 8: TinaTurner72 (button) (small blind) collected ($11.76)
Seat 9: japachess (big blind) folded on the Flop


PokerStars Hand #166404924603:  Hold'em Limit ($3/$6 USD) - 2017/02/18 12:58:30 ET
Table 'Athor' 10-max Seat #9 is the button
Seat 8: TinaTurner72 ($125.76 in chips)
Seat 9: japachess ($54 in chips)
japachess: posts small blind $1
TinaTurner72: posts big blind $3
*** HOLE CARDS ***
japachess: raises $3 to $6
TinaTurner72: calls $3
*** FLOP *** [8h Ts 6s]
TinaTurner72: checks
japachess: bets $3
TinaTurner72: calls $3
*** TURN *** [8h Ts 6s] [Td]
TinaTurner72: checks
japachess: bets $6
TinaTurner72: calls $6
*** RIVER *** [8h Ts 6s Td] [6d]
TinaTurner72: checks
japachess: bets $6
TinaTurner72: raises $6 to $12
japachess: calls $6
*** SHOW DOWN ***
TinaTurner72: shows [4c 6c] (a full house, Sixes full of Tens)
japachess: mucks hand
TinaTurner72 collected $53.50 from pot
*** SUMMARY ***
Total pot $54 | Rake $0.50
Board [8h Ts 6s Td 6d]
Seat 8: TinaTurner72 (big blind) showed [4c 6c] and won ($53.50) with a full house, Sixes full of Tens
Seat 9: japachess (button) (small blind) mucked


PokerStars Hand #166404949640:  Hold'em Limit ($3/$6 USD) - 2017/02/18 12:59:05 ET
Table 'Athor' 10-max Seat #8 is the button
Seat 8: TinaTurner72 ($152.26 in chips)
Seat 9: japachess ($27 in chips)
TinaTurner72: posts small blind $1
japachess: posts big blind $3
*** HOLE CARDS ***
TinaTurner72: raises $3 to $6
japachess: raises $3 to $9
TinaTurner72: calls $3
*** FLOP *** [5s 8h 4c]
japachess: bets $3
TinaTurner72: folds
Uncalled bet ($3) returned to japachess
japachess collected $17.64 from pot
japachess: doesn't show hand
*** SUMMARY ***
Total pot $18 | Rake $0.36
Board [5s 8h 4c]
Seat 8: TinaTurner72 (button) (small blind) folded on the Flop
Seat 9: japachess (big blind) collected ($17.64)


PokerStars Hand #166404959236:  Hold'em Limit ($3/$6 USD) - 2017/02/18 12:59:19 ET
Table 'Athor' 10-max Seat #9 is the button
Seat 8: TinaTurner72 ($143.26 in chips)
Seat 9: japachess ($35.64 in chips)
japachess: posts small blind $1
TinaTurner72: posts big blind $3
*** HOLE CARDS ***
japachess: raises $3 to $6
TinaTurner72: calls $3
*** FLOP *** [2d Js 4s]
TinaTurner72: checks
japachess: bets $3
TinaTurner72: raises $3 to $6
japachess: calls $3
*** TURN *** [2d Js 4s] [Qh]
TinaTurner72: checks
japachess: bets $6
TinaTurner72: calls $6
*** RIVER *** [2d Js 4s Qh] [4d]
TinaTurner72: checks
japachess: bets $6
TinaTurner72: calls $6
*** SHOW DOWN ***
japachess: shows [Qd Kh] (two pair, Queens and Fours)
TinaTurner72: mucks hand
japachess collected $47.50 from pot
*** SUMMARY ***
Total pot $48 | Rake $0.50
Board [2d Js 4s Qh 4d]
Seat 8: TinaTurner72 (big blind) mucked
Seat 9: japachess (button) (small blind) showed [Qd Kh] and won ($47.50) with two pair, Queens and Fours


PokerStars Hand #166404976147:  Hold'em Limit ($3/$6 USD) - 2017/02/18 12:59:43 ET
Table 'Athor' 10-max Seat #8 is the button
Seat 8: TinaTurner72 ($119.26 in chips)
Seat 9: japachess ($59.14 in chips)
TinaTurner72: posts small blind $1
japachess: posts big blind $3
*** HOLE CARDS ***
TinaTurner72: raises $3 to $6
japachess: raises $3 to $9
TinaTurner72: calls $3
*** FLOP *** [6d 3d 9h]
japachess: checks
TinaTurner72: bets $3
japachess: raises $3 to $6
TinaTurner72: calls $3
*** TURN *** [6d 3d 9h] [5s]
japachess: bets $6
TinaTurner72: calls $6
*** RIVER *** [6d 3d 9h 5s] [8h]
japachess: bets $6
TinaTurner72: calls $6
*** SHOW DOWN ***
japachess: shows [Ad Kc] (high card Ace)
TinaTurner72: shows [6c Jc] (a pair of Sixes)
TinaTurner72 collected $53.50 from pot
*** SUMMARY ***
Total pot $54 | Rake $0.50
Board [6d 3d 9h 5s 8h]
Seat 8: TinaTurner72 (button) (small blind) showed [6c Jc] and won ($53.50) with a pair of Sixes
Seat 9: japachess (big blind) showed [Ad Kc] and lost with high card Ace


PokerStars Hand #166404993571:  Hold'em Limit ($3/$6 USD) - 2017/02/18 13:00:08 ET
Table 'Athor' 10-max Seat #9 is the button
Seat 8: TinaTurner72 ($145.76 in chips)
Seat 9: japachess ($32.14 in chips)
japachess: posts small blind $1
TinaTurner72: posts big blind $3
*** HOLE CARDS ***
japachess: raises $3 to $6
TinaTurner72: raises $3 to $9
japachess: raises $3 to $12
Betting is capped
TinaTurner72: calls $3
*** FLOP *** [7c 6c Kd]
TinaTurner72: checks
japachess: bets $3
TinaTurner72: calls $3
*** TURN *** [7c 6c Kd] [9d]
TinaTurner72: checks
japachess: bets $6
TinaTurner72: calls $6
*** RIVER *** [7c 6c Kd 9d] [4s]
TinaTurner72: checks
japachess: bets $6
TinaTurner72: calls $6
*** SHOW DOWN ***
japachess: shows [7s As] (a pair of Sevens)
TinaTurner72: mucks hand
japachess collected $53.50 from pot
*** SUMMARY ***
Total pot $54 | Rake $0.50
Board [7c 6c Kd 9d 4s]
Seat 8: TinaTurner72 (big blind) mucked
Seat 9: japachess (button) (small blind) showed [7s As] and won ($53.50) with a pair of Sevens


PokerStars Hand #166405010239:  Hold'em Limit ($3/$6 USD) - 2017/02/18 13:00:31 ET
Table 'Athor' 10-max Seat #8 is the button
Seat 8: TinaTurner72 ($118.76 in chips)
Seat 9: japachess ($58.64 in chips)
TinaTurner72: posts small blind $1
japachess: posts big blind $3
*** HOLE CARDS ***
TinaTurner72: raises $3 to $6
japachess: raises $3 to $9
TinaTurner72: calls $3
*** FLOP *** [6c 9h 9s]
japachess: checks
TinaTurner72: bets $3
japachess: calls $3
*** TURN *** [6c 9h 9s] [6h]
japachess: checks
TinaTurner72: bets $6
japachess: raises $6 to $12
TinaTurner72: folds
Uncalled bet ($6) returned to japachess
japachess collected $35.50 from pot
japachess: doesn't show hand
*** SUMMARY ***
Total pot $36 | Rake $0.50
Board [6c 9h 9s 6h]
Seat 8: TinaTurner72 (button) (small blind) folded on the Turn
Seat 9: japachess (big blind) collected ($35.50)


PokerStars Hand #166405037825:  Hold'em Limit ($3/$6 USD) - 2017/02/18 13:01:08 ET
Table 'Athor' 10-max Seat #9 is the button
Seat 8: TinaTurner72 ($108.40 in chips)
Seat 9: japachess ($68.14 in chips)
japachess: posts small blind $1
TinaTurner72: posts big blind $3
*** HOLE CARDS ***
japachess: folds
Uncalled bet ($2) returned to TinaTurner72
TinaTurner72 collected $2 from pot
TinaTurner72: doesn't show hand
*** SUMMARY ***
Total pot $2 | Rake $0
Seat 8: TinaTurner72 (big blind) collected ($2)
Seat 9: japachess (button) (small blind) folded before Flop


PokerStars Hand #166405033640:  Hold'em Limit ($3/$6 USD) - 2017/02/18 13:01:03 ET
Table 'Athor' 10-max Seat #8 is the button
Seat 8: TinaTurner72 ($109.40 in chips)
Seat 9: japachess ($67.14 in chips)
TinaTurner72: posts small blind $1
japachess: posts big blind $3
*** HOLE CARDS ***
TinaTurner72: folds
Uncalled bet ($2) returned to japachess
japachess collected $2 from pot
japachess: doesn't show hand
*** SUMMARY ***
Total pot $2 | Rake $0
Seat 8: TinaTurner72 (button) (small blind) folded before Flop
Seat 9: japachess (big blind) collected ($2)


PokerStars Hand #166405026622:  Hold'em Limit ($3/$6 USD) - 2017/02/18 13:00:54 ET
Table 'Athor' 10-max Seat #9 is the button
Seat 8: TinaTurner72 ($100.76 in chips)
Seat 9: japachess ($76.14 in chips)
japachess: posts small blind $1
TinaTurner72: posts big blind $3
*** HOLE CARDS ***
japachess: raises $3 to $6
TinaTurner72: raises $3 to $9
japachess: calls $3
*** FLOP *** [3h 5d Ks]
TinaTurner72: bets $3
japachess: folds
Uncalled bet ($3) returned to TinaTurner72
TinaTurner72 collected $17.64 from pot
TinaTurner72: doesn't show hand
*** SUMMARY ***
Total pot $18 | Rake $0.36
Board [3h 5d Ks]
Seat 8: TinaTurner72 (big blind) collected ($17.64)
Seat 9: japachess (button) (small blind) folded on the Flop


PokerStars Hand #166405042359:  Hold'em Limit ($3/$6 USD) - 2017/02/18 13:01:14 ET
Table 'Athor' 10-max Seat #8 is the button
Seat 8: TinaTurner72 ($109.40 in chips)
Seat 9: japachess ($67.14 in chips)
TinaTurner72: posts small blind $1
japachess: posts big blind $3
*** HOLE CARDS ***
TinaTurner72: raises $3 to $6
japachess: calls $3
*** FLOP *** [Th Jc 3d]
japachess: checks
TinaTurner72: bets $3
japachess: calls $3
*** TURN *** [Th Jc 3d] [6h]
japachess: checks
TinaTurner72: bets $6
japachess: calls $6
*** RIVER *** [Th Jc 3d 6h] [Ad]
japachess: checks
TinaTurner72: bets $6
japachess: calls $6
*** SHOW DOWN ***
TinaTurner72: shows [Ks Kd] (a pair of Kings)
japachess: mucks hand
TinaTurner72 collected $41.50 from pot
*** SUMMARY ***
Total pot $42 | Rake $0.50
Board [Th Jc 3d 6h Ad]
Seat 8: TinaTurner72 (button) (small blind) showed [Ks Kd] and won ($41.50) with a pair of Kings
Seat 9: japachess (big blind) mucked


PokerStars Hand #166405058143:  Hold'em Limit ($3/$6 USD) - 2017/02/18 13:01:34 ET
Table 'Athor' 10-max Seat #9 is the button
Seat 8: TinaTurner72 ($129.90 in chips)
Seat 9: japachess ($46.14 in chips)
japachess: posts small blind $1
TinaTurner72: posts big blind $3
*** HOLE CARDS ***
japachess: raises $3 to $6
TinaTurner72: calls $3
*** FLOP *** [Jc 4d Th]
TinaTurner72: checks
japachess: bets $3
TinaTurner72: raises $3 to $6
japachess: folds
Uncalled bet ($3) returned to TinaTurner72
TinaTurner72 collected $17.64 from pot
TinaTurner72: doesn't show hand
*** SUMMARY ***
Total pot $18 | Rake $0.36
Board [Jc 4d Th]
Seat 8: TinaTurner72 (big blind) collected ($17.64)
Seat 9: japachess (button) (small blind) folded on the Flop


PokerStars Hand #166405071314:  Hold'em Limit ($3/$6 USD) - 2017/02/18 13:01:50 ET
Table 'Athor' 10-max Seat #8 is the button
Seat 8: TinaTurner72 ($138.54 in chips)
Seat 9: japachess ($37.14 in chips)
TinaTurner72: posts small blind $1
japachess: posts big blind $3
*** HOLE CARDS ***
TinaTurner72: raises $3 to $6
japachess: calls $3
*** FLOP *** [As Th 8d]
japachess: checks
TinaTurner72: bets $3
japachess: calls $3
*** TURN *** [As Th 8d] [Ks]
japachess: checks
TinaTurner72: bets $6
japachess: calls $6
*** RIVER *** [As Th 8d Ks] [8s]
japachess: checks
TinaTurner72: checks
*** SHOW DOWN ***
japachess: shows [Kh 5s] (two pair, Kings and Eights)
TinaTurner72: mucks hand
japachess collected $29.50 from pot
*** SUMMARY ***
Total pot $30 | Rake $0.50
Board [As Th 8d Ks 8s]
Seat 8: TinaTurner72 (button) (small blind) mucked
Seat 9: japachess (big blind) showed [Kh 5s] and won ($29.50) with two pair, Kings and Eights


PokerStars Hand #166405084260:  Hold'em Limit ($3/$6 USD) - 2017/02/18 13:02:07 ET
Table 'Athor' 10-max Seat #9 is the button
Seat 8: TinaTurner72 ($123.54 in chips)
Seat 9: japachess ($51.64 in chips)
japachess: posts small blind $1
TinaTurner72: posts big blind $3
*** HOLE CARDS ***
japachess: raises $3 to $6
TinaTurner72: calls $3
*** FLOP *** [7h Jc Ac]
TinaTurner72: checks
japachess: bets $3
TinaTurner72: calls $3
*** TURN *** [7h Jc Ac] [Ah]
TinaTurner72: checks
japachess: bets $6
TinaTurner72: calls $6
*** RIVER *** [7h Jc Ac Ah] [6d]
TinaTurner72: checks
japachess: bets $6
TinaTurner72: calls $6
*** SHOW DOWN ***
japachess: shows [4h Js] (two pair, Aces and Jacks)
TinaTurner72: mucks hand
japachess collected $41.50 from pot
*** SUMMARY ***
Total pot $42 | Rake $0.50
Board [7h Jc Ac Ah 6d]
Seat 8: TinaTurner72 (big blind) mucked
Seat 9: japachess (button) (small blind) showed [4h Js] and won ($41.50) with two pair, Aces and Jacks


PokerStars Hand #166405103313:  Hold'em Limit ($3/$6 USD) - 2017/02/18 13:02:30 ET
Table 'Athor' 10-max Seat #8 is the button
Seat 8: TinaTurner72 ($102.54 in chips)
Seat 9: japachess ($72.14 in chips)
TinaTurner72: posts small blind $1
japachess: posts big blind $3
*** HOLE CARDS ***
TinaTurner72: raises $3 to $6
japachess: calls $3
*** FLOP *** [7c 4c As]
japachess: checks
TinaTurner72: bets $3
japachess: calls $3
*** TURN *** [7c 4c As] [8s]
japachess: checks
TinaTurner72: bets $6
japachess: calls $6
*** RIVER *** [7c 4c As 8s] [6d]
japachess: checks
TinaTurner72: checks
*** SHOW DOWN ***
japachess: shows [4s Jd] (a pair of Fours)
TinaTurner72: shows [6c 9c] (a pair of Sixes)
TinaTurner72 collected $29.50 from pot
*** SUMMARY ***
Total pot $30 | Rake $0.50
Board [7c 4c As 8s 6d]
Seat 8: TinaTurner72 (button) (small blind) showed [6c 9c] and won ($29.50) with a pair of Sixes
Seat 9: japachess (big blind) showed [4s Jd] and lost with a pair of Fours


PokerStars Hand #166405121807:  Hold'em Limit ($3/$6 USD) - 2017/02/18 13:02:49 ET
Table 'Athor' 10-max Seat #9 is the button
Seat 8: TinaTurner72 ($117.04 in chips)
Seat 9: japachess ($57.14 in chips)
japachess: posts small blind $1
TinaTurner72: posts big blind $3
*** HOLE CARDS ***
japachess: raises $3 to $6
TinaTurner72: calls $3
*** FLOP *** [3s 5d 8d]
TinaTurner72: checks
japachess: bets $3
TinaTurner72: raises $3 to $6
japachess: calls $3
*** TURN *** [3s 5d 8d] [9c]
TinaTurner72: checks
japachess: bets $6
TinaTurner72: calls $6
*** RIVER *** [3s 5d 8d 9c] [Qh]
TinaTurner72: checks
japachess: bets $6
TinaTurner72: calls $6
*** SHOW DOWN ***
japachess: shows [7s 5s] (a pair of Fives)
TinaTurner72: mucks hand
japachess collected $47.50 from pot
*** SUMMARY ***
Total pot $48 | Rake $0.50
Board [3s 5d 8d 9c Qh]
Seat 8: TinaTurner72 (big blind) mucked
Seat 9: japachess (button) (small blind) showed [7s 5s] and won ($47.50) with a pair of Fives


PokerStars Hand #166405173097:  Hold'em Limit ($3/$6 USD) - 2017/02/18 13:03:47 ET
Table 'Athor' 10-max Seat #9 is the button
Seat 8: TinaTurner72 ($84.04 in chips)
Seat 9: japachess ($89.28 in chips)
japachess: posts small blind $1
TinaTurner72: posts big blind $3
*** HOLE CARDS ***
japachess: raises $3 to $6
TinaTurner72: folds
Uncalled bet ($3) returned to japachess
japachess collected $6 from pot
japachess: doesn't show hand
*** SUMMARY ***
Total pot $6 | Rake $0
Seat 8: TinaTurner72 (big blind) folded before Flop
Seat 9: japachess (button) (small blind) collected ($6)


PokerStars Hand #166405179992:  Hold'em Limit ($3/$6 USD) - 2017/02/18 13:03:55 ET
Table 'Athor' 10-max Seat #8 is the button
Seat 8: TinaTurner72 ($81.04 in chips)
Seat 9: japachess ($92.28 in chips)
TinaTurner72: posts small blind $1
japachess: posts big blind $3
*** HOLE CARDS ***
TinaTurner72: raises $3 to $6
japachess: raises $3 to $9
TinaTurner72: calls $3
*** FLOP *** [7s 6s Qh]
japachess: bets $3
TinaTurner72: calls $3
*** TURN *** [7s 6s Qh] [2c]
japachess: bets $6
TinaTurner72: raises $6 to $12
japachess: calls $6
*** RIVER *** [7s 6s Qh 2c] [4d]
gogo3474 joins the table at seat #7
japachess: checks
TinaTurner72: bets $6
japachess: calls $6
*** SHOW DOWN ***
TinaTurner72: shows [5h Qs] (a pair of Queens)
japachess: mucks hand
TinaTurner72 collected $59.50 from pot
*** SUMMARY ***
Total pot $60 | Rake $0.50
Board [7s 6s Qh 2c 4d]
Seat 8: TinaTurner72 (button) (small blind) showed [5h Qs] and won ($59.50) with a pair of Queens
Seat 9: japachess (big blind) mucked


PokerStars Hand #166405159567:  Hold'em Limit ($3/$6 USD) - 2017/02/18 13:03:32 ET
Table 'Athor' 10-max Seat #8 is the button
Seat 8: TinaTurner72 ($93.04 in chips)
Seat 9: japachess ($80.64 in chips)
TinaTurner72: posts small blind $1
japachess: posts big blind $3
*** HOLE CARDS ***
TinaTurner72: raises $3 to $6
japachess: calls $3
*** FLOP *** [Ah 2c Qc]
japachess: checks
TinaTurner72: bets $3
japachess: calls $3
*** TURN *** [Ah 2c Qc] [Kh]
japachess: checks
TinaTurner72: checks
*** RIVER *** [Ah 2c Qc Kh] [Qh]
japachess: bets $6
TinaTurner72: folds
Uncalled bet ($6) returned to japachess
japachess collected $17.64 from pot
japachess: doesn't show hand
*** SUMMARY ***
Total pot $18 | Rake $0.36
Board [Ah 2c Qc Kh Qh]
Seat 8: TinaTurner72 (button) (small blind) folded on the River
Seat 9: japachess (big blind) collected ($17.64)


PokerStars Hand #166405332020:  Hold'em Limit ($3/$6 USD) - 2017/02/18 13:06:39 ET
Table 'Athor' 10-max Seat #8 is the button
Seat 8: TinaTurner72 ($81.79 in chips)
Seat 9: japachess ($86.45 in chips)
TinaTurner72: posts small blind $1
japachess: posts big blind $3
*** HOLE CARDS ***
TinaTurner72: raises $3 to $6
japachess: calls $3
*** FLOP *** [Kd Jd 7h]
japachess: checks
TinaTurner72: bets $3
japachess: calls $3
*** TURN *** [Kd Jd 7h] [Ad]
japachess: checks
TinaTurner72: bets $6
japachess: folds
Uncalled bet ($6) returned to TinaTurner72
TinaTurner72 collected $17.64 from pot
TinaTurner72: doesn't show hand
*** SUMMARY ***
Total pot $18 | Rake $0.36
Board [Kd Jd 7h Ad]
Seat 8: TinaTurner72 (button) (small blind) collected ($17.64)
Seat 9: japachess (big blind) folded on the Turn


PokerStars Hand #166405310781:  Hold'em Limit ($3/$6 USD) - 2017/02/18 13:06:17 ET
Table 'Athor' 10-max Seat #9 is the button
Seat 8: TinaTurner72 ($84.79 in chips)
Seat 9: japachess ($83.45 in chips)
japachess: posts small blind $1
gogo3474 is disconnected
gogo3474 has timed out while disconnected
gogo3474: is sitting out
TinaTurner72: posts big blind $3
*** HOLE CARDS ***
japachess: raises $3 to $6
TinaTurner72: folds
Uncalled bet ($3) returned to japachess
japachess collected $6 from pot
japachess: doesn't show hand
*** SUMMARY ***
Total pot $6 | Rake $0
Seat 8: TinaTurner72 (big blind) folded before Flop
Seat 9: japachess (button) (small blind) collected ($6)


PokerStars Hand #166405397707:  Hold'em Limit ($3/$6 USD) - 2017/02/18 13:07:51 ET
Table 'Athor' 10-max Seat #8 is the button
Seat 7: gogo3474 ($37.14 in chips)
Seat 8: TinaTurner72 ($91.43 in chips)
TinaTurner72: posts small blind $1
japachess: is sitting out
gogo3474: posts big blind $3
*** HOLE CARDS ***
japachess leaves the table
TinaTurner72: folds
Uncalled bet ($2) returned to gogo3474
gogo3474 collected $2 from pot
gogo3474: doesn't show hand
*** SUMMARY ***
Total pot $2 | Rake $0
Seat 7: gogo3474 (big blind) collected ($2)
Seat 8: TinaTurner72 (button) (small blind) folded before Flop


PokerStars Hand #166405403497:  Hold'em Limit ($3/$6 USD) - 2017/02/18 13:07:57 ET
Table 'Athor' 10-max Seat #7 is the button
Seat 7: gogo3474 ($38.14 in chips)
Seat 8: TinaTurner72 ($90.43 in chips)
gogo3474: posts small blind $1
TinaTurner72: posts big blind $3
*** HOLE CARDS ***
gogo3474: calls $2
TinaTurner72: checks
*** FLOP *** [As Td Kd]
TinaTurner72: checks
gogo3474: bets $3
TinaTurner72: folds
Uncalled bet ($3) returned to gogo3474
gogo3474 collected $5.88 from pot
gogo3474: doesn't show hand
*** SUMMARY ***
Total pot $6 | Rake $0.12
Board [As Td Kd]
Seat 7: gogo3474 (button) (small blind) collected ($5.88)
Seat 8: TinaTurner72 (big blind) folded on the Flop


PokerStars Hand #166405414419:  Hold'em Limit ($3/$6 USD) - 2017/02/18 13:08:09 ET
Table 'Athor' 10-max Seat #8 is the button
Seat 7: gogo3474 ($41.02 in chips)
Seat 8: TinaTurner72 ($87.43 in chips)
TinaTurner72: posts small blind $1
gogo3474: posts big blind $3
*** HOLE CARDS ***
TinaTurner72: raises $3 to $6
gogo3474: calls $3
*** FLOP *** [Ts 9s Jc]
gogo3474: bets $3
TinaTurner72: raises $3 to $6
gogo3474: calls $3
*** TURN *** [Ts 9s Jc] [7d]
gogo3474: checks
TinaTurner72: checks
*** RIVER *** [Ts 9s Jc 7d] [Ac]
gogo3474: checks
TinaTurner72: checks
*** SHOW DOWN ***
gogo3474: shows [9d 6c] (a pair of Nines)
TinaTurner72: mucks hand
gogo3474 collected $23.52 from pot
*** SUMMARY ***
Total pot $24 | Rake $0.48
Board [Ts 9s Jc 7d Ac]
Seat 7: gogo3474 (big blind) showed [9d 6c] and won ($23.52) with a pair of Nines
Seat 8: TinaTurner72 (button) (small blind) mucked


PokerStars Hand #166405466095:  Hold'em Limit ($3/$6 USD) - 2017/02/18 13:09:05 ET
Table 'Athor' 10-max Seat #8 is the button
Seat 7: gogo3474 ($25.54 in chips)
Seat 8: TinaTurner72 ($101.93 in chips)
TinaTurner72: posts small blind $1
gogo3474: posts big blind $3
*** HOLE CARDS ***
TinaTurner72: folds
Uncalled bet ($2) returned to gogo3474
gogo3474 collected $2 from pot
gogo3474: doesn't show hand
*** SUMMARY ***
Total pot $2 | Rake $0
Seat 7: gogo3474 (big blind) collected ($2)
Seat 8: TinaTurner72 (button) (small blind) folded before Flop


PokerStars Hand #166405438770:  Hold'em Limit ($3/$6 USD) - 2017/02/18 13:08:35 ET
Table 'Athor' 10-max Seat #7 is the button
Seat 7: gogo3474 ($52.54 in chips)
Seat 8: TinaTurner72 ($75.43 in chips)
gogo3474: posts small blind $1
TinaTurner72: posts big blind $3
*** HOLE CARDS ***
gogo3474: calls $2
TinaTurner72: raises $3 to $6
gogo3474: raises $3 to $9
TinaTurner72: raises $3 to $12
Betting is capped
gogo3474: calls $3
*** FLOP *** [7h 3h 7d]
TinaTurner72: bets $3
gogo3474: calls $3
*** TURN *** [7h 3h 7d] [2h]
TinaTurner72: bets $6
gogo3474: calls $6
*** RIVER *** [7h 3h 7d 2h] [Kh]
TinaTurner72: bets $6
gogo3474: calls $6
*** SHOW DOWN ***
TinaTurner72: shows [Qh Qs] (a flush, King high)
gogo3474: mucks hand
TinaTurner72 collected $53.50 from pot
*** SUMMARY ***
Total pot $54 | Rake $0.50
Board [7h 3h 7d 2h Kh]
Seat 7: gogo3474 (button) (small blind) mucked
Seat 8: TinaTurner72 (big blind) showed [Qh Qs] and won ($53.50) with a flush, King high


PokerStars Hand #166405498156:  Hold'em Limit ($3/$6 USD) - 2017/02/18 13:09:40 ET
Table 'Athor' 10-max Seat #8 is the button
Seat 7: gogo3474 ($52.58 in chips)
Seat 8: TinaTurner72 ($74.39 in chips)
TinaTurner72: posts small blind $1
gogo3474: posts big blind $3
*** HOLE CARDS ***
TinaTurner72: raises $3 to $6
gogo3474: calls $3
*** FLOP *** [Qh 8h 9d]
gogo3474: bets $3
TinaTurner72: calls $3
*** TURN *** [Qh 8h 9d] [2s]
gogo3474: bets $6
TinaTurner72: raises $6 to $12
gogo3474: folds
Uncalled bet ($6) returned to TinaTurner72
TinaTurner72 collected $29.50 from pot
TinaTurner72: doesn't show hand
*** SUMMARY ***
Total pot $30 | Rake $0.50
Board [Qh 8h 9d 2s]
Seat 7: gogo3474 (big blind) folded on the Turn
Seat 8: TinaTurner72 (button) (small blind) collected ($29.50)


PokerStars Hand #166405470937:  Hold'em Limit ($3/$6 USD) - 2017/02/18 13:09:10 ET
Table 'Athor' 10-max Seat #7 is the button
Seat 7: gogo3474 ($26.54 in chips)
Seat 8: TinaTurner72 ($100.93 in chips)
gogo3474: posts small blind $1
TinaTurner72: posts big blind $3
*** HOLE CARDS ***
gogo3474: raises $3 to $6
TinaTurner72: calls $3
*** FLOP *** [Jc Qc Js]
TinaTurner72: checks
gogo3474: bets $3
TinaTurner72: raises $3 to $6
gogo3474: raises $3 to $9
TinaTurner72: raises $3 to $12
Betting is capped
gogo3474: calls $3
*** TURN *** [Jc Qc Js] [3d]
TinaTurner72: bets $6
gogo3474: raises $2.54 to $8.54 and is all-in
TinaTurner72: calls $2.54
*** RIVER *** [Jc Qc Js 3d] [5h]
*** SHOW DOWN ***
TinaTurner72: shows [4s Qh] (two pair, Queens and Jacks)
gogo3474: shows [6s Qd] (two pair, Queens and Jacks - Six kicker)
gogo3474 collected $52.58 from pot
*** SUMMARY ***
Total pot $53.08 | Rake $0.50
Board [Jc Qc Js 3d 5h]
Seat 7: gogo3474 (button) (small blind) showed [6s Qd] and won ($52.58) with two pair, Queens and Jacks
Seat 8: TinaTurner72 (big blind) showed [4s Qh] and lost with two pair, Queens and Jacks


PokerStars Hand #166405511724:  Hold'em Limit ($3/$6 USD) - 2017/02/18 13:09:55 ET
Table 'Athor' 10-max Seat #7 is the button
Seat 7: gogo3474 ($37.58 in chips)
Seat 8: TinaTurner72 ($88.89 in chips)
gogo3474: posts small blind $1
TinaTurner72: posts big blind $3
*** HOLE CARDS ***
gogo3474: calls $2
TinaTurner72: checks
*** FLOP *** [9s As 5h]
TinaTurner72: checks
gogo3474: checks
*** TURN *** [9s As 5h] [4s]
TinaTurner72: bets $6
gogo3474: calls $6
*** RIVER *** [9s As 5h 4s] [9d]
TinaTurner72: checks
gogo3474: bets $6
TinaTurner72: calls $6
*** SHOW DOWN ***
gogo3474: shows [7h 8s] (a pair of Nines)
TinaTurner72: shows [8h 4d] (two pair, Nines and Fours)
TinaTurner72 collected $29.50 from pot
*** SUMMARY ***
Total pot $30 | Rake $0.50
Board [9s As 5h 4s 9d]
Seat 7: gogo3474 (button) (small blind) showed [7h 8s] and lost with a pair of Nines
Seat 8: TinaTurner72 (big blind) showed [8h 4d] and won ($29.50) with two pair, Nines and Fours


PokerStars Hand #166405539161:  Hold'em Limit ($3/$6 USD) - 2017/02/18 13:10:24 ET
Table 'Athor' 10-max Seat #7 is the button
Seat 7: gogo3474 ($23.58 in chips)
Seat 8: TinaTurner72 ($102.39 in chips)
gogo3474: posts small blind $1
TinaTurner72: posts big blind $3
*** HOLE CARDS ***
gogo3474: folds
Uncalled bet ($2) returned to TinaTurner72
TinaTurner72 collected $2 from pot
TinaTurner72: doesn't show hand
*** SUMMARY ***
Total pot $2 | Rake $0
Seat 7: gogo3474 (button) (small blind) folded before Flop
Seat 8: TinaTurner72 (big blind) collected ($2)


PokerStars Hand #166405533723:  Hold'em Limit ($3/$6 USD) - 2017/02/18 13:10:18 ET
Table 'Athor' 10-max Seat #8 is the button
Seat 7: gogo3474 ($22.58 in chips)
Seat 8: TinaTurner72 ($103.39 in chips)
TinaTurner72: posts small blind $1
gogo3474: posts big blind $3
*** HOLE CARDS ***
TinaTurner72: folds
Uncalled bet ($2) returned to gogo3474
gogo3474 collected $2 from pot
gogo3474: doesn't show hand
*** SUMMARY ***
Total pot $2 | Rake $0
Seat 7: gogo3474 (big blind) collected ($2)
Seat 8: TinaTurner72 (button) (small blind) folded before Flop


PokerStars Hand #166405543962:  Hold'em Limit ($3/$6 USD) - 2017/02/18 13:10:29 ET
Table 'Athor' 10-max Seat #8 is the button
Seat 7: gogo3474 ($22.58 in chips)
Seat 8: TinaTurner72 ($103.39 in chips)
TinaTurner72: posts small blind $1
gogo3474: posts big blind $3
*** HOLE CARDS ***
TinaTurner72: raises $3 to $6
gogo3474: raises $3 to $9
TinaTurner72: calls $3
*** FLOP *** [7s 4s 6d]
gogo3474: bets $3
TinaTurner72: calls $3
*** TURN *** [7s 4s 6d] [5d]
gogo3474: bets $6
TinaTurner72: raises $6 to $12
gogo3474: calls $4.58 and is all-in
Uncalled bet ($1.42) returned to TinaTurner72
*** RIVER *** [7s 4s 6d 5d] [Ad]
*** SHOW DOWN ***
gogo3474: shows [Qh Kh] (high card Ace)
TinaTurner72: shows [Th 5c] (a pair of Fives)
TinaTurner72 collected $44.66 from pot
*** SUMMARY ***
Total pot $45.16 | Rake $0.50
Board [7s 4s 6d 5d Ad]
Seat 7: gogo3474 (big blind) showed [Qh Kh] and lost with high card Ace
Seat 8: TinaTurner72 (button) (small blind) showed [Th 5c] and won ($44.66) with a pair of Fives


