PokerStars Hand #145846428439:  Hold'em Limit ($3/$6 USD) - 2015/12/24 9:49:59 ET
Table 'Atik' 6-max Seat #4 is the button
Seat 4: TbIP-TbIP 88 ($99.50 in chips)
Seat 6: adik603 ($46.06 in chips)
TbIP-TbIP 88: posts small blind $1
adik603: posts big blind $3
*** HOLE CARDS ***
TbIP-TbIP 88: folds
Uncalled bet ($2) returned to adik603
adik603 collected $2 from pot
*** SUMMARY ***
Total pot $2 | Rake $0
Seat 4: TbIP-TbIP 88 (button) (small blind) folded before Flop
Seat 6: adik603 (big blind) collected ($2)


PokerStars Hand #145846408529:  Hold'em Limit ($3/$6 USD) - 2015/12/24 9:49:31 ET
Table 'Atik' 6-max Seat #6 is the button
Seat 4: TbIP-TbIP 88 ($76 in chips)
Seat 6: adik603 ($47.64 in chips)
adik603: posts small blind $1
TbIP-TbIP 88: posts big blind $3
*** HOLE CARDS ***
adik603: raises $3 to $6
TbIP-TbIP 88: calls $3
*** FLOP *** [7s Ad 2s]
TbIP-TbIP 88: checks
adik603: bets $3
TbIP-TbIP 88: raises $3 to $6
adik603: calls $3
*** TURN *** [7s Ad 2s] [9h]
TbIP-TbIP 88: bets $6
adik603: raises $6 to $12
TbIP-TbIP 88: calls $6
*** RIVER *** [7s Ad 2s 9h] [6c]
TbIP-TbIP 88: checks
adik603: checks
*** SHOW DOWN ***
TbIP-TbIP 88: shows [Jh As] (a pair of Aces)
adik603: mucks hand
TbIP-TbIP 88 collected $47.50 from pot
*** SUMMARY ***
Total pot $48 | Rake $0.50
Board [7s Ad 2s 9h 6c]
Seat 4: TbIP-TbIP 88 (big blind) showed [Jh As] and won ($47.50) with a pair of Aces
Seat 6: adik603 (button) (small blind) mucked


PokerStars Hand #145846401394:  Hold'em Limit ($3/$6 USD) - 2015/12/24 9:49:22 ET
Table 'Atik' 6-max Seat #4 is the button
Seat 4: TbIP-TbIP 88 ($73 in chips)
Seat 6: adik603 ($50.64 in chips)
TbIP-TbIP 88: posts small blind $1
adik603: posts big blind $3
*** HOLE CARDS ***
TbIP-TbIP 88: raises $3 to $6
adik603: folds
Uncalled bet ($3) returned to TbIP-TbIP 88
TbIP-TbIP 88 collected $6 from pot
TbIP-TbIP 88: doesn't show hand
*** SUMMARY ***
Total pot $6 | Rake $0
Seat 4: TbIP-TbIP 88 (button) (small blind) collected ($6)
Seat 6: adik603 (big blind) folded before Flop


PokerStars Hand #145846397906:  Hold'em Limit ($3/$6 USD) - 2015/12/24 9:49:17 ET
Table 'Atik' 6-max Seat #6 is the button
Seat 4: TbIP-TbIP 88 ($72 in chips)
Seat 6: adik603 ($51.64 in chips)
adik603: posts small blind $1
TbIP-TbIP 88: posts big blind $3
*** HOLE CARDS ***
adik603: folds
Uncalled bet ($2) returned to TbIP-TbIP 88
TbIP-TbIP 88 collected $2 from pot
TbIP-TbIP 88: doesn't show hand
*** SUMMARY ***
Total pot $2 | Rake $0
Seat 4: TbIP-TbIP 88 (big blind) collected ($2)
Seat 6: adik603 (button) (small blind) folded before Flop


PokerStars Hand #145846347462:  Hold'em Limit ($3/$6 USD) - 2015/12/24 9:48:09 ET
Table 'Atik' 6-max Seat #4 is the button
Seat 4: TbIP-TbIP 88 ($73 in chips)
Seat 6: adik603 ($43 in chips)
TbIP-TbIP 88: posts small blind $1
adik603: posts big blind $3
*** HOLE CARDS ***
TbIP-TbIP 88: raises $3 to $6
adik603: calls $3
*** FLOP *** [9h Kd Kh]
adik603: checks
TbIP-TbIP 88: bets $3
adik603: calls $3
*** TURN *** [9h Kd Kh] [5h]
adik603: checks
TbIP-TbIP 88: checks
*** RIVER *** [9h Kd Kh 5h] [5d]
adik603: bets $6
TbIP-TbIP 88: folds
Uncalled bet ($6) returned to adik603
adik603 collected $17.64 from pot
*** SUMMARY ***
Total pot $18 | Rake $0.36
Board [9h Kd Kh 5h 5d]
Seat 4: TbIP-TbIP 88 (button) (small blind) folded on the River
Seat 6: adik603 (big blind) collected ($17.64)


PokerStars Hand #145846451520:  Hold'em Limit ($3/$6 USD) - 2015/12/24 9:50:31 ET
Table 'Atik' 6-max Seat #4 is the button
Seat 4: TbIP-TbIP 88 ($107.14 in chips)
Seat 6: adik603 ($38.06 in chips)
TbIP-TbIP 88: posts small blind $1
adik603: posts big blind $3
*** HOLE CARDS ***
TbIP-TbIP 88: raises $3 to $6
adik603: calls $3
*** FLOP *** [7d 7c Qc]
adik603: checks
TbIP-TbIP 88: checks
*** TURN *** [7d 7c Qc] [8s]
adik603: bets $6
TbIP-TbIP 88: calls $6
*** RIVER *** [7d 7c Qc 8s] [Tc]
adik603: bets $6
TbIP-TbIP 88: folds
Uncalled bet ($6) returned to adik603
adik603 collected $23.52 from pot
*** SUMMARY ***
Total pot $24 | Rake $0.48
Board [7d 7c Qc 8s Tc]
Seat 4: TbIP-TbIP 88 (button) (small blind) folded on the River
Seat 6: adik603 (big blind) collected ($23.52)


PokerStars Hand #145846436038:  Hold'em Limit ($3/$6 USD) - 2015/12/24 9:50:09 ET
Table 'Atik' 6-max Seat #6 is the button
Seat 4: TbIP-TbIP 88 ($98.50 in chips)
Seat 6: adik603 ($47.06 in chips)
adik603: posts small blind $1
TbIP-TbIP 88: posts big blind $3
*** HOLE CARDS ***
adik603: raises $3 to $6
TbIP-TbIP 88: raises $3 to $9
adik603: calls $3
*** FLOP *** [3h Qd 4h]
TbIP-TbIP 88: bets $3
adik603: folds
Uncalled bet ($3) returned to TbIP-TbIP 88
TbIP-TbIP 88 collected $17.64 from pot
TbIP-TbIP 88: doesn't show hand
*** SUMMARY ***
Total pot $18 | Rake $0.36
Board [3h Qd 4h]
Seat 4: TbIP-TbIP 88 (big blind) collected ($17.64)
Seat 6: adik603 (button) (small blind) folded on the Flop


PokerStars Hand #145846504042:  Hold'em Limit ($3/$6 USD) - 2015/12/24 9:51:44 ET
Table 'Atik' 6-max Seat #6 is the button
Seat 4: TbIP-TbIP 88 ($92.14 in chips)
Seat 6: adik603 ($52.34 in chips)
adik603: posts small blind $1
TbIP-TbIP 88: posts big blind $3
*** HOLE CARDS ***
adik603: folds
Uncalled bet ($2) returned to TbIP-TbIP 88
TbIP-TbIP 88 collected $2 from pot
TbIP-TbIP 88: doesn't show hand
*** SUMMARY ***
Total pot $2 | Rake $0
Seat 4: TbIP-TbIP 88 (big blind) collected ($2)
Seat 6: adik603 (button) (small blind) folded before Flop


PokerStars Hand #145846499971:  Hold'em Limit ($3/$6 USD) - 2015/12/24 9:51:39 ET
Table 'Atik' 6-max Seat #4 is the button
Seat 4: TbIP-TbIP 88 ($89.14 in chips)
Seat 6: adik603 ($55.34 in chips)
TbIP-TbIP 88: posts small blind $1
adik603: posts big blind $3
*** HOLE CARDS ***
TbIP-TbIP 88: raises $3 to $6
adik603: folds
Uncalled bet ($3) returned to TbIP-TbIP 88
TbIP-TbIP 88 collected $6 from pot
TbIP-TbIP 88: doesn't show hand
*** SUMMARY ***
Total pot $6 | Rake $0
Seat 4: TbIP-TbIP 88 (button) (small blind) collected ($6)
Seat 6: adik603 (big blind) folded before Flop


PokerStars Hand #145846496595:  Hold'em Limit ($3/$6 USD) - 2015/12/24 9:51:34 ET
Table 'Atik' 6-max Seat #6 is the button
Seat 4: TbIP-TbIP 88 ($88.14 in chips)
Seat 6: adik603 ($56.34 in chips)
adik603: posts small blind $1
TbIP-TbIP 88: posts big blind $3
*** HOLE CARDS ***
adik603: folds
Uncalled bet ($2) returned to TbIP-TbIP 88
TbIP-TbIP 88 collected $2 from pot
TbIP-TbIP 88: doesn't show hand
*** SUMMARY ***
Total pot $2 | Rake $0
Seat 4: TbIP-TbIP 88 (big blind) collected ($2)
Seat 6: adik603 (button) (small blind) folded before Flop


PokerStars Hand #145846485862:  Hold'em Limit ($3/$6 USD) - 2015/12/24 9:51:19 ET
Table 'Atik' 6-max Seat #4 is the button
Seat 4: TbIP-TbIP 88 ($89.14 in chips)
Seat 6: adik603 ($55.34 in chips)
TbIP-TbIP 88: posts small blind $1
adik603: posts big blind $3
*** HOLE CARDS ***
TbIP-TbIP 88: folds
Uncalled bet ($2) returned to adik603
adik603 collected $2 from pot
*** SUMMARY ***
Total pot $2 | Rake $0
Seat 4: TbIP-TbIP 88 (button) (small blind) folded before Flop
Seat 6: adik603 (big blind) collected ($2)


PokerStars Hand #145846466678:  Hold'em Limit ($3/$6 USD) - 2015/12/24 9:50:52 ET
Table 'Atik' 6-max Seat #6 is the button
Seat 4: TbIP-TbIP 88 ($95.14 in chips)
Seat 6: adik603 ($49.58 in chips)
adik603: posts small blind $1
TbIP-TbIP 88: posts big blind $3
*** HOLE CARDS ***
adik603: raises $3 to $6
TbIP-TbIP 88: calls $3
*** FLOP *** [2s 2d 9c]
TbIP-TbIP 88: checks
adik603: bets $3
TbIP-TbIP 88: folds
Uncalled bet ($3) returned to adik603
adik603 collected $11.76 from pot
*** SUMMARY ***
Total pot $12 | Rake $0.24
Board [2s 2d 9c]
Seat 4: TbIP-TbIP 88 (big blind) folded on the Flop
Seat 6: adik603 (button) (small blind) collected ($11.76)


PokerStars Hand #145846507940:  Hold'em Limit ($3/$6 USD) - 2015/12/24 9:51:50 ET
Table 'Atik' 6-max Seat #4 is the button
Seat 4: TbIP-TbIP 88 ($93.14 in chips)
Seat 6: adik603 ($51.34 in chips)
TbIP-TbIP 88: posts small blind $1
adik603: posts big blind $3
*** HOLE CARDS ***
TbIP-TbIP 88: raises $3 to $6
adik603: calls $3
*** FLOP *** [4s Td 3d]
adik603: checks
TbIP-TbIP 88: bets $3
adik603: calls $3
*** TURN *** [4s Td 3d] [Qh]
adik603: checks
TbIP-TbIP 88: bets $6
adik603: raises $6 to $12
TbIP-TbIP 88: folds
Uncalled bet ($6) returned to adik603
adik603 collected $29.50 from pot
*** SUMMARY ***
Total pot $30 | Rake $0.50
Board [4s Td 3d Qh]
Seat 4: TbIP-TbIP 88 (button) (small blind) folded on the Turn
Seat 6: adik603 (big blind) collected ($29.50)


PokerStars Hand #145846599561:  Hold'em Limit ($3/$6 USD) - 2015/12/24 9:53:58 ET
Table 'Atik' 6-max Seat #6 is the button
Seat 4: TbIP-TbIP 88 ($84.54 in chips)
Seat 6: adik603 ($58.48 in chips)
adik603: posts small blind $1
TbIP-TbIP 88: posts big blind $3
*** HOLE CARDS ***
adik603: folds
Uncalled bet ($2) returned to TbIP-TbIP 88
TbIP-TbIP 88 collected $2 from pot
TbIP-TbIP 88: doesn't show hand
*** SUMMARY ***
Total pot $2 | Rake $0
Seat 4: TbIP-TbIP 88 (big blind) collected ($2)
Seat 6: adik603 (button) (small blind) folded before Flop


PokerStars Hand #145846583155:  Hold'em Limit ($3/$6 USD) - 2015/12/24 9:53:35 ET
Table 'Atik' 6-max Seat #4 is the button
Seat 4: TbIP-TbIP 88 ($93.54 in chips)
Seat 6: adik603 ($49.84 in chips)
TbIP-TbIP 88: posts small blind $1
adik603: posts big blind $3
*** HOLE CARDS ***
TbIP-TbIP 88: raises $3 to $6
adik603: raises $3 to $9
TbIP-TbIP 88: calls $3
*** FLOP *** [Th 2h As]
adik603: bets $3
TbIP-TbIP 88: folds
Uncalled bet ($3) returned to adik603
adik603 collected $17.64 from pot
*** SUMMARY ***
Total pot $18 | Rake $0.36
Board [Th 2h As]
Seat 4: TbIP-TbIP 88 (button) (small blind) folded on the Flop
Seat 6: adik603 (big blind) collected ($17.64)


PokerStars Hand #145846579861:  Hold'em Limit ($3/$6 USD) - 2015/12/24 9:53:30 ET
Table 'Atik' 6-max Seat #6 is the button
Seat 4: TbIP-TbIP 88 ($92.54 in chips)
Seat 6: adik603 ($50.84 in chips)
adik603: posts small blind $1
TbIP-TbIP 88: posts big blind $3
*** HOLE CARDS ***
adik603: folds
Uncalled bet ($2) returned to TbIP-TbIP 88
TbIP-TbIP 88 collected $2 from pot
TbIP-TbIP 88: doesn't show hand
*** SUMMARY ***
Total pot $2 | Rake $0
Seat 4: TbIP-TbIP 88 (big blind) collected ($2)
Seat 6: adik603 (button) (small blind) folded before Flop


PokerStars Hand #145846568123:  Hold'em Limit ($3/$6 USD) - 2015/12/24 9:53:14 ET
Table 'Atik' 6-max Seat #4 is the button
Seat 4: TbIP-TbIP 88 ($86.78 in chips)
Seat 6: adik603 ($56.84 in chips)
TbIP-TbIP 88: posts small blind $1
adik603: posts big blind $3
*** HOLE CARDS ***
TbIP-TbIP 88: raises $3 to $6
adik603: calls $3
*** FLOP *** [7h 4h Ad]
adik603: checks
TbIP-TbIP 88: bets $3
adik603: folds
Uncalled bet ($3) returned to TbIP-TbIP 88
TbIP-TbIP 88 collected $11.76 from pot
TbIP-TbIP 88: doesn't show hand
*** SUMMARY ***
Total pot $12 | Rake $0.24
Board [7h 4h Ad]
Seat 4: TbIP-TbIP 88 (button) (small blind) collected ($11.76)
Seat 6: adik603 (big blind) folded on the Flop


PokerStars Hand #145846538199:  Hold'em Limit ($3/$6 USD) - 2015/12/24 9:52:32 ET
Table 'Atik' 6-max Seat #6 is the button
Seat 4: TbIP-TbIP 88 ($78.14 in chips)
Seat 6: adik603 ($65.84 in chips)
adik603: posts small blind $1
TbIP-TbIP 88: posts big blind $3
*** HOLE CARDS ***
adik603: raises $3 to $6
TbIP-TbIP 88: calls $3
*** FLOP *** [5s Th 8c]
TbIP-TbIP 88: checks
adik603: bets $3
TbIP-TbIP 88: calls $3
*** TURN *** [5s Th 8c] [Js]
TbIP-TbIP 88: checks
adik603: checks
*** RIVER *** [5s Th 8c Js] [7d]
TbIP-TbIP 88: checks
adik603: checks
*** SHOW DOWN ***
TbIP-TbIP 88: shows [9s 5h] (a straight, Seven to Jack)
adik603: mucks hand
TbIP-TbIP 88 collected $17.64 from pot
*** SUMMARY ***
Total pot $18 | Rake $0.36
Board [5s Th 8c Js 7d]
Seat 4: TbIP-TbIP 88 (big blind) showed [9s 5h] and won ($17.64) with a straight, Seven to Jack
Seat 6: adik603 (button) (small blind) mucked


PokerStars Hand #145846604012:  Hold'em Limit ($3/$6 USD) - 2015/12/24 9:54:04 ET
Table 'Atik' 6-max Seat #4 is the button
Seat 4: TbIP-TbIP 88 ($85.54 in chips)
Seat 6: adik603 ($57.48 in chips)
TbIP-TbIP 88: posts small blind $1
adik603: posts big blind $3
*** HOLE CARDS ***
TbIP-TbIP 88: raises $3 to $6
adik603: raises $3 to $9
TbIP-TbIP 88: calls $3
*** FLOP *** [4d 8c 5h]
adik603: bets $3
TbIP-TbIP 88: raises $3 to $6
adik603: calls $3
*** TURN *** [4d 8c 5h] [Jh]
adik603: checks
TbIP-TbIP 88: bets $6
adik603: calls $6
*** RIVER *** [4d 8c 5h Jh] [Js]
adik603: checks
TbIP-TbIP 88: bets $6
adik603: raises $6 to $12
TbIP-TbIP 88: calls $6
*** SHOW DOWN ***
adik603: shows [Td Jd] (three of a kind, Jacks)
TbIP-TbIP 88: mucks hand
adik603 collected $65.50 from pot
fluit83 joins the table at seat #2
*** SUMMARY ***
Total pot $66 | Rake $0.50
Board [4d 8c 5h Jh Js]
Seat 4: TbIP-TbIP 88 (button) (small blind) mucked
Seat 6: adik603 (big blind) showed [Td Jd] and won ($65.50) with three of a kind, Jacks


PokerStars Hand #145849392057:  Hold'em Limit ($3/$6 USD) - 2015/12/24 10:57:25 ET
Table 'Atik' 6-max Seat #5 is the button
Seat 4: Johnliu ($175.63 in chips)
Seat 5: stronghawk ($146.09 in chips)
stronghawk: posts small blind $1
Johnliu: posts big blind $3
*** HOLE CARDS ***
stronghawk: raises $3 to $6
Johnliu: raises $3 to $9
stronghawk: calls $3
*** FLOP *** [8s Th 9s]
Johnliu: bets $3
stronghawk: folds
Uncalled bet ($3) returned to Johnliu
Johnliu collected $17.64 from pot
Johnliu: doesn't show hand
*** SUMMARY ***
Total pot $18 | Rake $0.36
Board [8s Th 9s]
Seat 4: Johnliu (big blind) collected ($17.64)
Seat 5: stronghawk (button) (small blind) folded on the Flop


