PokerStars Hand #161859537453:  Hold'em Limit ($3/$6 USD) - 2016/11/23 17:05:05 ET
Table 'Atik' 6-max Seat #4 is the button
Seat 4: SunSpot14 ($51 in chips)
Seat 6: vestimokrec ($128.64 in chips)
SunSpot14: posts small blind $1
vestimokrec: posts big blind $3
*** HOLE CARDS ***
SunSpot14: folds
Uncalled bet ($2) returned to vestimokrec
vestimokrec collected $2 from pot
vestimokrec: doesn't show hand
*** SUMMARY ***
Total pot $2 | Rake $0
Seat 4: SunSpot14 (button) (small blind) folded before Flop
Seat 6: vestimokrec (big blind) collected ($2)


PokerStars Hand #161859516517:  Hold'em Limit ($3/$6 USD) - 2016/11/23 17:04:41 ET
Table 'Atik' 6-max Seat #6 is the button
Seat 4: SunSpot14 ($60 in chips)
Seat 6: vestimokrec ($120 in chips)
vestimokrec: posts small blind $1
SunSpot14: posts big blind $3
*** HOLE CARDS ***
vestimokrec: raises $3 to $6
SunSpot14: calls $3
*** FLOP *** [Ts 2h 8c]
SunSpot14: checks
vestimokrec: bets $3
SunSpot14: calls $3
*** TURN *** [Ts 2h 8c] [Ad]
SunSpot14: checks
vestimokrec: bets $6
xxRGx joins the table at seat #3
SunSpot14: folds
Uncalled bet ($6) returned to vestimokrec
vestimokrec collected $17.64 from pot
vestimokrec: doesn't show hand
*** SUMMARY ***
Total pot $18 | Rake $0.36
Board [Ts 2h 8c Ad]
Seat 4: SunSpot14 (big blind) folded on the Turn
Seat 6: vestimokrec (button) (small blind) collected ($17.64)


PokerStars Hand #161860371188:  Hold'em Limit ($3/$6 USD) - 2016/11/23 17:20:36 ET
Table 'Atik' 6-max Seat #2 is the button
Seat 1: RaisemyNut$ ($74.28 in chips)
Seat 2: Kosche777 ($14.63 in chips)
Kosche777: posts small blind $1
ToDaFelt: is sitting out
RaisemyNut$: posts big blind $3
*** HOLE CARDS ***
Kosche777: raises $3 to $6
RaisemyNut$: calls $3
*** FLOP *** [9s Qc 4d]
RaisemyNut$: checks
ToDaFelt leaves the table
Kosche777: bets $3
RaisemyNut$: raises $3 to $6
Kosche777: raises $2.63 to $8.63 and is all-in
RaisemyNut$: calls $2.63
*** TURN *** [9s Qc 4d] [7c]
*** RIVER *** [9s Qc 4d 7c] [5h]
*** SHOW DOWN ***
RaisemyNut$: shows [8h Ts] (high card Queen)
Kosche777: shows [3s Kh] (high card King)
Kosche777 collected $28.76 from pot
*** SUMMARY ***
Total pot $29.26 | Rake $0.50
Board [9s Qc 4d 7c 5h]
Seat 1: RaisemyNut$ (big blind) showed [8h Ts] and lost with high card Queen
Seat 2: Kosche777 (button) (small blind) showed [3s Kh] and won ($28.76) with high card King


PokerStars Hand #161860404711:  Hold'em Limit ($3/$6 USD) - 2016/11/23 17:21:07 ET
Table 'Atik' 6-max Seat #2 is the button
Seat 1: RaisemyNut$ ($60 in chips)
Seat 2: Kosche777 ($29.76 in chips)
Kosche777: posts small blind $1
RaisemyNut$: posts big blind $3
*** HOLE CARDS ***
Kosche777: folds
Uncalled bet ($2) returned to RaisemyNut$
RaisemyNut$ collected $2 from pot
RaisemyNut$: doesn't show hand
*** SUMMARY ***
Total pot $2 | Rake $0
Seat 1: RaisemyNut$ (big blind) collected ($2)
Seat 2: Kosche777 (button) (small blind) folded before Flop


PokerStars Hand #161860394915:  Hold'em Limit ($3/$6 USD) - 2016/11/23 17:20:58 ET
Table 'Atik' 6-max Seat #1 is the button
Seat 1: RaisemyNut$ ($60 in chips)
Seat 2: Kosche777 ($28.76 in chips)
RaisemyNut$: posts small blind $1
Kosche777: posts big blind $3
*** HOLE CARDS ***
RaisemyNut$: folds
Uncalled bet ($2) returned to Kosche777
Kosche777 collected $2 from pot
Kosche777: doesn't show hand
*** SUMMARY ***
Total pot $2 | Rake $0
Seat 1: RaisemyNut$ (button) (small blind) folded before Flop
Seat 2: Kosche777 (big blind) collected ($2)


