PokerStars Hand #159036887821:  Hold'em Limit ($3/$6 USD) - 2016/09/24 14:21:11 ET
Table 'Atik' 6-max Seat #1 is the button
Seat 1: LifeisagameX ($84 in chips)
Seat 3: PeteSvensson ($94.21 in chips)
LifeisagameX: posts small blind $1
PeteSvensson: posts big blind $3
*** HOLE CARDS ***
LifeisagameX: raises $3 to $6
PeteSvensson: calls $3
*** FLOP *** [Qs Ts Kh]
PeteSvensson: checks
LifeisagameX: bets $3
PeteSvensson: folds
Uncalled bet ($3) returned to LifeisagameX
LifeisagameX collected $11.76 from pot
*** SUMMARY ***
Total pot $12 | Rake $0.24
Board [Qs Ts Kh]
Seat 1: LifeisagameX (button) (small blind) collected ($11.76)
Seat 3: PeteSvensson (big blind) folded on the Flop


PokerStars Hand #159036972521:  Hold'em Limit ($3/$6 USD) - 2016/09/24 14:23:00 ET
Table 'Atik' 6-max Seat #3 is the button
Seat 1: LifeisagameX ($113.02 in chips)
Seat 3: PeteSvensson ($64.21 in chips)
PeteSvensson: posts small blind $1
LifeisagameX: posts big blind $3
*** HOLE CARDS ***
PeteSvensson: raises $3 to $6
LifeisagameX: folds
Uncalled bet ($3) returned to PeteSvensson
PeteSvensson collected $6 from pot
*** SUMMARY ***
Total pot $6 | Rake $0
Seat 1: LifeisagameX (big blind) folded before Flop
Seat 3: PeteSvensson (button) (small blind) collected ($6)


PokerStars Hand #159036960769:  Hold'em Limit ($3/$6 USD) - 2016/09/24 14:22:44 ET
Table 'Atik' 6-max Seat #1 is the button
Seat 1: LifeisagameX ($107.26 in chips)
Seat 3: PeteSvensson ($70.21 in chips)
LifeisagameX: posts small blind $1
PeteSvensson: posts big blind $3
*** HOLE CARDS ***
LifeisagameX: raises $3 to $6
PeteSvensson: calls $3
*** FLOP *** [Ks 3s Ah]
PeteSvensson: checks
LifeisagameX: bets $3
PeteSvensson: folds
Uncalled bet ($3) returned to LifeisagameX
LifeisagameX collected $11.76 from pot
LifeisagameX: doesn't show hand
*** SUMMARY ***
Total pot $12 | Rake $0.24
Board [Ks 3s Ah]
Seat 1: LifeisagameX (button) (small blind) collected ($11.76)
Seat 3: PeteSvensson (big blind) folded on the Flop


PokerStars Hand #159036923219:  Hold'em Limit ($3/$6 USD) - 2016/09/24 14:21:57 ET
Table 'Atik' 6-max Seat #3 is the button
Seat 1: LifeisagameX ($89.76 in chips)
Seat 3: PeteSvensson ($88.21 in chips)
PeteSvensson: posts small blind $1
LifeisagameX: posts big blind $3
*** HOLE CARDS ***
PeteSvensson: raises $3 to $6
LifeisagameX: raises $3 to $9
PeteSvensson: calls $3
*** FLOP *** [6d 9d Jh]
LifeisagameX: bets $3
PeteSvensson: calls $3
*** TURN *** [6d 9d Jh] [7c]
LifeisagameX: bets $6
PeteSvensson: calls $6
*** RIVER *** [6d 9d Jh 7c] [6c]
LifeisagameX: bets $6
PeteSvensson: folds
Uncalled bet ($6) returned to LifeisagameX
LifeisagameX collected $35.50 from pot
LifeisagameX: doesn't show hand
*** SUMMARY ***
Total pot $36 | Rake $0.50
Board [6d 9d Jh 7c 6c]
Seat 1: LifeisagameX (big blind) collected ($35.50)
Seat 3: PeteSvensson (button) (small blind) folded on the River


PokerStars Hand #159037070933:  Hold'em Limit ($3/$6 USD) - 2016/09/24 14:25:06 ET
Table 'Atik' 6-max Seat #1 is the button
Seat 1: LifeisagameX ($107.50 in chips)
Seat 3: PeteSvensson ($90.71 in chips)
LifeisagameX: posts small blind $1
PeteSvensson: posts big blind $3
*** HOLE CARDS ***
LifeisagameX: raises $3 to $6
PeteSvensson: calls $3
*** FLOP *** [6d Kd Ks]
PeteSvensson: checks
LifeisagameX: bets $3
PeteSvensson: raises $3 to $6
LifeisagameX: folds
Uncalled bet ($3) returned to PeteSvensson
PeteSvensson collected $17.64 from pot
*** SUMMARY ***
Total pot $18 | Rake $0.36
Board [6d Kd Ks]
Seat 1: LifeisagameX (button) (small blind) folded on the Flop
Seat 3: PeteSvensson (big blind) collected ($17.64)


PokerStars Hand #159037040312:  Hold'em Limit ($3/$6 USD) - 2016/09/24 14:24:27 ET
Table 'Atik' 6-max Seat #3 is the button
Seat 1: LifeisagameX ($84 in chips)
Seat 3: PeteSvensson ($114.71 in chips)
PeteSvensson: posts small blind $1
LifeisagameX: posts big blind $3
*** HOLE CARDS ***
PeteSvensson: raises $3 to $6
LifeisagameX: calls $3
*** FLOP *** [5c Qs 4c]
LifeisagameX: checks
PeteSvensson: checks
*** TURN *** [5c Qs 4c] [2s]
LifeisagameX: checks
PeteSvensson: checks
*** RIVER *** [5c Qs 4c 2s] [3c]
LifeisagameX: bets $6
PeteSvensson: raises $6 to $12
LifeisagameX: raises $6 to $18
PeteSvensson: calls $6
*** SHOW DOWN ***
LifeisagameX: shows [Jc 7c] (a flush, Jack high)
PeteSvensson: mucks hand
LifeisagameX collected $47.50 from pot
*** SUMMARY ***
Total pot $48 | Rake $0.50
Board [5c Qs 4c 2s 3c]
Seat 1: LifeisagameX (big blind) showed [Jc 7c] and won ($47.50) with a flush, Jack high
Seat 3: PeteSvensson (button) (small blind) mucked


PokerStars Hand #159036986576:  Hold'em Limit ($3/$6 USD) - 2016/09/24 14:23:18 ET
Table 'Atik' 6-max Seat #1 is the button
Seat 1: LifeisagameX ($110.02 in chips)
Seat 3: PeteSvensson ($67.21 in chips)
LifeisagameX: posts small blind $1
PeteSvensson: posts big blind $3
*** HOLE CARDS ***
LifeisagameX: raises $3 to $6
PeteSvensson: calls $3
*** FLOP *** [Ts 6c 3s]
PeteSvensson: checks
LifeisagameX: bets $3
PeteSvensson: raises $3 to $6
LifeisagameX: calls $3
*** TURN *** [Ts 6c 3s] [2c]
PeteSvensson: bets $6
LifeisagameX: raises $6 to $12
PeteSvensson: raises $6 to $18
LifeisagameX: raises $6 to $24
Betting is capped
PeteSvensson: calls $6
*** RIVER *** [Ts 6c 3s 2c] [7s]
PeteSvensson: checks
LifeisagameX: bets $6
PeteSvensson: raises $6 to $12
LifeisagameX: calls $6
*** SHOW DOWN ***
PeteSvensson: shows [5s 4s] (a flush, Ten high)
LifeisagameX: mucks hand
PeteSvensson collected $95.50 from pot
*** SUMMARY ***
Total pot $96 | Rake $0.50
Board [Ts 6c 3s 2c 7s]
Seat 1: LifeisagameX (button) (small blind) mucked
Seat 3: PeteSvensson (big blind) showed [5s 4s] and won ($95.50) with a flush, Ten high


PokerStars Hand #159037086144:  Hold'em Limit ($3/$6 USD) - 2016/09/24 14:25:25 ET
Table 'Atik' 6-max Seat #1 is the button
Seat 1: LifeisagameX ($99.50 in chips)
Seat 3: PeteSvensson ($98.35 in chips)
LifeisagameX: posts small blind $1
PeteSvensson: posts big blind $3
*** HOLE CARDS ***
LifeisagameX: raises $3 to $6
PeteSvensson: calls $3
*** FLOP *** [9d 7s 8s]
PeteSvensson: checks
LifeisagameX: checks
*** TURN *** [9d 7s 8s] [9s]
PeteSvensson: bets $6
LifeisagameX: raises $6 to $12
PeteSvensson: calls $6
*** RIVER *** [9d 7s 8s 9s] [Jc]
PeteSvensson: checks
LifeisagameX: checks
*** SHOW DOWN ***
PeteSvensson: shows [5s 7d] (two pair, Nines and Sevens)
LifeisagameX: shows [Ks Jh] (two pair, Jacks and Nines)
LifeisagameX collected $35.50 from pot
*** SUMMARY ***
Total pot $36 | Rake $0.50
Board [9d 7s 8s 9s Jc]
Seat 1: LifeisagameX (button) (small blind) showed [Ks Jh] and won ($35.50) with two pair, Jacks and Nines
Seat 3: PeteSvensson (big blind) showed [5s 7d] and lost with two pair, Nines and Sevens


PokerStars Hand #159037081274:  Hold'em Limit ($3/$6 USD) - 2016/09/24 14:25:19 ET
Table 'Atik' 6-max Seat #3 is the button
Seat 1: LifeisagameX ($98.50 in chips)
Seat 3: PeteSvensson ($99.35 in chips)
PeteSvensson: posts small blind $1
LifeisagameX: posts big blind $3
*** HOLE CARDS ***
PeteSvensson: folds
Uncalled bet ($2) returned to LifeisagameX
LifeisagameX collected $2 from pot
LifeisagameX: doesn't show hand
*** SUMMARY ***
Total pot $2 | Rake $0
Seat 1: LifeisagameX (big blind) collected ($2)
Seat 3: PeteSvensson (button) (small blind) folded before Flop


PokerStars Hand #159037149118:  Hold'em Limit ($3/$6 USD) - 2016/09/24 14:26:46 ET
Table 'Atik' 6-max Seat #1 is the button
Seat 1: LifeisagameX ($93 in chips)
Seat 3: PeteSvensson ($103.85 in chips)
LifeisagameX: posts small blind $1
PeteSvensson: posts big blind $3
*** HOLE CARDS ***
LifeisagameX: folds
Uncalled bet ($2) returned to PeteSvensson
PeteSvensson collected $2 from pot
*** SUMMARY ***
Total pot $2 | Rake $0
Seat 1: LifeisagameX (button) (small blind) folded before Flop
Seat 3: PeteSvensson (big blind) collected ($2)


PokerStars Hand #159037108518:  Hold'em Limit ($3/$6 USD) - 2016/09/24 14:25:54 ET
Table 'Atik' 6-max Seat #3 is the button
Seat 1: LifeisagameX ($117 in chips)
Seat 3: PeteSvensson ($80.35 in chips)
PeteSvensson: posts small blind $1
LifeisagameX: posts big blind $3
*** HOLE CARDS ***
PeteSvensson: raises $3 to $6
LifeisagameX: raises $3 to $9
PeteSvensson: calls $3
*** FLOP *** [4d 4h 6h]
LifeisagameX: bets $3
PeteSvensson: calls $3
*** TURN *** [4d 4h 6h] [7h]
LifeisagameX: checks
PeteSvensson: bets $6
LifeisagameX: calls $6
*** RIVER *** [4d 4h 6h 7h] [5s]
LifeisagameX: checks
PeteSvensson: bets $6
LifeisagameX: calls $6
*** SHOW DOWN ***
PeteSvensson: shows [Kh 5c] (two pair, Fives and Fours)
LifeisagameX: mucks hand
PeteSvensson collected $47.50 from pot
*** SUMMARY ***
Total pot $48 | Rake $0.50
Board [4d 4h 6h 7h 5s]
Seat 1: LifeisagameX (big blind) mucked
Seat 3: PeteSvensson (button) (small blind) showed [Kh 5c] and won ($47.50) with two pair, Fives and Fours


PokerStars Hand #159037189204:  Hold'em Limit ($3/$6 USD) - 2016/09/24 14:27:38 ET
Table 'Atik' 6-max Seat #1 is the button
Seat 1: LifeisagameX ($106.50 in chips)
Seat 3: PeteSvensson ($89.85 in chips)
LifeisagameX: posts small blind $1
PeteSvensson: posts big blind $3
*** HOLE CARDS ***
LifeisagameX: raises $3 to $6
PeteSvensson: calls $3
*** FLOP *** [3d 8c Jh]
PeteSvensson: checks
LifeisagameX: checks
*** TURN *** [3d 8c Jh] [5h]
PeteSvensson: bets $6
LifeisagameX: calls $6
*** RIVER *** [3d 8c Jh 5h] [Ks]
PeteSvensson: bets $6
LifeisagameX: calls $6
*** SHOW DOWN ***
PeteSvensson: shows [Qc Ac] (high card Ace)
LifeisagameX: shows [4c 4s] (a pair of Fours)
LifeisagameX collected $35.50 from pot
*** SUMMARY ***
Total pot $36 | Rake $0.50
Board [3d 8c Jh 5h Ks]
Seat 1: LifeisagameX (button) (small blind) showed [4c 4s] and won ($35.50) with a pair of Fours
Seat 3: PeteSvensson (big blind) showed [Qc Ac] and lost with high card Ace


PokerStars Hand #159037154982:  Hold'em Limit ($3/$6 USD) - 2016/09/24 14:26:53 ET
Table 'Atik' 6-max Seat #3 is the button
Seat 1: LifeisagameX ($92 in chips)
Seat 3: PeteSvensson ($104.85 in chips)
PeteSvensson: posts small blind $1
LifeisagameX: posts big blind $3
*** HOLE CARDS ***
PeteSvensson: raises $3 to $6
LifeisagameX: calls $3
*** FLOP *** [8d Qs 7d]
LifeisagameX: checks
PeteSvensson: bets $3
LifeisagameX: calls $3
*** TURN *** [8d Qs 7d] [8h]
LifeisagameX: checks
PeteSvensson: bets $6
LifeisagameX: calls $6
*** RIVER *** [8d Qs 7d 8h] [5h]
LifeisagameX: checks
PeteSvensson: checks
*** SHOW DOWN ***
LifeisagameX: shows [Jd 7h] (two pair, Eights and Sevens)
PeteSvensson: mucks hand
LifeisagameX collected $29.50 from pot
*** SUMMARY ***
Total pot $30 | Rake $0.50
Board [8d Qs 7d 8h 5h]
Seat 1: LifeisagameX (big blind) showed [Jd 7h] and won ($29.50) with two pair, Eights and Sevens
Seat 3: PeteSvensson (button) (small blind) mucked


PokerStars Hand #159037215933:  Hold'em Limit ($3/$6 USD) - 2016/09/24 14:28:12 ET
Table 'Atik' 6-max Seat #3 is the button
Seat 1: LifeisagameX ($124 in chips)
Seat 3: PeteSvensson ($71.85 in chips)
PeteSvensson: posts small blind $1
LifeisagameX: posts big blind $3
*** HOLE CARDS ***
PeteSvensson: raises $3 to $6
LifeisagameX: calls $3
*** FLOP *** [Kh 2c 5d]
LifeisagameX: checks
PeteSvensson: bets $3
LifeisagameX: calls $3
*** TURN *** [Kh 2c 5d] [5c]
LifeisagameX: checks
PeteSvensson: bets $6
LifeisagameX: calls $6
*** RIVER *** [Kh 2c 5d 5c] [3s]
LifeisagameX: checks
PeteSvensson: bets $6
LifeisagameX: calls $6
*** SHOW DOWN ***
PeteSvensson: shows [As 3c] (two pair, Fives and Threes)
LifeisagameX: mucks hand
PeteSvensson collected $41.50 from pot
*** SUMMARY ***
Total pot $42 | Rake $0.50
Board [Kh 2c 5d 5c 3s]
Seat 1: LifeisagameX (big blind) mucked
Seat 3: PeteSvensson (button) (small blind) showed [As 3c] and won ($41.50) with two pair, Fives and Threes


PokerStars Hand #159037247405:  Hold'em Limit ($3/$6 USD) - 2016/09/24 14:28:52 ET
Table 'Atik' 6-max Seat #1 is the button
Seat 1: LifeisagameX ($103 in chips)
Seat 3: PeteSvensson ($92.35 in chips)
LifeisagameX: posts small blind $1
PeteSvensson: posts big blind $3
*** HOLE CARDS ***
LifeisagameX: raises $3 to $6
PeteSvensson: calls $3
*** FLOP *** [8c Ts 2c]
PeteSvensson: checks
LifeisagameX: bets $3
PeteSvensson: calls $3
*** TURN *** [8c Ts 2c] [3c]
PeteSvensson: checks
LifeisagameX: bets $6
PeteSvensson: raises $6 to $12
LifeisagameX: folds
Uncalled bet ($6) returned to PeteSvensson
PeteSvensson collected $29.50 from pot
*** SUMMARY ***
Total pot $30 | Rake $0.50
Board [8c Ts 2c 3c]
Seat 1: LifeisagameX (button) (small blind) folded on the Turn
Seat 3: PeteSvensson (big blind) collected ($29.50)


PokerStars Hand #159037284706:  Hold'em Limit ($3/$6 USD) - 2016/09/24 14:29:40 ET
Table 'Atik' 6-max Seat #3 is the button
Seat 1: LifeisagameX ($88 in chips)
Seat 3: PeteSvensson ($106.85 in chips)
PeteSvensson: posts small blind $1
LifeisagameX: posts big blind $3
*** HOLE CARDS ***
PeteSvensson: raises $3 to $6
LifeisagameX: calls $3
*** FLOP *** [8c 9h 4h]
LifeisagameX: checks
PeteSvensson: bets $3
LifeisagameX: calls $3
*** TURN *** [8c 9h 4h] [Tc]
LifeisagameX: checks
PeteSvensson: bets $6
LifeisagameX: calls $6
*** RIVER *** [8c 9h 4h Tc] [Jc]
LifeisagameX: checks
PeteSvensson: checks
*** SHOW DOWN ***
LifeisagameX: shows [Kc 4s] (a pair of Fours)
PeteSvensson: shows [5s 9d] (a pair of Nines)
PeteSvensson collected $29.50 from pot
*** SUMMARY ***
Total pot $30 | Rake $0.50
Board [8c 9h 4h Tc Jc]
Seat 1: LifeisagameX (big blind) showed [Kc 4s] and lost with a pair of Fours
Seat 3: PeteSvensson (button) (small blind) showed [5s 9d] and won ($29.50) with a pair of Nines


PokerStars Hand #159037327806:  Hold'em Limit ($3/$6 USD) - 2016/09/24 14:30:35 ET
Table 'Atik' 6-max Seat #1 is the button
Seat 1: LifeisagameX ($84 in chips)
Seat 3: PeteSvensson ($121.35 in chips)
LifeisagameX: posts small blind $1
PeteSvensson: posts big blind $3
*** HOLE CARDS ***
LifeisagameX: raises $3 to $6
PeteSvensson: folds
Uncalled bet ($3) returned to LifeisagameX
LifeisagameX collected $6 from pot
LifeisagameX: doesn't show hand
*** SUMMARY ***
Total pot $6 | Rake $0
Seat 1: LifeisagameX (button) (small blind) collected ($6)
Seat 3: PeteSvensson (big blind) folded before Flop


PokerStars Hand #159037342299:  Hold'em Limit ($3/$6 USD) - 2016/09/24 14:30:53 ET
Table 'Atik' 6-max Seat #3 is the button
Seat 1: LifeisagameX ($87 in chips)
Seat 3: PeteSvensson ($118.35 in chips)
PeteSvensson: posts small blind $1
LifeisagameX: posts big blind $3
*** HOLE CARDS ***
PeteSvensson: raises $3 to $6
LifeisagameX: raises $3 to $9
PeteSvensson: calls $3
*** FLOP *** [Tc 3h 5s]
LifeisagameX: checks
PeteSvensson: bets $3
LifeisagameX: calls $3
*** TURN *** [Tc 3h 5s] [5d]
LifeisagameX: checks
PeteSvensson: bets $6
LifeisagameX: folds
Uncalled bet ($6) returned to PeteSvensson
PeteSvensson collected $23.52 from pot
*** SUMMARY ***
Total pot $24 | Rake $0.48
Board [Tc 3h 5s 5d]
Seat 1: LifeisagameX (big blind) folded on the Turn
Seat 3: PeteSvensson (button) (small blind) collected ($23.52)


PokerStars Hand #159037379137:  Hold'em Limit ($3/$6 USD) - 2016/09/24 14:31:40 ET
Table 'Atik' 6-max Seat #1 is the button
Seat 1: LifeisagameX ($84 in chips)
Seat 3: PeteSvensson ($129.87 in chips)
LifeisagameX: posts small blind $1
PeteSvensson: posts big blind $3
*** HOLE CARDS ***
LifeisagameX: folds
Uncalled bet ($2) returned to PeteSvensson
PeteSvensson collected $2 from pot
*** SUMMARY ***
Total pot $2 | Rake $0
Seat 1: LifeisagameX (button) (small blind) folded before Flop
Seat 3: PeteSvensson (big blind) collected ($2)


PokerStars Hand #159037390071:  Hold'em Limit ($3/$6 USD) - 2016/09/24 14:31:54 ET
Table 'Atik' 6-max Seat #3 is the button
Seat 1: LifeisagameX ($84 in chips)
Seat 3: PeteSvensson ($130.87 in chips)
PeteSvensson: posts small blind $1
LifeisagameX: posts big blind $3
*** HOLE CARDS ***
PeteSvensson: raises $3 to $6
LifeisagameX: raises $3 to $9
PeteSvensson: calls $3
*** FLOP *** [3d 5d 7c]
LifeisagameX: bets $3
PeteSvensson: raises $3 to $6
LifeisagameX: calls $3
*** TURN *** [3d 5d 7c] [3c]
LifeisagameX: checks
PeteSvensson: bets $6
LifeisagameX: calls $6
*** RIVER *** [3d 5d 7c 3c] [6c]
LifeisagameX: checks
PeteSvensson: bets $6
LifeisagameX: folds
Uncalled bet ($6) returned to PeteSvensson
PeteSvensson collected $41.50 from pot
*** SUMMARY ***
Total pot $42 | Rake $0.50
Board [3d 5d 7c 3c 6c]
Seat 1: LifeisagameX (big blind) folded on the River
Seat 3: PeteSvensson (button) (small blind) collected ($41.50)


PokerStars Hand #159037440255:  Hold'em Limit ($3/$6 USD) - 2016/09/24 14:32:47 ET
Table 'Atik' 6-max Seat #1 is the button
Seat 1: LifeisagameX ($84 in chips)
Seat 3: PeteSvensson ($151.37 in chips)
LifeisagameX: posts small blind $1
PeteSvensson: posts big blind $3
*** HOLE CARDS ***
LifeisagameX: raises $3 to $6
PeteSvensson: calls $3
*** FLOP *** [3s Ah Qs]
PeteSvensson: checks
LifeisagameX: bets $3
PeteSvensson: calls $3
*** TURN *** [3s Ah Qs] [9d]
PeteSvensson: checks
LifeisagameX: checks
*** RIVER *** [3s Ah Qs 9d] [3c]
PeteSvensson: checks
LifeisagameX: bets $6
PeteSvensson: folds
Uncalled bet ($6) returned to LifeisagameX
LifeisagameX collected $17.64 from pot
LifeisagameX: doesn't show hand
*** SUMMARY ***
Total pot $18 | Rake $0.36
Board [3s Ah Qs 9d 3c]
Seat 1: LifeisagameX (button) (small blind) collected ($17.64)
Seat 3: PeteSvensson (big blind) folded on the River


PokerStars Hand #159037520382:  Hold'em Limit ($3/$6 USD) - 2016/09/24 14:34:30 ET
Table 'Atik' 6-max Seat #3 is the button
Seat 1: LifeisagameX ($109.14 in chips)
Seat 3: PeteSvensson ($125.37 in chips)
PeteSvensson: posts small blind $1
LifeisagameX: posts big blind $3
*** HOLE CARDS ***
PeteSvensson: raises $3 to $6
LifeisagameX: calls $3
*** FLOP *** [5s 9c 8d]
LifeisagameX: checks
PeteSvensson: bets $3
LifeisagameX: calls $3
*** TURN *** [5s 9c 8d] [7s]
LifeisagameX: checks
PeteSvensson: checks
*** RIVER *** [5s 9c 8d 7s] [Jh]
LifeisagameX: bets $6
PeteSvensson: calls $6
*** SHOW DOWN ***
LifeisagameX: shows [6s Tc] (a straight, Seven to Jack)
PeteSvensson: mucks hand
LifeisagameX collected $29.50 from pot
*** SUMMARY ***
Total pot $30 | Rake $0.50
Board [5s 9c 8d 7s Jh]
Seat 1: LifeisagameX (big blind) showed [6s Tc] and won ($29.50) with a straight, Seven to Jack
Seat 3: PeteSvensson (button) (small blind) mucked


PokerStars Hand #159037515313:  Hold'em Limit ($3/$6 USD) - 2016/09/24 14:34:23 ET
Table 'Atik' 6-max Seat #1 is the button
Seat 1: LifeisagameX ($110.14 in chips)
Seat 3: PeteSvensson ($124.37 in chips)
LifeisagameX: posts small blind $1
PeteSvensson: posts big blind $3
*** HOLE CARDS ***
LifeisagameX: folds
Uncalled bet ($2) returned to PeteSvensson
PeteSvensson collected $2 from pot
*** SUMMARY ***
Total pot $2 | Rake $0
Seat 1: LifeisagameX (button) (small blind) folded before Flop
Seat 3: PeteSvensson (big blind) collected ($2)


PokerStars Hand #159037477494:  Hold'em Limit ($3/$6 USD) - 2016/09/24 14:33:35 ET
Table 'Atik' 6-max Seat #3 is the button
Seat 1: LifeisagameX ($92.64 in chips)
Seat 3: PeteSvensson ($142.37 in chips)
PeteSvensson: posts small blind $1
LifeisagameX: posts big blind $3
*** HOLE CARDS ***
PeteSvensson: raises $3 to $6
LifeisagameX: raises $3 to $9
PeteSvensson: calls $3
*** FLOP *** [4s Tc 8c]
LifeisagameX: bets $3
PeteSvensson: raises $3 to $6
LifeisagameX: raises $3 to $9
PeteSvensson: calls $3
*** TURN *** [4s Tc 8c] [Qs]
LifeisagameX: bets $6
PeteSvensson: folds
Uncalled bet ($6) returned to LifeisagameX
LifeisagameX collected $35.50 from pot
LifeisagameX: doesn't show hand
*** SUMMARY ***
Total pot $36 | Rake $0.50
Board [4s Tc 8c Qs]
Seat 1: LifeisagameX (big blind) collected ($35.50)
Seat 3: PeteSvensson (button) (small blind) folded on the Turn


PokerStars Hand #159037557602:  Hold'em Limit ($3/$6 USD) - 2016/09/24 14:35:17 ET
Table 'Atik' 6-max Seat #1 is the button
Seat 1: LifeisagameX ($123.64 in chips)
Seat 3: PeteSvensson ($110.37 in chips)
LifeisagameX: posts small blind $1
PeteSvensson: posts big blind $3
*** HOLE CARDS ***
LifeisagameX: raises $3 to $6
PeteSvensson: calls $3
*** FLOP *** [3c 5h 7h]
PeteSvensson: checks
LifeisagameX: bets $3
PeteSvensson: raises $3 to $6
LifeisagameX: calls $3
*** TURN *** [3c 5h 7h] [Kd]
PeteSvensson: bets $6
LifeisagameX: calls $6
*** RIVER *** [3c 5h 7h Kd] [2c]
PeteSvensson: bets $6
LifeisagameX: folds
Uncalled bet ($6) returned to PeteSvensson
PeteSvensson collected $35.50 from pot
*** SUMMARY ***
Total pot $36 | Rake $0.50
Board [3c 5h 7h Kd 2c]
Seat 1: LifeisagameX (button) (small blind) folded on the River
Seat 3: PeteSvensson (big blind) collected ($35.50)


PokerStars Hand #159037624863:  Hold'em Limit ($3/$6 USD) - 2016/09/24 14:36:42 ET
Table 'Atik' 6-max Seat #3 is the button
Seat 1: LifeisagameX ($105.64 in chips)
Seat 3: PeteSvensson ($127.87 in chips)
PeteSvensson: posts small blind $1
LifeisagameX: posts big blind $3
*** HOLE CARDS ***
PeteSvensson: raises $3 to $6
LifeisagameX: calls $3
*** FLOP *** [3h 7d 2c]
LifeisagameX: checks
PeteSvensson: bets $3
LifeisagameX: calls $3
*** TURN *** [3h 7d 2c] [6h]
LifeisagameX: checks
PeteSvensson: bets $6
LifeisagameX: calls $6
*** RIVER *** [3h 7d 2c 6h] [Tc]
LifeisagameX: checks
PeteSvensson: bets $6
LifeisagameX: calls $6
*** SHOW DOWN ***
PeteSvensson: shows [Ks 6s] (a pair of Sixes)
LifeisagameX: mucks hand
PeteSvensson collected $41.50 from pot
*** SUMMARY ***
Total pot $42 | Rake $0.50
Board [3h 7d 2c 6h Tc]
Seat 1: LifeisagameX (big blind) mucked
Seat 3: PeteSvensson (button) (small blind) showed [Ks 6s] and won ($41.50) with a pair of Sixes


PokerStars Hand #159037671085:  Hold'em Limit ($3/$6 USD) - 2016/09/24 14:37:40 ET
Table 'Atik' 6-max Seat #1 is the button
Seat 1: LifeisagameX ($84.64 in chips)
Seat 3: PeteSvensson ($148.37 in chips)
LifeisagameX: posts small blind $1
PeteSvensson: posts big blind $3
*** HOLE CARDS ***
LifeisagameX: raises $3 to $6
PeteSvensson: calls $3
*** FLOP *** [Jd Ah 2d]
PeteSvensson: checks
LifeisagameX: bets $3
PeteSvensson: raises $3 to $6
LifeisagameX: folds
Uncalled bet ($3) returned to PeteSvensson
PeteSvensson collected $17.64 from pot
*** SUMMARY ***
Total pot $18 | Rake $0.36
Board [Jd Ah 2d]
Seat 1: LifeisagameX (button) (small blind) folded on the Flop
Seat 3: PeteSvensson (big blind) collected ($17.64)


PokerStars Hand #159037685123:  Hold'em Limit ($3/$6 USD) - 2016/09/24 14:37:58 ET
Table 'Atik' 6-max Seat #3 is the button
Seat 1: LifeisagameX ($84 in chips)
Seat 3: PeteSvensson ($157.01 in chips)
PeteSvensson: posts small blind $1
LifeisagameX: posts big blind $3
*** HOLE CARDS ***
PeteSvensson: folds
Uncalled bet ($2) returned to LifeisagameX
LifeisagameX collected $2 from pot
LifeisagameX: doesn't show hand
*** SUMMARY ***
Total pot $2 | Rake $0
Seat 1: LifeisagameX (big blind) collected ($2)
Seat 3: PeteSvensson (button) (small blind) folded before Flop


PokerStars Hand #159037689720:  Hold'em Limit ($3/$6 USD) - 2016/09/24 14:38:04 ET
Table 'Atik' 6-max Seat #1 is the button
Seat 1: LifeisagameX ($85 in chips)
Seat 3: PeteSvensson ($156.01 in chips)
LifeisagameX: posts small blind $1
PeteSvensson: posts big blind $3
*** HOLE CARDS ***
LifeisagameX: raises $3 to $6
PeteSvensson: calls $3
*** FLOP *** [6d 5h Qd]
PeteSvensson: checks
LifeisagameX: bets $3
PeteSvensson: calls $3
*** TURN *** [6d 5h Qd] [8d]
PeteSvensson: checks
LifeisagameX: checks
*** RIVER *** [6d 5h Qd 8d] [9s]
PeteSvensson: bets $6
LifeisagameX: raises $6 to $12
PeteSvensson: calls $6
*** SHOW DOWN ***
LifeisagameX: shows [Ts Jc] (a straight, Eight to Queen)
PeteSvensson: mucks hand
LifeisagameX collected $41.50 from pot
*** SUMMARY ***
Total pot $42 | Rake $0.50
Board [6d 5h Qd 8d 9s]
Seat 1: LifeisagameX (button) (small blind) showed [Ts Jc] and won ($41.50) with a straight, Eight to Queen
Seat 3: PeteSvensson (big blind) mucked


PokerStars Hand #159037722817:  Hold'em Limit ($3/$6 USD) - 2016/09/24 14:38:46 ET
Table 'Atik' 6-max Seat #3 is the button
Seat 1: LifeisagameX ($105.50 in chips)
Seat 3: PeteSvensson ($135.01 in chips)
PeteSvensson: posts small blind $1
LifeisagameX: posts big blind $3
*** HOLE CARDS ***
PeteSvensson: raises $3 to $6
LifeisagameX: raises $3 to $9
PeteSvensson: calls $3
*** FLOP *** [8c 8s Qs]
LifeisagameX: bets $3
PeteSvensson: folds
Uncalled bet ($3) returned to LifeisagameX
LifeisagameX collected $17.64 from pot
LifeisagameX: doesn't show hand
*** SUMMARY ***
Total pot $18 | Rake $0.36
Board [8c 8s Qs]
Seat 1: LifeisagameX (big blind) collected ($17.64)
Seat 3: PeteSvensson (button) (small blind) folded on the Flop


PokerStars Hand #159037737644:  Hold'em Limit ($3/$6 USD) - 2016/09/24 14:39:05 ET
Table 'Atik' 6-max Seat #1 is the button
Seat 1: LifeisagameX ($114.14 in chips)
Seat 3: PeteSvensson ($126.01 in chips)
LifeisagameX: posts small blind $1
PeteSvensson: posts big blind $3
*** HOLE CARDS ***
LifeisagameX: raises $3 to $6
PeteSvensson: calls $3
*** FLOP *** [Th 7d 6h]
PeteSvensson: checks
LifeisagameX: bets $3
PeteSvensson: raises $3 to $6
LifeisagameX: raises $3 to $9
PeteSvensson: calls $3
*** TURN *** [Th 7d 6h] [2h]
PeteSvensson: bets $6
LifeisagameX: calls $6
*** RIVER *** [Th 7d 6h 2h] [Ah]
PeteSvensson: bets $6
LifeisagameX: calls $6
*** SHOW DOWN ***
PeteSvensson: shows [Qh 6s] (a flush, Ace high)
LifeisagameX: mucks hand
PeteSvensson collected $53.50 from pot
*** SUMMARY ***
Total pot $54 | Rake $0.50
Board [Th 7d 6h 2h Ah]
Seat 1: LifeisagameX (button) (small blind) mucked
Seat 3: PeteSvensson (big blind) showed [Qh 6s] and won ($53.50) with a flush, Ace high


PokerStars Hand #159037774695:  Hold'em Limit ($3/$6 USD) - 2016/09/24 14:39:52 ET
Table 'Atik' 6-max Seat #3 is the button
Seat 1: LifeisagameX ($87.14 in chips)
Seat 3: PeteSvensson ($152.51 in chips)
PeteSvensson: posts small blind $1
LifeisagameX: posts big blind $3
*** HOLE CARDS ***
PeteSvensson: raises $3 to $6
LifeisagameX: calls $3
*** FLOP *** [As 2s 5s]
LifeisagameX: checks
PeteSvensson: bets $3
LifeisagameX: calls $3
*** TURN *** [As 2s 5s] [Jh]
LifeisagameX: checks
PeteSvensson: checks
*** RIVER *** [As 2s 5s Jh] [4c]
LifeisagameX: checks
PeteSvensson: checks
*** SHOW DOWN ***
LifeisagameX: shows [Kd Th] (high card Ace)
PeteSvensson: mucks hand
LifeisagameX collected $17.64 from pot
*** SUMMARY ***
Total pot $18 | Rake $0.36
Board [As 2s 5s Jh 4c]
Seat 1: LifeisagameX (big blind) showed [Kd Th] and won ($17.64) with high card Ace
Seat 3: PeteSvensson (button) (small blind) mucked


PokerStars Hand #159037793548:  Hold'em Limit ($3/$6 USD) - 2016/09/24 14:40:16 ET
Table 'Atik' 6-max Seat #1 is the button
Seat 1: LifeisagameX ($95.78 in chips)
Seat 3: PeteSvensson ($143.51 in chips)
LifeisagameX: posts small blind $1
PeteSvensson: posts big blind $3
*** HOLE CARDS ***
LifeisagameX: raises $3 to $6
PeteSvensson: calls $3
*** FLOP *** [7c 3d Qs]
PeteSvensson: checks
LifeisagameX: bets $3
PeteSvensson: raises $3 to $6
LifeisagameX: calls $3
*** TURN *** [7c 3d Qs] [8h]
PeteSvensson: bets $6
LifeisagameX: calls $6
*** RIVER *** [7c 3d Qs 8h] [Qh]
PeteSvensson: checks
LifeisagameX: bets $6
PeteSvensson: calls $6
*** SHOW DOWN ***
LifeisagameX: shows [9h 7h] (two pair, Queens and Sevens)
PeteSvensson: mucks hand
LifeisagameX collected $47.50 from pot
*** SUMMARY ***
Total pot $48 | Rake $0.50
Board [7c 3d Qs 8h Qh]
Seat 1: LifeisagameX (button) (small blind) showed [9h 7h] and won ($47.50) with two pair, Queens and Sevens
Seat 3: PeteSvensson (big blind) mucked


PokerStars Hand #159037839673:  Hold'em Limit ($3/$6 USD) - 2016/09/24 14:41:14 ET
Table 'Atik' 6-max Seat #3 is the button
Seat 1: LifeisagameX ($119.28 in chips)
Seat 3: PeteSvensson ($119.51 in chips)
PeteSvensson: posts small blind $1
LifeisagameX: posts big blind $3
*** HOLE CARDS ***
PeteSvensson: raises $3 to $6
LifeisagameX: calls $3
*** FLOP *** [5s 4c 9s]
LifeisagameX: checks
PeteSvensson: bets $3
LifeisagameX: calls $3
*** TURN *** [5s 4c 9s] [Ah]
LifeisagameX: checks
PeteSvensson: bets $6
HAOYUN88888 joins the table at seat #6
LifeisagameX: calls $6
*** RIVER *** [5s 4c 9s Ah] [Jh]
LifeisagameX: checks
PeteSvensson: bets $6
LifeisagameX: calls $6
*** SHOW DOWN ***
PeteSvensson: shows [Jc Qc] (a pair of Jacks)
LifeisagameX: mucks hand
PeteSvensson collected $41.50 from pot
*** SUMMARY ***
Total pot $42 | Rake $0.50
Board [5s 4c 9s Ah Jh]
Seat 1: LifeisagameX (big blind) mucked
Seat 3: PeteSvensson (button) (small blind) showed [Jc Qc] and won ($41.50) with a pair of Jacks


PokerStars Hand #159037879620:  Hold'em Limit ($3/$6 USD) - 2016/09/24 14:42:04 ET
Table 'Atik' 6-max Seat #1 is the button
Seat 1: LifeisagameX ($98.28 in chips)
Seat 3: PeteSvensson ($140.01 in chips)
LifeisagameX: posts small blind $1
PeteSvensson: posts big blind $3
*** HOLE CARDS ***
LifeisagameX: raises $3 to $6
PeteSvensson: calls $3
*** FLOP *** [3s 9s Ad]
PeteSvensson: checks
LifeisagameX: bets $3
PeteSvensson: folds
Uncalled bet ($3) returned to LifeisagameX
LifeisagameX collected $11.76 from pot
*** SUMMARY ***
Total pot $12 | Rake $0.24
Board [3s 9s Ad]
Seat 1: LifeisagameX (button) (small blind) collected ($11.76)
Seat 3: PeteSvensson (big blind) folded on the Flop


PokerStars Hand #159037895367:  Hold'em Limit ($3/$6 USD) - 2016/09/24 14:42:24 ET
Table 'Atik' 6-max Seat #3 is the button
Seat 3: PeteSvensson ($134.01 in chips)
Seat 6: HAOYUN88888 ($120 in chips)
PeteSvensson: posts small blind $1
HAOYUN88888: posts big blind $3
*** HOLE CARDS ***
PeteSvensson: raises $3 to $6
HAOYUN88888: raises $3 to $9
PeteSvensson: calls $3
*** FLOP *** [Th 8c 9d]
LifeisagameX leaves the table
HAOYUN88888: bets $3
PeteSvensson: calls $3
*** TURN *** [Th 8c 9d] [2d]
vestimokrec joins the table at seat #1
HAOYUN88888: bets $6
PeteSvensson: raises $6 to $12
HAOYUN88888: calls $6
*** RIVER *** [Th 8c 9d 2d] [8s]
HAOYUN88888: checks
PeteSvensson: bets $6
HAOYUN88888: calls $6
*** SHOW DOWN ***
PeteSvensson: shows [Ts Kh] (two pair, Tens and Eights)
HAOYUN88888: mucks hand
PeteSvensson collected $59.50 from pot
*** SUMMARY ***
Total pot $60 | Rake $0.50
Board [Th 8c 9d 2d 8s]
Seat 3: PeteSvensson (button) (small blind) showed [Ts Kh] and won ($59.50) with two pair, Tens and Eights
Seat 6: HAOYUN88888 (big blind) mucked


PokerStars Hand #159038664022:  Hold'em Limit ($3/$6 USD) - 2016/09/24 14:59:51 ET
Table 'Atik' 6-max Seat #6 is the button
Seat 2: Swiltz ($120 in chips)
Seat 6: HAOYUN88888 ($266.13 in chips)
HAOYUN88888: posts small blind $1
Swiltz: posts big blind $3
*** HOLE CARDS ***
HAOYUN88888: raises $3 to $6
Swiltz: calls $3
*** FLOP *** [8c 2d Ad]
Swiltz: checks
HAOYUN88888: bets $3
Swiltz: folds
Uncalled bet ($3) returned to HAOYUN88888
HAOYUN88888 collected $11.76 from pot
HAOYUN88888: doesn't show hand
*** SUMMARY ***
Total pot $12 | Rake $0.24
Board [8c 2d Ad]
Seat 2: Swiltz (big blind) folded on the Flop
Seat 6: HAOYUN88888 (button) (small blind) collected ($11.76)


PokerStars Hand #159038651626:  Hold'em Limit ($3/$6 USD) - 2016/09/24 14:59:30 ET
Table 'Atik' 6-max Seat #1 is the button
Seat 1: vestimokrec ($157.20 in chips)
Seat 6: HAOYUN88888 ($269.13 in chips)
vestimokrec: posts small blind $1
HAOYUN88888: posts big blind $3
*** HOLE CARDS ***
vestimokrec: raises $3 to $6
HAOYUN88888: folds
Uncalled bet ($3) returned to vestimokrec
vestimokrec collected $6 from pot
vestimokrec: doesn't show hand
*** SUMMARY ***
Total pot $6 | Rake $0
Seat 1: vestimokrec (button) (small blind) collected ($6)
Seat 6: HAOYUN88888 (big blind) folded before Flop


PokerStars Hand #159038647680:  Hold'em Limit ($3/$6 USD) - 2016/09/24 14:59:23 ET
Table 'Atik' 6-max Seat #6 is the button
Seat 1: vestimokrec ($156.20 in chips)
Seat 6: HAOYUN88888 ($270.13 in chips)
HAOYUN88888: posts small blind $1
vestimokrec: posts big blind $3
*** HOLE CARDS ***
HAOYUN88888: folds
Uncalled bet ($2) returned to vestimokrec
vestimokrec collected $2 from pot
vestimokrec: doesn't show hand
*** SUMMARY ***
Total pot $2 | Rake $0
Seat 1: vestimokrec (big blind) collected ($2)
Seat 6: HAOYUN88888 (button) (small blind) folded before Flop


PokerStars Hand #159038704014:  Hold'em Limit ($3/$6 USD) - 2016/09/24 15:00:56 ET
Table 'Atik' 6-max Seat #2 is the button
Seat 2: Swiltz ($94 in chips)
Seat 6: HAOYUN88888 ($291.39 in chips)
Swiltz: posts small blind $1
HAOYUN88888: posts big blind $3
*** HOLE CARDS ***
Swiltz: calls $2
HAOYUN88888: raises $3 to $6
Swiltz: calls $3
*** FLOP *** [2d 5d 7s]
HAOYUN88888: bets $3
Swiltz: calls $3
*** TURN *** [2d 5d 7s] [5h]
HAOYUN88888: bets $6
Bonkman05 joins the table at seat #3
Swiltz: calls $6
*** RIVER *** [2d 5d 7s 5h] [Jc]
HAOYUN88888: bets $6
Swiltz: folds
Uncalled bet ($6) returned to HAOYUN88888
HAOYUN88888 collected $29.50 from pot
HAOYUN88888: doesn't show hand
*** SUMMARY ***
Total pot $30 | Rake $0.50
Board [2d 5d 7s 5h Jc]
Seat 2: Swiltz (button) (small blind) folded on the River
Seat 6: HAOYUN88888 (big blind) collected ($29.50)


PokerStars Hand #159038700999:  Hold'em Limit ($3/$6 USD) - 2016/09/24 15:00:52 ET
Table 'Atik' 6-max Seat #6 is the button
Seat 2: Swiltz ($93 in chips)
Seat 6: HAOYUN88888 ($292.39 in chips)
HAOYUN88888: posts small blind $1
Swiltz: posts big blind $3
*** HOLE CARDS ***
HAOYUN88888: folds
Uncalled bet ($2) returned to Swiltz
Swiltz collected $2 from pot
Swiltz: doesn't show hand
*** SUMMARY ***
Total pot $2 | Rake $0
Seat 2: Swiltz (big blind) collected ($2)
Seat 6: HAOYUN88888 (button) (small blind) folded before Flop


PokerStars Hand #159038671928:  Hold'em Limit ($3/$6 USD) - 2016/09/24 15:00:05 ET
Table 'Atik' 6-max Seat #2 is the button
Seat 2: Swiltz ($114 in chips)
Seat 6: HAOYUN88888 ($271.89 in chips)
Swiltz: posts small blind $1
HAOYUN88888: posts big blind $3
*** HOLE CARDS ***
Swiltz: calls $2
HAOYUN88888: raises $3 to $6
Swiltz: calls $3
*** FLOP *** [5d 5h Ks]
HAOYUN88888: bets $3
Swiltz: calls $3
*** TURN *** [5d 5h Ks] [Js]
HAOYUN88888: bets $6
Swiltz: calls $6
*** RIVER *** [5d 5h Ks Js] [2d]
HAOYUN88888: bets $6
Swiltz: calls $6
*** SHOW DOWN ***
HAOYUN88888: shows [5c 6c] (three of a kind, Fives)
Swiltz: mucks hand
HAOYUN88888 collected $41.50 from pot
*** SUMMARY ***
Total pot $42 | Rake $0.50
Board [5d 5h Ks Js 2d]
Seat 2: Swiltz (button) (small blind) mucked
Seat 6: HAOYUN88888 (big blind) showed [5c 6c] and won ($41.50) with three of a kind, Fives


PokerStars Hand #159038723328:  Hold'em Limit ($3/$6 USD) - 2016/09/24 15:01:25 ET
Table 'Atik' 6-max Seat #6 is the button
Seat 2: Swiltz ($79 in chips)
Seat 6: HAOYUN88888 ($305.89 in chips)
HAOYUN88888: posts small blind $1
Swiltz: posts big blind $3
*** HOLE CARDS ***
HAOYUN88888: raises $3 to $6
Swiltz: raises $3 to $9
vestimokrec joins the table at seat #1
HAOYUN88888: calls $3
*** FLOP *** [Ah As 5c]
Swiltz: checks
HAOYUN88888: checks
*** TURN *** [Ah As 5c] [8d]
Swiltz: bets $6
HAOYUN88888: folds
Uncalled bet ($6) returned to Swiltz
Swiltz collected $17.64 from pot
Swiltz: doesn't show hand
*** SUMMARY ***
Total pot $18 | Rake $0.36
Board [Ah As 5c 8d]
Seat 2: Swiltz (big blind) collected ($17.64)
Seat 6: HAOYUN88888 (button) (small blind) folded on the Turn


PokerStars Hand #159046872608:  Hold'em Limit ($3/$6 USD) - 2016/09/24 17:54:31 ET
Table 'Atik' 6-max Seat #6 is the button
Seat 3: SpeedKing78 ($90 in chips)
Seat 6: coman567 ($136.09 in chips)
coman567: posts small blind $1
SpeedKing78: posts big blind $3
*** HOLE CARDS ***
coman567: folds
Uncalled bet ($2) returned to SpeedKing78
SpeedKing78 collected $2 from pot
SpeedKing78: doesn't show hand
*** SUMMARY ***
Total pot $2 | Rake $0
Seat 3: SpeedKing78 (big blind) collected ($2)
Seat 6: coman567 (button) (small blind) folded before Flop


PokerStars Hand #159046876669:  Hold'em Limit ($3/$6 USD) - 2016/09/24 17:54:37 ET
Table 'Atik' 6-max Seat #3 is the button
Seat 3: SpeedKing78 ($91 in chips)
Seat 6: coman567 ($135.09 in chips)
SpeedKing78: posts small blind $1
coman567: posts big blind $3
*** HOLE CARDS ***
SpeedKing78: raises $3 to $6
coman567: raises $3 to $9
SpeedKing78: calls $3
*** FLOP *** [As Tc Ah]
coman567: bets $3
SpeedKing78: folds
Uncalled bet ($3) returned to coman567
coman567 collected $17.64 from pot
coman567: doesn't show hand
*** SUMMARY ***
Total pot $18 | Rake $0.36
Board [As Tc Ah]
Seat 3: SpeedKing78 (button) (small blind) folded on the Flop
Seat 6: coman567 (big blind) collected ($17.64)


PokerStars Hand #159046909882:  Hold'em Limit ($3/$6 USD) - 2016/09/24 17:55:27 ET
Table 'Atik' 6-max Seat #6 is the button
Seat 3: SpeedKing78 ($93.34 in chips)
Seat 6: coman567 ($131.55 in chips)
coman567: posts small blind $1
SpeedKing78: posts big blind $3
*** HOLE CARDS ***
coman567: raises $3 to $6
SpeedKing78: folds
Uncalled bet ($3) returned to coman567
coman567 collected $6 from pot
coman567: doesn't show hand
*** SUMMARY ***
Total pot $6 | Rake $0
Seat 3: SpeedKing78 (big blind) folded before Flop
Seat 6: coman567 (button) (small blind) collected ($6)


PokerStars Hand #159046896304:  Hold'em Limit ($3/$6 USD) - 2016/09/24 17:55:04 ET
Table 'Atik' 6-max Seat #3 is the button
Seat 3: SpeedKing78 ($93.52 in chips)
Seat 6: coman567 ($131.73 in chips)
SpeedKing78: posts small blind $1
coman567: posts big blind $3
*** HOLE CARDS ***
SpeedKing78: raises $3 to $6
coman567: calls $3
*** FLOP *** [Td 9d Jh]
coman567: checks
SpeedKing78: bets $3
coman567: calls $3
*** TURN *** [Td 9d Jh] [Ts]
coman567: checks
SpeedKing78: checks
*** RIVER *** [Td 9d Jh Ts] [Kc]
coman567: checks
SpeedKing78: checks
*** SHOW DOWN ***
coman567: shows [9c 6c] (two pair, Tens and Nines)
SpeedKing78: shows [5s 9s] (two pair, Tens and Nines)
coman567 collected $8.82 from pot
SpeedKing78 collected $8.82 from pot
*** SUMMARY ***
Total pot $18 | Rake $0.36
Board [Td 9d Jh Ts Kc]
Seat 3: SpeedKing78 (button) (small blind) showed [5s 9s] and won ($8.82) with two pair, Tens and Nines
Seat 6: coman567 (big blind) showed [9c 6c] and won ($8.82) with two pair, Tens and Nines


PokerStars Hand #159046885626:  Hold'em Limit ($3/$6 USD) - 2016/09/24 17:54:49 ET
Table 'Atik' 6-max Seat #6 is the button
Seat 3: SpeedKing78 ($82 in chips)
Seat 6: coman567 ($143.73 in chips)
coman567: posts small blind $1
SpeedKing78: posts big blind $3
*** HOLE CARDS ***
coman567: raises $3 to $6
SpeedKing78: raises $3 to $9
coman567: calls $3
*** FLOP *** [7c 5d 7h]
SpeedKing78: bets $3
coman567: calls $3
*** TURN *** [7c 5d 7h] [9c]
SpeedKing78: bets $6
coman567: folds
Uncalled bet ($6) returned to SpeedKing78
SpeedKing78 collected $23.52 from pot
SpeedKing78: doesn't show hand
*** SUMMARY ***
Total pot $24 | Rake $0.48
Board [7c 5d 7h 9c]
Seat 3: SpeedKing78 (big blind) collected ($23.52)
Seat 6: coman567 (button) (small blind) folded on the Turn


PokerStars Hand #159046951518:  Hold'em Limit ($3/$6 USD) - 2016/09/24 17:56:38 ET
Table 'Atik' 6-max Seat #6 is the button
Seat 3: SpeedKing78 ($76.86 in chips)
Seat 6: coman567 ($147.05 in chips)
coman567: posts small blind $1
SpeedKing78: posts big blind $3
*** HOLE CARDS ***
coman567: raises $3 to $6
SpeedKing78: calls $3
*** FLOP *** [Ah 7h 3d]
SpeedKing78: checks
coman567: bets $3
SpeedKing78: folds
Uncalled bet ($3) returned to coman567
coman567 collected $11.76 from pot
coman567: doesn't show hand
*** SUMMARY ***
Total pot $12 | Rake $0.24
Board [Ah 7h 3d]
Seat 3: SpeedKing78 (big blind) folded on the Flop
Seat 6: coman567 (button) (small blind) collected ($11.76)


PokerStars Hand #159046946761:  Hold'em Limit ($3/$6 USD) - 2016/09/24 17:56:33 ET
Table 'Atik' 6-max Seat #3 is the button
Seat 3: SpeedKing78 ($77.86 in chips)
Seat 6: coman567 ($146.05 in chips)
SpeedKing78: posts small blind $1
coman567: posts big blind $3
*** HOLE CARDS ***
SpeedKing78: folds
Uncalled bet ($2) returned to coman567
coman567 collected $2 from pot
coman567: doesn't show hand
*** SUMMARY ***
Total pot $2 | Rake $0
Seat 3: SpeedKing78 (button) (small blind) folded before Flop
Seat 6: coman567 (big blind) collected ($2)


PokerStars Hand #159046927682:  Hold'em Limit ($3/$6 USD) - 2016/09/24 17:55:59 ET
Table 'Atik' 6-max Seat #6 is the button
Seat 3: SpeedKing78 ($101.86 in chips)
Seat 6: coman567 ($122.55 in chips)
coman567: posts small blind $1
SpeedKing78: posts big blind $3
*** HOLE CARDS ***
coman567: raises $3 to $6
SpeedKing78: calls $3
*** FLOP *** [Kc 9h 4s]
SpeedKing78: checks
coman567: bets $3
SpeedKing78: raises $3 to $6
coman567: calls $3
*** TURN *** [Kc 9h 4s] [5c]
SpeedKing78: bets $6
coman567: calls $6
*** RIVER *** [Kc 9h 4s 5c] [Kd]
SpeedKing78: bets $6
coman567: calls $6
*** SHOW DOWN ***
SpeedKing78: shows [Ac Tc] (a pair of Kings)
coman567: shows [Td Th] (two pair, Kings and Tens)
coman567 collected $47.50 from pot
*** SUMMARY ***
Total pot $48 | Rake $0.50
Board [Kc 9h 4s 5c Kd]
Seat 3: SpeedKing78 (big blind) showed [Ac Tc] and lost with a pair of Kings
Seat 6: coman567 (button) (small blind) showed [Td Th] and won ($47.50) with two pair, Kings and Tens


PokerStars Hand #159046914134:  Hold'em Limit ($3/$6 USD) - 2016/09/24 17:55:34 ET
Table 'Atik' 6-max Seat #3 is the button
Seat 3: SpeedKing78 ($90.34 in chips)
Seat 6: coman567 ($134.55 in chips)
SpeedKing78: posts small blind $1
coman567: posts big blind $3
*** HOLE CARDS ***
SpeedKing78: raises $3 to $6
coman567: calls $3
*** FLOP *** [4d 9s Kh]
coman567: checks
SpeedKing78: bets $3
coman567: raises $3 to $6
SpeedKing78: raises $3 to $9
coman567: folds
Uncalled bet ($3) returned to SpeedKing78
SpeedKing78 collected $23.52 from pot
SpeedKing78: doesn't show hand
*** SUMMARY ***
Total pot $24 | Rake $0.48
Board [4d 9s Kh]
Seat 3: SpeedKing78 (button) (small blind) collected ($23.52)
Seat 6: coman567 (big blind) folded on the Flop


PokerStars Hand #159046965671:  Hold'em Limit ($3/$6 USD) - 2016/09/24 17:57:03 ET
Table 'Atik' 6-max Seat #3 is the button
Seat 3: SpeedKing78 ($73.62 in chips)
Seat 6: coman567 ($149.81 in chips)
SpeedKing78: posts small blind $1
coman567: posts big blind $3
*** HOLE CARDS ***
SpeedKing78: raises $3 to $6
routinier13 joins the table at seat #2
coman567: raises $3 to $9
SpeedKing78: calls $3
*** FLOP *** [4s 6c 4c]
coman567: bets $3
SpeedKing78: folds
Uncalled bet ($3) returned to coman567
coman567 collected $17.64 from pot
coman567: doesn't show hand
*** SUMMARY ***
Total pot $18 | Rake $0.36
Board [4s 6c 4c]
Seat 3: SpeedKing78 (button) (small blind) folded on the Flop
Seat 6: coman567 (big blind) collected ($17.64)


PokerStars Hand #159046962368:  Hold'em Limit ($3/$6 USD) - 2016/09/24 17:56:57 ET
Table 'Atik' 6-max Seat #6 is the button
Seat 3: SpeedKing78 ($76.62 in chips)
Seat 6: coman567 ($146.81 in chips)
coman567: posts small blind $1
SpeedKing78: posts big blind $3
*** HOLE CARDS ***
coman567: raises $3 to $6
SpeedKing78: folds
Uncalled bet ($3) returned to coman567
coman567 collected $6 from pot
*** SUMMARY ***
Total pot $6 | Rake $0
Seat 3: SpeedKing78 (big blind) folded before Flop
Seat 6: coman567 (button) (small blind) collected ($6)


PokerStars Hand #159046957347:  Hold'em Limit ($3/$6 USD) - 2016/09/24 17:56:48 ET
Table 'Atik' 6-max Seat #3 is the button
Seat 3: SpeedKing78 ($70.86 in chips)
Seat 6: coman567 ($152.81 in chips)
SpeedKing78: posts small blind $1
coman567: posts big blind $3
*** HOLE CARDS ***
SpeedKing78: raises $3 to $6
coman567: calls $3
*** FLOP *** [6h Jc Ac]
coman567: checks
SpeedKing78: bets $3
coman567: folds
Uncalled bet ($3) returned to SpeedKing78
SpeedKing78 collected $11.76 from pot
SpeedKing78: doesn't show hand
*** SUMMARY ***
Total pot $12 | Rake $0.24
Board [6h Jc Ac]
Seat 3: SpeedKing78 (button) (small blind) collected ($11.76)
Seat 6: coman567 (big blind) folded on the Flop


PokerStars Hand #159047360831:  Hold'em Limit ($3/$6 USD) - 2016/09/24 18:06:23 ET
Table 'Atik' 6-max Seat #5 is the button
Seat 5: YseRussia ($82.85 in chips)
Seat 6: coman567 ($105 in chips)
YseRussia: posts small blind $1
coman567: posts big blind $3
*** HOLE CARDS ***
YseRussia: calls $2
coman567: raises $3 to $6
YseRussia: calls $3
*** FLOP *** [9h Qd 5c]
coman567: bets $3
YseRussia: calls $3
*** TURN *** [9h Qd 5c] [6s]
coman567: bets $6
YseRussia: raises $6 to $12
coman567: calls $6
*** RIVER *** [9h Qd 5c 6s] [5d]
coman567: checks
YseRussia: bets $6
coman567: calls $6
*** SHOW DOWN ***
YseRussia: shows [Qc 5h] (a full house, Fives full of Queens)
coman567: mucks hand
YseRussia collected $53.50 from pot
*** SUMMARY ***
Total pot $54 | Rake $0.50
Board [9h Qd 5c 6s 5d]
Seat 5: YseRussia (button) (small blind) showed [Qc 5h] and won ($53.50) with a full house, Fives full of Queens
Seat 6: coman567 (big blind) mucked


PokerStars Hand #159047376870:  Hold'em Limit ($3/$6 USD) - 2016/09/24 18:06:43 ET
Table 'Atik' 6-max Seat #6 is the button
Seat 5: YseRussia ($109.35 in chips)
Seat 6: coman567 ($120 in chips)
coman567: posts small blind $1
YseRussia: posts big blind $3
*** HOLE CARDS ***
coman567: raises $3 to $6
YseRussia: calls $3
*** FLOP *** [As 5c 3h]
YseRussia: checks
coman567: bets $3
YseRussia: folds
Uncalled bet ($3) returned to coman567
coman567 collected $11.76 from pot
coman567: doesn't show hand
*** SUMMARY ***
Total pot $12 | Rake $0.24
Board [As 5c 3h]
Seat 5: YseRussia (big blind) folded on the Flop
Seat 6: coman567 (button) (small blind) collected ($11.76)


PokerStars Hand #159047348785:  Hold'em Limit ($3/$6 USD) - 2016/09/24 18:06:07 ET
Table 'Atik' 6-max Seat #6 is the button
Seat 5: YseRussia ($74.21 in chips)
Seat 6: coman567 ($114 in chips)
coman567: posts small blind $1
YseRussia: posts big blind $3
*** HOLE CARDS ***
coman567: raises $3 to $6
YseRussia: calls $3
*** FLOP *** [3d 5c Qs]
YseRussia: checks
conanboy leaves the table
coman567: bets $3
YseRussia: calls $3
*** TURN *** [3d 5c Qs] [Ts]
YseRussia: checks
coman567: checks
*** RIVER *** [3d 5c Qs Ts] [4h]
YseRussia: bets $6
coman567: folds
Uncalled bet ($6) returned to YseRussia
YseRussia collected $17.64 from pot
YseRussia: doesn't show hand
*** SUMMARY ***
Total pot $18 | Rake $0.36
Board [3d 5c Qs Ts 4h]
Seat 5: YseRussia (big blind) collected ($17.64)
Seat 6: coman567 (button) (small blind) folded on the River


PokerStars Hand #159047410953:  Hold'em Limit ($3/$6 USD) - 2016/09/24 18:07:27 ET
Table 'Atik' 6-max Seat #6 is the button
Seat 5: YseRussia ($124.85 in chips)
Seat 6: coman567 ($103.76 in chips)
coman567: posts small blind $1
YseRussia: posts big blind $3
*** HOLE CARDS ***
coman567: raises $3 to $6
YseRussia: folds
Uncalled bet ($3) returned to coman567
coman567 collected $6 from pot
coman567: doesn't show hand
*** SUMMARY ***
Total pot $6 | Rake $0
Seat 5: YseRussia (big blind) folded before Flop
Seat 6: coman567 (button) (small blind) collected ($6)


PokerStars Hand #159047392366:  Hold'em Limit ($3/$6 USD) - 2016/09/24 18:07:03 ET
Table 'Atik' 6-max Seat #5 is the button
Seat 5: YseRussia ($107.35 in chips)
Seat 6: coman567 ($121.76 in chips)
YseRussia: posts small blind $1
coman567: posts big blind $3
*** HOLE CARDS ***
YseRussia: raises $3 to $6
coman567: raises $3 to $9
YseRussia: calls $3
*** FLOP *** [Jh 8h 2s]
coman567: bets $3
YseRussia: calls $3
*** TURN *** [Jh 8h 2s] [9s]
coman567: checks
YseRussia: bets $6
coman567: calls $6
*** RIVER *** [Jh 8h 2s 9s] [Qs]
coman567: checks
YseRussia: bets $6
coman567: folds
Uncalled bet ($6) returned to YseRussia
YseRussia collected $35.50 from pot
YseRussia: doesn't show hand
*** SUMMARY ***
Total pot $36 | Rake $0.50
Board [Jh 8h 2s 9s Qs]
Seat 5: YseRussia (button) (small blind) collected ($35.50)
Seat 6: coman567 (big blind) folded on the River


PokerStars Hand #159047388690:  Hold'em Limit ($3/$6 USD) - 2016/09/24 18:06:58 ET
Table 'Atik' 6-max Seat #6 is the button
Seat 5: YseRussia ($106.35 in chips)
Seat 6: coman567 ($122.76 in chips)
coman567: posts small blind $1
YseRussia: posts big blind $3
*** HOLE CARDS ***
coman567: folds
Uncalled bet ($2) returned to YseRussia
YseRussia collected $2 from pot
YseRussia: doesn't show hand
*** SUMMARY ***
Total pot $2 | Rake $0
Seat 5: YseRussia (big blind) collected ($2)
Seat 6: coman567 (button) (small blind) folded before Flop


PokerStars Hand #159047384860:  Hold'em Limit ($3/$6 USD) - 2016/09/24 18:06:53 ET
Table 'Atik' 6-max Seat #5 is the button
Seat 5: YseRussia ($103.35 in chips)
Seat 6: coman567 ($125.76 in chips)
YseRussia: posts small blind $1
coman567: posts big blind $3
*** HOLE CARDS ***
YseRussia: raises $3 to $6
coman567: folds
Uncalled bet ($3) returned to YseRussia
YseRussia collected $6 from pot
YseRussia: doesn't show hand
*** SUMMARY ***
Total pot $6 | Rake $0
Seat 5: YseRussia (button) (small blind) collected ($6)
Seat 6: coman567 (big blind) folded before Flop


PokerStars Hand #159047415700:  Hold'em Limit ($3/$6 USD) - 2016/09/24 18:07:33 ET
Table 'Atik' 6-max Seat #5 is the button
Seat 5: YseRussia ($121.85 in chips)
Seat 6: coman567 ($106.76 in chips)
YseRussia: posts small blind $1
coman567: posts big blind $3
*** HOLE CARDS ***
YseRussia: calls $2
coman567: raises $3 to $6
YseRussia: calls $3
*** FLOP *** [2c 2d 3c]
coman567: bets $3
YseRussia: raises $3 to $6
coman567: calls $3
*** TURN *** [2c 2d 3c] [8c]
coman567: checks
YseRussia: bets $6
coman567: raises $6 to $12
YseRussia: calls $6
*** RIVER *** [2c 2d 3c 8c] [9h]
coman567: bets $6
YseRussia: calls $6
*** SHOW DOWN ***
coman567: shows [Kc Kh] (two pair, Kings and Deuces)
YseRussia: mucks hand
coman567 collected $59.50 from pot
*** SUMMARY ***
Total pot $60 | Rake $0.50
Board [2c 2d 3c 8c 9h]
Seat 5: YseRussia (button) (small blind) mucked
Seat 6: coman567 (big blind) showed [Kc Kh] and won ($59.50) with two pair, Kings and Deuces


