PokerStars Hand #150118598833:  Hold'em Limit ($3/$6 USD) - 2016/03/10 2:11:37 ET
Table 'Atik' 6-max Seat #1 is the button
Seat 1: jiajia88 ($34.17 in chips)
Seat 3: VolkovDmitri ($120 in chips)
jiajia88: posts small blind $1
Agrotait joins the table at seat #2
VolkovDmitri: posts big blind $3
*** HOLE CARDS ***
jiajia88: raises $3 to $6
VolkovDmitri: raises $3 to $9
jiajia88: calls $3
*** FLOP *** [3h Kh Jd]
VolkovDmitri: bets $3
jiajia88: folds
Uncalled bet ($3) returned to VolkovDmitri
VolkovDmitri collected $17.64 from pot
VolkovDmitri: doesn't show hand
*** SUMMARY ***
Total pot $18 | Rake $0.36
Board [3h Kh Jd]
Seat 1: jiajia88 (button) (small blind) folded on the Flop
Seat 3: VolkovDmitri (big blind) collected ($17.64)


PokerStars Hand #150119911126:  Hold'em Limit ($3/$6 USD) - 2016/03/10 3:25:22 ET
Table 'Atik' 6-max Seat #2 is the button
Seat 2: viviangle ($82.20 in chips)
Seat 6: chairman-law ($116.80 in chips)
viviangle: posts small blind $1
Chessnok: is sitting out
chairman-law: posts big blind $3
*** HOLE CARDS ***
Chessnok leaves the table
viviangle: raises $3 to $6
chairman-law: calls $3
*** FLOP *** [3d Js 6h]
chairman-law: checks
viviangle: bets $3
chairman-law: calls $3
*** TURN *** [3d Js 6h] [9h]
chairman-law: checks
viviangle: bets $6
chairman-law: raises $6 to $12
viviangle: calls $6
*** RIVER *** [3d Js 6h 9h] [5s]
chairman-law: bets $6
viviangle: folds
Uncalled bet ($6) returned to chairman-law
chairman-law collected $41.50 from pot
chairman-law: doesn't show hand
*** SUMMARY ***
Total pot $42 | Rake $0.50
Board [3d Js 6h 9h 5s]
Seat 2: viviangle (button) (small blind) folded on the River
Seat 6: chairman-law (big blind) collected ($41.50)


