PokerStars Hand #149650358547:  Hold'em Limit ($3/$6 USD) - 2016/02/29 23:47:23 ET
Table 'Atlas' 6-max Seat #3 is the button
Seat 3: HaekJiu ($102.50 in chips)
Seat 4: MTails ($116.52 in chips)
HaekJiu: posts small blind $1
MTails: posts big blind $3
*** HOLE CARDS ***
HaekJiu: folds
Uncalled bet ($2) returned to MTails
MTails collected $2 from pot
*** SUMMARY ***
Total pot $2 | Rake $0
Seat 3: HaekJiu (button) (small blind) folded before Flop
Seat 4: MTails (big blind) collected ($2)


PokerStars Hand #149650354814:  Hold'em Limit ($3/$6 USD) - 2016/02/29 23:47:10 ET
Table 'Atlas' 6-max Seat #4 is the button
Seat 3: HaekJiu ($114.50 in chips)
Seat 4: MTails ($105 in chips)
MTails: posts small blind $1
HaekJiu: posts big blind $3
*** HOLE CARDS ***
MTails: raises $3 to $6
HaekJiu: raises $3 to $9
MTails: calls $3
*** FLOP *** [8c 8s Jd]
HaekJiu: bets $3
MTails: calls $3
*** TURN *** [8c 8s Jd] [4c]
HaekJiu: checks
MTails: bets $6
HaekJiu: folds
Uncalled bet ($6) returned to MTails
MTails collected $23.52 from pot
*** SUMMARY ***
Total pot $24 | Rake $0.48
Board [8c 8s Jd 4c]
Seat 3: HaekJiu (big blind) folded on the Turn
Seat 4: MTails (button) (small blind) collected ($23.52)


PokerStars Hand #149650348875:  Hold'em Limit ($3/$6 USD) - 2016/02/29 23:46:50 ET
Table 'Atlas' 6-max Seat #3 is the button
Seat 3: HaekJiu ($100 in chips)
Seat 4: MTails ($120 in chips)
HaekJiu: posts small blind $1
MTails: posts big blind $3
*** HOLE CARDS ***
HaekJiu: raises $3 to $6
MTails: raises $3 to $9
HaekJiu: raises $3 to $12
Betting is capped
MTails: calls $3
*** FLOP *** [6c Qs As]
MTails: checks
HaekJiu: bets $3
MTails: calls $3
*** TURN *** [6c Qs As] [6h]
MTails: checks
HaekJiu: bets $6
MTails: folds
Uncalled bet ($6) returned to HaekJiu
HaekJiu collected $29.50 from pot
HaekJiu: doesn't show hand
*** SUMMARY ***
Total pot $30 | Rake $0.50
Board [6c Qs As 6h]
Seat 3: HaekJiu (button) (small blind) collected ($29.50)
Seat 4: MTails (big blind) folded on the Turn


PokerStars Hand #149650359948:  Hold'em Limit ($3/$6 USD) - 2016/02/29 23:47:28 ET
Table 'Atlas' 6-max Seat #4 is the button
Seat 3: HaekJiu ($101.50 in chips)
Seat 4: MTails ($117.52 in chips)
MTails: posts small blind $1
HaekJiu: posts big blind $3
*** HOLE CARDS ***
MTails: raises $3 to $6
HaekJiu: calls $3
*** FLOP *** [Jh 3s Kd]
HaekJiu: checks
MTails: bets $3
HaekJiu: folds
Uncalled bet ($3) returned to MTails
MTails collected $11.76 from pot
*** SUMMARY ***
Total pot $12 | Rake $0.24
Board [Jh 3s Kd]
Seat 3: HaekJiu (big blind) folded on the Flop
Seat 4: MTails (button) (small blind) collected ($11.76)


PokerStars Hand #149650362176:  Hold'em Limit ($3/$6 USD) - 2016/02/29 23:47:36 ET
Table 'Atlas' 6-max Seat #3 is the button
Seat 3: HaekJiu ($95.50 in chips)
Seat 4: MTails ($123.28 in chips)
HaekJiu: posts small blind $1
MTails: posts big blind $3
*** HOLE CARDS ***
HaekJiu: raises $3 to $6
MTails: calls $3
*** FLOP *** [8h Ks 5s]
MTails: checks
HaekJiu: checks
*** TURN *** [8h Ks 5s] [4c]
MTails: bets $6
HaekJiu: raises $6 to $12
MTails: calls $6
*** RIVER *** [8h Ks 5s 4c] [9s]
MTails: checks
HaekJiu: bets $6
MTails: folds
Uncalled bet ($6) returned to HaekJiu
HaekJiu collected $35.50 from pot
HaekJiu: doesn't show hand
*** SUMMARY ***
Total pot $36 | Rake $0.50
Board [8h Ks 5s 4c 9s]
Seat 3: HaekJiu (button) (small blind) collected ($35.50)
Seat 4: MTails (big blind) folded on the River


PokerStars Hand #149650372351:  Hold'em Limit ($3/$6 USD) - 2016/02/29 23:48:11 ET
Table 'Atlas' 6-max Seat #3 is the button
Seat 3: HaekJiu ($136.35 in chips)
Seat 4: MTails ($95.28 in chips)
HaekJiu: posts small blind $1
MTails: posts big blind $3
*** HOLE CARDS ***
HaekJiu: raises $3 to $6
MTails: calls $3
*** FLOP *** [Ah 3c Js]
MTails: checks
HaekJiu: checks
*** TURN *** [Ah 3c Js] [6d]
MTails: checks
HaekJiu: bets $6
MTails: folds
Uncalled bet ($6) returned to HaekJiu
HaekJiu collected $11.76 from pot
HaekJiu: doesn't show hand
*** SUMMARY ***
Total pot $12 | Rake $0.24
Board [Ah 3c Js 6d]
Seat 3: HaekJiu (button) (small blind) collected ($11.76)
Seat 4: MTails (big blind) folded on the Turn


PokerStars Hand #149650371055:  Hold'em Limit ($3/$6 USD) - 2016/02/29 23:48:07 ET
Table 'Atlas' 6-max Seat #4 is the button
Seat 3: HaekJiu ($135.35 in chips)
Seat 4: MTails ($96.28 in chips)
MTails: posts small blind $1
HaekJiu: posts big blind $3
*** HOLE CARDS ***
MTails: folds
Uncalled bet ($2) returned to HaekJiu
HaekJiu collected $2 from pot
HaekJiu: doesn't show hand
*** SUMMARY ***
Total pot $2 | Rake $0
Seat 3: HaekJiu (big blind) collected ($2)
Seat 4: MTails (button) (small blind) folded before Flop


PokerStars Hand #149650367924:  Hold'em Limit ($3/$6 USD) - 2016/02/29 23:47:56 ET
Table 'Atlas' 6-max Seat #3 is the button
Seat 3: HaekJiu ($123.83 in chips)
Seat 4: MTails ($108.28 in chips)
HaekJiu: posts small blind $1
MTails: posts big blind $3
*** HOLE CARDS ***
HaekJiu: raises $3 to $6
MTails: calls $3
*** FLOP *** [5h 3d As]
MTails: checks
HaekJiu: checks
*** TURN *** [5h 3d As] [Th]
MTails: bets $6
HaekJiu: raises $6 to $12
MTails: folds
Uncalled bet ($6) returned to HaekJiu
HaekJiu collected $23.52 from pot
HaekJiu: doesn't show hand
*** SUMMARY ***
Total pot $24 | Rake $0.48
Board [5h 3d As Th]
Seat 3: HaekJiu (button) (small blind) collected ($23.52)
Seat 4: MTails (big blind) folded on the Turn


PokerStars Hand #149650366501:  Hold'em Limit ($3/$6 USD) - 2016/02/29 23:47:51 ET
Table 'Atlas' 6-max Seat #4 is the button
Seat 3: HaekJiu ($126.83 in chips)
Seat 4: MTails ($105.28 in chips)
MTails: posts small blind $1
HaekJiu: posts big blind $3
*** HOLE CARDS ***
MTails: raises $3 to $6
HaekJiu: folds
Uncalled bet ($3) returned to MTails
MTails collected $6 from pot
*** SUMMARY ***
Total pot $6 | Rake $0
Seat 3: HaekJiu (big blind) folded before Flop
Seat 4: MTails (button) (small blind) collected ($6)


PokerStars Hand #149650385949:  Hold'em Limit ($3/$6 USD) - 2016/02/29 23:48:58 ET
Table 'Atlas' 6-max Seat #3 is the button
Seat 3: HaekJiu ($129.87 in chips)
Seat 4: MTails ($100.56 in chips)
HaekJiu: posts small blind $1
MTails: posts big blind $3
*** HOLE CARDS ***
HaekJiu: raises $3 to $6
MTails: raises $3 to $9
HaekJiu: calls $3
*** FLOP *** [3c 3d Qs]
MTails: bets $3
HaekJiu: calls $3
*** TURN *** [3c 3d Qs] [7d]
MTails: checks
HaekJiu: checks
*** RIVER *** [3c 3d Qs 7d] [6c]
MTails: bets $6
HaekJiu: folds
Uncalled bet ($6) returned to MTails
MTails collected $23.52 from pot
MTails: doesn't show hand
*** SUMMARY ***
Total pot $24 | Rake $0.48
Board [3c 3d Qs 7d 6c]
Seat 3: HaekJiu (button) (small blind) folded on the River
Seat 4: MTails (big blind) collected ($23.52)


PokerStars Hand #149650382492:  Hold'em Limit ($3/$6 USD) - 2016/02/29 23:48:46 ET
Table 'Atlas' 6-max Seat #4 is the button
Seat 3: HaekJiu ($138.87 in chips)
Seat 4: MTails ($91.92 in chips)
MTails: posts small blind $1
HaekJiu: posts big blind $3
*** HOLE CARDS ***
MTails: raises $3 to $6
HaekJiu: calls $3
*** FLOP *** [8c 3s 7s]
HaekJiu: checks
MTails: bets $3
HaekJiu: calls $3
*** TURN *** [8c 3s 7s] [Qc]
HaekJiu: checks
MTails: bets $6
HaekJiu: folds
Uncalled bet ($6) returned to MTails
MTails collected $17.64 from pot
*** SUMMARY ***
Total pot $18 | Rake $0.36
Board [8c 3s 7s Qc]
Seat 3: HaekJiu (big blind) folded on the Turn
Seat 4: MTails (button) (small blind) collected ($17.64)


PokerStars Hand #149650375467:  Hold'em Limit ($3/$6 USD) - 2016/02/29 23:48:22 ET
Table 'Atlas' 6-max Seat #4 is the button
Seat 3: HaekJiu ($142.11 in chips)
Seat 4: MTails ($89.28 in chips)
MTails: posts small blind $1
HaekJiu: posts big blind $3
*** HOLE CARDS ***
MTails: raises $3 to $6
HaekJiu: calls $3
*** FLOP *** [7c 5h 3s]
HaekJiu: checks
MTails: bets $3
HaekJiu: calls $3
*** TURN *** [7c 5h 3s] [Td]
HaekJiu: checks
MTails: checks
*** RIVER *** [7c 5h 3s Td] [Kd]
HaekJiu: checks
MTails: bets $6
HaekJiu: folds
Uncalled bet ($6) returned to MTails
MTails collected $17.64 from pot
MTails: doesn't show hand
*** SUMMARY ***
Total pot $18 | Rake $0.36
Board [7c 5h 3s Td Kd]
Seat 3: HaekJiu (big blind) folded on the River
Seat 4: MTails (button) (small blind) collected ($17.64)


PokerStars Hand #149650379300:  Hold'em Limit ($3/$6 USD) - 2016/02/29 23:48:35 ET
Table 'Atlas' 6-max Seat #3 is the button
Seat 3: HaekJiu ($133.11 in chips)
Seat 4: MTails ($97.92 in chips)
HaekJiu: posts small blind $1
MTails: posts big blind $3
*** HOLE CARDS ***
HaekJiu: raises $3 to $6
MTails: calls $3
*** FLOP *** [2d 8s 6h]
MTails: checks
HaekJiu: checks
*** TURN *** [2d 8s 6h] [Qc]
MTails: checks
HaekJiu: checks
*** RIVER *** [2d 8s 6h Qc] [4c]
MTails: checks
HaekJiu: checks
*** SHOW DOWN ***
MTails: shows [Ah 3s] (high card Ace)
HaekJiu: shows [As 5h] (high card Ace - Queen+Eight+Six+Five kicker)
HaekJiu collected $11.76 from pot
*** SUMMARY ***
Total pot $12 | Rake $0.24
Board [2d 8s 6h Qc 4c]
Seat 3: HaekJiu (button) (small blind) showed [As 5h] and won ($11.76) with high card Ace
Seat 4: MTails (big blind) showed [Ah 3s] and lost with high card Ace


PokerStars Hand #149650389907:  Hold'em Limit ($3/$6 USD) - 2016/02/29 23:49:12 ET
Table 'Atlas' 6-max Seat #4 is the button
Seat 3: HaekJiu ($117.87 in chips)
Seat 4: MTails ($112.08 in chips)
MTails: posts small blind $1
HaekJiu: posts big blind $3
*** HOLE CARDS ***
MTails: raises $3 to $6
HaekJiu: calls $3
*** FLOP *** [3d 3c 7s]
HaekJiu: checks
MTails: bets $3
HaekJiu: raises $3 to $6
MTails: folds
Uncalled bet ($3) returned to HaekJiu
HaekJiu collected $17.64 from pot
HaekJiu: doesn't show hand
*** SUMMARY ***
Total pot $18 | Rake $0.36
Board [3d 3c 7s]
Seat 3: HaekJiu (big blind) collected ($17.64)
Seat 4: MTails (button) (small blind) folded on the Flop


PokerStars Hand #149650392783:  Hold'em Limit ($3/$6 USD) - 2016/02/29 23:49:21 ET
Table 'Atlas' 6-max Seat #3 is the button
Seat 3: HaekJiu ($126.51 in chips)
Seat 4: MTails ($103.08 in chips)
HaekJiu: posts small blind $1
MTails: posts big blind $3
*** HOLE CARDS ***
HaekJiu: raises $3 to $6
MTails: calls $3
*** FLOP *** [Kh 7c 9h]
MTails: checks
HaekJiu: checks
*** TURN *** [Kh 7c 9h] [7h]
MTails: bets $6
HaekJiu: folds
Uncalled bet ($6) returned to MTails
MTails collected $11.76 from pot
MTails: doesn't show hand
*** SUMMARY ***
Total pot $12 | Rake $0.24
Board [Kh 7c 9h 7h]
Seat 3: HaekJiu (button) (small blind) folded on the Turn
Seat 4: MTails (big blind) collected ($11.76)


PokerStars Hand #149650399978:  Hold'em Limit ($3/$6 USD) - 2016/02/29 23:49:46 ET
Table 'Atlas' 6-max Seat #3 is the button
Seat 3: HaekJiu ($99.51 in chips)
Seat 4: MTails ($129.34 in chips)
HaekJiu: posts small blind $1
MTails: posts big blind $3
*** HOLE CARDS ***
HaekJiu: raises $3 to $6
MTails: calls $3
*** FLOP *** [Jh Qd Jc]
MTails: checks
HaekJiu: checks
*** TURN *** [Jh Qd Jc] [8c]
MTails: bets $6
HaekJiu: raises $6 to $12
MTails: calls $6
*** RIVER *** [Jh Qd Jc 8c] [Ah]
MTails: checks
HaekJiu: bets $6
MTails: raises $6 to $12
HaekJiu: calls $6
*** SHOW DOWN ***
MTails: shows [As 4d] (two pair, Aces and Jacks)
HaekJiu: shows [Js Ts] (three of a kind, Jacks)
HaekJiu collected $59.50 from pot
*** SUMMARY ***
Total pot $60 | Rake $0.50
Board [Jh Qd Jc 8c Ah]
Seat 3: HaekJiu (button) (small blind) showed [Js Ts] and won ($59.50) with three of a kind, Jacks
Seat 4: MTails (big blind) showed [As 4d] and lost with two pair, Aces and Jacks


PokerStars Hand #149650395592:  Hold'em Limit ($3/$6 USD) - 2016/02/29 23:49:31 ET
Table 'Atlas' 6-max Seat #4 is the button
Seat 3: HaekJiu ($120.51 in chips)
Seat 4: MTails ($108.84 in chips)
MTails: posts small blind $1
HaekJiu: posts big blind $3
*** HOLE CARDS ***
MTails: raises $3 to $6
HaekJiu: calls $3
*** FLOP *** [3c 7d 6d]
HaekJiu: checks
MTails: bets $3
HaekJiu: calls $3
*** TURN *** [3c 7d 6d] [5s]
HaekJiu: checks
MTails: bets $6
HaekJiu: calls $6
*** RIVER *** [3c 7d 6d 5s] [Td]
HaekJiu: checks
MTails: bets $6
HaekJiu: calls $6
*** SHOW DOWN ***
MTails: shows [3d 9d] (a flush, Ten high)
HaekJiu: mucks hand
MTails collected $41.50 from pot
*** SUMMARY ***
Total pot $42 | Rake $0.50
Board [3c 7d 6d 5s Td]
Seat 3: HaekJiu (big blind) mucked
Seat 4: MTails (button) (small blind) showed [3d 9d] and won ($41.50) with a flush, Ten high


PokerStars Hand #149650404470:  Hold'em Limit ($3/$6 USD) - 2016/02/29 23:50:02 ET
Table 'Atlas' 6-max Seat #4 is the button
Seat 3: HaekJiu ($129.01 in chips)
Seat 4: MTails ($99.34 in chips)
MTails: posts small blind $1
HaekJiu: posts big blind $3
*** HOLE CARDS ***
MTails: raises $3 to $6
HaekJiu: calls $3
*** FLOP *** [6d 7h Qc]
HaekJiu: checks
MTails: bets $3
HaekJiu: calls $3
*** TURN *** [6d 7h Qc] [2h]
HaekJiu: checks
MTails: checks
*** RIVER *** [6d 7h Qc 2h] [Ah]
HaekJiu: bets $6
MTails: folds
Uncalled bet ($6) returned to HaekJiu
HaekJiu collected $17.64 from pot
HaekJiu: doesn't show hand
*** SUMMARY ***
Total pot $18 | Rake $0.36
Board [6d 7h Qc 2h Ah]
Seat 3: HaekJiu (big blind) collected ($17.64)
Seat 4: MTails (button) (small blind) folded on the River


PokerStars Hand #149650417706:  Hold'em Limit ($3/$6 USD) - 2016/02/29 23:50:48 ET
Table 'Atlas' 6-max Seat #3 is the button
Seat 3: HaekJiu ($116.17 in chips)
Seat 4: MTails ($110.84 in chips)
HaekJiu: posts small blind $1
MTails: posts big blind $3
*** HOLE CARDS ***
HaekJiu: raises $3 to $6
MTails: raises $3 to $9
HaekJiu: calls $3
*** FLOP *** [Ts 7h Ks]
MTails: bets $3
HaekJiu: calls $3
*** TURN *** [Ts 7h Ks] [Ac]
MTails: checks
HaekJiu: bets $6
MTails: calls $6
*** RIVER *** [Ts 7h Ks Ac] [3c]
MTails: checks
HaekJiu: bets $6
MTails: folds
Uncalled bet ($6) returned to HaekJiu
HaekJiu collected $35.50 from pot
HaekJiu: doesn't show hand
*** SUMMARY ***
Total pot $36 | Rake $0.50
Board [Ts 7h Ks Ac 3c]
Seat 3: HaekJiu (button) (small blind) collected ($35.50)
Seat 4: MTails (big blind) folded on the River


PokerStars Hand #149650408339:  Hold'em Limit ($3/$6 USD) - 2016/02/29 23:50:15 ET
Table 'Atlas' 6-max Seat #3 is the button
Seat 3: HaekJiu ($137.65 in chips)
Seat 4: MTails ($90.34 in chips)
HaekJiu: posts small blind $1
MTails: posts big blind $3
*** HOLE CARDS ***
HaekJiu: raises $3 to $6
MTails: calls $3
*** FLOP *** [4h Qd Td]
MTails: checks
HaekJiu: checks
*** TURN *** [4h Qd Td] [9c]
MTails: bets $6
HaekJiu: calls $6
*** RIVER *** [4h Qd Td 9c] [Jh]
MTails: checks
HaekJiu: bets $6
MTails: folds
Uncalled bet ($6) returned to HaekJiu
HaekJiu collected $23.52 from pot
HaekJiu: doesn't show hand
*** SUMMARY ***
Total pot $24 | Rake $0.48
Board [4h Qd Td 9c Jh]
Seat 3: HaekJiu (button) (small blind) collected ($23.52)
Seat 4: MTails (big blind) folded on the River


PokerStars Hand #149650413030:  Hold'em Limit ($3/$6 USD) - 2016/02/29 23:50:32 ET
Table 'Atlas' 6-max Seat #4 is the button
Seat 3: HaekJiu ($149.17 in chips)
Seat 4: MTails ($78.34 in chips)
MTails: posts small blind $1
HaekJiu: posts big blind $3
*** HOLE CARDS ***
MTails: raises $3 to $6
HaekJiu: calls $3
*** FLOP *** [Tc Ah 6d]
HaekJiu: checks
MTails: bets $3
HaekJiu: calls $3
*** TURN *** [Tc Ah 6d] [5d]
HaekJiu: checks
MTails: bets $6
HaekJiu: raises $6 to $12
MTails: calls $6
*** RIVER *** [Tc Ah 6d 5d] [5c]
HaekJiu: bets $6
MTails: raises $6 to $12
HaekJiu: calls $6
*** SHOW DOWN ***
MTails: shows [5h Jc] (three of a kind, Fives)
HaekJiu: mucks hand
MTails collected $65.50 from pot
*** SUMMARY ***
Total pot $66 | Rake $0.50
Board [Tc Ah 6d 5d 5c]
Seat 3: HaekJiu (big blind) mucked
Seat 4: MTails (button) (small blind) showed [5h Jc] and won ($65.50) with three of a kind, Fives


PokerStars Hand #149650422826:  Hold'em Limit ($3/$6 USD) - 2016/02/29 23:51:07 ET
Table 'Atlas' 6-max Seat #4 is the button
Seat 3: HaekJiu ($133.67 in chips)
Seat 4: MTails ($92.84 in chips)
MTails: posts small blind $1
HaekJiu: posts big blind $3
*** HOLE CARDS ***
MTails: raises $3 to $6
HaekJiu: calls $3
*** FLOP *** [9h Td Qc]
HaekJiu: checks
MTails: bets $3
HaekJiu: calls $3
*** TURN *** [9h Td Qc] [8d]
HaekJiu: checks
MTails: checks
*** RIVER *** [9h Td Qc 8d] [7s]
HaekJiu: bets $6
MTails: calls $6
*** SHOW DOWN ***
HaekJiu: shows [Ts Jc] (a straight, Eight to Queen)
MTails: mucks hand
HaekJiu collected $29.50 from pot
*** SUMMARY ***
Total pot $30 | Rake $0.50
Board [9h Td Qc 8d 7s]
Seat 3: HaekJiu (big blind) showed [Ts Jc] and won ($29.50) with a straight, Eight to Queen
Seat 4: MTails (button) (small blind) mucked


PokerStars Hand #149650435790:  Hold'em Limit ($3/$6 USD) - 2016/02/29 23:51:52 ET
Table 'Atlas' 6-max Seat #4 is the button
Seat 3: HaekJiu ($174.67 in chips)
Seat 4: MTails ($110.60 in chips)
MTails: posts small blind $1
HaekJiu: posts big blind $3
*** HOLE CARDS ***
MTails: raises $3 to $6
HaekJiu: calls $3
*** FLOP *** [Qs 4s Kd]
HaekJiu: checks
MTails: bets $3
HaekJiu: folds
Uncalled bet ($3) returned to MTails
MTails collected $11.76 from pot
*** SUMMARY ***
Total pot $12 | Rake $0.24
Board [Qs 4s Kd]
Seat 3: HaekJiu (big blind) folded on the Flop
Seat 4: MTails (button) (small blind) collected ($11.76)


PokerStars Hand #149650438033:  Hold'em Limit ($3/$6 USD) - 2016/02/29 23:52:00 ET
Table 'Atlas' 6-max Seat #3 is the button
Seat 3: HaekJiu ($168.67 in chips)
Seat 4: MTails ($116.36 in chips)
HaekJiu: posts small blind $1
MTails: posts big blind $3
*** HOLE CARDS ***
HaekJiu: raises $3 to $6
MTails: calls $3
*** FLOP *** [Qs Qh 7s]
MTails: checks
HaekJiu: bets $3
MTails: calls $3
*** TURN *** [Qs Qh 7s] [3h]
MTails: checks
HaekJiu: bets $6
MTails: raises $6 to $12
HaekJiu: raises $6 to $18
MTails: folds
Uncalled bet ($6) returned to HaekJiu
HaekJiu collected $41.50 from pot
HaekJiu: doesn't show hand
*** SUMMARY ***
Total pot $42 | Rake $0.50
Board [Qs Qh 7s 3h]
Seat 3: HaekJiu (button) (small blind) collected ($41.50)
Seat 4: MTails (big blind) folded on the Turn


PokerStars Hand #149650426641:  Hold'em Limit ($3/$6 USD) - 2016/02/29 23:51:20 ET
Table 'Atlas' 6-max Seat #3 is the button
Seat 3: HaekJiu ($148.17 in chips)
Seat 4: MTails ($77.84 in chips)
HaekJiu: posts small blind $1
MTails: posts big blind $3
*** HOLE CARDS ***
HaekJiu: raises $3 to $6
MTails: calls $3
*** FLOP *** [6h 5s As]
MTails: checks
HaekJiu: checks
*** TURN *** [6h 5s As] [2s]
MTails: checks
HaekJiu: bets $6
MTails: raises $6 to $12
HaekJiu: calls $6
*** RIVER *** [6h 5s As 2s] [8c]
MTails: bets $6
HaekJiu: raises $6 to $12
MTails: calls $6
*** SHOW DOWN ***
HaekJiu: shows [6s Js] (a flush, Ace high)
MTails: mucks hand
HaekJiu collected $59.50 from pot
*** SUMMARY ***
Total pot $60 | Rake $0.50
Board [6h 5s As 2s 8c]
Seat 3: HaekJiu (button) (small blind) showed [6s Js] and won ($59.50) with a flush, Ace high
Seat 4: MTails (big blind) mucked


PokerStars Hand #149650434322:  Hold'em Limit ($3/$6 USD) - 2016/02/29 23:51:47 ET
Table 'Atlas' 6-max Seat #3 is the button
Seat 3: HaekJiu ($171.67 in chips)
Seat 4: MTails ($113.60 in chips)
HaekJiu: posts small blind $1
MTails: posts big blind $3
*** HOLE CARDS ***
HaekJiu: raises $3 to $6
MTails: folds
Uncalled bet ($3) returned to HaekJiu
HaekJiu collected $6 from pot
HaekJiu: doesn't show hand
*** SUMMARY ***
Total pot $6 | Rake $0
Seat 3: HaekJiu (button) (small blind) collected ($6)
Seat 4: MTails (big blind) folded before Flop


PokerStars Hand #149650432085:  Hold'em Limit ($3/$6 USD) - 2016/02/29 23:51:39 ET
Table 'Atlas' 6-max Seat #4 is the button
Seat 3: HaekJiu ($177.67 in chips)
Seat 4: MTails ($47.84 in chips)
MTails: posts small blind $1
HaekJiu: posts big blind $3
*** HOLE CARDS ***
MTails: raises $3 to $6
HaekJiu: calls $3
*** FLOP *** [Ac 3s 3h]
HaekJiu: checks
MTails: bets $3
HaekJiu: folds
Uncalled bet ($3) returned to MTails
MTails collected $11.76 from pot
*** SUMMARY ***
Total pot $12 | Rake $0.24
Board [Ac 3s 3h]
Seat 3: HaekJiu (big blind) folded on the Flop
Seat 4: MTails (button) (small blind) collected ($11.76)


PokerStars Hand #149650459657:  Hold'em Limit ($3/$6 USD) - 2016/02/29 23:53:16 ET
Table 'Atlas' 6-max Seat #3 is the button
Seat 3: HaekJiu ($134.17 in chips)
Seat 4: MTails ($148.90 in chips)
HaekJiu: posts small blind $1
MTails: posts big blind $3
*** HOLE CARDS ***
HaekJiu: folds
Uncalled bet ($2) returned to MTails
MTails collected $2 from pot
MTails: doesn't show hand
*** SUMMARY ***
Total pot $2 | Rake $0
Seat 3: HaekJiu (button) (small blind) folded before Flop
Seat 4: MTails (big blind) collected ($2)


PokerStars Hand #149650454944:  Hold'em Limit ($3/$6 USD) - 2016/02/29 23:52:59 ET
Table 'Atlas' 6-max Seat #4 is the button
Seat 3: HaekJiu ($158.17 in chips)
Seat 4: MTails ($125.40 in chips)
MTails: posts small blind $1
HaekJiu: posts big blind $3
*** HOLE CARDS ***
MTails: raises $3 to $6
HaekJiu: raises $3 to $9
MTails: calls $3
*** FLOP *** [3d Qd 5c]
HaekJiu: bets $3
MTails: calls $3
*** TURN *** [3d Qd 5c] [2d]
HaekJiu: bets $6
MTails: raises $6 to $12
HaekJiu: calls $6
*** RIVER *** [3d Qd 5c 2d] [6d]
HaekJiu: checks
MTails: bets $6
HaekJiu: folds
Uncalled bet ($6) returned to MTails
MTails collected $47.50 from pot
*** SUMMARY ***
Total pot $48 | Rake $0.50
Board [3d Qd 5c 2d 6d]
Seat 3: HaekJiu (big blind) folded on the River
Seat 4: MTails (button) (small blind) collected ($47.50)


PokerStars Hand #149650451554:  Hold'em Limit ($3/$6 USD) - 2016/02/29 23:52:47 ET
Table 'Atlas' 6-max Seat #3 is the button
Seat 3: HaekJiu ($170.17 in chips)
Seat 4: MTails ($113.88 in chips)
HaekJiu: posts small blind $1
MTails: posts big blind $3
*** HOLE CARDS ***
HaekJiu: raises $3 to $6
MTails: raises $3 to $9
HaekJiu: calls $3
*** FLOP *** [8d 7h Kd]
MTails: bets $3
HaekJiu: calls $3
*** TURN *** [8d 7h Kd] [5h]
MTails: checks
HaekJiu: checks
*** RIVER *** [8d 7h Kd 5h] [8s]
MTails: bets $6
HaekJiu: folds
Uncalled bet ($6) returned to MTails
MTails collected $23.52 from pot
*** SUMMARY ***
Total pot $24 | Rake $0.48
Board [8d 7h Kd 5h 8s]
Seat 3: HaekJiu (button) (small blind) folded on the River
Seat 4: MTails (big blind) collected ($23.52)


PokerStars Hand #149650447467:  Hold'em Limit ($3/$6 USD) - 2016/02/29 23:52:33 ET
Table 'Atlas' 6-max Seat #3 is the button
Seat 3: HaekJiu ($179.17 in chips)
Seat 4: MTails ($105.12 in chips)
HaekJiu: posts small blind $1
MTails: posts big blind $3
*** HOLE CARDS ***
HaekJiu: raises $3 to $6
MTails: calls $3
*** FLOP *** [8c 9c Qh]
MTails: checks
HaekJiu: checks
*** TURN *** [8c 9c Qh] [5c]
MTails: bets $6
HaekJiu: folds
Uncalled bet ($6) returned to MTails
MTails collected $11.76 from pot
MTails: doesn't show hand
*** SUMMARY ***
Total pot $12 | Rake $0.24
Board [8c 9c Qh 5c]
Seat 3: HaekJiu (button) (small blind) folded on the Turn
Seat 4: MTails (big blind) collected ($11.76)


PokerStars Hand #149650446109:  Hold'em Limit ($3/$6 USD) - 2016/02/29 23:52:29 ET
Table 'Atlas' 6-max Seat #4 is the button
Seat 3: HaekJiu ($182.17 in chips)
Seat 4: MTails ($102.12 in chips)
MTails: posts small blind $1
HaekJiu: posts big blind $3
*** HOLE CARDS ***
MTails: raises $3 to $6
HaekJiu: folds
Uncalled bet ($3) returned to MTails
MTails collected $6 from pot
MTails: doesn't show hand
*** SUMMARY ***
Total pot $6 | Rake $0
Seat 3: HaekJiu (big blind) folded before Flop
Seat 4: MTails (button) (small blind) collected ($6)


PokerStars Hand #149650450236:  Hold'em Limit ($3/$6 USD) - 2016/02/29 23:52:43 ET
Table 'Atlas' 6-max Seat #4 is the button
Seat 3: HaekJiu ($173.17 in chips)
Seat 4: MTails ($110.88 in chips)
MTails: posts small blind $1
HaekJiu: posts big blind $3
*** HOLE CARDS ***
MTails: raises $3 to $6
HaekJiu: folds
Uncalled bet ($3) returned to MTails
MTails collected $6 from pot
MTails: doesn't show hand
*** SUMMARY ***
Total pot $6 | Rake $0
Seat 3: HaekJiu (big blind) folded before Flop
Seat 4: MTails (button) (small blind) collected ($6)


PokerStars Hand #149650444789:  Hold'em Limit ($3/$6 USD) - 2016/02/29 23:52:24 ET
Table 'Atlas' 6-max Seat #3 is the button
Seat 3: HaekJiu ($183.17 in chips)
Seat 4: MTails ($101.12 in chips)
HaekJiu: posts small blind $1
MTails: posts big blind $3
*** HOLE CARDS ***
HaekJiu: folds
Uncalled bet ($2) returned to MTails
MTails collected $2 from pot
MTails: doesn't show hand
*** SUMMARY ***
Total pot $2 | Rake $0
Seat 3: HaekJiu (button) (small blind) folded before Flop
Seat 4: MTails (big blind) collected ($2)


PokerStars Hand #149650442511:  Hold'em Limit ($3/$6 USD) - 2016/02/29 23:52:16 ET
Table 'Atlas' 6-max Seat #4 is the button
Seat 3: HaekJiu ($189.17 in chips)
Seat 4: MTails ($95.36 in chips)
MTails: posts small blind $1
HaekJiu: posts big blind $3
*** HOLE CARDS ***
MTails: raises $3 to $6
HaekJiu: calls $3
*** FLOP *** [6h 5s 6s]
HaekJiu: checks
MTails: bets $3
HaekJiu: folds
Uncalled bet ($3) returned to MTails
MTails collected $11.76 from pot
*** SUMMARY ***
Total pot $12 | Rake $0.24
Board [6h 5s 6s]
Seat 3: HaekJiu (big blind) folded on the Flop
Seat 4: MTails (button) (small blind) collected ($11.76)


PokerStars Hand #149650473733:  Hold'em Limit ($3/$6 USD) - 2016/02/29 23:54:06 ET
Table 'Atlas' 6-max Seat #4 is the button
Seat 3: HaekJiu ($122.67 in chips)
Seat 4: MTails ($159.16 in chips)
MTails: posts small blind $1
HaekJiu: posts big blind $3
*** HOLE CARDS ***
MTails: raises $3 to $6
HaekJiu: calls $3
*** FLOP *** [6h Qh Js]
HaekJiu: checks
MTails: bets $3
HaekJiu: folds
Uncalled bet ($3) returned to MTails
MTails collected $11.76 from pot
MTails: doesn't show hand
*** SUMMARY ***
Total pot $12 | Rake $0.24
Board [6h Qh Js]
Seat 3: HaekJiu (big blind) folded on the Flop
Seat 4: MTails (button) (small blind) collected ($11.76)


PokerStars Hand #149650469656:  Hold'em Limit ($3/$6 USD) - 2016/02/29 23:53:51 ET
Table 'Atlas' 6-max Seat #3 is the button
Seat 3: HaekJiu ($140.67 in chips)
Seat 4: MTails ($141.66 in chips)
HaekJiu: posts small blind $1
MTails: posts big blind $3
*** HOLE CARDS ***
HaekJiu: raises $3 to $6
MTails: calls $3
*** FLOP *** [Kd 9h As]
MTails: checks
HaekJiu: checks
*** TURN *** [Kd 9h As] [Ad]
MTails: checks
HaekJiu: bets $6
MTails: calls $6
*** RIVER *** [Kd 9h As Ad] [7c]
MTails: checks
HaekJiu: bets $6
MTails: calls $6
*** SHOW DOWN ***
HaekJiu: shows [8d 6d] (a pair of Aces)
MTails: shows [Js Qd] (a pair of Aces - King+Queen kicker)
MTails collected $35.50 from pot
*** SUMMARY ***
Total pot $36 | Rake $0.50
Board [Kd 9h As Ad 7c]
Seat 3: HaekJiu (button) (small blind) showed [8d 6d] and lost with a pair of Aces
Seat 4: MTails (big blind) showed [Js Qd] and won ($35.50) with a pair of Aces


PokerStars Hand #149650466066:  Hold'em Limit ($3/$6 USD) - 2016/02/29 23:53:38 ET
Table 'Atlas' 6-max Seat #3 is the button
Seat 3: HaekJiu ($147.67 in chips)
Seat 4: MTails ($134.90 in chips)
HaekJiu: posts small blind $1
MTails: posts big blind $3
*** HOLE CARDS ***
HaekJiu: folds
Uncalled bet ($2) returned to MTails
MTails collected $2 from pot
*** SUMMARY ***
Total pot $2 | Rake $0
Seat 3: HaekJiu (button) (small blind) folded before Flop
Seat 4: MTails (big blind) collected ($2)


PokerStars Hand #149650460849:  Hold'em Limit ($3/$6 USD) - 2016/02/29 23:53:20 ET
Table 'Atlas' 6-max Seat #4 is the button
Seat 3: HaekJiu ($133.17 in chips)
Seat 4: MTails ($149.90 in chips)
MTails: posts small blind $1
HaekJiu: posts big blind $3
*** HOLE CARDS ***
MTails: raises $3 to $6
HaekJiu: calls $3
*** FLOP *** [Ks 3h 9h]
HaekJiu: checks
MTails: bets $3
HaekJiu: calls $3
*** TURN *** [Ks 3h 9h] [Kh]
HaekJiu: checks
MTails: bets $6
HaekJiu: raises $6 to $12
MTails: folds
Uncalled bet ($6) returned to HaekJiu
HaekJiu collected $29.50 from pot
HaekJiu: doesn't show hand
*** SUMMARY ***
Total pot $30 | Rake $0.50
Board [Ks 3h 9h Kh]
Seat 3: HaekJiu (big blind) collected ($29.50)
Seat 4: MTails (button) (small blind) folded on the Turn


PokerStars Hand #149650467276:  Hold'em Limit ($3/$6 USD) - 2016/02/29 23:53:43 ET
Table 'Atlas' 6-max Seat #4 is the button
Seat 3: HaekJiu ($146.67 in chips)
Seat 4: MTails ($135.90 in chips)
MTails: posts small blind $1
HaekJiu: posts big blind $3
*** HOLE CARDS ***
MTails: raises $3 to $6
HaekJiu: calls $3
*** FLOP *** [Jh Jc 4h]
HaekJiu: checks
MTails: bets $3
HaekJiu: folds
Uncalled bet ($3) returned to MTails
MTails collected $11.76 from pot
*** SUMMARY ***
Total pot $12 | Rake $0.24
Board [Jh Jc 4h]
Seat 3: HaekJiu (big blind) folded on the Flop
Seat 4: MTails (button) (small blind) collected ($11.76)


PokerStars Hand #149650483674:  Hold'em Limit ($3/$6 USD) - 2016/02/29 23:54:41 ET
Table 'Atlas' 6-max Seat #3 is the button
Seat 3: HaekJiu ($107.31 in chips)
Seat 4: MTails ($173.42 in chips)
HaekJiu: posts small blind $1
MTails: posts big blind $3
*** HOLE CARDS ***
HaekJiu: raises $3 to $6
MTails: calls $3
*** FLOP *** [7s 5c 4s]
MTails: checks
HaekJiu: bets $3
MTails: raises $3 to $6
HaekJiu: calls $3
*** TURN *** [7s 5c 4s] [7h]
MTails: bets $6
HaekJiu: raises $6 to $12
MTails: calls $6
*** RIVER *** [7s 5c 4s 7h] [Jc]
MTails: checks
HaekJiu: bets $6
MTails: calls $6
*** SHOW DOWN ***
HaekJiu: shows [Kc 5h] (two pair, Sevens and Fives)
MTails: shows [5d Jh] (two pair, Jacks and Sevens)
MTails collected $59.50 from pot
*** SUMMARY ***
Total pot $60 | Rake $0.50
Board [7s 5c 4s 7h Jc]
Seat 3: HaekJiu (button) (small blind) showed [Kc 5h] and lost with two pair, Sevens and Fives
Seat 4: MTails (big blind) showed [5d Jh] and won ($59.50) with two pair, Jacks and Sevens


PokerStars Hand #149650475895:  Hold'em Limit ($3/$6 USD) - 2016/02/29 23:54:13 ET
Table 'Atlas' 6-max Seat #3 is the button
Seat 3: HaekJiu ($116.67 in chips)
Seat 4: MTails ($164.92 in chips)
HaekJiu: posts small blind $1
MTails: posts big blind $3
*** HOLE CARDS ***
HaekJiu: raises $3 to $6
MTails: calls $3
*** FLOP *** [Kh Kc Ks]
MTails: checks
HaekJiu: checks
*** TURN *** [Kh Kc Ks] [7c]
MTails: bets $6
HaekJiu: raises $6 to $12
MTails: calls $6
*** RIVER *** [Kh Kc Ks 7c] [Kd]
MTails: checks
HaekJiu: checks
*** SHOW DOWN ***
MTails: shows [Qd Jd] (four of a kind, Kings)
HaekJiu: mucks hand
MTails collected $35.50 from pot
*** SUMMARY ***
Total pot $36 | Rake $0.50
Board [Kh Kc Ks 7c Kd]
Seat 3: HaekJiu (button) (small blind) mucked
Seat 4: MTails (big blind) showed [Qd Jd] and won ($35.50) with four of a kind, Kings


PokerStars Hand #149650479458:  Hold'em Limit ($3/$6 USD) - 2016/02/29 23:54:26 ET
Table 'Atlas' 6-max Seat #4 is the button
Seat 3: HaekJiu ($98.67 in chips)
Seat 4: MTails ($182.42 in chips)
MTails: posts small blind $1
HaekJiu: posts big blind $3
*** HOLE CARDS ***
MTails: raises $3 to $6
HaekJiu: calls $3
*** FLOP *** [9c Qd Ks]
HaekJiu: checks
MTails: bets $3
HaekJiu: calls $3
*** TURN *** [9c Qd Ks] [3c]
HaekJiu: checks
MTails: checks
*** RIVER *** [9c Qd Ks 3c] [8h]
HaekJiu: bets $6
MTails: folds
Uncalled bet ($6) returned to HaekJiu
HaekJiu collected $17.64 from pot
HaekJiu: doesn't show hand
*** SUMMARY ***
Total pot $18 | Rake $0.36
Board [9c Qd Ks 3c 8h]
Seat 3: HaekJiu (big blind) collected ($17.64)
Seat 4: MTails (button) (small blind) folded on the River


PokerStars Hand #149650494166:  Hold'em Limit ($3/$6 USD) - 2016/02/29 23:55:19 ET
Table 'Atlas' 6-max Seat #3 is the button
Seat 3: HaekJiu ($71.31 in chips)
Seat 4: MTails ($208.68 in chips)
HaekJiu: posts small blind $1
MTails: posts big blind $3
*** HOLE CARDS ***
HaekJiu said, "so fixed for you"
HaekJiu: folds
Uncalled bet ($2) returned to MTails
MTails collected $2 from pot
*** SUMMARY ***
Total pot $2 | Rake $0
Seat 3: HaekJiu (button) (small blind) folded before Flop
Seat 4: MTails (big blind) collected ($2)


PokerStars Hand #149650488310:  Hold'em Limit ($3/$6 USD) - 2016/02/29 23:54:57 ET
Table 'Atlas' 6-max Seat #4 is the button
Seat 3: HaekJiu ($77.31 in chips)
Seat 4: MTails ($202.92 in chips)
MTails: posts small blind $1
HaekJiu: posts big blind $3
*** HOLE CARDS ***
MTails: raises $3 to $6
HaekJiu said, "f off"
HaekJiu said, "how many rivers"
HaekJiu: calls $3
*** FLOP *** [9d Jh 5h]
HaekJiu: checks
MTails: bets $3
MTails said, "3"
HaekJiu said, "3 out of 3"
HaekJiu said, "bs"
HaekJiu: folds
Uncalled bet ($3) returned to MTails
MTails collected $11.76 from pot
MTails said, "yup"
*** SUMMARY ***
Total pot $12 | Rake $0.24
Board [9d Jh 5h]
Seat 3: HaekJiu (big blind) folded on the Flop
Seat 4: MTails (button) (small blind) collected ($11.76)


PokerStars Hand #149650500449:  Hold'em Limit ($3/$6 USD) - 2016/02/29 23:55:44 ET
Table 'Atlas' 6-max Seat #4 is the button
Seat 3: HaekJiu ($96.81 in chips)
Seat 4: MTails ($182.68 in chips)
MTails: posts small blind $1
HaekJiu: posts big blind $3
*** HOLE CARDS ***
MTails: raises $3 to $6
HaekJiu: calls $3
*** FLOP *** [3c 6h Th]
HaekJiu: checks
MTails: bets $3
HaekJiu: calls $3
*** TURN *** [3c 6h Th] [5d]
HaekJiu: checks
MTails: bets $6
HaekJiu: calls $6
*** RIVER *** [3c 6h Th 5d] [8c]
HaekJiu: checks
MTails: bets $6
HaekJiu: folds
Uncalled bet ($6) returned to MTails
MTails collected $29.50 from pot
*** SUMMARY ***
Total pot $30 | Rake $0.50
Board [3c 6h Th 5d 8c]
Seat 3: HaekJiu (big blind) folded on the River
Seat 4: MTails (button) (small blind) collected ($29.50)


PokerStars Hand #149650505780:  Hold'em Limit ($3/$6 USD) - 2016/02/29 23:56:06 ET
Table 'Atlas' 6-max Seat #4 is the button
Seat 3: HaekJiu ($84.81 in chips)
Seat 4: MTails ($194.18 in chips)
MTails: posts small blind $1
HaekJiu: posts big blind $3
*** HOLE CARDS ***
MTails: folds
Uncalled bet ($2) returned to HaekJiu
HaekJiu collected $2 from pot
HaekJiu: doesn't show hand
*** SUMMARY ***
Total pot $2 | Rake $0
Seat 3: HaekJiu (big blind) collected ($2)
Seat 4: MTails (button) (small blind) folded before Flop


PokerStars Hand #149650504617:  Hold'em Limit ($3/$6 USD) - 2016/02/29 23:56:01 ET
Table 'Atlas' 6-max Seat #3 is the button
Seat 3: HaekJiu ($81.81 in chips)
Seat 4: MTails ($197.18 in chips)
HaekJiu: posts small blind $1
MTails: posts big blind $3
*** HOLE CARDS ***
HaekJiu: raises $3 to $6
MTails: folds
Uncalled bet ($3) returned to HaekJiu
HaekJiu collected $6 from pot
HaekJiu: doesn't show hand
*** SUMMARY ***
Total pot $6 | Rake $0
Seat 3: HaekJiu (button) (small blind) collected ($6)
Seat 4: MTails (big blind) folded before Flop


PokerStars Hand #149650496396:  Hold'em Limit ($3/$6 USD) - 2016/02/29 23:55:28 ET
Table 'Atlas' 6-max Seat #3 is the button
Seat 3: HaekJiu ($67.31 in chips)
Seat 4: MTails ($212.68 in chips)
HaekJiu: posts small blind $1
MTails: posts big blind $3
*** HOLE CARDS ***
HaekJiu: raises $3 to $6
MTails: calls $3
*** FLOP *** [4s 9d Ts]
MTails: checks
HaekJiu: checks
*** TURN *** [4s 9d Ts] [Ac]
MTails: checks
HaekJiu: bets $6
MTails: raises $6 to $12
HaekJiu: calls $6
*** RIVER *** [4s 9d Ts Ac] [Th]
MTails: bets $6
HaekJiu: raises $6 to $12
MTails: calls $6
*** SHOW DOWN ***
HaekJiu: shows [Td Qd] (three of a kind, Tens)
MTails: mucks hand
HaekJiu collected $59.50 from pot
*** SUMMARY ***
Total pot $60 | Rake $0.50
Board [4s 9d Ts Ac Th]
Seat 3: HaekJiu (button) (small blind) showed [Td Qd] and won ($59.50) with three of a kind, Tens
Seat 4: MTails (big blind) mucked


PokerStars Hand #149650506916:  Hold'em Limit ($3/$6 USD) - 2016/02/29 23:56:11 ET
Table 'Atlas' 6-max Seat #3 is the button
Seat 3: HaekJiu ($85.81 in chips)
Seat 4: MTails ($193.18 in chips)
HaekJiu: posts small blind $1
MTails: posts big blind $3
*** HOLE CARDS ***
HaekJiu: raises $3 to $6
MTails: calls $3
*** FLOP *** [Jd 7h Kd]
MTails: checks
HaekJiu: checks
*** TURN *** [Jd 7h Kd] [Ah]
MTails: checks
HaekJiu: checks
*** RIVER *** [Jd 7h Kd Ah] [7d]
MTails: checks
HaekJiu: bets $6
MTails: calls $6
*** SHOW DOWN ***
HaekJiu: shows [Qc Jc] (two pair, Jacks and Sevens)
MTails: shows [6s Kh] (two pair, Kings and Sevens)
MTails collected $23.52 from pot
*** SUMMARY ***
Total pot $24 | Rake $0.48
Board [Jd 7h Kd Ah 7d]
Seat 3: HaekJiu (button) (small blind) showed [Qc Jc] and lost with two pair, Jacks and Sevens
Seat 4: MTails (big blind) showed [6s Kh] and won ($23.52) with two pair, Kings and Sevens


PokerStars Hand #149650495272:  Hold'em Limit ($3/$6 USD) - 2016/02/29 23:55:23 ET
Table 'Atlas' 6-max Seat #4 is the button
Seat 3: HaekJiu ($70.31 in chips)
Seat 4: MTails ($209.68 in chips)
MTails said, "true"
MTails: posts small blind $1
HaekJiu: posts big blind $3
*** HOLE CARDS ***
MTails: raises $3 to $6
HaekJiu: folds
Uncalled bet ($3) returned to MTails
MTails collected $6 from pot
MTails: doesn't show hand
*** SUMMARY ***
Total pot $6 | Rake $0
Seat 3: HaekJiu (big blind) folded before Flop
Seat 4: MTails (button) (small blind) collected ($6)


PokerStars Hand #149650516154:  Hold'em Limit ($3/$6 USD) - 2016/02/29 23:56:49 ET
Table 'Atlas' 6-max Seat #4 is the button
Seat 3: HaekJiu ($96.85 in chips)
Seat 4: MTails ($180.70 in chips)
MTails: posts small blind $1
HaekJiu: posts big blind $3
*** HOLE CARDS ***
MTails: raises $3 to $6
HaekJiu: folds
Uncalled bet ($3) returned to MTails
MTails collected $6 from pot
*** SUMMARY ***
Total pot $6 | Rake $0
Seat 3: HaekJiu (big blind) folded before Flop
Seat 4: MTails (button) (small blind) collected ($6)


PokerStars Hand #149650512726:  Hold'em Limit ($3/$6 USD) - 2016/02/29 23:56:34 ET
Table 'Atlas' 6-max Seat #3 is the button
Seat 3: HaekJiu ($85.33 in chips)
Seat 4: MTails ($192.70 in chips)
HaekJiu: posts small blind $1
MTails: posts big blind $3
*** HOLE CARDS ***
HaekJiu: raises $3 to $6
MTails: calls $3
*** FLOP *** [8h 6d Ks]
MTails: checks
HaekJiu: checks
*** TURN *** [8h 6d Ks] [Ah]
MTails: bets $6
HaekJiu: calls $6
*** RIVER *** [8h 6d Ks Ah] [3h]
MTails: checks
HaekJiu: bets $6
MTails: folds
Uncalled bet ($6) returned to HaekJiu
HaekJiu collected $23.52 from pot
HaekJiu: doesn't show hand
*** SUMMARY ***
Total pot $24 | Rake $0.48
Board [8h 6d Ks Ah 3h]
Seat 3: HaekJiu (button) (small blind) collected ($23.52)
Seat 4: MTails (big blind) folded on the River


PokerStars Hand #149650520563:  Hold'em Limit ($3/$6 USD) - 2016/02/29 23:57:07 ET
Table 'Atlas' 6-max Seat #4 is the button
Seat 3: HaekJiu ($105.37 in chips)
Seat 4: MTails ($171.70 in chips)
MTails: posts small blind $1
HaekJiu: posts big blind $3
*** HOLE CARDS ***
MTails: raises $3 to $6
HaekJiu: calls $3
*** FLOP *** [Ks 8h Ah]
HaekJiu: checks
MTails: bets $3
HaekJiu: calls $3
*** TURN *** [Ks 8h Ah] [2c]
HaekJiu: checks
MTails: bets $6
HaekJiu: calls $6
*** RIVER *** [Ks 8h Ah 2c] [3c]
HaekJiu: checks
MTails: bets $6
HaekJiu: calls $6
*** SHOW DOWN ***
MTails: shows [Js Kd] (a pair of Kings)
HaekJiu: mucks hand
MTails collected $41.50 from pot
*** SUMMARY ***
Total pot $42 | Rake $0.50
Board [Ks 8h Ah 2c 3c]
Seat 3: HaekJiu (big blind) mucked
Seat 4: MTails (button) (small blind) showed [Js Kd] and won ($41.50) with a pair of Kings


PokerStars Hand #149650509943:  Hold'em Limit ($3/$6 USD) - 2016/02/29 23:56:23 ET
Table 'Atlas' 6-max Seat #4 is the button
Seat 3: HaekJiu ($73.81 in chips)
Seat 4: MTails ($204.70 in chips)
MTails: posts small blind $1
HaekJiu: posts big blind $3
*** HOLE CARDS ***
MTails: raises $3 to $6
HaekJiu: raises $3 to $9
MTails: calls $3
*** FLOP *** [6c 8h Kd]
HaekJiu: bets $3
MTails: calls $3
*** TURN *** [6c 8h Kd] [Js]
HaekJiu: bets $6
MTails: folds
Uncalled bet ($6) returned to HaekJiu
HaekJiu collected $23.52 from pot
HaekJiu: doesn't show hand
*** SUMMARY ***
Total pot $24 | Rake $0.48
Board [6c 8h Kd Js]
Seat 3: HaekJiu (big blind) collected ($23.52)
Seat 4: MTails (button) (small blind) folded on the Turn


PokerStars Hand #149650524387:  Hold'em Limit ($3/$6 USD) - 2016/02/29 23:57:22 ET
Table 'Atlas' 6-max Seat #3 is the button
Seat 3: HaekJiu ($84.37 in chips)
Seat 4: MTails ($192.20 in chips)
HaekJiu: posts small blind $1
MTails: posts big blind $3
*** HOLE CARDS ***
HaekJiu: raises $3 to $6
MTails: folds
Uncalled bet ($3) returned to HaekJiu
HaekJiu collected $6 from pot
HaekJiu: doesn't show hand
*** SUMMARY ***
Total pot $6 | Rake $0
Seat 3: HaekJiu (button) (small blind) collected ($6)
Seat 4: MTails (big blind) folded before Flop


PokerStars Hand #149650529280:  Hold'em Limit ($3/$6 USD) - 2016/02/29 23:57:42 ET
Table 'Atlas' 6-max Seat #3 is the button
Seat 3: HaekJiu ($63.37 in chips)
Seat 4: MTails ($212.70 in chips)
HaekJiu: posts small blind $1
MTails: posts big blind $3
*** HOLE CARDS ***
HaekJiu: raises $3 to $6
MTails: calls $3
*** FLOP *** [8s 3c 6d]
MTails: checks
HaekJiu: checks
*** TURN *** [8s 3c 6d] [Th]
MTails: checks
HaekJiu: checks
*** RIVER *** [8s 3c 6d Th] [4h]
MTails: checks
HaekJiu: checks
*** SHOW DOWN ***
MTails: shows [Jd Ac] (high card Ace)
HaekJiu: mucks hand
MTails collected $11.76 from pot
*** SUMMARY ***
Total pot $12 | Rake $0.24
Board [8s 3c 6d Th 4h]
Seat 3: HaekJiu (button) (small blind) mucked
Seat 4: MTails (big blind) showed [Jd Ac] and won ($11.76) with high card Ace


PokerStars Hand #149650532173:  Hold'em Limit ($3/$6 USD) - 2016/02/29 23:57:54 ET
Table 'Atlas' 6-max Seat #4 is the button
Seat 3: HaekJiu ($57.37 in chips)
Seat 4: MTails ($218.46 in chips)
MTails: posts small blind $1
HaekJiu: posts big blind $3
*** HOLE CARDS ***
MTails: raises $3 to $6
HaekJiu: raises $3 to $9
MTails: calls $3
*** FLOP *** [2d 6d 4d]
HaekJiu: checks
MTails: bets $3
HaekJiu: calls $3
*** TURN *** [2d 6d 4d] [7h]
HaekJiu: checks
MTails: bets $6
HaekJiu: raises $6 to $12
MTails: calls $6
*** RIVER *** [2d 6d 4d 7h] [9h]
HaekJiu: bets $6
MTails: calls $6
*** SHOW DOWN ***
HaekJiu: shows [7d Ad] (a flush, Ace high)
MTails: mucks hand
HaekJiu collected $59.50 from pot
*** SUMMARY ***
Total pot $60 | Rake $0.50
Board [2d 6d 4d 7h 9h]
Seat 3: HaekJiu (big blind) showed [7d Ad] and won ($59.50) with a flush, Ace high
Seat 4: MTails (button) (small blind) mucked


PokerStars Hand #149650536244:  Hold'em Limit ($3/$6 USD) - 2016/02/29 23:58:10 ET
Table 'Atlas' 6-max Seat #3 is the button
Seat 3: HaekJiu ($86.87 in chips)
Seat 4: MTails ($188.46 in chips)
HaekJiu: posts small blind $1
MTails: posts big blind $3
*** HOLE CARDS ***
HaekJiu: raises $3 to $6
MTails: raises $3 to $9
HaekJiu: calls $3
*** FLOP *** [7h Ad 6s]
MTails: bets $3
HaekJiu: calls $3
*** TURN *** [7h Ad 6s] [8h]
MTails: bets $6
HaekJiu: calls $6
*** RIVER *** [7h Ad 6s 8h] [Kc]
MTails: checks
HaekJiu: checks
*** SHOW DOWN ***
MTails: shows [Qc Jc] (high card Ace)
HaekJiu: shows [6c 3h] (a pair of Sixes)
HaekJiu collected $35.50 from pot
*** SUMMARY ***
Total pot $36 | Rake $0.50
Board [7h Ad 6s 8h Kc]
Seat 3: HaekJiu (button) (small blind) showed [6c 3h] and won ($35.50) with a pair of Sixes
Seat 4: MTails (big blind) showed [Qc Jc] and lost with high card Ace


PokerStars Hand #149650525556:  Hold'em Limit ($3/$6 USD) - 2016/02/29 23:57:27 ET
Table 'Atlas' 6-max Seat #4 is the button
Seat 3: HaekJiu ($87.37 in chips)
Seat 4: MTails ($189.20 in chips)
MTails: posts small blind $1
HaekJiu: posts big blind $3
*** HOLE CARDS ***
MTails: raises $3 to $6
HaekJiu: calls $3
*** FLOP *** [9s Th 2d]
HaekJiu: checks
MTails: bets $3
HaekJiu: raises $3 to $6
MTails: calls $3
*** TURN *** [9s Th 2d] [5h]
HaekJiu: bets $6
MTails: calls $6
*** RIVER *** [9s Th 2d 5h] [Td]
HaekJiu: bets $6
MTails: calls $6
*** SHOW DOWN ***
HaekJiu: shows [8c Qh] (a pair of Tens)
MTails: shows [Jc Kh] (a pair of Tens - King kicker)
MTails collected $47.50 from pot
*** SUMMARY ***
Total pot $48 | Rake $0.50
Board [9s Th 2d 5h Td]
Seat 3: HaekJiu (big blind) showed [8c Qh] and lost with a pair of Tens
Seat 4: MTails (button) (small blind) showed [Jc Kh] and won ($47.50) with a pair of Tens


PokerStars Hand #149650550735:  Hold'em Limit ($3/$6 USD) - 2016/02/29 23:59:09 ET
Table 'Atlas' 6-max Seat #4 is the button
Seat 3: HaekJiu ($148.37 in chips)
Seat 4: MTails ($125.22 in chips)
MTails: posts small blind $1
HaekJiu: posts big blind $3
*** HOLE CARDS ***
MTails: raises $3 to $6
HaekJiu: calls $3
*** FLOP *** [9c 2c 4d]
HaekJiu: checks
MTails: bets $3
HaekJiu: folds
Uncalled bet ($3) returned to MTails
MTails collected $11.76 from pot
*** SUMMARY ***
Total pot $12 | Rake $0.24
Board [9c 2c 4d]
Seat 3: HaekJiu (big blind) folded on the Flop
Seat 4: MTails (button) (small blind) collected ($11.76)


PokerStars Hand #149650539628:  Hold'em Limit ($3/$6 USD) - 2016/02/29 23:58:24 ET
Table 'Atlas' 6-max Seat #4 is the button
Seat 3: HaekJiu ($104.37 in chips)
Seat 4: MTails ($170.46 in chips)
MTails: posts small blind $1
HaekJiu: posts big blind $3
*** HOLE CARDS ***
MTails: raises $3 to $6
HaekJiu: folds
Uncalled bet ($3) returned to MTails
MTails collected $6 from pot
*** SUMMARY ***
Total pot $6 | Rake $0
Seat 3: HaekJiu (big blind) folded before Flop
Seat 4: MTails (button) (small blind) collected ($6)


PokerStars Hand #149650543881:  Hold'em Limit ($3/$6 USD) - 2016/02/29 23:58:41 ET
Table 'Atlas' 6-max Seat #4 is the button
Seat 3: HaekJiu ($124.87 in chips)
Seat 4: MTails ($149.46 in chips)
MTails: posts small blind $1
HaekJiu: posts big blind $3
*** HOLE CARDS ***
MTails: raises $3 to $6
HaekJiu: calls $3
*** FLOP *** [9c 5h 7c]
HaekJiu: checks
MTails: bets $3
HaekJiu: folds
Uncalled bet ($3) returned to MTails
MTails collected $11.76 from pot
*** SUMMARY ***
Total pot $12 | Rake $0.24
Board [9c 5h 7c]
Seat 3: HaekJiu (big blind) folded on the Flop
Seat 4: MTails (button) (small blind) collected ($11.76)


PokerStars Hand #149650545870:  Hold'em Limit ($3/$6 USD) - 2016/02/29 23:58:49 ET
Table 'Atlas' 6-max Seat #3 is the button
Seat 3: HaekJiu ($118.87 in chips)
Seat 4: MTails ($155.22 in chips)
HaekJiu: posts small blind $1
MTails: posts big blind $3
*** HOLE CARDS ***
HaekJiu: raises $3 to $6
MTails: calls $3
*** FLOP *** [Tc 7c Ac]
MTails: checks
HaekJiu: checks
*** TURN *** [Tc 7c Ac] [6s]
MTails: checks
HaekJiu: bets $6
MTails: raises $6 to $12
HaekJiu: raises $6 to $18
MTails: calls $6
*** RIVER *** [Tc 7c Ac 6s] [Kd]
MTails: checks
HaekJiu: bets $6
MTails: calls $6
*** SHOW DOWN ***
HaekJiu: shows [As 7d] (two pair, Aces and Sevens)
MTails: mucks hand
HaekJiu collected $59.50 from pot
*** SUMMARY ***
Total pot $60 | Rake $0.50
Board [Tc 7c Ac 6s Kd]
Seat 3: HaekJiu (button) (small blind) showed [As 7d] and won ($59.50) with two pair, Aces and Sevens
Seat 4: MTails (big blind) mucked


PokerStars Hand #149650540744:  Hold'em Limit ($3/$6 USD) - 2016/02/29 23:58:28 ET
Table 'Atlas' 6-max Seat #3 is the button
Seat 3: HaekJiu ($101.37 in chips)
Seat 4: MTails ($173.46 in chips)
HaekJiu: posts small blind $1
MTails: posts big blind $3
*** HOLE CARDS ***
HaekJiu: raises $3 to $6
MTails: calls $3
*** FLOP *** [Th 4h Js]
MTails: checks
HaekJiu: checks
*** TURN *** [Th 4h Js] [Ad]
MTails: bets $6
HaekJiu: raises $6 to $12
MTails: calls $6
*** RIVER *** [Th 4h Js Ad] [3h]
MTails: checks
HaekJiu: bets $6
MTails: calls $6
*** SHOW DOWN ***
HaekJiu: shows [Qd Qh] (a pair of Queens)
MTails: mucks hand
HaekJiu collected $47.50 from pot
*** SUMMARY ***
Total pot $48 | Rake $0.50
Board [Th 4h Js Ad 3h]
Seat 3: HaekJiu (button) (small blind) showed [Qd Qh] and won ($47.50) with a pair of Queens
Seat 4: MTails (big blind) mucked


PokerStars Hand #149650562416:  Hold'em Limit ($3/$6 USD) - 2016/02/29 23:59:56 ET
Table 'Atlas' 6-max Seat #4 is the button
Seat 3: HaekJiu ($162.63 in chips)
Seat 4: MTails ($109.74 in chips)
MTails: posts small blind $1
HaekJiu: posts big blind $3
*** HOLE CARDS ***
MTails: raises $3 to $6
HaekJiu: folds
Uncalled bet ($3) returned to MTails
MTails collected $6 from pot
MTails: doesn't show hand
*** SUMMARY ***
Total pot $6 | Rake $0
Seat 3: HaekJiu (big blind) folded before Flop
Seat 4: MTails (button) (small blind) collected ($6)


PokerStars Hand #149650560036:  Hold'em Limit ($3/$6 USD) - 2016/02/29 23:59:47 ET
Table 'Atlas' 6-max Seat #3 is the button
Seat 3: HaekJiu ($168.63 in chips)
Seat 4: MTails ($103.98 in chips)
HaekJiu: posts small blind $1
MTails: posts big blind $3
*** HOLE CARDS ***
HaekJiu: raises $3 to $6
MTails: calls $3
*** FLOP *** [5h 2c 8s]
MTails: checks
HaekJiu: checks
*** TURN *** [5h 2c 8s] [9s]
MTails: bets $6
HaekJiu: folds
Uncalled bet ($6) returned to MTails
MTails collected $11.76 from pot
MTails: doesn't show hand
*** SUMMARY ***
Total pot $12 | Rake $0.24
Board [5h 2c 8s 9s]
Seat 3: HaekJiu (button) (small blind) folded on the Turn
Seat 4: MTails (big blind) collected ($11.76)


PokerStars Hand #149650552807:  Hold'em Limit ($3/$6 USD) - 2016/02/29 23:59:17 ET
Table 'Atlas' 6-max Seat #3 is the button
Seat 3: HaekJiu ($142.37 in chips)
Seat 4: MTails ($130.98 in chips)
HaekJiu: posts small blind $1
MTails: posts big blind $3
*** HOLE CARDS ***
HaekJiu: raises $3 to $6
MTails: calls $3
*** FLOP *** [5h Qc Js]
MTails: checks
HaekJiu: checks
*** TURN *** [5h Qc Js] [9c]
MTails: checks
HaekJiu: checks
*** RIVER *** [5h Qc Js 9c] [Kh]
MTails: checks
HaekJiu: bets $6
MTails: folds
Uncalled bet ($6) returned to HaekJiu
HaekJiu collected $11.76 from pot
HaekJiu: doesn't show hand
*** SUMMARY ***
Total pot $12 | Rake $0.24
Board [5h Qc Js 9c Kh]
Seat 3: HaekJiu (button) (small blind) collected ($11.76)
Seat 4: MTails (big blind) folded on the River


PokerStars Hand #149650556363:  Hold'em Limit ($3/$6 USD) - 2016/02/29 23:59:32 ET
Table 'Atlas' 6-max Seat #4 is the button
Seat 3: HaekJiu ($148.13 in chips)
Seat 4: MTails ($124.98 in chips)
MTails: posts small blind $1
HaekJiu: posts big blind $3
*** HOLE CARDS ***
MTails: raises $3 to $6
HaekJiu: calls $3
*** FLOP *** [7s 6s 7c]
HaekJiu: checks
MTails: bets $3
HaekJiu: calls $3
*** TURN *** [7s 6s 7c] [9c]
HaekJiu: checks
MTails: bets $6
HaekJiu: calls $6
*** RIVER *** [7s 6s 7c 9c] [3s]
HaekJiu: bets $6
MTails: calls $6
*** SHOW DOWN ***
HaekJiu: shows [Ts 2s] (a flush, Ten high)
MTails: mucks hand
HaekJiu collected $41.50 from pot
*** SUMMARY ***
Total pot $42 | Rake $0.50
Board [7s 6s 7c 9c 3s]
Seat 3: HaekJiu (big blind) showed [Ts 2s] and won ($41.50) with a flush, Ten high
Seat 4: MTails (button) (small blind) mucked


PokerStars Hand #149650567107:  Hold'em Limit ($3/$6 USD) - 2016/03/01 0:00:15 ET
Table 'Atlas' 6-max Seat #4 is the button
Seat 3: HaekJiu ($171.15 in chips)
Seat 4: MTails ($100.74 in chips)
MTails: posts small blind $1
HaekJiu: posts big blind $3
*** HOLE CARDS ***
MTails: raises $3 to $6
HaekJiu: calls $3
*** FLOP *** [9s 7s 9c]
HaekJiu: checks
MTails: bets $3
HaekJiu: folds
Uncalled bet ($3) returned to MTails
MTails collected $11.76 from pot
*** SUMMARY ***
Total pot $12 | Rake $0.24
Board [9s 7s 9c]
Seat 3: HaekJiu (big blind) folded on the Flop
Seat 4: MTails (button) (small blind) collected ($11.76)


PokerStars Hand #149650563505:  Hold'em Limit ($3/$6 USD) - 2016/03/01 0:00:01 ET
Table 'Atlas' 6-max Seat #3 is the button
Seat 3: HaekJiu ($159.63 in chips)
Seat 4: MTails ($112.74 in chips)
HaekJiu: posts small blind $1
MTails: posts big blind $3
*** HOLE CARDS ***
HaekJiu: raises $3 to $6
MTails: raises $3 to $9
HaekJiu: calls $3
*** FLOP *** [9c 7h Kh]
MTails: bets $3
HaekJiu: calls $3
*** TURN *** [9c 7h Kh] [Js]
MTails: checks
HaekJiu: checks
*** RIVER *** [9c 7h Kh Js] [8h]
MTails: checks
HaekJiu: checks
*** SHOW DOWN ***
MTails: shows [6c 7c] (a pair of Sevens)
HaekJiu: shows [6h 8s] (a pair of Eights)
HaekJiu collected $23.52 from pot
*** SUMMARY ***
Total pot $24 | Rake $0.48
Board [9c 7h Kh Js 8h]
Seat 3: HaekJiu (button) (small blind) showed [6h 8s] and won ($23.52) with a pair of Eights
Seat 4: MTails (big blind) showed [6c 7c] and lost with a pair of Sevens


PokerStars Hand #149650576228:  Hold'em Limit ($3/$6 USD) - 2016/03/01 0:00:52 ET
Table 'Atlas' 6-max Seat #4 is the button
Seat 3: HaekJiu ($142.91 in chips)
Seat 4: MTails ($128 in chips)
MTails: posts small blind $1
HaekJiu: posts big blind $3
*** HOLE CARDS ***
MTails: raises $3 to $6
HaekJiu: calls $3
*** FLOP *** [8s Js Kc]
HaekJiu: checks
MTails: bets $3
HaekJiu: folds
Uncalled bet ($3) returned to MTails
MTails collected $11.76 from pot
MTails: doesn't show hand
*** SUMMARY ***
Total pot $12 | Rake $0.24
Board [8s Js Kc]
Seat 3: HaekJiu (big blind) folded on the Flop
Seat 4: MTails (button) (small blind) collected ($11.76)


PokerStars Hand #149650573794:  Hold'em Limit ($3/$6 USD) - 2016/03/01 0:00:42 ET
Table 'Atlas' 6-max Seat #3 is the button
Seat 3: HaekJiu ($137.15 in chips)
Seat 4: MTails ($134 in chips)
HaekJiu: posts small blind $1
MTails: posts big blind $3
*** HOLE CARDS ***
HaekJiu: raises $3 to $6
MTails: calls $3
*** FLOP *** [7s Qd 6s]
MTails: checks
HaekJiu: bets $3
MTails: folds
Uncalled bet ($3) returned to HaekJiu
HaekJiu collected $11.76 from pot
HaekJiu: doesn't show hand
*** SUMMARY ***
Total pot $12 | Rake $0.24
Board [7s Qd 6s]
Seat 3: HaekJiu (button) (small blind) collected ($11.76)
Seat 4: MTails (big blind) folded on the Flop


PokerStars Hand #149650569984:  Hold'em Limit ($3/$6 USD) - 2016/03/01 0:00:27 ET
Table 'Atlas' 6-max Seat #4 is the button
Seat 3: HaekJiu ($164.15 in chips)
Seat 4: MTails ($107.50 in chips)
MTails: posts small blind $1
HaekJiu: posts big blind $3
*** HOLE CARDS ***
MTails: raises $3 to $6
HaekJiu: calls $3
*** FLOP *** [Kc Ac 9c]
HaekJiu: checks
MTails: bets $3
HaekJiu: calls $3
*** TURN *** [Kc Ac 9c] [4h]
HaekJiu: checks
MTails: bets $6
HaekJiu: raises $6 to $12
MTails: calls $6
*** RIVER *** [Kc Ac 9c 4h] [Ks]
HaekJiu: bets $6
MTails: calls $6
*** SHOW DOWN ***
HaekJiu: shows [7c Ad] (two pair, Aces and Kings)
MTails: shows [Ts As] (two pair, Aces and Kings - Ten kicker)
MTails collected $53.50 from pot
*** SUMMARY ***
Total pot $54 | Rake $0.50
Board [Kc Ac 9c 4h Ks]
Seat 3: HaekJiu (big blind) showed [7c Ad] and lost with two pair, Aces and Kings
Seat 4: MTails (button) (small blind) showed [Ts As] and won ($53.50) with two pair, Aces and Kings


PokerStars Hand #149650568936:  Hold'em Limit ($3/$6 USD) - 2016/03/01 0:00:23 ET
Table 'Atlas' 6-max Seat #3 is the button
Seat 3: HaekJiu ($165.15 in chips)
Seat 4: MTails ($106.50 in chips)
HaekJiu: posts small blind $1
MTails: posts big blind $3
*** HOLE CARDS ***
HaekJiu: folds
Uncalled bet ($2) returned to MTails
MTails collected $2 from pot
MTails: doesn't show hand
*** SUMMARY ***
Total pot $2 | Rake $0
Seat 3: HaekJiu (button) (small blind) folded before Flop
Seat 4: MTails (big blind) collected ($2)


PokerStars Hand #149650578172:  Hold'em Limit ($3/$6 USD) - 2016/03/01 0:01:00 ET
Table 'Atlas' 6-max Seat #3 is the button
Seat 3: HaekJiu ($136.91 in chips)
Seat 4: MTails ($133.76 in chips)
HaekJiu: posts small blind $1
MTails: posts big blind $3
*** HOLE CARDS ***
HaekJiu: raises $3 to $6
MTails: calls $3
*** FLOP *** [6s 6c 2h]
MTails: checks
HaekJiu: checks
*** TURN *** [6s 6c 2h] [4h]
MTails: checks
HaekJiu: bets $6
MTails: calls $6
*** RIVER *** [6s 6c 2h 4h] [8h]
MTails: checks
HaekJiu: bets $6
MTails: folds
Uncalled bet ($6) returned to HaekJiu
HaekJiu collected $23.52 from pot
HaekJiu: doesn't show hand
*** SUMMARY ***
Total pot $24 | Rake $0.48
Board [6s 6c 2h 4h 8h]
Seat 3: HaekJiu (button) (small blind) collected ($23.52)
Seat 4: MTails (big blind) folded on the River


PokerStars Hand #149650581988:  Hold'em Limit ($3/$6 USD) - 2016/03/01 0:01:14 ET
Table 'Atlas' 6-max Seat #4 is the button
Seat 3: HaekJiu ($148.43 in chips)
Seat 4: MTails ($121.76 in chips)
MTails: posts small blind $1
HaekJiu: posts big blind $3
*** HOLE CARDS ***
MTails: raises $3 to $6
HaekJiu: folds
Uncalled bet ($3) returned to MTails
MTails collected $6 from pot
*** SUMMARY ***
Total pot $6 | Rake $0
Seat 3: HaekJiu (big blind) folded before Flop
Seat 4: MTails (button) (small blind) collected ($6)


PokerStars Hand #149650593263:  Hold'em Limit ($3/$6 USD) - 2016/03/01 0:01:57 ET
Table 'Atlas' 6-max Seat #3 is the button
Seat 3: HaekJiu ($106.43 in chips)
Seat 4: MTails ($162.78 in chips)
HaekJiu: posts small blind $1
MTails: posts big blind $3
*** HOLE CARDS ***
HaekJiu: folds
Uncalled bet ($2) returned to MTails
MTails collected $2 from pot
MTails: doesn't show hand
*** SUMMARY ***
Total pot $2 | Rake $0
Seat 3: HaekJiu (button) (small blind) folded before Flop
Seat 4: MTails (big blind) collected ($2)


PokerStars Hand #149650591792:  Hold'em Limit ($3/$6 USD) - 2016/03/01 0:01:52 ET
Table 'Atlas' 6-max Seat #4 is the button
Seat 3: HaekJiu ($109.43 in chips)
Seat 4: MTails ($159.78 in chips)
MTails: posts small blind $1
HaekJiu: posts big blind $3
*** HOLE CARDS ***
MTails: raises $3 to $6
HaekJiu: folds
Uncalled bet ($3) returned to MTails
MTails collected $6 from pot
*** SUMMARY ***
Total pot $6 | Rake $0
Seat 3: HaekJiu (big blind) folded before Flop
Seat 4: MTails (button) (small blind) collected ($6)


PokerStars Hand #149650594619:  Hold'em Limit ($3/$6 USD) - 2016/03/01 0:02:02 ET
Table 'Atlas' 6-max Seat #4 is the button
Seat 3: HaekJiu ($105.43 in chips)
Seat 4: MTails ($163.78 in chips)
MTails: posts small blind $1
HaekJiu: posts big blind $3
*** HOLE CARDS ***
MTails: raises $3 to $6
HaekJiu: calls $3
*** FLOP *** [3d 4c 6c]
HaekJiu: checks
MTails: bets $3
HaekJiu: raises $3 to $6
MTails: calls $3
*** TURN *** [3d 4c 6c] [2d]
HaekJiu: bets $6
MTails: calls $6
*** RIVER *** [3d 4c 6c 2d] [3s]
HaekJiu: bets $6
MTails: folds
Uncalled bet ($6) returned to HaekJiu
HaekJiu collected $35.50 from pot
HaekJiu: doesn't show hand
*** SUMMARY ***
Total pot $36 | Rake $0.50
Board [3d 4c 6c 2d 3s]
Seat 3: HaekJiu (big blind) collected ($35.50)
Seat 4: MTails (button) (small blind) folded on the River


PokerStars Hand #149650586010:  Hold'em Limit ($3/$6 USD) - 2016/03/01 0:01:30 ET
Table 'Atlas' 6-max Seat #4 is the button
Seat 3: HaekJiu ($139.43 in chips)
Seat 4: MTails ($130.52 in chips)
MTails: posts small blind $1
HaekJiu: posts big blind $3
*** HOLE CARDS ***
MTails: raises $3 to $6
HaekJiu: calls $3
*** FLOP *** [3h 9h 7s]
HaekJiu: checks
MTails: bets $3
HaekJiu: folds
Uncalled bet ($3) returned to MTails
MTails collected $11.76 from pot
*** SUMMARY ***
Total pot $12 | Rake $0.24
Board [3h 9h 7s]
Seat 3: HaekJiu (big blind) folded on the Flop
Seat 4: MTails (button) (small blind) collected ($11.76)


PokerStars Hand #149650583226:  Hold'em Limit ($3/$6 USD) - 2016/03/01 0:01:19 ET
Table 'Atlas' 6-max Seat #3 is the button
Seat 3: HaekJiu ($145.43 in chips)
Seat 4: MTails ($124.76 in chips)
HaekJiu: posts small blind $1
MTails: posts big blind $3
*** HOLE CARDS ***
HaekJiu: raises $3 to $6
MTails: calls $3
*** FLOP *** [2d 4h 7d]
MTails: checks
HaekJiu: checks
*** TURN *** [2d 4h 7d] [Th]
MTails: bets $6
HaekJiu: folds
Uncalled bet ($6) returned to MTails
MTails collected $11.76 from pot
MTails: doesn't show hand
*** SUMMARY ***
Total pot $12 | Rake $0.24
Board [2d 4h 7d Th]
Seat 3: HaekJiu (button) (small blind) folded on the Turn
Seat 4: MTails (big blind) collected ($11.76)


PokerStars Hand #149650587975:  Hold'em Limit ($3/$6 USD) - 2016/03/01 0:01:37 ET
Table 'Atlas' 6-max Seat #3 is the button
Seat 3: HaekJiu ($133.43 in chips)
Seat 4: MTails ($136.28 in chips)
HaekJiu: posts small blind $1
MTails: posts big blind $3
*** HOLE CARDS ***
HaekJiu: raises $3 to $6
MTails: calls $3
*** FLOP *** [Td 3s 6h]
MTails: checks
HaekJiu: bets $3
MTails: raises $3 to $6
HaekJiu: calls $3
*** TURN *** [Td 3s 6h] [6d]
MTails: bets $6
HaekJiu: calls $6
*** RIVER *** [Td 3s 6h 6d] [Kd]
MTails: bets $6
HaekJiu: calls $6
*** SHOW DOWN ***
MTails: shows [3h Th] (two pair, Tens and Sixes)
HaekJiu: mucks hand
MTails collected $47.50 from pot
*** SUMMARY ***
Total pot $48 | Rake $0.50
Board [Td 3s 6h 6d Kd]
Seat 3: HaekJiu (button) (small blind) mucked
Seat 4: MTails (big blind) showed [3h Th] and won ($47.50) with two pair, Tens and Sixes


PokerStars Hand #149650598914:  Hold'em Limit ($3/$6 USD) - 2016/03/01 0:02:18 ET
Table 'Atlas' 6-max Seat #3 is the button
Seat 3: HaekJiu ($122.93 in chips)
Seat 4: MTails ($145.78 in chips)
HaekJiu: posts small blind $1
MTails: posts big blind $3
*** HOLE CARDS ***
HaekJiu: raises $3 to $6
MTails: calls $3
*** FLOP *** [7h Qc As]
MTails: checks
HaekJiu: bets $3
MTails: raises $3 to $6
HaekJiu: calls $3
*** TURN *** [7h Qc As] [8s]
MTails: checks
HaekJiu: bets $6
MTails: folds
Uncalled bet ($6) returned to HaekJiu
HaekJiu collected $23.52 from pot
HaekJiu: doesn't show hand
*** SUMMARY ***
Total pot $24 | Rake $0.48
Board [7h Qc As 8s]
Seat 3: HaekJiu (button) (small blind) collected ($23.52)
Seat 4: MTails (big blind) folded on the Turn


PokerStars Hand #149650615515:  Hold'em Limit ($3/$6 USD) - 2016/03/01 0:03:20 ET
Table 'Atlas' 6-max Seat #4 is the button
Seat 3: HaekJiu ($145.59 in chips)
Seat 4: MTails ($121.30 in chips)
MTails: posts small blind $1
HaekJiu: posts big blind $3
*** HOLE CARDS ***
MTails: raises $3 to $6
HaekJiu: folds
Uncalled bet ($3) returned to MTails
MTails collected $6 from pot
*** SUMMARY ***
Total pot $6 | Rake $0
Seat 3: HaekJiu (big blind) folded before Flop
Seat 4: MTails (button) (small blind) collected ($6)


PokerStars Hand #149650612459:  Hold'em Limit ($3/$6 USD) - 2016/03/01 0:03:08 ET
Table 'Atlas' 6-max Seat #3 is the button
Seat 3: HaekJiu ($151.59 in chips)
Seat 4: MTails ($115.54 in chips)
HaekJiu: posts small blind $1
MTails: posts big blind $3
*** HOLE CARDS ***
HaekJiu: raises $3 to $6
MTails: calls $3
*** FLOP *** [5h 3c Td]
MTails: checks
HaekJiu: checks
*** TURN *** [5h 3c Td] [Qh]
MTails: checks
HaekJiu: checks
*** RIVER *** [5h 3c Td Qh] [4h]
MTails: bets $6
HaekJiu: folds
Uncalled bet ($6) returned to MTails
MTails collected $11.76 from pot
MTails: doesn't show hand
*** SUMMARY ***
Total pot $12 | Rake $0.24
Board [5h 3c Td Qh 4h]
Seat 3: HaekJiu (button) (small blind) folded on the River
Seat 4: MTails (big blind) collected ($11.76)


PokerStars Hand #149650608933:  Hold'em Limit ($3/$6 USD) - 2016/03/01 0:02:55 ET
Table 'Atlas' 6-max Seat #4 is the button
Seat 3: HaekJiu ($142.95 in chips)
Seat 4: MTails ($124.54 in chips)
MTails: posts small blind $1
HaekJiu: posts big blind $3
*** HOLE CARDS ***
MTails: raises $3 to $6
HaekJiu: calls $3
*** FLOP *** [5h 7c Qs]
HaekJiu: checks
MTails: bets $3
HaekJiu: calls $3
*** TURN *** [5h 7c Qs] [4c]
HaekJiu: checks
MTails: checks
*** RIVER *** [5h 7c Qs 4c] [Ah]
HaekJiu: bets $6
MTails: folds
Uncalled bet ($6) returned to HaekJiu
HaekJiu collected $17.64 from pot
HaekJiu: doesn't show hand
*** SUMMARY ***
Total pot $18 | Rake $0.36
Board [5h 7c Qs 4c Ah]
Seat 3: HaekJiu (big blind) collected ($17.64)
Seat 4: MTails (button) (small blind) folded on the River


PokerStars Hand #149650602500:  Hold'em Limit ($3/$6 USD) - 2016/03/01 0:02:31 ET
Table 'Atlas' 6-max Seat #4 is the button
Seat 3: HaekJiu ($134.45 in chips)
Seat 4: MTails ($133.78 in chips)
MTails: posts small blind $1
HaekJiu: posts big blind $3
*** HOLE CARDS ***
MTails: raises $3 to $6
HaekJiu: calls $3
*** FLOP *** [4s 4h Th]
HaekJiu: checks
MTails: bets $3
HaekJiu: folds
Uncalled bet ($3) returned to MTails
MTails collected $11.76 from pot
MTails: doesn't show hand
*** SUMMARY ***
Total pot $12 | Rake $0.24
Board [4s 4h Th]
Seat 3: HaekJiu (big blind) folded on the Flop
Seat 4: MTails (button) (small blind) collected ($11.76)


PokerStars Hand #149650604478:  Hold'em Limit ($3/$6 USD) - 2016/03/01 0:02:39 ET
Table 'Atlas' 6-max Seat #3 is the button
Seat 3: HaekJiu ($128.45 in chips)
Seat 4: MTails ($139.54 in chips)
HaekJiu: posts small blind $1
MTails: posts big blind $3
*** HOLE CARDS ***
HaekJiu: raises $3 to $6
MTails: calls $3
*** FLOP *** [2h Kd 5c]
MTails: checks
HaekJiu: bets $3
MTails: calls $3
*** TURN *** [2h Kd 5c] [4h]
MTails: checks
HaekJiu: bets $6
MTails: calls $6
*** RIVER *** [2h Kd 5c 4h] [9d]
MTails: checks
HaekJiu: bets $6
MTails: folds
Uncalled bet ($6) returned to HaekJiu
HaekJiu collected $29.50 from pot
HaekJiu: doesn't show hand
*** SUMMARY ***
Total pot $30 | Rake $0.50
Board [2h Kd 5c 4h 9d]
Seat 3: HaekJiu (button) (small blind) collected ($29.50)
Seat 4: MTails (big blind) folded on the River


PokerStars Hand #149650622331:  Hold'em Limit ($3/$6 USD) - 2016/03/01 0:03:45 ET
Table 'Atlas' 6-max Seat #3 is the button
Seat 3: HaekJiu ($124.59 in chips)
Seat 4: MTails ($141.80 in chips)
HaekJiu: posts small blind $1
MTails: posts big blind $3
*** HOLE CARDS ***
HaekJiu: raises $3 to $6
MTails: raises $3 to $9
HaekJiu: calls $3
*** FLOP *** [Js 2h 7s]
MTails: bets $3
HaekJiu: calls $3
*** TURN *** [Js 2h 7s] [2d]
MTails: bets $6
HaekJiu: calls $6
*** RIVER *** [Js 2h 7s 2d] [8h]
MTails: checks
HaekJiu: bets $6
MTails: raises $6 to $12
HaekJiu: calls $6
*** SHOW DOWN ***
MTails: shows [Qd Qs] (two pair, Queens and Deuces)
HaekJiu: mucks hand
MTails collected $59.50 from pot
*** SUMMARY ***
Total pot $60 | Rake $0.50
Board [Js 2h 7s 2d 8h]
Seat 3: HaekJiu (button) (small blind) mucked
Seat 4: MTails (big blind) showed [Qd Qs] and won ($59.50) with two pair, Queens and Deuces


PokerStars Hand #149650616793:  Hold'em Limit ($3/$6 USD) - 2016/03/01 0:03:24 ET
Table 'Atlas' 6-max Seat #3 is the button
Seat 3: HaekJiu ($142.59 in chips)
Seat 4: MTails ($124.30 in chips)
HaekJiu: posts small blind $1
MTails: posts big blind $3
*** HOLE CARDS ***
HaekJiu: raises $3 to $6
MTails: folds
Uncalled bet ($3) returned to HaekJiu
HaekJiu collected $6 from pot
HaekJiu: doesn't show hand
*** SUMMARY ***
Total pot $6 | Rake $0
Seat 3: HaekJiu (button) (small blind) collected ($6)
Seat 4: MTails (big blind) folded before Flop


PokerStars Hand #149650628844:  Hold'em Limit ($3/$6 USD) - 2016/03/01 0:04:09 ET
Table 'Atlas' 6-max Seat #3 is the button
Seat 3: HaekJiu ($88.59 in chips)
Seat 4: MTails ($177.06 in chips)
HaekJiu: posts small blind $1
MTails: posts big blind $3
*** HOLE CARDS ***
HaekJiu: raises $3 to $6
MTails: calls $3
*** FLOP *** [Js 8s 7s]
MTails: checks
HaekJiu: checks
*** TURN *** [Js 8s 7s] [7h]
MTails: bets $6
HaekJiu: raises $6 to $12
MTails: calls $6
*** RIVER *** [Js 8s 7s 7h] [Kc]
MTails: checks
HaekJiu: bets $6
MTails: folds
Uncalled bet ($6) returned to HaekJiu
HaekJiu collected $35.50 from pot
HaekJiu: doesn't show hand
*** SUMMARY ***
Total pot $36 | Rake $0.50
Board [Js 8s 7s 7h Kc]
Seat 3: HaekJiu (button) (small blind) collected ($35.50)
Seat 4: MTails (big blind) folded on the River


PokerStars Hand #149650626835:  Hold'em Limit ($3/$6 USD) - 2016/03/01 0:04:01 ET
Table 'Atlas' 6-max Seat #4 is the button
Seat 3: HaekJiu ($94.59 in chips)
Seat 4: MTails ($171.30 in chips)
MTails: posts small blind $1
HaekJiu: posts big blind $3
*** HOLE CARDS ***
MTails: raises $3 to $6
HaekJiu: calls $3
*** FLOP *** [Qs Jc 3s]
HaekJiu: checks
MTails: bets $3
HaekJiu: folds
Uncalled bet ($3) returned to MTails
MTails collected $11.76 from pot
*** SUMMARY ***
Total pot $12 | Rake $0.24
Board [Qs Jc 3s]
Seat 3: HaekJiu (big blind) folded on the Flop
Seat 4: MTails (button) (small blind) collected ($11.76)


PokerStars Hand #149650618082:  Hold'em Limit ($3/$6 USD) - 2016/03/01 0:03:29 ET
Table 'Atlas' 6-max Seat #4 is the button
Seat 3: HaekJiu ($145.59 in chips)
Seat 4: MTails ($121.30 in chips)
MTails: posts small blind $1
HaekJiu: posts big blind $3
*** HOLE CARDS ***
MTails: raises $3 to $6
HaekJiu: calls $3
*** FLOP *** [2c 5d 6c]
HaekJiu: checks
MTails: bets $3
HaekJiu: calls $3
*** TURN *** [2c 5d 6c] [Qs]
HaekJiu: checks
MTails: bets $6
HaekJiu: calls $6
*** RIVER *** [2c 5d 6c Qs] [Th]
HaekJiu: checks
MTails: bets $6
HaekJiu: calls $6
*** SHOW DOWN ***
MTails: shows [6d Ts] (two pair, Tens and Sixes)
HaekJiu: mucks hand
MTails collected $41.50 from pot
*** SUMMARY ***
Total pot $42 | Rake $0.50
Board [2c 5d 6c Qs Th]
Seat 3: HaekJiu (big blind) mucked
Seat 4: MTails (button) (small blind) showed [6d Ts] and won ($41.50) with two pair, Tens and Sixes


PokerStars Hand #149650640248:  Hold'em Limit ($3/$6 USD) - 2016/03/01 0:04:51 ET
Table 'Atlas' 6-max Seat #4 is the button
Seat 3: HaekJiu ($117.59 in chips)
Seat 4: MTails ($146.70 in chips)
MTails: posts small blind $1
HaekJiu: posts big blind $3
*** HOLE CARDS ***
MTails: raises $3 to $6
HaekJiu: calls $3
*** FLOP *** [Ac 5c 6d]
HaekJiu: checks
MTails: bets $3
HaekJiu: calls $3
*** TURN *** [Ac 5c 6d] [4c]
HaekJiu: checks
MTails: bets $6
HaekJiu: calls $6
*** RIVER *** [Ac 5c 6d 4c] [8d]
HaekJiu: checks
MTails: checks
*** SHOW DOWN ***
HaekJiu: shows [Js Qc] (high card Ace)
MTails: shows [Qs 4s] (a pair of Fours)
MTails collected $29.50 from pot
*** SUMMARY ***
Total pot $30 | Rake $0.50
Board [Ac 5c 6d 4c 8d]
Seat 3: HaekJiu (big blind) showed [Js Qc] and lost with high card Ace
Seat 4: MTails (button) (small blind) showed [Qs 4s] and won ($29.50) with a pair of Fours


PokerStars Hand #149650636182:  Hold'em Limit ($3/$6 USD) - 2016/03/01 0:04:35 ET
Table 'Atlas' 6-max Seat #3 is the button
Seat 3: HaekJiu ($97.09 in chips)
Seat 4: MTails ($167.70 in chips)
HaekJiu: posts small blind $1
MTails: posts big blind $3
*** HOLE CARDS ***
HaekJiu: raises $3 to $6
MTails: calls $3
*** FLOP *** [8s 2d Tc]
MTails: checks
HaekJiu: bets $3
MTails: calls $3
*** TURN *** [8s 2d Tc] [As]
MTails: checks
HaekJiu: bets $6
MTails: calls $6
*** RIVER *** [8s 2d Tc As] [Ts]
MTails: checks
HaekJiu: bets $6
MTails: calls $6
*** SHOW DOWN ***
HaekJiu: shows [7s Td] (three of a kind, Tens)
MTails: mucks hand
HaekJiu collected $41.50 from pot
*** SUMMARY ***
Total pot $42 | Rake $0.50
Board [8s 2d Tc As Ts]
Seat 3: HaekJiu (button) (small blind) showed [7s Td] and won ($41.50) with three of a kind, Tens
Seat 4: MTails (big blind) mucked


PokerStars Hand #149650633077:  Hold'em Limit ($3/$6 USD) - 2016/03/01 0:04:24 ET
Table 'Atlas' 6-max Seat #4 is the button
Seat 3: HaekJiu ($106.09 in chips)
Seat 4: MTails ($159.06 in chips)
MTails: posts small blind $1
HaekJiu: posts big blind $3
*** HOLE CARDS ***
MTails: raises $3 to $6
HaekJiu: calls $3
*** FLOP *** [Kc Kd 9s]
HaekJiu: checks
MTails: bets $3
HaekJiu: calls $3
*** TURN *** [Kc Kd 9s] [Kh]
HaekJiu: checks
MTails: bets $6
HaekJiu: folds
Uncalled bet ($6) returned to MTails
MTails collected $17.64 from pot
*** SUMMARY ***
Total pot $18 | Rake $0.36
Board [Kc Kd 9s Kh]
Seat 3: HaekJiu (big blind) folded on the Turn
Seat 4: MTails (button) (small blind) collected ($17.64)


PokerStars Hand #149650647061:  Hold'em Limit ($3/$6 USD) - 2016/03/01 0:05:16 ET
Table 'Atlas' 6-max Seat #4 is the button
Seat 3: HaekJiu ($114.11 in chips)
Seat 4: MTails ($149.20 in chips)
MTails: posts small blind $1
HaekJiu: posts big blind $3
*** HOLE CARDS ***
MTails: folds
Uncalled bet ($2) returned to HaekJiu
HaekJiu collected $2 from pot
HaekJiu: doesn't show hand
*** SUMMARY ***
Total pot $2 | Rake $0
Seat 3: HaekJiu (big blind) collected ($2)
Seat 4: MTails (button) (small blind) folded before Flop


PokerStars Hand #149650644098:  Hold'em Limit ($3/$6 USD) - 2016/03/01 0:05:05 ET
Table 'Atlas' 6-max Seat #3 is the button
Seat 3: HaekJiu ($102.59 in chips)
Seat 4: MTails ($161.20 in chips)
HaekJiu: posts small blind $1
MTails: posts big blind $3
*** HOLE CARDS ***
HaekJiu: raises $3 to $6
MTails: calls $3
*** FLOP *** [9s 2d Qd]
MTails: checks
HaekJiu: checks
*** TURN *** [9s 2d Qd] [6c]
MTails: bets $6
HaekJiu: raises $6 to $12
MTails: folds
Uncalled bet ($6) returned to HaekJiu
HaekJiu collected $23.52 from pot
HaekJiu: doesn't show hand
*** SUMMARY ***
Total pot $24 | Rake $0.48
Board [9s 2d Qd 6c]
Seat 3: HaekJiu (button) (small blind) collected ($23.52)
Seat 4: MTails (big blind) folded on the Turn


PokerStars Hand #149650648312:  Hold'em Limit ($3/$6 USD) - 2016/03/01 0:05:20 ET
Table 'Atlas' 6-max Seat #3 is the button
Seat 3: HaekJiu ($115.11 in chips)
Seat 4: MTails ($148.20 in chips)
HaekJiu: posts small blind $1
MTails: posts big blind $3
*** HOLE CARDS ***
HaekJiu: raises $3 to $6
MTails: calls $3
*** FLOP *** [2d 6s Kd]
MTails: checks
HaekJiu: bets $3
MTails: folds
Uncalled bet ($3) returned to HaekJiu
HaekJiu collected $11.76 from pot
HaekJiu: doesn't show hand
*** SUMMARY ***
Total pot $12 | Rake $0.24
Board [2d 6s Kd]
Seat 3: HaekJiu (button) (small blind) collected ($11.76)
Seat 4: MTails (big blind) folded on the Flop


PokerStars Hand #149650657078:  Hold'em Limit ($3/$6 USD) - 2016/03/01 0:05:52 ET
Table 'Atlas' 6-max Seat #4 is the button
Seat 3: HaekJiu ($137.37 in chips)
Seat 4: MTails ($125.20 in chips)
MTails: posts small blind $1
HaekJiu: posts big blind $3
*** HOLE CARDS ***
MTails: folds
Uncalled bet ($2) returned to HaekJiu
HaekJiu collected $2 from pot
HaekJiu: doesn't show hand
*** SUMMARY ***
Total pot $2 | Rake $0
Seat 3: HaekJiu (big blind) collected ($2)
Seat 4: MTails (button) (small blind) folded before Flop


PokerStars Hand #149650655743:  Hold'em Limit ($3/$6 USD) - 2016/03/01 0:05:48 ET
Table 'Atlas' 6-max Seat #3 is the button
Seat 3: HaekJiu ($138.37 in chips)
Seat 4: MTails ($124.20 in chips)
HaekJiu: posts small blind $1
MTails: posts big blind $3
*** HOLE CARDS ***
HaekJiu: folds
Uncalled bet ($2) returned to MTails
MTails collected $2 from pot
MTails: doesn't show hand
*** SUMMARY ***
Total pot $2 | Rake $0
Seat 3: HaekJiu (button) (small blind) folded before Flop
Seat 4: MTails (big blind) collected ($2)


PokerStars Hand #149650650655:  Hold'em Limit ($3/$6 USD) - 2016/03/01 0:05:29 ET
Table 'Atlas' 6-max Seat #4 is the button
Seat 3: HaekJiu ($120.87 in chips)
Seat 4: MTails ($142.20 in chips)
MTails: posts small blind $1
HaekJiu: posts big blind $3
*** HOLE CARDS ***
MTails: raises $3 to $6
HaekJiu: calls $3
*** FLOP *** [Qh 2s Qd]
HaekJiu: checks
MTails: bets $3
HaekJiu: raises $3 to $6
MTails: calls $3
*** TURN *** [Qh 2s Qd] [Tc]
HaekJiu: bets $6
MTails: calls $6
*** RIVER *** [Qh 2s Qd Tc] [3d]
HaekJiu: bets $6
MTails: folds
Uncalled bet ($6) returned to HaekJiu
HaekJiu collected $35.50 from pot
HaekJiu: doesn't show hand
*** SUMMARY ***
Total pot $36 | Rake $0.50
Board [Qh 2s Qd Tc 3d]
Seat 3: HaekJiu (big blind) collected ($35.50)
Seat 4: MTails (button) (small blind) folded on the River


PokerStars Hand #149650662149:  Hold'em Limit ($3/$6 USD) - 2016/03/01 0:06:11 ET
Table 'Atlas' 6-max Seat #4 is the button
Seat 3: HaekJiu ($152.87 in chips)
Seat 4: MTails ($109.20 in chips)
MTails: posts small blind $1
HaekJiu: posts big blind $3
*** HOLE CARDS ***
MTails: raises $3 to $6
HaekJiu: calls $3
*** FLOP *** [Ks 9s 3h]
HaekJiu: checks
MTails: bets $3
HaekJiu: folds
Uncalled bet ($3) returned to MTails
MTails collected $11.76 from pot
*** SUMMARY ***
Total pot $12 | Rake $0.24
Board [Ks 9s 3h]
Seat 3: HaekJiu (big blind) folded on the Flop
Seat 4: MTails (button) (small blind) collected ($11.76)


PokerStars Hand #149650658290:  Hold'em Limit ($3/$6 USD) - 2016/03/01 0:05:57 ET
Table 'Atlas' 6-max Seat #3 is the button
Seat 3: HaekJiu ($138.37 in chips)
Seat 4: MTails ($124.20 in chips)
HaekJiu: posts small blind $1
MTails: posts big blind $3
*** HOLE CARDS ***
HaekJiu: raises $3 to $6
MTails: calls $3
*** FLOP *** [Tc 4h Jh]
MTails: checks
HaekJiu: bets $3
MTails: calls $3
*** TURN *** [Tc 4h Jh] [3s]
MTails: checks
HaekJiu: bets $6
MTails: calls $6
*** RIVER *** [Tc 4h Jh 3s] [Ks]
MTails: checks
HaekJiu: checks
*** SHOW DOWN ***
MTails: shows [7c 5c] (high card King)
HaekJiu: shows [8s Ts] (a pair of Tens)
HaekJiu collected $29.50 from pot
*** SUMMARY ***
Total pot $30 | Rake $0.50
Board [Tc 4h Jh 3s Ks]
Seat 3: HaekJiu (button) (small blind) showed [8s Ts] and won ($29.50) with a pair of Tens
Seat 4: MTails (big blind) showed [7c 5c] and lost with high card King


PokerStars Hand #149650667299:  Hold'em Limit ($3/$6 USD) - 2016/03/01 0:06:30 ET
Table 'Atlas' 6-max Seat #4 is the button
Seat 3: HaekJiu ($140.87 in chips)
Seat 4: MTails ($120.72 in chips)
MTails: posts small blind $1
HaekJiu: posts big blind $3
*** HOLE CARDS ***
MTails: raises $3 to $6
HaekJiu: calls $3
*** FLOP *** [Ad 4c Ks]
HaekJiu: checks
MTails: bets $3
HaekJiu: calls $3
*** TURN *** [Ad 4c Ks] [Td]
HaekJiu: checks
MTails: checks
*** RIVER *** [Ad 4c Ks Td] [5s]
HaekJiu: bets $6
MTails: calls $6
*** SHOW DOWN ***
HaekJiu: shows [2s Ac] (a pair of Aces)
MTails: mucks hand
HaekJiu collected $29.50 from pot
*** SUMMARY ***
Total pot $30 | Rake $0.50
Board [Ad 4c Ks Td 5s]
Seat 3: HaekJiu (big blind) showed [2s Ac] and won ($29.50) with a pair of Aces
Seat 4: MTails (button) (small blind) mucked


PokerStars Hand #149650670697:  Hold'em Limit ($3/$6 USD) - 2016/03/01 0:06:43 ET
Table 'Atlas' 6-max Seat #3 is the button
Seat 3: HaekJiu ($155.37 in chips)
Seat 4: MTails ($105.72 in chips)
HaekJiu: posts small blind $1
MTails: posts big blind $3
*** HOLE CARDS ***
HaekJiu: raises $3 to $6
MTails: calls $3
*** FLOP *** [7c Ts 8c]
MTails: checks
HaekJiu: checks
*** TURN *** [7c Ts 8c] [Ah]
MTails: checks
HaekJiu: checks
*** RIVER *** [7c Ts 8c Ah] [8s]
MTails: bets $6
HaekJiu: calls $6
*** SHOW DOWN ***
MTails: shows [Tc 9s] (two pair, Tens and Eights)
HaekJiu: mucks hand
MTails collected $23.52 from pot
*** SUMMARY ***
Total pot $24 | Rake $0.48
Board [7c Ts 8c Ah 8s]
Seat 3: HaekJiu (button) (small blind) mucked
Seat 4: MTails (big blind) showed [Tc 9s] and won ($23.52) with two pair, Tens and Eights


PokerStars Hand #149650674040:  Hold'em Limit ($3/$6 USD) - 2016/03/01 0:06:55 ET
Table 'Atlas' 6-max Seat #4 is the button
Seat 3: HaekJiu ($143.37 in chips)
Seat 4: MTails ($117.24 in chips)
MTails: posts small blind $1
HaekJiu: posts big blind $3
*** HOLE CARDS ***
MTails: raises $3 to $6
HaekJiu: calls $3
*** FLOP *** [Qs 5s Kc]
HaekJiu: checks
MTails: bets $3
HaekJiu: calls $3
*** TURN *** [Qs 5s Kc] [Td]
HaekJiu: checks
MTails: checks
*** RIVER *** [Qs 5s Kc Td] [7d]
HaekJiu: checks
MTails: bets $6
HaekJiu: calls $6
*** SHOW DOWN ***
MTails: shows [4s 7h] (a pair of Sevens)
HaekJiu: mucks hand
MTails collected $29.50 from pot
*** SUMMARY ***
Total pot $30 | Rake $0.50
Board [Qs 5s Kc Td 7d]
Seat 3: HaekJiu (big blind) mucked
Seat 4: MTails (button) (small blind) showed [4s 7h] and won ($29.50) with a pair of Sevens


PokerStars Hand #149650664295:  Hold'em Limit ($3/$6 USD) - 2016/03/01 0:06:19 ET
Table 'Atlas' 6-max Seat #3 is the button
Seat 3: HaekJiu ($146.87 in chips)
Seat 4: MTails ($114.96 in chips)
HaekJiu: posts small blind $1
MTails: posts big blind $3
*** HOLE CARDS ***
HaekJiu: raises $3 to $6
MTails: calls $3
*** FLOP *** [5s 2h Qh]
MTails: checks
HaekJiu: checks
*** TURN *** [5s 2h Qh] [Ad]
MTails: checks
HaekJiu: checks
*** RIVER *** [5s 2h Qh Ad] [6c]
MTails: bets $6
HaekJiu: folds
Uncalled bet ($6) returned to MTails
MTails collected $11.76 from pot
MTails: doesn't show hand
*** SUMMARY ***
Total pot $12 | Rake $0.24
Board [5s 2h Qh Ad 6c]
Seat 3: HaekJiu (button) (small blind) folded on the River
Seat 4: MTails (big blind) collected ($11.76)


PokerStars Hand #149650683288:  Hold'em Limit ($3/$6 USD) - 2016/03/01 0:07:29 ET
Table 'Atlas' 6-max Seat #3 is the button
Seat 3: HaekJiu ($146.87 in chips)
Seat 4: MTails ($112.74 in chips)
HaekJiu: posts small blind $1
MTails: posts big blind $3
*** HOLE CARDS ***
HaekJiu: raises $3 to $6
MTails: calls $3
*** FLOP *** [Kh 2h Js]
MTails: checks
HaekJiu: checks
*** TURN *** [Kh 2h Js] [6h]
MTails: checks
HaekJiu: checks
*** RIVER *** [Kh 2h Js 6h] [Kd]
MTails: checks
HaekJiu: checks
*** SHOW DOWN ***
MTails: shows [5s Qs] (a pair of Kings)
HaekJiu: shows [Qh 4s] (a pair of Kings)
MTails collected $5.88 from pot
HaekJiu collected $5.88 from pot
*** SUMMARY ***
Total pot $12 | Rake $0.24
Board [Kh 2h Js 6h Kd]
Seat 3: HaekJiu (button) (small blind) showed [Qh 4s] and won ($5.88) with a pair of Kings
Seat 4: MTails (big blind) showed [5s Qs] and won ($5.88) with a pair of Kings


PokerStars Hand #149650689516:  Hold'em Limit ($3/$6 USD) - 2016/03/01 0:07:51 ET
Table 'Atlas' 6-max Seat #3 is the button
Seat 3: HaekJiu ($137.75 in chips)
Seat 4: MTails ($121.26 in chips)
HaekJiu: posts small blind $1
MTails: posts big blind $3
*** HOLE CARDS ***
HaekJiu: raises $3 to $6
MTails: calls $3
*** FLOP *** [2c Js Qc]
MTails: checks
HaekJiu: checks
*** TURN *** [2c Js Qc] [8c]
MTails: bets $6
HaekJiu: calls $6
*** RIVER *** [2c Js Qc 8c] [Ks]
MTails: bets $6
HaekJiu: calls $6
*** SHOW DOWN ***
MTails: shows [Jh 5s] (a pair of Jacks)
HaekJiu: mucks hand
MTails collected $35.50 from pot
*** SUMMARY ***
Total pot $36 | Rake $0.50
Board [2c Js Qc 8c Ks]
Seat 3: HaekJiu (button) (small blind) mucked
Seat 4: MTails (big blind) showed [Jh 5s] and won ($35.50) with a pair of Jacks


PokerStars Hand #149650686345:  Hold'em Limit ($3/$6 USD) - 2016/03/01 0:07:40 ET
Table 'Atlas' 6-max Seat #4 is the button
Seat 3: HaekJiu ($146.75 in chips)
Seat 4: MTails ($112.62 in chips)
MTails: posts small blind $1
HaekJiu: posts big blind $3
*** HOLE CARDS ***
MTails: raises $3 to $6
HaekJiu: calls $3
*** FLOP *** [As 5s Ts]
HaekJiu: checks
MTails: bets $3
HaekJiu: calls $3
*** TURN *** [As 5s Ts] [7s]
HaekJiu: checks
MTails: bets $6
HaekJiu: folds
Uncalled bet ($6) returned to MTails
MTails collected $17.64 from pot
*** SUMMARY ***
Total pot $18 | Rake $0.36
Board [As 5s Ts 7s]
Seat 3: HaekJiu (big blind) folded on the Turn
Seat 4: MTails (button) (small blind) collected ($17.64)


PokerStars Hand #149650681989:  Hold'em Limit ($3/$6 USD) - 2016/03/01 0:07:24 ET
Table 'Atlas' 6-max Seat #4 is the button
Seat 3: HaekJiu ($145.87 in chips)
Seat 4: MTails ($113.74 in chips)
MTails: posts small blind $1
HaekJiu: posts big blind $3
*** HOLE CARDS ***
MTails: folds
Uncalled bet ($2) returned to HaekJiu
HaekJiu collected $2 from pot
HaekJiu: doesn't show hand
*** SUMMARY ***
Total pot $2 | Rake $0
Seat 3: HaekJiu (big blind) collected ($2)
Seat 4: MTails (button) (small blind) folded before Flop


PokerStars Hand #149650692621:  Hold'em Limit ($3/$6 USD) - 2016/03/01 0:08:03 ET
Table 'Atlas' 6-max Seat #4 is the button
Seat 3: HaekJiu ($119.75 in chips)
Seat 4: MTails ($138.76 in chips)
MTails: posts small blind $1
HaekJiu: posts big blind $3
*** HOLE CARDS ***
MTails: raises $3 to $6
HaekJiu: calls $3
*** FLOP *** [7s 8c 5c]
HaekJiu: checks
MTails: checks
*** TURN *** [7s 8c 5c] [2s]
HaekJiu: bets $6
MTails: calls $6
*** RIVER *** [7s 8c 5c 2s] [Qh]
HaekJiu: bets $6
MTails: calls $6
*** SHOW DOWN ***
HaekJiu: shows [Tc 8d] (a pair of Eights)
MTails: mucks hand
HaekJiu collected $35.50 from pot
*** SUMMARY ***
Total pot $36 | Rake $0.50
Board [7s 8c 5c 2s Qh]
Seat 3: HaekJiu (big blind) showed [Tc 8d] and won ($35.50) with a pair of Eights
Seat 4: MTails (button) (small blind) mucked


PokerStars Hand #149650707322:  Hold'em Limit ($3/$6 USD) - 2016/03/01 0:08:58 ET
Table 'Atlas' 6-max Seat #3 is the button
Seat 3: HaekJiu ($134.75 in chips)
Seat 4: MTails ($122.26 in chips)
HaekJiu: posts small blind $1
MTails: posts big blind $3
*** HOLE CARDS ***
HaekJiu: folds
Uncalled bet ($2) returned to MTails
MTails collected $2 from pot
*** SUMMARY ***
Total pot $2 | Rake $0
Seat 3: HaekJiu (button) (small blind) folded before Flop
Seat 4: MTails (big blind) collected ($2)


PokerStars Hand #149650702797:  Hold'em Limit ($3/$6 USD) - 2016/03/01 0:08:41 ET
Table 'Atlas' 6-max Seat #4 is the button
Seat 3: HaekJiu ($158.75 in chips)
Seat 4: MTails ($98.76 in chips)
MTails: posts small blind $1
HaekJiu: posts big blind $3
*** HOLE CARDS ***
MTails: raises $3 to $6
HaekJiu: calls $3
*** FLOP *** [4h Jd 2h]
HaekJiu: checks
MTails: bets $3
HaekJiu: raises $3 to $6
MTails: calls $3
*** TURN *** [4h Jd 2h] [6c]
HaekJiu: bets $6
MTails: raises $6 to $12
HaekJiu: calls $6
*** RIVER *** [4h Jd 2h 6c] [4d]
HaekJiu: checks
MTails: checks
*** SHOW DOWN ***
HaekJiu: shows [5c 5s] (two pair, Fives and Fours)
MTails: shows [5d 6s] (two pair, Sixes and Fours)
MTails collected $47.50 from pot
*** SUMMARY ***
Total pot $48 | Rake $0.50
Board [4h Jd 2h 6c 4d]
Seat 3: HaekJiu (big blind) showed [5c 5s] and lost with two pair, Fives and Fours
Seat 4: MTails (button) (small blind) showed [5d 6s] and won ($47.50) with two pair, Sixes and Fours


PokerStars Hand #149650701352:  Hold'em Limit ($3/$6 USD) - 2016/03/01 0:08:36 ET
Table 'Atlas' 6-max Seat #3 is the button
Seat 3: HaekJiu ($155.75 in chips)
Seat 4: MTails ($101.76 in chips)
HaekJiu: posts small blind $1
MTails: posts big blind $3
*** HOLE CARDS ***
HaekJiu: raises $3 to $6
MTails: folds
Uncalled bet ($3) returned to HaekJiu
HaekJiu collected $6 from pot
HaekJiu: doesn't show hand
*** SUMMARY ***
Total pot $6 | Rake $0
Seat 3: HaekJiu (button) (small blind) collected ($6)
Seat 4: MTails (big blind) folded before Flop


PokerStars Hand #149650708773:  Hold'em Limit ($3/$6 USD) - 2016/03/01 0:09:03 ET
Table 'Atlas' 6-max Seat #4 is the button
Seat 3: HaekJiu ($133.75 in chips)
Seat 4: MTails ($123.26 in chips)
MTails: posts small blind $1
HaekJiu: posts big blind $3
*** HOLE CARDS ***
MissEKAmouse joins the table at seat #2
MTails: raises $3 to $6
HaekJiu: calls $3
*** FLOP *** [8c 7d 9d]
HaekJiu: checks
MTails: bets $3
HaekJiu: raises $3 to $6
MTails: folds
Uncalled bet ($3) returned to HaekJiu
HaekJiu collected $17.64 from pot
HaekJiu: doesn't show hand
*** SUMMARY ***
Total pot $18 | Rake $0.36
Board [8c 7d 9d]
Seat 3: HaekJiu (big blind) collected ($17.64)
Seat 4: MTails (button) (small blind) folded on the Flop


PokerStars Hand #149650700074:  Hold'em Limit ($3/$6 USD) - 2016/03/01 0:08:31 ET
Table 'Atlas' 6-max Seat #4 is the button
Seat 3: HaekJiu ($154.75 in chips)
Seat 4: MTails ($102.76 in chips)
MTails: posts small blind $1
HaekJiu: posts big blind $3
*** HOLE CARDS ***
MTails: folds
Uncalled bet ($2) returned to HaekJiu
HaekJiu collected $2 from pot
HaekJiu: doesn't show hand
*** SUMMARY ***
Total pot $2 | Rake $0
Seat 3: HaekJiu (big blind) collected ($2)
Seat 4: MTails (button) (small blind) folded before Flop


PokerStars Hand #149650722757:  Hold'em Limit ($3/$6 USD) - 2016/03/01 0:09:55 ET
Table 'Atlas' 6-max Seat #2 is the button
Seat 2: MissEKAmouse ($129.43 in chips)
Seat 4: MTails ($104.26 in chips)
ibens will be allowed to play after the button
karauscheAA will be allowed to play after the button
MissEKAmouse: posts small blind $1
HaekJiu: is sitting out
MTails: posts big blind $3
*** HOLE CARDS ***
Lifesaver4 joins the table at seat #6
MissEKAmouse: folds
Uncalled bet ($2) returned to MTails
MTails collected $2 from pot
*** SUMMARY ***
Total pot $2 | Rake $0
Seat 2: MissEKAmouse (button) (small blind) folded before Flop
Seat 4: MTails (big blind) collected ($2)


PokerStars Hand #149650711782:  Hold'em Limit ($3/$6 USD) - 2016/03/01 0:09:14 ET
Table 'Atlas' 6-max Seat #3 is the button
Seat 3: HaekJiu ($142.39 in chips)
Seat 4: MTails ($114.26 in chips)
HaekJiu: posts small blind $1
MTails: posts big blind $3
*** HOLE CARDS ***
HaekJiu: raises $3 to $6
MTails said, "new table ?"
MTails: calls $3
*** FLOP *** [6s Tc 7s]
MTails: checks
HaekJiu: bets $3
MTails: calls $3
*** TURN *** [6s Tc 7s] [5d]
MTails: checks
HaekJiu: bets $6
MTails: folds
Uncalled bet ($6) returned to HaekJiu
HaekJiu collected $17.64 from pot
HaekJiu: doesn't show hand
*** SUMMARY ***
Total pot $18 | Rake $0.36
Board [6s Tc 7s 5d]
Seat 3: HaekJiu (button) (small blind) collected ($17.64)
Seat 4: MTails (big blind) folded on the Turn


PokerStars Hand #149651250032:  Hold'em Limit ($3/$6 USD) - 2016/03/01 0:42:23 ET
Table 'Atlas' 6-max Seat #6 is the button
Seat 2: Agrotait ($109.93 in chips)
Seat 6: Lifesaver4 ($56.06 in chips)
Lifesaver4: posts small blind $1
Sagar_7: is sitting out
Agrotait: posts big blind $3
*** HOLE CARDS ***
Sagar_7 leaves the table
Lifesaver4: folds
Uncalled bet ($2) returned to Agrotait
Agrotait collected $2 from pot
Agrotait: doesn't show hand
*** SUMMARY ***
Total pot $2 | Rake $0
Seat 2: Agrotait (big blind) collected ($2)
Seat 6: Lifesaver4 (button) (small blind) folded before Flop


