PokerStars Hand #152792600572:  Hold'em Limit ($3/$6 USD) - 2016/05/03 8:47:24 ET
Table 'Atlas III' 6-max Seat #4 is the button
Seat 3: buddhasway ($63.21 in chips)
Seat 4: Agrotait ($81.50 in chips)
Agrotait: posts small blind $1
buddhasway: posts big blind $3
*** HOLE CARDS ***
Agrotait: raises $3 to $6
buddhasway: raises $3 to $9
Agrotait: calls $3
*** FLOP *** [Tc 6h 9c]
buddhasway: bets $3
Agrotait: calls $3
*** TURN *** [Tc 6h 9c] [Qh]
buddhasway: bets $6
Agrotait: calls $6
*** RIVER *** [Tc 6h 9c Qh] [Ks]
buddhasway: bets $6
Agrotait: calls $6
*** SHOW DOWN ***
buddhasway: shows [7c 7d] (a pair of Sevens)
Agrotait: shows [Ah Qc] (a pair of Queens)
Agrotait collected $47.50 from pot
*** SUMMARY ***
Total pot $48 | Rake $0.50
Board [Tc 6h 9c Qh Ks]
Seat 3: buddhasway (big blind) showed [7c 7d] and lost with a pair of Sevens
Seat 4: Agrotait (button) (small blind) showed [Ah Qc] and won ($47.50) with a pair of Queens


PokerStars Hand #152792589208:  Hold'em Limit ($3/$6 USD) - 2016/05/03 8:47:03 ET
Table 'Atlas III' 6-max Seat #3 is the button
Seat 3: buddhasway ($57.45 in chips)
Seat 4: Agrotait ($87.50 in chips)
buddhasway: posts small blind $1
Agrotait: posts big blind $3
*** HOLE CARDS ***
buddhasway: raises $3 to $6
Agrotait: calls $3
*** FLOP *** [Kh 3h Qc]
Agrotait: checks
buddhasway: bets $3
Agrotait: folds
Uncalled bet ($3) returned to buddhasway
buddhasway collected $11.76 from pot
*** SUMMARY ***
Total pot $12 | Rake $0.24
Board [Kh 3h Qc]
Seat 3: buddhasway (button) (small blind) collected ($11.76)
Seat 4: Agrotait (big blind) folded on the Flop


PokerStars Hand #152792574469:  Hold'em Limit ($3/$6 USD) - 2016/05/03 8:46:36 ET
Table 'Atlas III' 6-max Seat #4 is the button
Seat 3: buddhasway ($72.45 in chips)
Seat 4: Agrotait ($73 in chips)
Agrotait: posts small blind $1
buddhasway: posts big blind $3
*** HOLE CARDS ***
Agrotait: raises $3 to $6
buddhasway: calls $3
*** FLOP *** [6s 2s Kc]
buddhasway: checks
Agrotait: bets $3
buddhasway: calls $3
*** TURN *** [6s 2s Kc] [7s]
buddhasway: checks
Agrotait: checks
*** RIVER *** [6s 2s Kc 7s] [Ts]
buddhasway: bets $6
Agrotait: calls $6
*** SHOW DOWN ***
buddhasway: shows [8c 2c] (a pair of Deuces)
Agrotait: shows [Ad 9s] (a flush, Ten high)
Agrotait collected $29.50 from pot
*** SUMMARY ***
Total pot $30 | Rake $0.50
Board [6s 2s Kc 7s Ts]
Seat 3: buddhasway (big blind) showed [8c 2c] and lost with a pair of Deuces
Seat 4: Agrotait (button) (small blind) showed [Ad 9s] and won ($29.50) with a flush, Ten high


PokerStars Hand #152792616534:  Hold'em Limit ($3/$6 USD) - 2016/05/03 8:47:53 ET
Table 'Atlas III' 6-max Seat #3 is the button
Seat 3: buddhasway ($39.21 in chips)
Seat 4: Agrotait ($105 in chips)
buddhasway: posts small blind $1
Agrotait: posts big blind $3
*** HOLE CARDS ***
buddhasway: raises $3 to $6
Agrotait: raises $3 to $9
buddhasway: raises $3 to $12
Betting is capped
Agrotait: calls $3
*** FLOP *** [7s 9d 5c]
Agrotait: checks
buddhasway: bets $3
Agrotait: calls $3
*** TURN *** [7s 9d 5c] [Th]
Agrotait: checks
buddhasway: bets $6
Agrotait: calls $6
*** RIVER *** [7s 9d 5c Th] [Qh]
Agrotait: checks
buddhasway: bets $6
_fayzulllo_ joins the table at seat #6
Agrotait: folds
Uncalled bet ($6) returned to buddhasway
buddhasway collected $41.50 from pot
*** SUMMARY ***
Total pot $42 | Rake $0.50
Board [7s 9d 5c Th Qh]
Seat 3: buddhasway (button) (small blind) collected ($41.50)
Seat 4: Agrotait (big blind) folded on the River


PokerStars Hand #152792809704:  Hold'em Limit ($3/$6 USD) - 2016/05/03 8:53:45 ET
Table 'Atlas III' 6-max Seat #4 is the button
Seat 1: tangxueke ($21.63 in chips)
Seat 4: Agrotait ($118.11 in chips)
Agrotait: posts small blind $1
tangxueke: posts big blind $3
*** HOLE CARDS ***
Agrotait: folds
Uncalled bet ($2) returned to tangxueke
JayEm82 joins the table at seat #2
tangxueke collected $2 from pot
tangxueke: doesn't show hand
*** SUMMARY ***
Total pot $2 | Rake $0
Seat 1: tangxueke (big blind) collected ($2)
Seat 4: Agrotait (button) (small blind) folded before Flop


PokerStars Hand #152792805931:  Hold'em Limit ($3/$6 USD) - 2016/05/03 8:53:38 ET
Table 'Atlas III' 6-max Seat #1 is the button
Seat 1: tangxueke ($22.63 in chips)
Seat 4: Agrotait ($117.11 in chips)
tangxueke: posts small blind $1
buddhasway: is sitting out
Agrotait: posts big blind $3
*** HOLE CARDS ***
buddhasway leaves the table
tangxueke: folds
Uncalled bet ($2) returned to Agrotait
Agrotait collected $2 from pot
Agrotait: doesn't show hand
*** SUMMARY ***
Total pot $2 | Rake $0
Seat 1: tangxueke (button) (small blind) folded before Flop
Seat 4: Agrotait (big blind) collected ($2)


