PokerStars Hand #176788563998:  Hold'em Limit ($3/$6 USD) - 2017/10/11 15:50:37 ET
Table 'Atlas' 6-max Seat #2 is the button
Seat 2: my genitals ($61 in chips)
Seat 3: AzureCaper ($72 in chips)
my genitals: posts small blind $1
AzureCaper: posts big blind $3
*** HOLE CARDS ***
my genitals: raises $3 to $6
AzureCaper: folds
Uncalled bet ($3) returned to my genitals
vestimokrec joins the table at seat #4
my genitals collected $6 from pot
my genitals: doesn't show hand
*** SUMMARY ***
Total pot $6 | Rake $0
Seat 2: my genitals (button) (small blind) collected ($6)
Seat 3: AzureCaper (big blind) folded before Flop


PokerStars Hand #176788550357:  Hold'em Limit ($3/$6 USD) - 2017/10/11 15:50:21 ET
Table 'Atlas' 6-max Seat #3 is the button
Seat 2: my genitals ($60 in chips)
Seat 3: AzureCaper ($72 in chips)
AzureCaper: posts small blind $1
FHstyles: is sitting out
my genitals: posts big blind $3
*** HOLE CARDS ***
FHstyles leaves the table
AzureCaper: folds
Uncalled bet ($2) returned to my genitals
my genitals collected $2 from pot
my genitals: doesn't show hand
*** SUMMARY ***
Total pot $2 | Rake $0
Seat 2: my genitals (big blind) collected ($2)
Seat 3: AzureCaper (button) (small blind) folded before Flop


PokerStars Hand #176790822190:  Hold'em Limit ($3/$6 USD) - 2017/10/11 16:35:53 ET
Table 'Atlas' 6-max Seat #2 is the button
Seat 1: xxPSRxx ($110.46 in chips)
Seat 2: aleks_4ym ($200.74 in chips)
aleks_4ym: posts small blind $1
vestimokrec: is sitting out
xxPSRxx: posts big blind $3
*** HOLE CARDS ***
aleks_4ym: raises $3 to $6
xxPSRxx: raises $3 to $9
vestimokrec leaves the table
aleks_4ym: calls $3
*** FLOP *** [2h Ah Js]
xxPSRxx: bets $3
aleks_4ym: folds
Uncalled bet ($3) returned to xxPSRxx
xxPSRxx collected $17.64 from pot
xxPSRxx: doesn't show hand
*** SUMMARY ***
Total pot $18 | Rake $0.36
Board [2h Ah Js]
Seat 1: xxPSRxx (big blind) collected ($17.64)
Seat 2: aleks_4ym (button) (small blind) folded on the Flop


