PokerStars Hand #174182075301:  Hold'em Limit ($3/$6 USD) - 2017/08/10 21:57:36 ET
Table 'Atossa' 6-max Seat #5 is the button
Seat 2: confususs ($174.39 in chips)
Seat 5: Prince_Aria ($144.46 in chips)
Prince_Aria: posts small blind $1
confususs: posts big blind $3
*** HOLE CARDS ***
Prince_Aria: folds
Uncalled bet ($2) returned to confususs
confususs collected $2 from pot
*** SUMMARY ***
Total pot $2 | Rake $0
Seat 2: confususs (big blind) collected ($2)
Seat 5: Prince_Aria (button) (small blind) folded before Flop


PokerStars Hand #174185543301:  Hold'em Limit ($3/$6 USD) - 2017/08/11 1:14:45 ET
Table 'Atossa' 6-max Seat #4 is the button
Seat 4: krytalex ($111.59 in chips)
Seat 6: manon889 ($222.38 in chips)
krytalex: posts small blind $1
manon889: posts big blind $3
*** HOLE CARDS ***
krytalex: raises $3 to $6
manon889: calls $3
*** FLOP *** [7h 2s 9h]
manon889: bets $3
krytalex: calls $3
*** TURN *** [7h 2s 9h] [Ts]
manon889: bets $6
krytalex: calls $6
*** RIVER *** [7h 2s 9h Ts] [Jh]
manon889: checks
krytalex: checks
*** SHOW DOWN ***
manon889: shows [9c Ad] (a pair of Nines)
krytalex: mucks hand
manon889 collected $29.50 from pot
*** SUMMARY ***
Total pot $30 | Rake $0.50
Board [7h 2s 9h Ts Jh]
Seat 4: krytalex (button) (small blind) mucked
Seat 6: manon889 (big blind) showed [9c Ad] and won ($29.50) with a pair of Nines


