PokerStars Hand #144350471531:  Hold'em Limit ($3/$6 USD) - 2015/11/25 3:48:47 ET
Table 'Atossa II' 6-max Seat #1 is the button
Seat 1: VolkovDmitri ($114 in chips)
Seat 6: zizonmusang ($65.76 in chips)
VolkovDmitri: posts small blind $1
zizonmusang: posts big blind $3
*** HOLE CARDS ***
VolkovDmitri: raises $3 to $6
zizonmusang: folds
Uncalled bet ($3) returned to VolkovDmitri
VolkovDmitri collected $6 from pot
VolkovDmitri: doesn't show hand
*** SUMMARY ***
Total pot $6 | Rake $0
Seat 1: VolkovDmitri (button) (small blind) collected ($6)
Seat 6: zizonmusang (big blind) folded before Flop


PokerStars Hand #144350463704:  Hold'em Limit ($3/$6 USD) - 2015/11/25 3:48:22 ET
Table 'Atossa II' 6-max Seat #6 is the button
Seat 1: VolkovDmitri ($120 in chips)
Seat 6: zizonmusang ($60 in chips)
zizonmusang: posts small blind $1
VolkovDmitri: posts big blind $3
*** HOLE CARDS ***
zizonmusang: raises $3 to $6
VolkovDmitri: calls $3
*** FLOP *** [Jc As Ac]
VolkovDmitri: checks
zizonmusang: bets $3
VolkovDmitri: folds
Uncalled bet ($3) returned to zizonmusang
zizonmusang collected $11.76 from pot
zizonmusang: doesn't show hand
*** SUMMARY ***
Total pot $12 | Rake $0.24
Board [Jc As Ac]
Seat 1: VolkovDmitri (big blind) folded on the Flop
Seat 6: zizonmusang (button) (small blind) collected ($11.76)


PokerStars Hand #144350482370:  Hold'em Limit ($3/$6 USD) - 2015/11/25 3:49:21 ET
Table 'Atossa II' 6-max Seat #6 is the button
Seat 1: VolkovDmitri ($131.52 in chips)
Seat 6: zizonmusang ($47.76 in chips)
zizonmusang: posts small blind $1
VolkovDmitri: posts big blind $3
*** HOLE CARDS ***
zizonmusang: raises $3 to $6
VolkovDmitri: calls $3
*** FLOP *** [9d Js 8d]
VolkovDmitri: checks
zizonmusang: bets $3
VolkovDmitri: calls $3
*** TURN *** [9d Js 8d] [6c]
VolkovDmitri: checks
zizonmusang: bets $6
VolkovDmitri: calls $6
*** RIVER *** [9d Js 8d 6c] [3d]
VolkovDmitri: checks
zizonmusang: checks
*** SHOW DOWN ***
VolkovDmitri: shows [6s 5d] (a pair of Sixes)
zizonmusang: shows [7c 8s] (a pair of Eights)
zizonmusang collected $29.50 from pot
*** SUMMARY ***
Total pot $30 | Rake $0.50
Board [9d Js 8d 6c 3d]
Seat 1: VolkovDmitri (big blind) showed [6s 5d] and lost with a pair of Sixes
Seat 6: zizonmusang (button) (small blind) showed [7c 8s] and won ($29.50) with a pair of Eights


PokerStars Hand #144350479945:  Hold'em Limit ($3/$6 USD) - 2015/11/25 3:49:13 ET
Table 'Atossa II' 6-max Seat #1 is the button
Seat 1: VolkovDmitri ($128.52 in chips)
Seat 6: zizonmusang ($50.76 in chips)
VolkovDmitri: posts small blind $1
zizonmusang: posts big blind $3
*** HOLE CARDS ***
VolkovDmitri: raises $3 to $6
zizonmusang: folds
Uncalled bet ($3) returned to VolkovDmitri
VolkovDmitri collected $6 from pot
VolkovDmitri: doesn't show hand
*** SUMMARY ***
Total pot $6 | Rake $0
Seat 1: VolkovDmitri (button) (small blind) collected ($6)
Seat 6: zizonmusang (big blind) folded before Flop


PokerStars Hand #144350473651:  Hold'em Limit ($3/$6 USD) - 2015/11/25 3:48:54 ET
Table 'Atossa II' 6-max Seat #6 is the button
Seat 1: VolkovDmitri ($117 in chips)
Seat 6: zizonmusang ($62.76 in chips)
zizonmusang: posts small blind $1
VolkovDmitri: posts big blind $3
*** HOLE CARDS ***
zizonmusang: raises $3 to $6
VolkovDmitri: calls $3
*** FLOP *** [Qh 8d 8s]
VolkovDmitri: checks
zizonmusang: bets $3
VolkovDmitri: raises $3 to $6
zizonmusang: calls $3
*** TURN *** [Qh 8d 8s] [2c]
VolkovDmitri: bets $6
zizonmusang: folds
Uncalled bet ($6) returned to VolkovDmitri
VolkovDmitri collected $23.52 from pot
VolkovDmitri: doesn't show hand
*** SUMMARY ***
Total pot $24 | Rake $0.48
Board [Qh 8d 8s 2c]
Seat 1: VolkovDmitri (big blind) collected ($23.52)
Seat 6: zizonmusang (button) (small blind) folded on the Turn


PokerStars Hand #144350503166:  Hold'em Limit ($3/$6 USD) - 2015/11/25 3:50:27 ET
Table 'Atossa II' 6-max Seat #6 is the button
Seat 1: VolkovDmitri ($107.52 in chips)
Seat 6: zizonmusang ($70.90 in chips)
zizonmusang: posts small blind $1
VolkovDmitri: posts big blind $3
*** HOLE CARDS ***
zizonmusang: raises $3 to $6
VolkovDmitri: raises $3 to $9
zizonmusang: calls $3
*** FLOP *** [Js 6s 8h]
VolkovDmitri: bets $3
zizonmusang: raises $3 to $6
VolkovDmitri: calls $3
*** TURN *** [Js 6s 8h] [3h]
VolkovDmitri: bets $6
zizonmusang: raises $6 to $12
VolkovDmitri: calls $6
*** RIVER *** [Js 6s 8h 3h] [2d]
VolkovDmitri: checks
zizonmusang: bets $6
VolkovDmitri: calls $6
*** SHOW DOWN ***
zizonmusang: shows [4d 6h] (a pair of Sixes)
VolkovDmitri: mucks hand
zizonmusang collected $65.50 from pot
*** SUMMARY ***
Total pot $66 | Rake $0.50
Board [Js 6s 8h 3h 2d]
Seat 1: VolkovDmitri (big blind) mucked
Seat 6: zizonmusang (button) (small blind) showed [4d 6h] and won ($65.50) with a pair of Sixes


PokerStars Hand #144350492341:  Hold'em Limit ($3/$6 USD) - 2015/11/25 3:49:52 ET
Table 'Atossa II' 6-max Seat #1 is the button
Seat 1: VolkovDmitri ($116.52 in chips)
Seat 6: zizonmusang ($62.26 in chips)
VolkovDmitri: posts small blind $1
zizonmusang: posts big blind $3
*** HOLE CARDS ***
VolkovDmitri: raises $3 to $6
zizonmusang: raises $3 to $9
VolkovDmitri: calls $3
*** FLOP *** [Td 6c Js]
zizonmusang: bets $3
VolkovDmitri: folds
Uncalled bet ($3) returned to zizonmusang
zizonmusang collected $17.64 from pot
zizonmusang: doesn't show hand
*** SUMMARY ***
Total pot $18 | Rake $0.36
Board [Td 6c Js]
Seat 1: VolkovDmitri (button) (small blind) folded on the Flop
Seat 6: zizonmusang (big blind) collected ($17.64)


