PokerStars Hand #146959517616:  Hold'em Limit ($3/$6 USD) - 2016/01/13 6:07:42 ET
Table 'Atossa' 10-max Seat #1 is the button
Seat 1: gogoBTshamp ($48 in chips)
Seat 2: B_loJkl ($150 in chips)
gogoBTshamp: posts small blind $1
B_loJkl: posts big blind $3
*** HOLE CARDS ***
gogoBTshamp: raises $3 to $6
B_loJkl: calls $3
*** FLOP *** [5s Kd 3d]
B_loJkl: checks
gogoBTshamp: checks
*** TURN *** [5s Kd 3d] [5h]
B_loJkl: bets $6
gogoBTshamp: calls $6
*** RIVER *** [5s Kd 3d 5h] [4c]
B_loJkl: checks
gogoBTshamp: bets $6
B_loJkl: folds
Uncalled bet ($6) returned to gogoBTshamp
gogoBTshamp collected $23.52 from pot
gogoBTshamp: doesn't show hand
*** SUMMARY ***
Total pot $24 | Rake $0.48
Board [5s Kd 3d 5h 4c]
Seat 1: gogoBTshamp (button) (small blind) collected ($23.52)
Seat 2: B_loJkl (big blind) folded on the River


PokerStars Hand #146959545912:  Hold'em Limit ($3/$6 USD) - 2016/01/13 6:08:37 ET
Table 'Atossa' 10-max Seat #1 is the button
Seat 1: gogoBTshamp ($38.52 in chips)
Seat 2: B_loJkl ($158.50 in chips)
gogoBTshamp: posts small blind $1
B_loJkl: posts big blind $3
*** HOLE CARDS ***
gogoBTshamp: raises $3 to $6
B_loJkl: calls $3
*** FLOP *** [7h Kd 9d]
B_loJkl: checks
gogoBTshamp: bets $3
B_loJkl: raises $3 to $6
gogoBTshamp: folds
Uncalled bet ($3) returned to B_loJkl
B_loJkl collected $17.64 from pot
B_loJkl: doesn't show hand
*** SUMMARY ***
Total pot $18 | Rake $0.36
Board [7h Kd 9d]
Seat 1: gogoBTshamp (button) (small blind) folded on the Flop
Seat 2: B_loJkl (big blind) collected ($17.64)


PokerStars Hand #146959532510:  Hold'em Limit ($3/$6 USD) - 2016/01/13 6:08:11 ET
Table 'Atossa' 10-max Seat #2 is the button
Seat 1: gogoBTshamp ($59.52 in chips)
Seat 2: B_loJkl ($138 in chips)
B_loJkl: posts small blind $1
gogoBTshamp: posts big blind $3
*** HOLE CARDS ***
B_loJkl: raises $3 to $6
gogoBTshamp: calls $3
*** FLOP *** [3c 2d 2c]
gogoBTshamp: checks
B_loJkl: bets $3
gogoBTshamp: calls $3
*** TURN *** [3c 2d 2c] [2s]
gogoBTshamp: checks
B_loJkl: bets $6
gogoBTshamp: raises $6 to $12
B_loJkl: calls $6
*** RIVER *** [3c 2d 2c 2s] [9s]
gogoBTshamp: checks
B_loJkl: checks
*** SHOW DOWN ***
gogoBTshamp: shows [8d Kd] (three of a kind, Deuces)
B_loJkl: shows [4s Ah] (three of a kind, Deuces - Ace kicker)
B_loJkl collected $41.50 from pot
*** SUMMARY ***
Total pot $42 | Rake $0.50
Board [3c 2d 2c 2s 9s]
Seat 1: gogoBTshamp (big blind) showed [8d Kd] and lost with three of a kind, Deuces
Seat 2: B_loJkl (button) (small blind) showed [4s Ah] and won ($41.50) with three of a kind, Deuces


PokerStars Hand #146959575990:  Hold'em Limit ($3/$6 USD) - 2016/01/13 6:09:36 ET
Table 'Atossa' 10-max Seat #1 is the button
Seat 1: gogoBTshamp ($11.52 in chips)
Seat 2: B_loJkl ($184.64 in chips)
gogoBTshamp: posts small blind $1
B_loJkl: posts big blind $3
*** HOLE CARDS ***
gogoBTshamp: folds
Uncalled bet ($2) returned to B_loJkl
B_loJkl collected $2 from pot
B_loJkl: doesn't show hand
*** SUMMARY ***
Total pot $2 | Rake $0
Seat 1: gogoBTshamp (button) (small blind) folded before Flop
Seat 2: B_loJkl (big blind) collected ($2)


PokerStars Hand #146959557231:  Hold'em Limit ($3/$6 USD) - 2016/01/13 6:08:59 ET
Table 'Atossa' 10-max Seat #2 is the button
Seat 1: gogoBTshamp ($29.52 in chips)
Seat 2: B_loJkl ($167.14 in chips)
B_loJkl: posts small blind $1
gogoBTshamp: posts big blind $3
*** HOLE CARDS ***
B_loJkl: raises $3 to $6
gogoBTshamp: calls $3
*** FLOP *** [4h Kh 2d]
gogoBTshamp: checks
B_loJkl: bets $3
gogoBTshamp: raises $3 to $6
B_loJkl: calls $3
*** TURN *** [4h Kh 2d] [Jh]
gogoBTshamp: bets $6
B_loJkl: raises $6 to $12
gogoBTshamp: folds
Uncalled bet ($6) returned to B_loJkl
B_loJkl collected $35.50 from pot
B_loJkl: doesn't show hand
*** SUMMARY ***
Total pot $36 | Rake $0.50
Board [4h Kh 2d Jh]
Seat 1: gogoBTshamp (big blind) folded on the Turn
Seat 2: B_loJkl (button) (small blind) collected ($35.50)


PokerStars Hand #146959578340:  Hold'em Limit ($3/$6 USD) - 2016/01/13 6:09:40 ET
Table 'Atossa' 10-max Seat #2 is the button
Seat 1: gogoBTshamp ($10.52 in chips)
Seat 2: B_loJkl ($185.64 in chips)
B_loJkl: posts small blind $1
gogoBTshamp: posts big blind $3
*** HOLE CARDS ***
B_loJkl: raises $3 to $6
gogoBTshamp: raises $3 to $9
B_loJkl: calls $3
*** FLOP *** [Kc 2h 8d]
gogoBTshamp: checks
B_loJkl: bets $3
gogoBTshamp: calls $1.52 and is all-in
Uncalled bet ($1.48) returned to B_loJkl
*** TURN *** [Kc 2h 8d] [4d]
*** RIVER *** [Kc 2h 8d 4d] [4s]
*** SHOW DOWN ***
gogoBTshamp: shows [Kd 5h] (two pair, Kings and Fours)
B_loJkl: shows [Js 2s] (two pair, Fours and Deuces)
gogoBTshamp collected $20.62 from pot
*** SUMMARY ***
Total pot $21.04 | Rake $0.42
Board [Kc 2h 8d 4d 4s]
Seat 1: gogoBTshamp (big blind) showed [Kd 5h] and won ($20.62) with two pair, Kings and Fours
Seat 2: B_loJkl (button) (small blind) showed [Js 2s] and lost with two pair, Fours and Deuces


