PokerStars Hand #159240229297:  Hold'em Limit ($3/$6 USD) - 2016/09/29 8:52:09 ET
Table 'Atossa' 6-max Seat #4 is the button
Seat 2: TinaTurner72 ($123 in chips)
Seat 4: zenka25 ($27 in chips)
zenka25: posts small blind $1
TinaTurner72: posts big blind $3
*** HOLE CARDS ***
zenka25: calls $2
TinaTurner72: checks
*** FLOP *** [4c Ac 3c]
TinaTurner72: bets $3
zenka25: folds
Uncalled bet ($3) returned to TinaTurner72
TinaTurner72 collected $5.88 from pot
TinaTurner72: doesn't show hand
*** SUMMARY ***
Total pot $6 | Rake $0.12
Board [4c Ac 3c]
Seat 2: TinaTurner72 (big blind) collected ($5.88)
Seat 4: zenka25 (button) (small blind) folded on the Flop


PokerStars Hand #159240237526:  Hold'em Limit ($3/$6 USD) - 2016/09/29 8:52:26 ET
Table 'Atossa' 6-max Seat #2 is the button
Seat 2: TinaTurner72 ($125.88 in chips)
Seat 4: zenka25 ($24 in chips)
TinaTurner72: posts small blind $1
zenka25: posts big blind $3
*** HOLE CARDS ***
TinaTurner72: raises $3 to $6
zenka25: calls $3
*** FLOP *** [Tc Qh Ad]
zenka25: bets $3
TinaTurner72: calls $3
*** TURN *** [Tc Qh Ad] [7h]
zenka25: bets $6
TinaTurner72: calls $6
*** RIVER *** [Tc Qh Ad 7h] [9c]
zenka25: bets $6
TinaTurner72: calls $6
*** SHOW DOWN ***
zenka25: shows [Jc 9h] (a pair of Nines)
TinaTurner72: shows [4s Td] (a pair of Tens)
TinaTurner72 collected $41.50 from pot
*** SUMMARY ***
Total pot $42 | Rake $0.50
Board [Tc Qh Ad 7h 9c]
Seat 2: TinaTurner72 (button) (small blind) showed [4s Td] and won ($41.50) with a pair of Tens
Seat 4: zenka25 (big blind) showed [Jc 9h] and lost with a pair of Nines


PokerStars Hand #159240250826:  Hold'em Limit ($3/$6 USD) - 2016/09/29 8:52:53 ET
Table 'Atossa' 6-max Seat #4 is the button
Seat 2: TinaTurner72 ($146.38 in chips)
Seat 4: zenka25 ($3 in chips)
zenka25: posts small blind $1
TinaTurner72: posts big blind $3
*** HOLE CARDS ***
zenka25: calls $2 and is all-in
*** FLOP *** [Jc 9s Ac]
*** TURN *** [Jc 9s Ac] [3c]
*** RIVER *** [Jc 9s Ac 3c] [9c]
*** SHOW DOWN ***
TinaTurner72: shows [5d 4h] (a pair of Nines)
zenka25: shows [9h 8s] (three of a kind, Nines)
zenka25 collected $5.88 from pot
*** SUMMARY ***
Total pot $6 | Rake $0.12
Board [Jc 9s Ac 3c 9c]
Seat 2: TinaTurner72 (big blind) showed [5d 4h] and lost with a pair of Nines
Seat 4: zenka25 (button) (small blind) showed [9h 8s] and won ($5.88) with three of a kind, Nines


PokerStars Hand #159240267911:  Hold'em Limit ($3/$6 USD) - 2016/09/29 8:53:28 ET
Table 'Atossa' 6-max Seat #4 is the button
Seat 2: TinaTurner72 ($137.50 in chips)
Seat 4: zenka25 ($11.52 in chips)
zenka25: posts small blind $1
TinaTurner72: posts big blind $3
*** HOLE CARDS ***
zenka25: calls $2
TinaTurner72: raises $3 to $6
zenka25: raises $3 to $9
TinaTurner72: raises $3 to $12
Betting is capped
zenka25: calls $2.52 and is all-in
Uncalled bet ($0.48) returned to TinaTurner72
*** FLOP *** [9c 4h 8s]
*** TURN *** [9c 4h 8s] [7s]
*** RIVER *** [9c 4h 8s 7s] [Ac]
*** SHOW DOWN ***
TinaTurner72: shows [5c 5h] (a pair of Fives)
zenka25: shows [3d 3c] (a pair of Threes)
TinaTurner72 collected $22.58 from pot
*** SUMMARY ***
Total pot $23.04 | Rake $0.46
Board [9c 4h 8s 7s Ac]
Seat 2: TinaTurner72 (big blind) showed [5c 5h] and won ($22.58) with a pair of Fives
Seat 4: zenka25 (button) (small blind) showed [3d 3c] and lost with a pair of Threes


PokerStars Hand #159240256764:  Hold'em Limit ($3/$6 USD) - 2016/09/29 8:53:05 ET
Table 'Atossa' 6-max Seat #2 is the button
Seat 2: TinaTurner72 ($143.38 in chips)
Seat 4: zenka25 ($5.88 in chips)
TinaTurner72: posts small blind $1
zenka25: posts big blind $3
*** HOLE CARDS ***
TinaTurner72: raises $3 to $6
zenka25: calls $2.88 and is all-in
Uncalled bet ($0.12) returned to TinaTurner72
*** FLOP *** [Js Qd Td]
*** TURN *** [Js Qd Td] [3h]
*** RIVER *** [Js Qd Td 3h] [7d]
*** SHOW DOWN ***
zenka25: shows [4s 9c] (high card Queen)
TinaTurner72: shows [5h 4h] (high card Queen - lower kicker)
zenka25 collected $11.52 from pot
*** SUMMARY ***
Total pot $11.76 | Rake $0.24
Board [Js Qd Td 3h 7d]
Seat 2: TinaTurner72 (button) (small blind) showed [5h 4h] and lost with high card Queen
Seat 4: zenka25 (big blind) showed [4s 9c] and won ($11.52) with high card Queen


