PokerStars Hand #158594376619:  Hold'em Limit ($3/$6 USD) - 2016/09/14 11:28:24 ET
Table 'Atossa' 6-max Seat #3 is the button
Seat 3: CatPuppy1999 ($48 in chips)
Seat 4: moveoverover ($55 in chips)
CatPuppy1999: posts small blind $1
moveoverover: posts big blind $3
*** HOLE CARDS ***
CatPuppy1999: raises $3 to $6
moveoverover: calls $3
*** FLOP *** [6c 3s 8s]
moveoverover: checks
CatPuppy1999: bets $3
moveoverover: raises $3 to $6
CatPuppy1999: calls $3
*** TURN *** [6c 3s 8s] [8d]
moveoverover: bets $6
CatPuppy1999: calls $6
*** RIVER *** [6c 3s 8s 8d] [As]
moveoverover: checks
CatPuppy1999: bets $6
moveoverover: calls $6
*** SHOW DOWN ***
CatPuppy1999: shows [Ac Kc] (two pair, Aces and Eights)
moveoverover: mucks hand
CatPuppy1999 collected $47.50 from pot
*** SUMMARY ***
Total pot $48 | Rake $0.50
Board [6c 3s 8s 8d As]
Seat 3: CatPuppy1999 (button) (small blind) showed [Ac Kc] and won ($47.50) with two pair, Aces and Eights
Seat 4: moveoverover (big blind) mucked


PokerStars Hand #158594401614:  Hold'em Limit ($3/$6 USD) - 2016/09/14 11:29:05 ET
Table 'Atossa' 6-max Seat #4 is the button
Seat 3: CatPuppy1999 ($72 in chips)
Seat 4: moveoverover ($31 in chips)
moveoverover: posts small blind $1
CatPuppy1999: posts big blind $3
*** HOLE CARDS ***
moveoverover: folds
Uncalled bet ($2) returned to CatPuppy1999
CatPuppy1999 collected $2 from pot
CatPuppy1999: doesn't show hand
*** SUMMARY ***
Total pot $2 | Rake $0
Seat 3: CatPuppy1999 (big blind) collected ($2)
Seat 4: moveoverover (button) (small blind) folded before Flop


PokerStars Hand #158594404304:  Hold'em Limit ($3/$6 USD) - 2016/09/14 11:29:09 ET
Table 'Atossa' 6-max Seat #3 is the button
Seat 3: CatPuppy1999 ($73 in chips)
Seat 4: moveoverover ($30 in chips)
CatPuppy1999: posts small blind $1
moveoverover: posts big blind $3
*** HOLE CARDS ***
CatPuppy1999: raises $3 to $6
moveoverover: raises $3 to $9
CatPuppy1999: calls $3
*** FLOP *** [Ac 6s 4c]
moveoverover: bets $3
CatPuppy1999: folds
Uncalled bet ($3) returned to moveoverover
moveoverover collected $17.64 from pot
*** SUMMARY ***
Total pot $18 | Rake $0.36
Board [Ac 6s 4c]
Seat 3: CatPuppy1999 (button) (small blind) folded on the Flop
Seat 4: moveoverover (big blind) collected ($17.64)


PokerStars Hand #158594417515:  Hold'em Limit ($3/$6 USD) - 2016/09/14 11:29:31 ET
Table 'Atossa' 6-max Seat #4 is the button
Seat 3: CatPuppy1999 ($72 in chips)
Seat 4: moveoverover ($38.64 in chips)
moveoverover: posts small blind $1
CatPuppy1999: posts big blind $3
*** HOLE CARDS ***
moveoverover: raises $3 to $6
CatPuppy1999: raises $3 to $9
moveoverover: calls $3
*** FLOP *** [2s Kd Tc]
CatPuppy1999: bets $3
moveoverover: raises $3 to $6
CatPuppy1999: calls $3
*** TURN *** [2s Kd Tc] [7s]
CatPuppy1999: checks
moveoverover: bets $6
CatPuppy1999: folds
Uncalled bet ($6) returned to moveoverover
moveoverover collected $29.50 from pot
*** SUMMARY ***
Total pot $30 | Rake $0.50
Board [2s Kd Tc 7s]
Seat 3: CatPuppy1999 (big blind) folded on the Turn
Seat 4: moveoverover (button) (small blind) collected ($29.50)


PokerStars Hand #158594438037:  Hold'em Limit ($3/$6 USD) - 2016/09/14 11:30:04 ET
Table 'Atossa' 6-max Seat #3 is the button
Seat 3: CatPuppy1999 ($59.37 in chips)
Seat 4: moveoverover ($53.14 in chips)
CatPuppy1999: posts small blind $1
moveoverover: posts big blind $3
*** HOLE CARDS ***
CatPuppy1999: raises $3 to $6
moveoverover: folds
Uncalled bet ($3) returned to CatPuppy1999
CatPuppy1999 collected $6 from pot
CatPuppy1999: doesn't show hand
*** SUMMARY ***
Total pot $6 | Rake $0
Seat 3: CatPuppy1999 (button) (small blind) collected ($6)
Seat 4: moveoverover (big blind) folded before Flop


PokerStars Hand #158594441777:  Hold'em Limit ($3/$6 USD) - 2016/09/14 11:30:09 ET
Table 'Atossa' 6-max Seat #4 is the button
Seat 3: CatPuppy1999 ($62.37 in chips)
Seat 4: moveoverover ($50.14 in chips)
moveoverover: posts small blind $1
CatPuppy1999: posts big blind $3
*** HOLE CARDS ***
moveoverover: raises $3 to $6
CatPuppy1999: calls $3
*** FLOP *** [6d 9c Ah]
CatPuppy1999: checks
moveoverover: bets $3
CatPuppy1999: folds
Uncalled bet ($3) returned to moveoverover
moveoverover collected $11.76 from pot
*** SUMMARY ***
Total pot $12 | Rake $0.24
Board [6d 9c Ah]
Seat 3: CatPuppy1999 (big blind) folded on the Flop
Seat 4: moveoverover (button) (small blind) collected ($11.76)


PokerStars Hand #158594454519:  Hold'em Limit ($3/$6 USD) - 2016/09/14 11:30:30 ET
Table 'Atossa' 6-max Seat #3 is the button
Seat 3: CatPuppy1999 ($56.37 in chips)
Seat 4: moveoverover ($55.90 in chips)
CatPuppy1999: posts small blind $1
moveoverover: posts big blind $3
*** HOLE CARDS ***
CatPuppy1999: raises $3 to $6
moveoverover: calls $3
*** FLOP *** [2h 5s 7d]
moveoverover: checks
CatPuppy1999: checks
*** TURN *** [2h 5s 7d] [5c]
moveoverover: bets $6
CatPuppy1999: calls $6
*** RIVER *** [2h 5s 7d 5c] [Ac]
moveoverover: checks
CatPuppy1999: checks
*** SHOW DOWN ***
moveoverover: shows [4s 8s] (a pair of Fives)
CatPuppy1999: shows [Kd Qs] (a pair of Fives - Ace+King kicker)
CatPuppy1999 collected $23.52 from pot
*** SUMMARY ***
Total pot $24 | Rake $0.48
Board [2h 5s 7d 5c Ac]
Seat 3: CatPuppy1999 (button) (small blind) showed [Kd Qs] and won ($23.52) with a pair of Fives
Seat 4: moveoverover (big blind) showed [4s 8s] and lost with a pair of Fives


PokerStars Hand #158594468630:  Hold'em Limit ($3/$6 USD) - 2016/09/14 11:30:53 ET
Table 'Atossa' 6-max Seat #4 is the button
Seat 3: CatPuppy1999 ($67.89 in chips)
Seat 4: moveoverover ($43.90 in chips)
moveoverover: posts small blind $1
CatPuppy1999: posts big blind $3
*** HOLE CARDS ***
moveoverover: raises $3 to $6
CatPuppy1999: calls $3
*** FLOP *** [Ad 2c 3h]
CatPuppy1999: checks
moveoverover: bets $3
CatPuppy1999: folds
Uncalled bet ($3) returned to moveoverover
moveoverover collected $11.76 from pot
*** SUMMARY ***
Total pot $12 | Rake $0.24
Board [Ad 2c 3h]
Seat 3: CatPuppy1999 (big blind) folded on the Flop
Seat 4: moveoverover (button) (small blind) collected ($11.76)


PokerStars Hand #158594479275:  Hold'em Limit ($3/$6 USD) - 2016/09/14 11:31:10 ET
Table 'Atossa' 6-max Seat #3 is the button
Seat 3: CatPuppy1999 ($61.89 in chips)
Seat 4: moveoverover ($49.66 in chips)
CatPuppy1999: posts small blind $1
moveoverover: posts big blind $3
*** HOLE CARDS ***
CatPuppy1999: raises $3 to $6
moveoverover: calls $3
*** FLOP *** [Td As 3d]
moveoverover: checks
SilaSoNi joins the table at seat #5
CatPuppy1999: bets $3
moveoverover: raises $3 to $6
CatPuppy1999: calls $3
*** TURN *** [Td As 3d] [Qc]
moveoverover: bets $6
CatPuppy1999: calls $6
*** RIVER *** [Td As 3d Qc] [Qd]
moveoverover: bets $6
CatPuppy1999: calls $6
*** SHOW DOWN ***
moveoverover: shows [5d 2d] (a flush, Queen high)
CatPuppy1999: mucks hand
moveoverover collected $47.50 from pot
*** SUMMARY ***
Total pot $48 | Rake $0.50
Board [Td As 3d Qc Qd]
Seat 3: CatPuppy1999 (button) (small blind) mucked
Seat 4: moveoverover (big blind) showed [5d 2d] and won ($47.50) with a flush, Queen high


PokerStars Hand #158594556491:  Hold'em Limit ($3/$6 USD) - 2016/09/14 11:33:14 ET
Table 'Atossa' 6-max Seat #4 is the button
Seat 3: CatPuppy1999 ($10.89 in chips)
Seat 4: moveoverover ($99.66 in chips)
moveoverover: posts small blind $1
CatPuppy1999: posts big blind $3
*** HOLE CARDS ***
moveoverover: folds
Uncalled bet ($2) returned to CatPuppy1999
moveoverover leaves the table
CatPuppy1999 collected $2 from pot
CatPuppy1999: doesn't show hand
*** SUMMARY ***
Total pot $2 | Rake $0
Seat 3: CatPuppy1999 (big blind) collected ($2)
Seat 4: moveoverover (button) (small blind) folded before Flop


PokerStars Hand #158594551314:  Hold'em Limit ($3/$6 USD) - 2016/09/14 11:33:06 ET
Table 'Atossa' 6-max Seat #3 is the button
Seat 3: CatPuppy1999 ($7.89 in chips)
Seat 4: moveoverover ($102.66 in chips)
CatPuppy1999: posts small blind $1
moveoverover: posts big blind $3
*** HOLE CARDS ***
CatPuppy1999: raises $3 to $6
moveoverover: folds
Uncalled bet ($3) returned to CatPuppy1999
CatPuppy1999 collected $6 from pot
CatPuppy1999: doesn't show hand
*** SUMMARY ***
Total pot $6 | Rake $0
Seat 3: CatPuppy1999 (button) (small blind) collected ($6)
Seat 4: moveoverover (big blind) folded before Flop


PokerStars Hand #158594524315:  Hold'em Limit ($3/$6 USD) - 2016/09/14 11:32:22 ET
Table 'Atossa' 6-max Seat #4 is the button
Seat 3: CatPuppy1999 ($37.89 in chips)
Seat 4: moveoverover ($73.16 in chips)
moveoverover: posts small blind $1
CatPuppy1999: posts big blind $3
*** HOLE CARDS ***
moveoverover: raises $3 to $6
CatPuppy1999: calls $3
*** FLOP *** [9s 5d 6s]
CatPuppy1999: checks
moveoverover: bets $3
CatPuppy1999: raises $3 to $6
moveoverover: calls $3
*** TURN *** [9s 5d 6s] [9d]
CatPuppy1999: bets $6
moveoverover: calls $6
*** RIVER *** [9s 5d 6s 9d] [Ad]
CatPuppy1999: bets $6
moveoverover: raises $6 to $12
CatPuppy1999: calls $6
*** SHOW DOWN ***
moveoverover: shows [7d Jd] (a flush, Ace high)
CatPuppy1999: mucks hand
moveoverover collected $59.50 from pot
*** SUMMARY ***
Total pot $60 | Rake $0.50
Board [9s 5d 6s 9d Ad]
Seat 3: CatPuppy1999 (big blind) mucked
Seat 4: moveoverover (button) (small blind) showed [7d Jd] and won ($59.50) with a flush, Ace high


PokerStars Hand #158594647831:  Hold'em Limit ($3/$6 USD) - 2016/09/14 11:35:40 ET
Table 'Atossa' 6-max Seat #5 is the button
Seat 5: SilaSoNi ($120 in chips)
Seat 6: Mordnilap ($72 in chips)
SilaSoNi: posts small blind $1
Mordnilap: posts big blind $3
*** HOLE CARDS ***
SilaSoNi: raises $3 to $6
Mordnilap: calls $3
*** FLOP *** [7c 8d Tc]
Mordnilap: checks
SilaSoNi: bets $3
Mordnilap: calls $3
*** TURN *** [7c 8d Tc] [Jc]
Mordnilap: checks
SilaSoNi: checks
*** RIVER *** [7c 8d Tc Jc] [Kc]
Mordnilap: bets $6
SilaSoNi: calls $6
*** SHOW DOWN ***
Mordnilap: shows [Qh 6c] (a flush, King high)
SilaSoNi: mucks hand
Mordnilap collected $29.50 from pot
*** SUMMARY ***
Total pot $30 | Rake $0.50
Board [7c 8d Tc Jc Kc]
Seat 5: SilaSoNi (button) (small blind) mucked
Seat 6: Mordnilap (big blind) showed [Qh 6c] and won ($29.50) with a flush, King high


PokerStars Hand #158594677192:  Hold'em Limit ($3/$6 USD) - 2016/09/14 11:36:26 ET
Table 'Atossa' 6-max Seat #5 is the button
Seat 5: SilaSoNi ($75 in chips)
Seat 6: Mordnilap ($116 in chips)
SilaSoNi: posts small blind $1
Mordnilap: posts big blind $3
*** HOLE CARDS ***
SilaSoNi: folds
Uncalled bet ($2) returned to Mordnilap
Mordnilap collected $2 from pot
Mordnilap: doesn't show hand
*** SUMMARY ***
Total pot $2 | Rake $0
Seat 5: SilaSoNi (button) (small blind) folded before Flop
Seat 6: Mordnilap (big blind) collected ($2)


PokerStars Hand #158594663374:  Hold'em Limit ($3/$6 USD) - 2016/09/14 11:36:04 ET
Table 'Atossa' 6-max Seat #6 is the button
Seat 5: SilaSoNi ($105 in chips)
Seat 6: Mordnilap ($86.50 in chips)
Mordnilap: posts small blind $1
SilaSoNi: posts big blind $3
*** HOLE CARDS ***
Mordnilap: raises $3 to $6
SilaSoNi: calls $3
*** FLOP *** [Kd Qh 8d]
SilaSoNi: checks
Mordnilap: bets $3
SilaSoNi: raises $3 to $6
Mordnilap: calls $3
*** TURN *** [Kd Qh 8d] [Kc]
SilaSoNi: bets $6
Mordnilap: calls $6
*** RIVER *** [Kd Qh 8d Kc] [4c]
SilaSoNi: checks
Mordnilap: bets $6
SilaSoNi: raises $6 to $12
Mordnilap: calls $6
*** SHOW DOWN ***
SilaSoNi: shows [Th 2s] (a pair of Kings)
Mordnilap: shows [Qd 4s] (two pair, Kings and Queens)
Mordnilap collected $59.50 from pot
*** SUMMARY ***
Total pot $60 | Rake $0.50
Board [Kd Qh 8d Kc 4c]
Seat 5: SilaSoNi (big blind) showed [Th 2s] and lost with a pair of Kings
Seat 6: Mordnilap (button) (small blind) showed [Qd 4s] and won ($59.50) with two pair, Kings and Queens


PokerStars Hand #158594695753:  Hold'em Limit ($3/$6 USD) - 2016/09/14 11:36:56 ET
Table 'Atossa' 6-max Seat #5 is the button
Seat 5: SilaSoNi ($44 in chips)
Seat 6: Mordnilap ($146.50 in chips)
SilaSoNi: posts small blind $1
Mordnilap: posts big blind $3
*** HOLE CARDS ***
SilaSoNi: folds
Uncalled bet ($2) returned to Mordnilap
Mordnilap collected $2 from pot
Mordnilap: doesn't show hand
*** SUMMARY ***
Total pot $2 | Rake $0
Seat 5: SilaSoNi (button) (small blind) folded before Flop
Seat 6: Mordnilap (big blind) collected ($2)


PokerStars Hand #158594680568:  Hold'em Limit ($3/$6 USD) - 2016/09/14 11:36:32 ET
Table 'Atossa' 6-max Seat #6 is the button
Seat 5: SilaSoNi ($74 in chips)
Seat 6: Mordnilap ($117 in chips)
Mordnilap: posts small blind $1
SilaSoNi: posts big blind $3
*** HOLE CARDS ***
Mordnilap: raises $3 to $6
SilaSoNi: raises $3 to $9
Mordnilap: calls $3
*** FLOP *** [Kd 4c 9h]
SilaSoNi: bets $3
Mordnilap: calls $3
*** TURN *** [Kd 4c 9h] [8h]
SilaSoNi: bets $6
Mordnilap: calls $6
*** RIVER *** [Kd 4c 9h 8h] [Jc]
SilaSoNi: bets $6
Mordnilap: raises $6 to $12
SilaSoNi: calls $6
*** SHOW DOWN ***
Mordnilap: shows [Qs Tc] (a straight, Nine to King)
SilaSoNi: mucks hand
Mordnilap collected $59.50 from pot
*** SUMMARY ***
Total pot $60 | Rake $0.50
Board [Kd 4c 9h 8h Jc]
Seat 5: SilaSoNi (big blind) mucked
Seat 6: Mordnilap (button) (small blind) showed [Qs Tc] and won ($59.50) with a straight, Nine to King


PokerStars Hand #158594700373:  Hold'em Limit ($3/$6 USD) - 2016/09/14 11:37:03 ET
Table 'Atossa' 6-max Seat #6 is the button
Seat 5: SilaSoNi ($43 in chips)
Seat 6: Mordnilap ($147.50 in chips)
Mordnilap: posts small blind $1
SilaSoNi: posts big blind $3
*** HOLE CARDS ***
Mordnilap: raises $3 to $6
SilaSoNi: folds
Uncalled bet ($3) returned to Mordnilap
Mordnilap collected $6 from pot
Mordnilap: doesn't show hand
*** SUMMARY ***
Total pot $6 | Rake $0
Seat 5: SilaSoNi (big blind) folded before Flop
Seat 6: Mordnilap (button) (small blind) collected ($6)


PokerStars Hand #158594704138:  Hold'em Limit ($3/$6 USD) - 2016/09/14 11:37:09 ET
Table 'Atossa' 6-max Seat #5 is the button
Seat 5: SilaSoNi ($40 in chips)
Seat 6: Mordnilap ($150.50 in chips)
SilaSoNi: posts small blind $1
Mordnilap: posts big blind $3
*** HOLE CARDS ***
SilaSoNi: raises $3 to $6
Mordnilap: calls $3
*** FLOP *** [2d Ts Qd]
Mordnilap: checks
SilaSoNi: bets $3
Mordnilap: calls $3
*** TURN *** [2d Ts Qd] [2s]
Mordnilap: checks
SilaSoNi: checks
*** RIVER *** [2d Ts Qd 2s] [8s]
Mordnilap: bets $6
SilaSoNi: calls $6
*** SHOW DOWN ***
Mordnilap: shows [Js 7s] (a flush, Jack high)
SilaSoNi: mucks hand
Mordnilap collected $29.50 from pot
*** SUMMARY ***
Total pot $30 | Rake $0.50
Board [2d Ts Qd 2s 8s]
Seat 5: SilaSoNi (button) (small blind) mucked
Seat 6: Mordnilap (big blind) showed [Js 7s] and won ($29.50) with a flush, Jack high


PokerStars Hand #158594719890:  Hold'em Limit ($3/$6 USD) - 2016/09/14 11:37:35 ET
Table 'Atossa' 6-max Seat #6 is the button
Seat 5: SilaSoNi ($25 in chips)
Seat 6: Mordnilap ($165 in chips)
Mordnilap: posts small blind $1
SilaSoNi: posts big blind $3
*** HOLE CARDS ***
Mordnilap: folds
Uncalled bet ($2) returned to SilaSoNi
SilaSoNi collected $2 from pot
SilaSoNi: doesn't show hand
*** SUMMARY ***
Total pot $2 | Rake $0
Seat 5: SilaSoNi (big blind) collected ($2)
Seat 6: Mordnilap (button) (small blind) folded before Flop


