PokerStars Hand #158828385769:  Hold'em Limit ($3/$6 USD) - 2016/09/19 16:49:58 ET
Table 'Atreus II' 6-max Seat #3 is the button
Seat 3: danholthe ($36.62 in chips)
Seat 4: vestimokrec ($120 in chips)
danholthe: posts small blind $1
vestimokrec: posts big blind $3
*** HOLE CARDS ***
danholthe: raises $3 to $6
vestimokrec: calls $3
*** FLOP *** [5s 8h 6d]
vestimokrec: checks
danholthe: checks
*** TURN *** [5s 8h 6d] [7d]
vestimokrec: checks
danholthe: checks
*** RIVER *** [5s 8h 6d 7d] [Kh]
vestimokrec: checks
Teddycm joins the table at seat #6
danholthe: checks
*** SHOW DOWN ***
vestimokrec: shows [Qd 7c] (a pair of Sevens)
danholthe: shows [Qh Kc] (a pair of Kings)
danholthe collected $11.76 from pot
*** SUMMARY ***
Total pot $12 | Rake $0.24
Board [5s 8h 6d 7d Kh]
Seat 3: danholthe (button) (small blind) showed [Qh Kc] and won ($11.76) with a pair of Kings
Seat 4: vestimokrec (big blind) showed [Qd 7c] and lost with a pair of Sevens


PokerStars Hand #158828879344:  Hold'em Limit ($3/$6 USD) - 2016/09/19 16:59:32 ET
Table 'Atreus II' 6-max Seat #1 is the button
Seat 1: Actionni13 ($150 in chips)
Seat 6: Teddycm ($79.22 in chips)
Actionni13: posts small blind $1
GrumpyGonzo: is sitting out
Teddycm: posts big blind $3
*** HOLE CARDS ***
Actionni13: raises $3 to $6
Teddycm: raises $3 to $9
Actionni13: calls $3
*** FLOP *** [7h 8d 6s]
Teddycm: bets $3
Actionni13: calls $3
*** TURN *** [7h 8d 6s] [8c]
Teddycm: bets $6
Actionni13: calls $6
*** RIVER *** [7h 8d 6s 8c] [9s]
Teddycm: checks
Actionni13: checks
*** SHOW DOWN ***
Teddycm: shows [2c Ac] (a pair of Eights)
Actionni13: shows [As 3d] (a pair of Eights)
Teddycm collected $17.75 from pot
Actionni13 collected $17.75 from pot
*** SUMMARY ***
Total pot $36 | Rake $0.50
Board [7h 8d 6s 8c 9s]
Seat 1: Actionni13 (button) (small blind) showed [As 3d] and won ($17.75) with a pair of Eights
Seat 6: Teddycm (big blind) showed [2c Ac] and won ($17.75) with a pair of Eights


PokerStars Hand #158828894550:  Hold'em Limit ($3/$6 USD) - 2016/09/19 16:59:54 ET
Table 'Atreus II' 6-max Seat #6 is the button
Seat 1: Actionni13 ($150 in chips)
Seat 6: Teddycm ($78.97 in chips)
Teddycm: posts small blind $1
Actionni13: posts big blind $3
*** HOLE CARDS ***
Teddycm: raises $3 to $6
Actionni13: folds
Uncalled bet ($3) returned to Teddycm
Teddycm collected $6 from pot
Teddycm: doesn't show hand
*** SUMMARY ***
Total pot $6 | Rake $0
Seat 1: Actionni13 (big blind) folded before Flop
Seat 6: Teddycm (button) (small blind) collected ($6)


PokerStars Hand #158828928760:  Hold'em Limit ($3/$6 USD) - 2016/09/19 17:00:42 ET
Table 'Atreus II' 6-max Seat #6 is the button
Seat 1: Actionni13 ($170.50 in chips)
Seat 6: Teddycm ($72.47 in chips)
Teddycm: posts small blind $1
Actionni13: posts big blind $3
*** HOLE CARDS ***
Teddycm: raises $3 to $6
Actionni13: raises $3 to $9
Teddycm: calls $3
*** FLOP *** [2s 5c Jd]
Actionni13: bets $3
Teddycm: calls $3
*** TURN *** [2s 5c Jd] [4d]
Actionni13: checks
Teddycm: bets $6
Actionni13: calls $6
*** RIVER *** [2s 5c Jd 4d] [7d]
Actionni13: checks
Teddycm: checks
*** SHOW DOWN ***
Actionni13: shows [9s Ah] (high card Ace)
Teddycm: shows [6c 5s] (a pair of Fives)
Teddycm collected $35.50 from pot
*** SUMMARY ***
Total pot $36 | Rake $0.50
Board [2s 5c Jd 4d 7d]
Seat 1: Actionni13 (big blind) showed [9s Ah] and lost with high card Ace
Seat 6: Teddycm (button) (small blind) showed [6c 5s] and won ($35.50) with a pair of Fives


PokerStars Hand #158828918315:  Hold'em Limit ($3/$6 USD) - 2016/09/19 17:00:28 ET
Table 'Atreus II' 6-max Seat #1 is the button
Seat 1: Actionni13 ($150 in chips)
Seat 6: Teddycm ($93.47 in chips)
Actionni13: posts small blind $1
Teddycm: posts big blind $3
*** HOLE CARDS ***
Actionni13: raises $3 to $6
Teddycm: calls $3
*** FLOP *** [5d 2h Kh]
Teddycm: checks
Actionni13: bets $3
Teddycm: calls $3
*** TURN *** [5d 2h Kh] [8c]
Teddycm: checks
Actionni13: bets $6
Teddycm: calls $6
*** RIVER *** [5d 2h Kh 8c] [7s]
Teddycm: checks
Actionni13: bets $6
Teddycm: calls $6
*** SHOW DOWN ***
Actionni13: shows [Kc 4h] (a pair of Kings)
Teddycm: mucks hand
Actionni13 collected $41.50 from pot
*** SUMMARY ***
Total pot $42 | Rake $0.50
Board [5d 2h Kh 8c 7s]
Seat 1: Actionni13 (button) (small blind) showed [Kc 4h] and won ($41.50) with a pair of Kings
Seat 6: Teddycm (big blind) mucked


PokerStars Hand #158828902878:  Hold'em Limit ($3/$6 USD) - 2016/09/19 17:00:05 ET
Table 'Atreus II' 6-max Seat #6 is the button
Seat 1: Actionni13 ($153 in chips)
Seat 6: Teddycm ($78.97 in chips)
Teddycm: posts small blind $1
Actionni13: posts big blind $3
*** HOLE CARDS ***
Teddycm: raises $3 to $6
Actionni13: calls $3
*** FLOP *** [2c 7h 7s]
Actionni13: checks
Teddycm: bets $3
Actionni13: calls $3
*** TURN *** [2c 7h 7s] [7c]
Actionni13: checks
Teddycm: bets $6
Actionni13: calls $6
*** RIVER *** [2c 7h 7s 7c] [5d]
Actionni13: checks
Teddycm: bets $6
Actionni13: folds
Uncalled bet ($6) returned to Teddycm
Teddycm collected $29.50 from pot
Teddycm: doesn't show hand
*** SUMMARY ***
Total pot $30 | Rake $0.50
Board [2c 7h 7s 7c 5d]
Seat 1: Actionni13 (big blind) folded on the River
Seat 6: Teddycm (button) (small blind) collected ($29.50)


PokerStars Hand #158828898300:  Hold'em Limit ($3/$6 USD) - 2016/09/19 16:59:59 ET
Table 'Atreus II' 6-max Seat #1 is the button
Seat 1: Actionni13 ($150 in chips)
Seat 6: Teddycm ($81.97 in chips)
Actionni13: posts small blind $1
Teddycm: posts big blind $3
*** HOLE CARDS ***
GrumpyGonzo leaves the table
Actionni13: raises $3 to $6
Teddycm: folds
Uncalled bet ($3) returned to Actionni13
Actionni13 collected $6 from pot
Actionni13: doesn't show hand
*** SUMMARY ***
Total pot $6 | Rake $0
Seat 1: Actionni13 (button) (small blind) collected ($6)
Seat 6: Teddycm (big blind) folded before Flop


PokerStars Hand #158828992694:  Hold'em Limit ($3/$6 USD) - 2016/09/19 17:01:58 ET
Table 'Atreus II' 6-max Seat #6 is the button
Seat 1: Actionni13 ($150 in chips)
Seat 6: Teddycm ($121.97 in chips)
Teddycm: posts small blind $1
Actionni13: posts big blind $3
*** HOLE CARDS ***
Teddycm: raises $3 to $6
Actionni13: folds
Uncalled bet ($3) returned to Teddycm
Teddycm collected $6 from pot
Teddycm: doesn't show hand
*** SUMMARY ***
Total pot $6 | Rake $0
Seat 1: Actionni13 (big blind) folded before Flop
Seat 6: Teddycm (button) (small blind) collected ($6)


PokerStars Hand #158828988955:  Hold'em Limit ($3/$6 USD) - 2016/09/19 17:01:54 ET
Table 'Atreus II' 6-max Seat #1 is the button
Seat 1: Actionni13 ($151 in chips)
Seat 6: Teddycm ($120.97 in chips)
Actionni13: posts small blind $1
Teddycm: posts big blind $3
*** HOLE CARDS ***
Actionni13: folds
Uncalled bet ($2) returned to Teddycm
Teddycm collected $2 from pot
Teddycm: doesn't show hand
*** SUMMARY ***
Total pot $2 | Rake $0
Seat 1: Actionni13 (button) (small blind) folded before Flop
Seat 6: Teddycm (big blind) collected ($2)


PokerStars Hand #158828985448:  Hold'em Limit ($3/$6 USD) - 2016/09/19 17:01:49 ET
Table 'Atreus II' 6-max Seat #6 is the button
Seat 1: Actionni13 ($150 in chips)
Seat 6: Teddycm ($121.97 in chips)
Teddycm: posts small blind $1
Actionni13: posts big blind $3
*** HOLE CARDS ***
Teddycm: folds
Uncalled bet ($2) returned to Actionni13
Actionni13 collected $2 from pot
Actionni13: doesn't show hand
*** SUMMARY ***
Total pot $2 | Rake $0
Seat 1: Actionni13 (big blind) collected ($2)
Seat 6: Teddycm (button) (small blind) folded before Flop


PokerStars Hand #158828966570:  Hold'em Limit ($3/$6 USD) - 2016/09/19 17:01:27 ET
Table 'Atreus II' 6-max Seat #1 is the button
Seat 1: Actionni13 ($158.64 in chips)
Seat 6: Teddycm ($95.47 in chips)
Actionni13: posts small blind $1
Teddycm: posts big blind $3
*** HOLE CARDS ***
Actionni13: raises $3 to $6
Teddycm: raises $3 to $9
Actionni13: calls $3
*** FLOP *** [8s 5d 5s]
Teddycm: bets $3
Actionni13: raises $3 to $6
Teddycm: calls $3
*** TURN *** [8s 5d 5s] [7d]
Teddycm: checks
Actionni13: bets $6
Teddycm: calls $6
*** RIVER *** [8s 5d 5s 7d] [Qc]
Teddycm: checks
Actionni13: bets $6
Teddycm: calls $6
*** SHOW DOWN ***
Actionni13: shows [9d Tc] (a pair of Fives)
Teddycm: shows [As 4s] (a pair of Fives - Ace kicker)
Teddycm collected $53.50 from pot
*** SUMMARY ***
Total pot $54 | Rake $0.50
Board [8s 5d 5s 7d Qc]
Seat 1: Actionni13 (button) (small blind) showed [9d Tc] and lost with a pair of Fives
Seat 6: Teddycm (big blind) showed [As 4s] and won ($53.50) with a pair of Fives


PokerStars Hand #158828954050:  Hold'em Limit ($3/$6 USD) - 2016/09/19 17:01:16 ET
Table 'Atreus II' 6-max Seat #6 is the button
Seat 1: Actionni13 ($150 in chips)
Seat 6: Teddycm ($104.47 in chips)
Teddycm: posts small blind $1
Actionni13: posts big blind $3
*** HOLE CARDS ***
Teddycm: raises $3 to $6
Actionni13: raises $3 to $9
Teddycm: calls $3
*** FLOP *** [8s 8c Qh]
Actionni13: bets $3
Teddycm: folds
Uncalled bet ($3) returned to Actionni13
Actionni13 collected $17.64 from pot
Actionni13: doesn't show hand
*** SUMMARY ***
Total pot $18 | Rake $0.36
Board [8s 8c Qh]
Seat 1: Actionni13 (big blind) collected ($17.64)
Seat 6: Teddycm (button) (small blind) folded on the Flop


PokerStars Hand #158828943927:  Hold'em Limit ($3/$6 USD) - 2016/09/19 17:01:03 ET
Table 'Atreus II' 6-max Seat #1 is the button
Seat 1: Actionni13 ($152.50 in chips)
Seat 6: Teddycm ($89.97 in chips)
Actionni13: posts small blind $1
Teddycm: posts big blind $3
*** HOLE CARDS ***
Actionni13: raises $3 to $6
Teddycm: calls $3
*** FLOP *** [7h 2s 3h]
Teddycm: checks
Actionni13: bets $3
Teddycm: calls $3
*** TURN *** [7h 2s 3h] [Qh]
Teddycm: checks
Actionni13: checks
*** RIVER *** [7h 2s 3h Qh] [8c]
Teddycm: bets $6
Actionni13: calls $6
*** SHOW DOWN ***
Teddycm: shows [Ah 8s] (a pair of Eights)
Actionni13: mucks hand
Teddycm collected $29.50 from pot
*** SUMMARY ***
Total pot $30 | Rake $0.50
Board [7h 2s 3h Qh 8c]
Seat 1: Actionni13 (button) (small blind) mucked
Seat 6: Teddycm (big blind) showed [Ah 8s] and won ($29.50) with a pair of Eights


PokerStars Hand #158829039277:  Hold'em Limit ($3/$6 USD) - 2016/09/19 17:02:52 ET
Table 'Atreus II' 6-max Seat #6 is the button
Seat 1: Actionni13 ($154 in chips)
Seat 6: Teddycm ($137.47 in chips)
Teddycm: posts small blind $1
Actionni13: posts big blind $3
*** HOLE CARDS ***
Teddycm: folds
Uncalled bet ($2) returned to Actionni13
Actionni13 collected $2 from pot
Actionni13: doesn't show hand
*** SUMMARY ***
Total pot $2 | Rake $0
Seat 1: Actionni13 (big blind) collected ($2)
Seat 6: Teddycm (button) (small blind) folded before Flop


PokerStars Hand #158829034552:  Hold'em Limit ($3/$6 USD) - 2016/09/19 17:02:47 ET
Table 'Atreus II' 6-max Seat #1 is the button
Seat 1: Actionni13 ($151 in chips)
Seat 6: Teddycm ($140.47 in chips)
Actionni13: posts small blind $1
Teddycm: posts big blind $3
*** HOLE CARDS ***
Actionni13: raises $3 to $6
Teddycm: folds
Uncalled bet ($3) returned to Actionni13
Actionni13 collected $6 from pot
Actionni13: doesn't show hand
*** SUMMARY ***
Total pot $6 | Rake $0
Seat 1: Actionni13 (button) (small blind) collected ($6)
Seat 6: Teddycm (big blind) folded before Flop


PokerStars Hand #158829030914:  Hold'em Limit ($3/$6 USD) - 2016/09/19 17:02:42 ET
Table 'Atreus II' 6-max Seat #6 is the button
Seat 1: Actionni13 ($150 in chips)
Seat 6: Teddycm ($141.47 in chips)
Teddycm: posts small blind $1
Actionni13: posts big blind $3
*** HOLE CARDS ***
Teddycm: folds
Uncalled bet ($2) returned to Actionni13
Actionni13 collected $2 from pot
Actionni13: doesn't show hand
*** SUMMARY ***
Total pot $2 | Rake $0
Seat 1: Actionni13 (big blind) collected ($2)
Seat 6: Teddycm (button) (small blind) folded before Flop


PokerStars Hand #158829017886:  Hold'em Limit ($3/$6 USD) - 2016/09/19 17:02:28 ET
Table 'Atreus II' 6-max Seat #1 is the button
Seat 1: Actionni13 ($156.76 in chips)
Seat 6: Teddycm ($117.97 in chips)
Actionni13: posts small blind $1
Teddycm: posts big blind $3
*** HOLE CARDS ***
Actionni13: raises $3 to $6
Teddycm: calls $3
*** FLOP *** [Tc 7s 6h]
Teddycm: checks
Actionni13: bets $3
Teddycm: raises $3 to $6
Actionni13: calls $3
*** TURN *** [Tc 7s 6h] [Qh]
Teddycm: bets $6
Actionni13: calls $6
*** RIVER *** [Tc 7s 6h Qh] [8d]
Teddycm: bets $6
Actionni13: calls $6
*** SHOW DOWN ***
Teddycm: shows [7c Qd] (two pair, Queens and Sevens)
Actionni13: mucks hand
Teddycm collected $47.50 from pot
*** SUMMARY ***
Total pot $48 | Rake $0.50
Board [Tc 7s 6h Qh 8d]
Seat 1: Actionni13 (button) (small blind) mucked
Seat 6: Teddycm (big blind) showed [7c Qd] and won ($47.50) with two pair, Queens and Sevens


PokerStars Hand #158829013888:  Hold'em Limit ($3/$6 USD) - 2016/09/19 17:02:23 ET
Table 'Atreus II' 6-max Seat #6 is the button
Seat 1: Actionni13 ($155.76 in chips)
Seat 6: Teddycm ($118.97 in chips)
Teddycm: posts small blind $1
Actionni13: posts big blind $3
*** HOLE CARDS ***
Teddycm: folds
Uncalled bet ($2) returned to Actionni13
Actionni13 collected $2 from pot
Actionni13: doesn't show hand
*** SUMMARY ***
Total pot $2 | Rake $0
Seat 1: Actionni13 (big blind) collected ($2)
Seat 6: Teddycm (button) (small blind) folded before Flop


PokerStars Hand #158828996854:  Hold'em Limit ($3/$6 USD) - 2016/09/19 17:02:03 ET
Table 'Atreus II' 6-max Seat #1 is the button
Seat 1: Actionni13 ($150 in chips)
Seat 6: Teddycm ($124.97 in chips)
Actionni13: posts small blind $1
Teddycm: posts big blind $3
*** HOLE CARDS ***
Actionni13: raises $3 to $6
Teddycm: calls $3
*** FLOP *** [9d 5h 4c]
Teddycm: checks
Actionni13: checks
*** TURN *** [9d 5h 4c] [6c]
Teddycm: checks
Actionni13: bets $6
Teddycm: folds
Uncalled bet ($6) returned to Actionni13
Actionni13 collected $11.76 from pot
Actionni13: doesn't show hand
*** SUMMARY ***
Total pot $12 | Rake $0.24
Board [9d 5h 4c 6c]
Seat 1: Actionni13 (button) (small blind) collected ($11.76)
Seat 6: Teddycm (big blind) folded on the Turn


PokerStars Hand #158829076713:  Hold'em Limit ($3/$6 USD) - 2016/09/19 17:03:36 ET
Table 'Atreus II' 6-max Seat #6 is the button
Seat 1: Actionni13 ($169.50 in chips)
Seat 6: Teddycm ($121.11 in chips)
Teddycm: posts small blind $1
Actionni13: posts big blind $3
*** HOLE CARDS ***
Teddycm: raises $3 to $6
Actionni13: calls $3
*** FLOP *** [8d 4c 7d]
Actionni13: checks
Teddycm: checks
*** TURN *** [8d 4c 7d] [Qd]
Actionni13: checks
Teddycm: checks
*** RIVER *** [8d 4c 7d Qd] [5h]
Actionni13: checks
Teddycm: checks
*** SHOW DOWN ***
Actionni13: shows [As Kh] (high card Ace)
Teddycm: shows [3h 3s] (a pair of Threes)
Teddycm collected $11.76 from pot
*** SUMMARY ***
Total pot $12 | Rake $0.24
Board [8d 4c 7d Qd 5h]
Seat 1: Actionni13 (big blind) showed [As Kh] and lost with high card Ace
Seat 6: Teddycm (button) (small blind) showed [3h 3s] and won ($11.76) with a pair of Threes


PokerStars Hand #158829071944:  Hold'em Limit ($3/$6 USD) - 2016/09/19 17:03:30 ET
Table 'Atreus II' 6-max Seat #1 is the button
Seat 1: Actionni13 ($166.50 in chips)
Seat 6: Teddycm ($124.11 in chips)
Actionni13: posts small blind $1
Teddycm: posts big blind $3
*** HOLE CARDS ***
Actionni13: raises $3 to $6
Teddycm: folds
Uncalled bet ($3) returned to Actionni13
Actionni13 collected $6 from pot
Actionni13: doesn't show hand
*** SUMMARY ***
Total pot $6 | Rake $0
Seat 1: Actionni13 (button) (small blind) collected ($6)
Seat 6: Teddycm (big blind) folded before Flop


PokerStars Hand #158829056311:  Hold'em Limit ($3/$6 USD) - 2016/09/19 17:03:12 ET
Table 'Atreus II' 6-max Seat #6 is the button
Seat 1: Actionni13 ($175.50 in chips)
Seat 6: Teddycm ($115.47 in chips)
Teddycm: posts small blind $1
Actionni13: posts big blind $3
*** HOLE CARDS ***
Teddycm: raises $3 to $6
Actionni13: calls $3
*** FLOP *** [Tc 6c Td]
Actionni13: checks
Teddycm: bets $3
Actionni13: calls $3
*** TURN *** [Tc 6c Td] [2c]
Actionni13: checks
Teddycm: bets $6
Actionni13: folds
Uncalled bet ($6) returned to Teddycm
Teddycm collected $17.64 from pot
Teddycm: doesn't show hand
*** SUMMARY ***
Total pot $18 | Rake $0.36
Board [Tc 6c Td 2c]
Seat 1: Actionni13 (big blind) folded on the Turn
Seat 6: Teddycm (button) (small blind) collected ($17.64)


PokerStars Hand #158829043002:  Hold'em Limit ($3/$6 USD) - 2016/09/19 17:02:56 ET
Table 'Atreus II' 6-max Seat #1 is the button
Seat 1: Actionni13 ($155 in chips)
Seat 6: Teddycm ($136.47 in chips)
Actionni13: posts small blind $1
Teddycm: posts big blind $3
*** HOLE CARDS ***
Actionni13: raises $3 to $6
Teddycm: calls $3
*** FLOP *** [Jd 2c 2h]
Teddycm: checks
Actionni13: bets $3
Teddycm: calls $3
*** TURN *** [Jd 2c 2h] [2s]
Teddycm: checks
Actionni13: bets $6
Teddycm: calls $6
*** RIVER *** [Jd 2c 2h 2s] [6s]
Teddycm: checks
Actionni13: bets $6
Teddycm: calls $6
*** SHOW DOWN ***
Actionni13: shows [Js Qc] (a full house, Deuces full of Jacks)
Teddycm: mucks hand
Actionni13 collected $41.50 from pot
*** SUMMARY ***
Total pot $42 | Rake $0.50
Board [Jd 2c 2h 2s 6s]
Seat 1: Actionni13 (button) (small blind) showed [Js Qc] and won ($41.50) with a full house, Deuces full of Jacks
Seat 6: Teddycm (big blind) mucked


PokerStars Hand #158829135695:  Hold'em Limit ($3/$6 USD) - 2016/09/19 17:04:45 ET
Table 'Atreus II' 6-max Seat #1 is the button
Seat 1: Actionni13 ($193.50 in chips)
Seat 6: Teddycm ($95.63 in chips)
Actionni13: posts small blind $1
Teddycm: posts big blind $3
*** HOLE CARDS ***
Actionni13: folds
Uncalled bet ($2) returned to Teddycm
Teddycm collected $2 from pot
Teddycm: doesn't show hand
*** SUMMARY ***
Total pot $2 | Rake $0
Seat 1: Actionni13 (button) (small blind) folded before Flop
Seat 6: Teddycm (big blind) collected ($2)


PokerStars Hand #158829132104:  Hold'em Limit ($3/$6 USD) - 2016/09/19 17:04:40 ET
Table 'Atreus II' 6-max Seat #6 is the button
Seat 1: Actionni13 ($192.50 in chips)
Seat 6: Teddycm ($96.63 in chips)
Teddycm: posts small blind $1
Actionni13: posts big blind $3
*** HOLE CARDS ***
Teddycm: folds
Uncalled bet ($2) returned to Actionni13
Actionni13 collected $2 from pot
Actionni13: doesn't show hand
*** SUMMARY ***
Total pot $2 | Rake $0
Seat 1: Actionni13 (big blind) collected ($2)
Seat 6: Teddycm (button) (small blind) folded before Flop


PokerStars Hand #158829114652:  Hold'em Limit ($3/$6 USD) - 2016/09/19 17:04:20 ET
Table 'Atreus II' 6-max Seat #1 is the button
Seat 1: Actionni13 ($172 in chips)
Seat 6: Teddycm ($117.63 in chips)
Actionni13: posts small blind $1
Teddycm: posts big blind $3
*** HOLE CARDS ***
Actionni13: raises $3 to $6
Teddycm: calls $3
*** FLOP *** [As Qc 2s]
Teddycm: checks
Actionni13: bets $3
Teddycm: raises $3 to $6
Actionni13: raises $3 to $9
Teddycm: calls $3
*** TURN *** [As Qc 2s] [5h]
Teddycm: checks
Actionni13: bets $6
Teddycm: calls $6
*** RIVER *** [As Qc 2s 5h] [Ad]
Teddycm: checks
Actionni13: checks
*** SHOW DOWN ***
Teddycm: shows [4s 9s] (a pair of Aces)
Actionni13: shows [Qd 7h] (two pair, Aces and Queens)
Actionni13 collected $41.50 from pot
*** SUMMARY ***
Total pot $42 | Rake $0.50
Board [As Qc 2s 5h Ad]
Seat 1: Actionni13 (button) (small blind) showed [Qd 7h] and won ($41.50) with two pair, Aces and Queens
Seat 6: Teddycm (big blind) showed [4s 9s] and lost with a pair of Aces


PokerStars Hand #158829089611:  Hold'em Limit ($3/$6 USD) - 2016/09/19 17:03:51 ET
Table 'Atreus II' 6-max Seat #1 is the button
Seat 1: Actionni13 ($163.50 in chips)
Seat 6: Teddycm ($126.87 in chips)
Actionni13: posts small blind $1
Teddycm: posts big blind $3
*** HOLE CARDS ***
Actionni13: raises $3 to $6
Teddycm: calls $3
*** FLOP *** [Ks Kc Ac]
Teddycm: checks
Actionni13: bets $3
Teddycm: calls $3
*** TURN *** [Ks Kc Ac] [Ts]
Teddycm: checks
Actionni13: bets $6
Teddycm: calls $6
*** RIVER *** [Ks Kc Ac Ts] [8s]
Teddycm: checks
Actionni13: bets $6
Teddycm: folds
Uncalled bet ($6) returned to Actionni13
Actionni13 collected $29.50 from pot
Actionni13: doesn't show hand
*** SUMMARY ***
Total pot $30 | Rake $0.50
Board [Ks Kc Ac Ts 8s]
Seat 1: Actionni13 (button) (small blind) collected ($29.50)
Seat 6: Teddycm (big blind) folded on the River


PokerStars Hand #158829105891:  Hold'em Limit ($3/$6 USD) - 2016/09/19 17:04:10 ET
Table 'Atreus II' 6-max Seat #6 is the button
Seat 1: Actionni13 ($178 in chips)
Seat 6: Teddycm ($111.87 in chips)
Teddycm: posts small blind $1
Actionni13: posts big blind $3
*** HOLE CARDS ***
Teddycm: raises $3 to $6
Actionni13: calls $3
*** FLOP *** [7s Td 7h]
Actionni13: checks
Teddycm: bets $3
Actionni13: folds
Uncalled bet ($3) returned to Teddycm
Teddycm collected $11.76 from pot
Teddycm: doesn't show hand
*** SUMMARY ***
Total pot $12 | Rake $0.24
Board [7s Td 7h]
Seat 1: Actionni13 (big blind) folded on the Flop
Seat 6: Teddycm (button) (small blind) collected ($11.76)


PokerStars Hand #158829192394:  Hold'em Limit ($3/$6 USD) - 2016/09/19 17:05:50 ET
Table 'Atreus II' 6-max Seat #6 is the button
Seat 1: Actionni13 ($175.50 in chips)
Seat 6: Teddycm ($112.79 in chips)
Teddycm: posts small blind $1
Actionni13: posts big blind $3
*** HOLE CARDS ***
Teddycm: folds
Uncalled bet ($2) returned to Actionni13
Actionni13 collected $2 from pot
Actionni13: doesn't show hand
*** SUMMARY ***
Total pot $2 | Rake $0
Seat 1: Actionni13 (big blind) collected ($2)
Seat 6: Teddycm (button) (small blind) folded before Flop


PokerStars Hand #158829179131:  Hold'em Limit ($3/$6 USD) - 2016/09/19 17:05:34 ET
Table 'Atreus II' 6-max Seat #1 is the button
Seat 1: Actionni13 ($187.50 in chips)
Seat 6: Teddycm ($101.27 in chips)
Actionni13: posts small blind $1
Teddycm: posts big blind $3
*** HOLE CARDS ***
Actionni13: raises $3 to $6
Teddycm: calls $3
*** FLOP *** [6c 7h 7s]
Teddycm: checks
Actionni13: bets $3
Teddycm: raises $3 to $6
Actionni13: calls $3
*** TURN *** [6c 7h 7s] [Th]
Teddycm: bets $6
Actionni13: folds
Uncalled bet ($6) returned to Teddycm
Teddycm collected $23.52 from pot
Teddycm: doesn't show hand
*** SUMMARY ***
Total pot $24 | Rake $0.48
Board [6c 7h 7s Th]
Seat 1: Actionni13 (button) (small blind) folded on the Turn
Seat 6: Teddycm (big blind) collected ($23.52)


PokerStars Hand #158829175357:  Hold'em Limit ($3/$6 USD) - 2016/09/19 17:05:30 ET
Table 'Atreus II' 6-max Seat #6 is the button
Seat 1: Actionni13 ($186.50 in chips)
Seat 6: Teddycm ($102.27 in chips)
Teddycm: posts small blind $1
Actionni13: posts big blind $3
*** HOLE CARDS ***
Teddycm: folds
Uncalled bet ($2) returned to Actionni13
Actionni13 collected $2 from pot
Actionni13: doesn't show hand
*** SUMMARY ***
Total pot $2 | Rake $0
Seat 1: Actionni13 (big blind) collected ($2)
Seat 6: Teddycm (button) (small blind) folded before Flop


PokerStars Hand #158829170267:  Hold'em Limit ($3/$6 USD) - 2016/09/19 17:05:24 ET
Table 'Atreus II' 6-max Seat #1 is the button
Seat 1: Actionni13 ($183.50 in chips)
Seat 6: Teddycm ($105.27 in chips)
Actionni13: posts small blind $1
Teddycm: posts big blind $3
*** HOLE CARDS ***
Actionni13: raises $3 to $6
Teddycm: folds
Uncalled bet ($3) returned to Actionni13
Actionni13 collected $6 from pot
Actionni13: doesn't show hand
*** SUMMARY ***
Total pot $6 | Rake $0
Seat 1: Actionni13 (button) (small blind) collected ($6)
Seat 6: Teddycm (big blind) folded before Flop


PokerStars Hand #158829139526:  Hold'em Limit ($3/$6 USD) - 2016/09/19 17:04:49 ET
Table 'Atreus II' 6-max Seat #6 is the button
Seat 1: Actionni13 ($192.50 in chips)
Seat 6: Teddycm ($96.63 in chips)
Teddycm: posts small blind $1
Actionni13: posts big blind $3
*** HOLE CARDS ***
Teddycm: raises $3 to $6
Actionni13: calls $3
*** FLOP *** [6h Qd 6c]
Actionni13: checks
Teddycm: bets $3
Actionni13: calls $3
*** TURN *** [6h Qd 6c] [3d]
Actionni13: checks
Teddycm: checks
*** RIVER *** [6h Qd 6c 3d] [5d]
Actionni13: checks
Teddycm: bets $6
Actionni13: folds
Uncalled bet ($6) returned to Teddycm
Teddycm collected $17.64 from pot
Teddycm: doesn't show hand
*** SUMMARY ***
Total pot $18 | Rake $0.36
Board [6h Qd 6c 3d 5d]
Seat 1: Actionni13 (big blind) folded on the River
Seat 6: Teddycm (button) (small blind) collected ($17.64)


PokerStars Hand #158829196212:  Hold'em Limit ($3/$6 USD) - 2016/09/19 17:05:54 ET
Table 'Atreus II' 6-max Seat #1 is the button
Seat 1: Actionni13 ($176.50 in chips)
Seat 6: Teddycm ($111.79 in chips)
Actionni13: posts small blind $1
Teddycm: posts big blind $3
*** HOLE CARDS ***
Actionni13: folds
Uncalled bet ($2) returned to Teddycm
Teddycm collected $2 from pot
Teddycm: doesn't show hand
*** SUMMARY ***
Total pot $2 | Rake $0
Seat 1: Actionni13 (button) (small blind) folded before Flop
Seat 6: Teddycm (big blind) collected ($2)


PokerStars Hand #158829250153:  Hold'em Limit ($3/$6 USD) - 2016/09/19 17:06:57 ET
Table 'Atreus II' 6-max Seat #1 is the button
Seat 1: Actionni13 ($169 in chips)
Seat 6: Teddycm ($118.05 in chips)
Actionni13: posts small blind $1
Teddycm: posts big blind $3
*** HOLE CARDS ***
Actionni13: raises $3 to $6
Teddycm: folds
Uncalled bet ($3) returned to Actionni13
Actionni13 collected $6 from pot
Actionni13: doesn't show hand
*** SUMMARY ***
Total pot $6 | Rake $0
Seat 1: Actionni13 (button) (small blind) collected ($6)
Seat 6: Teddycm (big blind) folded before Flop


PokerStars Hand #158829235276:  Hold'em Limit ($3/$6 USD) - 2016/09/19 17:06:40 ET
Table 'Atreus II' 6-max Seat #6 is the button
Seat 1: Actionni13 ($175 in chips)
Seat 6: Teddycm ($112.29 in chips)
Teddycm: posts small blind $1
Actionni13: posts big blind $3
*** HOLE CARDS ***
Teddycm: raises $3 to $6
Actionni13: calls $3
*** FLOP *** [Jd 6c Js]
Actionni13: checks
Teddycm: checks
*** TURN *** [Jd 6c Js] [Jh]
Actionni13: checks
Teddycm: checks
*** RIVER *** [Jd 6c Js Jh] [Jc]
Actionni13: checks
Teddycm: checks
*** SHOW DOWN ***
Actionni13: shows [7c Ts] (four of a kind, Jacks)
Teddycm: shows [Ks 7s] (four of a kind, Jacks - King kicker)
Teddycm collected $11.76 from pot
*** SUMMARY ***
Total pot $12 | Rake $0.24
Board [Jd 6c Js Jh Jc]
Seat 1: Actionni13 (big blind) showed [7c Ts] and lost with four of a kind, Jacks
Seat 6: Teddycm (button) (small blind) showed [Ks 7s] and won ($11.76) with four of a kind, Jacks


PokerStars Hand #158829215549:  Hold'em Limit ($3/$6 USD) - 2016/09/19 17:06:17 ET
Table 'Atreus II' 6-max Seat #1 is the button
Seat 1: Actionni13 ($193 in chips)
Seat 6: Teddycm ($94.79 in chips)
Actionni13: posts small blind $1
Teddycm: posts big blind $3
*** HOLE CARDS ***
Actionni13: raises $3 to $6
Teddycm: raises $3 to $9
Actionni13: calls $3
*** FLOP *** [8s 7h 8c]
Teddycm: bets $3
Actionni13: calls $3
*** TURN *** [8s 7h 8c] [2h]
Teddycm: bets $6
Actionni13: calls $6
*** RIVER *** [8s 7h 8c 2h] [Ad]
Teddycm: bets $6
Actionni13: folds
Uncalled bet ($6) returned to Teddycm
Teddycm collected $35.50 from pot
Teddycm: doesn't show hand
*** SUMMARY ***
Total pot $36 | Rake $0.50
Board [8s 7h 8c 2h Ad]
Seat 1: Actionni13 (button) (small blind) folded on the River
Seat 6: Teddycm (big blind) collected ($35.50)


PokerStars Hand #158829200223:  Hold'em Limit ($3/$6 USD) - 2016/09/19 17:05:59 ET
Table 'Atreus II' 6-max Seat #6 is the button
Seat 1: Actionni13 ($175.50 in chips)
Seat 6: Teddycm ($112.79 in chips)
Teddycm: posts small blind $1
Actionni13: posts big blind $3
*** HOLE CARDS ***
Teddycm: raises $3 to $6
Actionni13: raises $3 to $9
Teddycm: calls $3
*** FLOP *** [7h 4c 7c]
Actionni13: bets $3
Teddycm: calls $3
*** TURN *** [7h 4c 7c] [3h]
Actionni13: bets $6
Teddycm: calls $6
*** RIVER *** [7h 4c 7c 3h] [Jd]
Actionni13: bets $6
Teddycm: folds
Uncalled bet ($6) returned to Actionni13
Actionni13 collected $35.50 from pot
Actionni13: doesn't show hand
*** SUMMARY ***
Total pot $36 | Rake $0.50
Board [7h 4c 7c 3h Jd]
Seat 1: Actionni13 (big blind) collected ($35.50)
Seat 6: Teddycm (button) (small blind) folded on the River


PokerStars Hand #158829280452:  Hold'em Limit ($3/$6 USD) - 2016/09/19 17:07:32 ET
Table 'Atreus II' 6-max Seat #1 is the button
Seat 1: Actionni13 ($175.52 in chips)
Seat 6: Teddycm ($110.69 in chips)
Actionni13: posts small blind $1
Teddycm: posts big blind $3
*** HOLE CARDS ***
Actionni13: raises $3 to $6
Teddycm: folds
Uncalled bet ($3) returned to Actionni13
Actionni13 collected $6 from pot
Actionni13: doesn't show hand
*** SUMMARY ***
Total pot $6 | Rake $0
Seat 1: Actionni13 (button) (small blind) collected ($6)
Seat 6: Teddycm (big blind) folded before Flop


PokerStars Hand #158829269653:  Hold'em Limit ($3/$6 USD) - 2016/09/19 17:07:19 ET
Table 'Atreus II' 6-max Seat #6 is the button
Seat 1: Actionni13 ($164 in chips)
Seat 6: Teddycm ($122.69 in chips)
Teddycm: posts small blind $1
Actionni13: posts big blind $3
*** HOLE CARDS ***
Teddycm: raises $3 to $6
Actionni13: raises $3 to $9
Teddycm: calls $3
*** FLOP *** [7d Ad Kc]
Actionni13: bets $3
Teddycm: calls $3
*** TURN *** [7d Ad Kc] [3h]
Actionni13: bets $6
Teddycm: folds
Uncalled bet ($6) returned to Actionni13
Actionni13 collected $23.52 from pot
Actionni13: doesn't show hand
*** SUMMARY ***
Total pot $24 | Rake $0.48
Board [7d Ad Kc 3h]
Seat 1: Actionni13 (big blind) collected ($23.52)
Seat 6: Teddycm (button) (small blind) folded on the Turn


PokerStars Hand #158829259706:  Hold'em Limit ($3/$6 USD) - 2016/09/19 17:07:08 ET
Table 'Atreus II' 6-max Seat #1 is the button
Seat 1: Actionni13 ($173 in chips)
Seat 6: Teddycm ($114.05 in chips)
Actionni13: posts small blind $1
Teddycm: posts big blind $3
*** HOLE CARDS ***
Actionni13: raises $3 to $6
Teddycm: raises $3 to $9
Actionni13: calls $3
*** FLOP *** [Ts Th Ad]
Teddycm: bets $3
Actionni13: folds
Uncalled bet ($3) returned to Teddycm
Teddycm collected $17.64 from pot
Teddycm: doesn't show hand
*** SUMMARY ***
Total pot $18 | Rake $0.36
Board [Ts Th Ad]
Seat 1: Actionni13 (button) (small blind) folded on the Flop
Seat 6: Teddycm (big blind) collected ($17.64)


PokerStars Hand #158829255903:  Hold'em Limit ($3/$6 USD) - 2016/09/19 17:07:03 ET
Table 'Atreus II' 6-max Seat #6 is the button
Seat 1: Actionni13 ($172 in chips)
Seat 6: Teddycm ($115.05 in chips)
Teddycm: posts small blind $1
Actionni13: posts big blind $3
*** HOLE CARDS ***
Teddycm: folds
Uncalled bet ($2) returned to Actionni13
Actionni13 collected $2 from pot
Actionni13: doesn't show hand
*** SUMMARY ***
Total pot $2 | Rake $0
Seat 1: Actionni13 (big blind) collected ($2)
Seat 6: Teddycm (button) (small blind) folded before Flop


PokerStars Hand #158829285119:  Hold'em Limit ($3/$6 USD) - 2016/09/19 17:07:37 ET
Table 'Atreus II' 6-max Seat #6 is the button
Seat 1: Actionni13 ($178.52 in chips)
Seat 6: Teddycm ($107.69 in chips)
Teddycm: posts small blind $1
Actionni13: posts big blind $3
*** HOLE CARDS ***
Teddycm: raises $3 to $6
Actionni13: raises $3 to $9
Teddycm: calls $3
*** FLOP *** [3s Kc 5h]
Actionni13: bets $3
Teddycm: raises $3 to $6
Actionni13: calls $3
*** TURN *** [3s Kc 5h] [Jh]
Actionni13: checks
Teddycm: checks
*** RIVER *** [3s Kc 5h Jh] [As]
Actionni13: bets $6
Teddycm: folds
Uncalled bet ($6) returned to Actionni13
Actionni13 collected $29.50 from pot
Actionni13: doesn't show hand
*** SUMMARY ***
Total pot $30 | Rake $0.50
Board [3s Kc 5h Jh As]
Seat 1: Actionni13 (big blind) collected ($29.50)
Seat 6: Teddycm (button) (small blind) folded on the River


PokerStars Hand #158829339274:  Hold'em Limit ($3/$6 USD) - 2016/09/19 17:08:41 ET
Table 'Atreus II' 6-max Seat #6 is the button
Seat 1: Actionni13 ($179.78 in chips)
Seat 6: Teddycm ($105.19 in chips)
Teddycm: posts small blind $1
Actionni13: posts big blind $3
*** HOLE CARDS ***
Teddycm: folds
Uncalled bet ($2) returned to Actionni13
Actionni13 collected $2 from pot
Actionni13: doesn't show hand
*** SUMMARY ***
Total pot $2 | Rake $0
Seat 1: Actionni13 (big blind) collected ($2)
Seat 6: Teddycm (button) (small blind) folded before Flop


PokerStars Hand #158829335601:  Hold'em Limit ($3/$6 USD) - 2016/09/19 17:08:37 ET
Table 'Atreus II' 6-max Seat #1 is the button
Seat 1: Actionni13 ($180.78 in chips)
Seat 6: Teddycm ($104.19 in chips)
Actionni13: posts small blind $1
Teddycm: posts big blind $3
*** HOLE CARDS ***
Actionni13: folds
Uncalled bet ($2) returned to Teddycm
Teddycm collected $2 from pot
Teddycm: doesn't show hand
*** SUMMARY ***
Total pot $2 | Rake $0
Seat 1: Actionni13 (button) (small blind) folded before Flop
Seat 6: Teddycm (big blind) collected ($2)


PokerStars Hand #158829313610:  Hold'em Limit ($3/$6 USD) - 2016/09/19 17:08:11 ET
Table 'Atreus II' 6-max Seat #6 is the button
Seat 1: Actionni13 ($198.78 in chips)
Seat 6: Teddycm ($86.69 in chips)
Teddycm: posts small blind $1
Actionni13: posts big blind $3
*** HOLE CARDS ***
Teddycm: raises $3 to $6
Actionni13: raises $3 to $9
Teddycm: calls $3
*** FLOP *** [2c 7d Th]
Actionni13: bets $3
Teddycm: calls $3
*** TURN *** [2c 7d Th] [3d]
Actionni13: bets $6
Teddycm: calls $6
*** RIVER *** [2c 7d Th 3d] [6c]
Actionni13: checks
Teddycm: bets $6
Actionni13: folds
Uncalled bet ($6) returned to Teddycm
Teddycm collected $35.50 from pot
Teddycm: doesn't show hand
*** SUMMARY ***
Total pot $36 | Rake $0.50
Board [2c 7d Th 3d 6c]
Seat 1: Actionni13 (big blind) folded on the River
Seat 6: Teddycm (button) (small blind) collected ($35.50)


PokerStars Hand #158829303288:  Hold'em Limit ($3/$6 USD) - 2016/09/19 17:07:58 ET
Table 'Atreus II' 6-max Seat #1 is the button
Seat 1: Actionni13 ($193.02 in chips)
Seat 6: Teddycm ($92.69 in chips)
Actionni13: posts small blind $1
Teddycm: posts big blind $3
*** HOLE CARDS ***
Actionni13: raises $3 to $6
Teddycm: calls $3
*** FLOP *** [9h 5c Ac]
Teddycm: checks
Actionni13: bets $3
Teddycm: folds
Uncalled bet ($3) returned to Actionni13
Actionni13 collected $11.76 from pot
Actionni13: doesn't show hand
*** SUMMARY ***
Total pot $12 | Rake $0.24
Board [9h 5c Ac]
Seat 1: Actionni13 (button) (small blind) collected ($11.76)
Seat 6: Teddycm (big blind) folded on the Flop


PokerStars Hand #158829342934:  Hold'em Limit ($3/$6 USD) - 2016/09/19 17:08:45 ET
Table 'Atreus II' 6-max Seat #1 is the button
Seat 1: Actionni13 ($180.78 in chips)
Seat 6: Teddycm ($104.19 in chips)
Actionni13: posts small blind $1
Teddycm: posts big blind $3
*** HOLE CARDS ***
Actionni13: raises $3 to $6
Teddycm: raises $3 to $9
Actionni13: calls $3
*** FLOP *** [6s 7c 7d]
Teddycm: bets $3
Actionni13: calls $3
*** TURN *** [6s 7c 7d] [Kh]
Teddycm: checks
Actionni13: bets $6
Teddycm: calls $6
*** RIVER *** [6s 7c 7d Kh] [3h]
Teddycm: checks
Actionni13: checks
*** SHOW DOWN ***
Teddycm: shows [Ah Jh] (a pair of Sevens)
Actionni13: shows [2h 2d] (two pair, Sevens and Deuces)
Actionni13 collected $35.50 from pot
*** SUMMARY ***
Total pot $36 | Rake $0.50
Board [6s 7c 7d Kh 3h]
Seat 1: Actionni13 (button) (small blind) showed [2h 2d] and won ($35.50) with two pair, Sevens and Deuces
Seat 6: Teddycm (big blind) showed [Ah Jh] and lost with a pair of Sevens


PokerStars Hand #158829399714:  Hold'em Limit ($3/$6 USD) - 2016/09/19 17:09:53 ET
Table 'Atreus II' 6-max Seat #6 is the button
Seat 1: Actionni13 ($189.04 in chips)
Seat 6: Teddycm ($94.69 in chips)
Teddycm: posts small blind $1
Actionni13: posts big blind $3
*** HOLE CARDS ***
Teddycm: folds
Uncalled bet ($2) returned to Actionni13
Actionni13 collected $2 from pot
Actionni13: doesn't show hand
*** SUMMARY ***
Total pot $2 | Rake $0
Seat 1: Actionni13 (big blind) collected ($2)
Seat 6: Teddycm (button) (small blind) folded before Flop


PokerStars Hand #158829382290:  Hold'em Limit ($3/$6 USD) - 2016/09/19 17:09:32 ET
Table 'Atreus II' 6-max Seat #1 is the button
Seat 1: Actionni13 ($204.04 in chips)
Seat 6: Teddycm ($80.19 in chips)
Actionni13: posts small blind $1
Teddycm: posts big blind $3
*** HOLE CARDS ***
Actionni13: raises $3 to $6
Teddycm: calls $3
*** FLOP *** [Jd 5h 4s]
Teddycm: checks
Actionni13: bets $3
Teddycm: calls $3
*** TURN *** [Jd 5h 4s] [4h]
Teddycm: checks
Actionni13: checks
*** RIVER *** [Jd 5h 4s 4h] [Ts]
Teddycm: bets $6
Actionni13: calls $6
*** SHOW DOWN ***
Teddycm: shows [Th 8s] (two pair, Tens and Fours)
Actionni13: mucks hand
Teddycm collected $29.50 from pot
*** SUMMARY ***
Total pot $30 | Rake $0.50
Board [Jd 5h 4s 4h Ts]
Seat 1: Actionni13 (button) (small blind) mucked
Seat 6: Teddycm (big blind) showed [Th 8s] and won ($29.50) with two pair, Tens and Fours


PokerStars Hand #158829366707:  Hold'em Limit ($3/$6 USD) - 2016/09/19 17:09:14 ET
Table 'Atreus II' 6-max Seat #6 is the button
Seat 1: Actionni13 ($198.28 in chips)
Seat 6: Teddycm ($86.19 in chips)
Teddycm: posts small blind $1
Actionni13: posts big blind $3
*** HOLE CARDS ***
Teddycm: raises $3 to $6
Actionni13: calls $3
*** FLOP *** [3c 6s Jc]
Actionni13: checks
Teddycm: checks
*** TURN *** [3c 6s Jc] [2c]
Actionni13: checks
Teddycm: checks
*** RIVER *** [3c 6s Jc 2c] [4h]
Actionni13: bets $6
Teddycm: folds
Uncalled bet ($6) returned to Actionni13
Actionni13 collected $11.76 from pot
Actionni13: doesn't show hand
*** SUMMARY ***
Total pot $12 | Rake $0.24
Board [3c 6s Jc 2c 4h]
Seat 1: Actionni13 (big blind) collected ($11.76)
Seat 6: Teddycm (button) (small blind) folded on the River


PokerStars Hand #158829361742:  Hold'em Limit ($3/$6 USD) - 2016/09/19 17:09:08 ET
Table 'Atreus II' 6-max Seat #1 is the button
Seat 1: Actionni13 ($199.28 in chips)
Seat 6: Teddycm ($85.19 in chips)
Actionni13: posts small blind $1
Teddycm: posts big blind $3
*** HOLE CARDS ***
Actionni13: folds
Uncalled bet ($2) returned to Teddycm
Teddycm collected $2 from pot
Teddycm: doesn't show hand
*** SUMMARY ***
Total pot $2 | Rake $0
Seat 1: Actionni13 (button) (small blind) folded before Flop
Seat 6: Teddycm (big blind) collected ($2)


PokerStars Hand #158829358184:  Hold'em Limit ($3/$6 USD) - 2016/09/19 17:09:03 ET
Table 'Atreus II' 6-max Seat #6 is the button
Seat 1: Actionni13 ($198.28 in chips)
Seat 6: Teddycm ($86.19 in chips)
Teddycm: posts small blind $1
Actionni13: posts big blind $3
*** HOLE CARDS ***
Teddycm: folds
Uncalled bet ($2) returned to Actionni13
Actionni13 collected $2 from pot
Actionni13: doesn't show hand
*** SUMMARY ***
Total pot $2 | Rake $0
Seat 1: Actionni13 (big blind) collected ($2)
Seat 6: Teddycm (button) (small blind) folded before Flop


PokerStars Hand #158829432947:  Hold'em Limit ($3/$6 USD) - 2016/09/19 17:10:32 ET
Table 'Atreus II' 6-max Seat #6 is the button
Seat 1: Actionni13 ($169.04 in chips)
Seat 6: Teddycm ($113.97 in chips)
Teddycm: posts small blind $1
Actionni13: posts big blind $3
*** HOLE CARDS ***
Teddycm: raises $3 to $6
Actionni13: raises $3 to $9
Teddycm: calls $3
*** FLOP *** [Kd 2s Js]
Actionni13: bets $3
Teddycm: calls $3
*** TURN *** [Kd 2s Js] [5h]
Actionni13: bets $6
Teddycm: calls $6
*** RIVER *** [Kd 2s Js 5h] [4h]
Actionni13: bets $6
Teddycm: calls $6
*** SHOW DOWN ***
Actionni13: shows [7h 7s] (a pair of Sevens)
Teddycm: mucks hand
Actionni13 collected $47.50 from pot
*** SUMMARY ***
Total pot $48 | Rake $0.50
Board [Kd 2s Js 5h 4h]
Seat 1: Actionni13 (big blind) showed [7h 7s] and won ($47.50) with a pair of Sevens
Seat 6: Teddycm (button) (small blind) mucked


PokerStars Hand #158829418623:  Hold'em Limit ($3/$6 USD) - 2016/09/19 17:10:15 ET
Table 'Atreus II' 6-max Seat #1 is the button
Seat 1: Actionni13 ($178.04 in chips)
Seat 6: Teddycm ($105.33 in chips)
Actionni13: posts small blind $1
Teddycm: posts big blind $3
*** HOLE CARDS ***
Actionni13: raises $3 to $6
Teddycm: calls $3
*** FLOP *** [2h 4h 7d]
Teddycm: checks
Actionni13: bets $3
Teddycm: calls $3
*** TURN *** [2h 4h 7d] [9s]
Teddycm: checks
Actionni13: checks
*** RIVER *** [2h 4h 7d 9s] [5s]
Teddycm: checks
Actionni13: checks
*** SHOW DOWN ***
Teddycm: shows [6h 4c] (a pair of Fours)
Actionni13: mucks hand
Teddycm collected $17.64 from pot
*** SUMMARY ***
Total pot $18 | Rake $0.36
Board [2h 4h 7d 9s 5s]
Seat 1: Actionni13 (button) (small blind) mucked
Seat 6: Teddycm (big blind) showed [6h 4c] and won ($17.64) with a pair of Fours


PokerStars Hand #158829414730:  Hold'em Limit ($3/$6 USD) - 2016/09/19 17:10:10 ET
Table 'Atreus II' 6-max Seat #6 is the button
Seat 1: Actionni13 ($181.04 in chips)
Seat 6: Teddycm ($102.33 in chips)
Teddycm: posts small blind $1
Actionni13: posts big blind $3
*** HOLE CARDS ***
Teddycm: raises $3 to $6
Actionni13: folds
Uncalled bet ($3) returned to Teddycm
Teddycm collected $6 from pot
Teddycm: doesn't show hand
*** SUMMARY ***
Total pot $6 | Rake $0
Seat 1: Actionni13 (big blind) folded before Flop
Seat 6: Teddycm (button) (small blind) collected ($6)


PokerStars Hand #158829403245:  Hold'em Limit ($3/$6 USD) - 2016/09/19 17:09:57 ET
Table 'Atreus II' 6-max Seat #1 is the button
Seat 1: Actionni13 ($190.04 in chips)
Seat 6: Teddycm ($93.69 in chips)
Actionni13: posts small blind $1
Teddycm: posts big blind $3
*** HOLE CARDS ***
Actionni13: raises $3 to $6
Teddycm: raises $3 to $9
Actionni13: calls $3
*** FLOP *** [2c 8d Ac]
Teddycm: bets $3
Actionni13: folds
Uncalled bet ($3) returned to Teddycm
Teddycm collected $17.64 from pot
Teddycm: doesn't show hand
*** SUMMARY ***
Total pot $18 | Rake $0.36
Board [2c 8d Ac]
Seat 1: Actionni13 (button) (small blind) folded on the Flop
Seat 6: Teddycm (big blind) collected ($17.64)


PokerStars Hand #158829448026:  Hold'em Limit ($3/$6 USD) - 2016/09/19 17:10:50 ET
Table 'Atreus II' 6-max Seat #1 is the button
Seat 1: Actionni13 ($192.54 in chips)
Seat 6: Teddycm ($89.97 in chips)
Actionni13: posts small blind $1
Teddycm: posts big blind $3
*** HOLE CARDS ***
Actionni13: raises $3 to $6
Teddycm: folds
Uncalled bet ($3) returned to Actionni13
Actionni13 collected $6 from pot
Actionni13: doesn't show hand
*** SUMMARY ***
Total pot $6 | Rake $0
Seat 1: Actionni13 (button) (small blind) collected ($6)
Seat 6: Teddycm (big blind) folded before Flop


PokerStars Hand #158829479738:  Hold'em Limit ($3/$6 USD) - 2016/09/19 17:11:28 ET
Table 'Atreus II' 6-max Seat #6 is the button
Seat 1: Actionni13 ($191.54 in chips)
Seat 6: Teddycm ($90.61 in chips)
Teddycm: posts small blind $1
Actionni13: posts big blind $3
*** HOLE CARDS ***
Teddycm: raises $3 to $6
Actionni13: calls $3
*** FLOP *** [9s 2h 3c]
Actionni13: checks
Teddycm: bets $3
Actionni13: calls $3
*** TURN *** [9s 2h 3c] [7d]
Actionni13: checks
Teddycm: checks
*** RIVER *** [9s 2h 3c 7d] [Qh]
Actionni13: bets $6
Teddycm: raises $6 to $12
Actionni13: folds
Uncalled bet ($6) returned to Teddycm
Teddycm collected $29.50 from pot
Teddycm: doesn't show hand
*** SUMMARY ***
Total pot $30 | Rake $0.50
Board [9s 2h 3c 7d Qh]
Seat 1: Actionni13 (big blind) folded on the River
Seat 6: Teddycm (button) (small blind) collected ($29.50)


PokerStars Hand #158829472243:  Hold'em Limit ($3/$6 USD) - 2016/09/19 17:11:19 ET
Table 'Atreus II' 6-max Seat #1 is the button
Seat 1: Actionni13 ($200.54 in chips)
Seat 6: Teddycm ($81.97 in chips)
Actionni13: posts small blind $1
Teddycm: posts big blind $3
*** HOLE CARDS ***
Actionni13: raises $3 to $6
Teddycm: raises $3 to $9
Actionni13: calls $3
*** FLOP *** [6s 2s Qs]
Teddycm: bets $3
Actionni13: folds
Uncalled bet ($3) returned to Teddycm
Teddycm collected $17.64 from pot
Teddycm: doesn't show hand
*** SUMMARY ***
Total pot $18 | Rake $0.36
Board [6s 2s Qs]
Seat 1: Actionni13 (button) (small blind) folded on the Flop
Seat 6: Teddycm (big blind) collected ($17.64)


PokerStars Hand #158829468776:  Hold'em Limit ($3/$6 USD) - 2016/09/19 17:11:15 ET
Table 'Atreus II' 6-max Seat #6 is the button
Seat 1: Actionni13 ($199.54 in chips)
Seat 6: Teddycm ($82.97 in chips)
Teddycm: posts small blind $1
Actionni13: posts big blind $3
*** HOLE CARDS ***
Teddycm: folds
Uncalled bet ($2) returned to Actionni13
Actionni13 collected $2 from pot
Actionni13: doesn't show hand
*** SUMMARY ***
Total pot $2 | Rake $0
Seat 1: Actionni13 (big blind) collected ($2)
Seat 6: Teddycm (button) (small blind) folded before Flop


PokerStars Hand #158829463596:  Hold'em Limit ($3/$6 USD) - 2016/09/19 17:11:09 ET
Table 'Atreus II' 6-max Seat #1 is the button
Seat 1: Actionni13 ($196.54 in chips)
Seat 6: Teddycm ($85.97 in chips)
Actionni13: posts small blind $1
Teddycm: posts big blind $3
*** HOLE CARDS ***
Actionni13: raises $3 to $6
Teddycm: folds
Uncalled bet ($3) returned to Actionni13
Actionni13 collected $6 from pot
Actionni13: doesn't show hand
*** SUMMARY ***
Total pot $6 | Rake $0
Seat 1: Actionni13 (button) (small blind) collected ($6)
Seat 6: Teddycm (big blind) folded before Flop


PokerStars Hand #158829460079:  Hold'em Limit ($3/$6 USD) - 2016/09/19 17:11:04 ET
Table 'Atreus II' 6-max Seat #6 is the button
Seat 1: Actionni13 ($195.54 in chips)
Seat 6: Teddycm ($86.97 in chips)
Teddycm: posts small blind $1
Actionni13: posts big blind $3
*** HOLE CARDS ***
Teddycm: folds
Uncalled bet ($2) returned to Actionni13
Actionni13 collected $2 from pot
Actionni13: doesn't show hand
*** SUMMARY ***
Total pot $2 | Rake $0
Seat 1: Actionni13 (big blind) collected ($2)
Seat 6: Teddycm (button) (small blind) folded before Flop


PokerStars Hand #158829539142:  Hold'em Limit ($3/$6 USD) - 2016/09/19 17:12:39 ET
Table 'Atreus II' 6-max Seat #1 is the button
Seat 1: Actionni13 ($155.54 in chips)
Seat 6: Teddycm ($125.37 in chips)
Actionni13: posts small blind $1
Teddycm: posts big blind $3
*** HOLE CARDS ***
Actionni13: raises $3 to $6
Teddycm: folds
Uncalled bet ($3) returned to Actionni13
Actionni13 collected $6 from pot
Actionni13: doesn't show hand
*** SUMMARY ***
Total pot $6 | Rake $0
Seat 1: Actionni13 (button) (small blind) collected ($6)
Seat 6: Teddycm (big blind) folded before Flop


PokerStars Hand #158829534202:  Hold'em Limit ($3/$6 USD) - 2016/09/19 17:12:33 ET
Table 'Atreus II' 6-max Seat #6 is the button
Seat 1: Actionni13 ($154.54 in chips)
Seat 6: Teddycm ($126.37 in chips)
Teddycm: posts small blind $1
Actionni13: posts big blind $3
*** HOLE CARDS ***
Teddycm: folds
Uncalled bet ($2) returned to Actionni13
Actionni13 collected $2 from pot
Actionni13: doesn't show hand
*** SUMMARY ***
Total pot $2 | Rake $0
Seat 1: Actionni13 (big blind) collected ($2)
Seat 6: Teddycm (button) (small blind) folded before Flop


PokerStars Hand #158829530422:  Hold'em Limit ($3/$6 USD) - 2016/09/19 17:12:28 ET
Table 'Atreus II' 6-max Seat #1 is the button
Seat 1: Actionni13 ($155.54 in chips)
Seat 6: Teddycm ($125.37 in chips)
Actionni13: posts small blind $1
Teddycm: posts big blind $3
*** HOLE CARDS ***
Actionni13: folds
Uncalled bet ($2) returned to Teddycm
Teddycm collected $2 from pot
Teddycm: doesn't show hand
*** SUMMARY ***
Total pot $2 | Rake $0
Seat 1: Actionni13 (button) (small blind) folded before Flop
Seat 6: Teddycm (big blind) collected ($2)


PokerStars Hand #158829519760:  Hold'em Limit ($3/$6 USD) - 2016/09/19 17:12:16 ET
Table 'Atreus II' 6-max Seat #6 is the button
Seat 1: Actionni13 ($161.54 in chips)
Seat 6: Teddycm ($119.61 in chips)
Teddycm: posts small blind $1
Actionni13: posts big blind $3
*** HOLE CARDS ***
Teddycm: raises $3 to $6
Actionni13: calls $3
*** FLOP *** [7c Ad 3s]
Actionni13: checks
Teddycm: checks
*** TURN *** [7c Ad 3s] [3d]
Actionni13: checks
Teddycm: checks
*** RIVER *** [7c Ad 3s 3d] [Kc]
Actionni13: checks
Teddycm: checks
*** SHOW DOWN ***
Actionni13: shows [5s 8c] (a pair of Threes)
Teddycm: shows [Jc Qh] (a pair of Threes - Ace+King+Queen kicker)
Teddycm collected $11.76 from pot
*** SUMMARY ***
Total pot $12 | Rake $0.24
Board [7c Ad 3s 3d Kc]
Seat 1: Actionni13 (big blind) showed [5s 8c] and lost with a pair of Threes
Seat 6: Teddycm (button) (small blind) showed [Jc Qh] and won ($11.76) with a pair of Threes


PokerStars Hand #158829499826:  Hold'em Limit ($3/$6 USD) - 2016/09/19 17:11:52 ET
Table 'Atreus II' 6-max Seat #1 is the button
Seat 1: Actionni13 ($176.54 in chips)
Seat 6: Teddycm ($105.11 in chips)
Actionni13: posts small blind $1
Teddycm: posts big blind $3
*** HOLE CARDS ***
Actionni13: raises $3 to $6
Teddycm: calls $3
*** FLOP *** [3c 9d 5c]
Teddycm: checks
Actionni13: bets $3
Teddycm: raises $3 to $6
Actionni13: raises $3 to $9
Teddycm: calls $3
*** TURN *** [3c 9d 5c] [Qs]
Teddycm: checks
Actionni13: checks
*** RIVER *** [3c 9d 5c Qs] [9s]
Teddycm: bets $6
Actionni13: folds
Uncalled bet ($6) returned to Teddycm
Teddycm collected $29.50 from pot
Teddycm: doesn't show hand
*** SUMMARY ***
Total pot $30 | Rake $0.50
Board [3c 9d 5c Qs 9s]
Seat 1: Actionni13 (button) (small blind) folded on the River
Seat 6: Teddycm (big blind) collected ($29.50)


PokerStars Hand #158829556477:  Hold'em Limit ($3/$6 USD) - 2016/09/19 17:13:00 ET
Table 'Atreus II' 6-max Seat #1 is the button
Seat 1: Actionni13 ($167.18 in chips)
Seat 6: Teddycm ($113.37 in chips)
Actionni13: posts small blind $1
Teddycm: posts big blind $3
*** HOLE CARDS ***
Actionni13: folds
Uncalled bet ($2) returned to Teddycm
Teddycm collected $2 from pot
Teddycm: doesn't show hand
*** SUMMARY ***
Total pot $2 | Rake $0
Seat 1: Actionni13 (button) (small blind) folded before Flop
Seat 6: Teddycm (big blind) collected ($2)


PokerStars Hand #158829543435:  Hold'em Limit ($3/$6 USD) - 2016/09/19 17:12:44 ET
Table 'Atreus II' 6-max Seat #6 is the button
Seat 1: Actionni13 ($158.54 in chips)
Seat 6: Teddycm ($122.37 in chips)
Teddycm: posts small blind $1
Actionni13: posts big blind $3
*** HOLE CARDS ***
Teddycm: raises $3 to $6
Actionni13: calls $3
*** FLOP *** [8s Qh 2h]
Actionni13: checks
Teddycm: bets $3
Actionni13: calls $3
*** TURN *** [8s Qh 2h] [4d]
Actionni13: checks
Teddycm: checks
*** RIVER *** [8s Qh 2h 4d] [3s]
Actionni13: bets $6
Teddycm: folds
Uncalled bet ($6) returned to Actionni13
Actionni13 collected $17.64 from pot
Actionni13: doesn't show hand
*** SUMMARY ***
Total pot $18 | Rake $0.36
Board [8s Qh 2h 4d 3s]
Seat 1: Actionni13 (big blind) collected ($17.64)
Seat 6: Teddycm (button) (small blind) folded on the River


PokerStars Hand #158829574578:  Hold'em Limit ($3/$6 USD) - 2016/09/19 17:13:23 ET
Table 'Atreus II' 6-max Seat #6 is the button
Seat 1: Actionni13 ($153 in chips)
Seat 6: Teddycm ($128.87 in chips)
Teddycm: posts small blind $1
Actionni13: posts big blind $3
*** HOLE CARDS ***
Teddycm: raises $3 to $6
Actionni13: calls $3
*** FLOP *** [4h 9h 2c]
Actionni13: checks
Teddycm: checks
*** TURN *** [4h 9h 2c] [6c]
Actionni13: checks
Teddycm: checks
*** RIVER *** [4h 9h 2c 6c] [Ks]
Actionni13: bets $6
Teddycm: folds
Uncalled bet ($6) returned to Actionni13
Actionni13 collected $11.76 from pot
Actionni13: doesn't show hand
*** SUMMARY ***
Total pot $12 | Rake $0.24
Board [4h 9h 2c 6c Ks]
Seat 1: Actionni13 (big blind) collected ($11.76)
Seat 6: Teddycm (button) (small blind) folded on the River


PokerStars Hand #158829591912:  Hold'em Limit ($3/$6 USD) - 2016/09/19 17:13:43 ET
Table 'Atreus II' 6-max Seat #1 is the button
Seat 1: Actionni13 ($158.76 in chips)
Seat 6: Teddycm ($122.87 in chips)
Actionni13: posts small blind $1
Teddycm: posts big blind $3
*** HOLE CARDS ***
Actionni13: folds
Uncalled bet ($2) returned to Teddycm
Teddycm collected $2 from pot
Teddycm: doesn't show hand
*** SUMMARY ***
Total pot $2 | Rake $0
Seat 1: Actionni13 (button) (small blind) folded before Flop
Seat 6: Teddycm (big blind) collected ($2)


PokerStars Hand #158829570951:  Hold'em Limit ($3/$6 USD) - 2016/09/19 17:13:17 ET
Table 'Atreus II' 6-max Seat #1 is the button
Seat 1: Actionni13 ($150 in chips)
Seat 6: Teddycm ($131.87 in chips)
Actionni13: posts small blind $1
Teddycm: posts big blind $3
*** HOLE CARDS ***
Actionni13: raises $3 to $6
Teddycm: folds
Uncalled bet ($3) returned to Actionni13
Actionni13 collected $6 from pot
Actionni13: doesn't show hand
*** SUMMARY ***
Total pot $6 | Rake $0
Seat 1: Actionni13 (button) (small blind) collected ($6)
Seat 6: Teddycm (big blind) folded before Flop


PokerStars Hand #158829560199:  Hold'em Limit ($3/$6 USD) - 2016/09/19 17:13:04 ET
Table 'Atreus II' 6-max Seat #6 is the button
Seat 1: Actionni13 ($166.18 in chips)
Seat 6: Teddycm ($114.37 in chips)
Teddycm: posts small blind $1
Actionni13: posts big blind $3
*** HOLE CARDS ***
Teddycm: raises $3 to $6
Actionni13: calls $3
*** FLOP *** [5d 2h 9s]
Actionni13: checks
Teddycm: checks
*** TURN *** [5d 2h 9s] [5c]
Actionni13: bets $6
Teddycm: calls $6
*** RIVER *** [5d 2h 9s 5c] [4h]
Actionni13: bets $6
Teddycm: calls $6
*** SHOW DOWN ***
Actionni13: shows [8c 7h] (a pair of Fives)
Teddycm: shows [Tc Qd] (a pair of Fives - Queen kicker)
Teddycm collected $35.50 from pot
*** SUMMARY ***
Total pot $36 | Rake $0.50
Board [5d 2h 9s 5c 4h]
Seat 1: Actionni13 (big blind) showed [8c 7h] and lost with a pair of Fives
Seat 6: Teddycm (button) (small blind) showed [Tc Qd] and won ($35.50) with a pair of Fives


PokerStars Hand #158829631826:  Hold'em Limit ($3/$6 USD) - 2016/09/19 17:14:31 ET
Table 'Atreus II' 6-max Seat #1 is the button
Seat 1: Actionni13 ($175.26 in chips)
Seat 6: Teddycm ($105.87 in chips)
Actionni13: posts small blind $1
Teddycm: posts big blind $3
*** HOLE CARDS ***
Actionni13: folds
Uncalled bet ($2) returned to Teddycm
Teddycm collected $2 from pot
Teddycm: doesn't show hand
*** SUMMARY ***
Total pot $2 | Rake $0
Seat 1: Actionni13 (button) (small blind) folded before Flop
Seat 6: Teddycm (big blind) collected ($2)


PokerStars Hand #158829604002:  Hold'em Limit ($3/$6 USD) - 2016/09/19 17:13:58 ET
Table 'Atreus II' 6-max Seat #6 is the button
Seat 1: Actionni13 ($157.76 in chips)
Seat 6: Teddycm ($123.87 in chips)
Teddycm: posts small blind $1
Actionni13: posts big blind $3
*** HOLE CARDS ***
Teddycm: raises $3 to $6
Actionni13: raises $3 to $9
Teddycm: calls $3
*** FLOP *** [6d 8c 9h]
Actionni13: bets $3
Teddycm: calls $3
*** TURN *** [6d 8c 9h] [Ks]
Actionni13: bets $6
Teddycm: calls $6
*** RIVER *** [6d 8c 9h Ks] [3d]
Actionni13: bets $6
Teddycm: folds
Uncalled bet ($6) returned to Actionni13
Actionni13 collected $35.50 from pot
Actionni13: doesn't show hand
*** SUMMARY ***
Total pot $36 | Rake $0.50
Board [6d 8c 9h Ks 3d]
Seat 1: Actionni13 (big blind) collected ($35.50)
Seat 6: Teddycm (button) (small blind) folded on the River


PokerStars Hand #158829635546:  Hold'em Limit ($3/$6 USD) - 2016/09/19 17:14:36 ET
Table 'Atreus II' 6-max Seat #6 is the button
Seat 1: Actionni13 ($174.26 in chips)
Seat 6: Teddycm ($106.87 in chips)
Teddycm: posts small blind $1
Actionni13: posts big blind $3
*** HOLE CARDS ***
Teddycm: raises $3 to $6
Actionni13: calls $3
*** FLOP *** [9c Qd 3s]
Actionni13: bets $3
Teddycm: calls $3
*** TURN *** [9c Qd 3s] [Qh]
Actionni13: checks
Teddycm: bets $6
Actionni13: folds
Uncalled bet ($6) returned to Teddycm
Teddycm collected $17.64 from pot
Teddycm: doesn't show hand
*** SUMMARY ***
Total pot $18 | Rake $0.36
Board [9c Qd 3s Qh]
Seat 1: Actionni13 (big blind) folded on the Turn
Seat 6: Teddycm (button) (small blind) collected ($17.64)


PokerStars Hand #158829667717:  Hold'em Limit ($3/$6 USD) - 2016/09/19 17:15:15 ET
Table 'Atreus II' 6-max Seat #1 is the button
Seat 1: Actionni13 ($165.26 in chips)
Seat 6: Teddycm ($115.51 in chips)
Actionni13: posts small blind $1
Teddycm: posts big blind $3
*** HOLE CARDS ***
Actionni13: folds
Uncalled bet ($2) returned to Teddycm
Teddycm collected $2 from pot
Teddycm: doesn't show hand
*** SUMMARY ***
Total pot $2 | Rake $0
Seat 1: Actionni13 (button) (small blind) folded before Flop
Seat 6: Teddycm (big blind) collected ($2)


PokerStars Hand #158829671333:  Hold'em Limit ($3/$6 USD) - 2016/09/19 17:15:19 ET
Table 'Atreus II' 6-max Seat #6 is the button
Seat 1: Actionni13 ($164.26 in chips)
Seat 6: Teddycm ($116.51 in chips)
Teddycm: posts small blind $1
Actionni13: posts big blind $3
*** HOLE CARDS ***
Teddycm: raises $3 to $6
Actionni13: raises $3 to $9
Teddycm: calls $3
*** FLOP *** [2d 5c 5s]
Actionni13: bets $3
Teddycm: calls $3
*** TURN *** [2d 5c 5s] [6h]
Actionni13: bets $6
Teddycm: calls $6
*** RIVER *** [2d 5c 5s 6h] [Th]
Actionni13: checks
Teddycm: checks
*** SHOW DOWN ***
Actionni13: shows [4d Ad] (a pair of Fives)
Teddycm: mucks hand
Actionni13 collected $35.50 from pot
*** SUMMARY ***
Total pot $36 | Rake $0.50
Board [2d 5c 5s 6h Th]
Seat 1: Actionni13 (big blind) showed [4d Ad] and won ($35.50) with a pair of Fives
Seat 6: Teddycm (button) (small blind) mucked


PokerStars Hand #158829683951:  Hold'em Limit ($3/$6 USD) - 2016/09/19 17:15:34 ET
Table 'Atreus II' 6-max Seat #1 is the button
Seat 1: Actionni13 ($181.76 in chips)
Seat 6: Teddycm ($98.51 in chips)
Actionni13: posts small blind $1
Teddycm: posts big blind $3
*** HOLE CARDS ***
Actionni13: raises $3 to $6
Teddycm: calls $3
*** FLOP *** [2d 7d Qs]
Teddycm: checks
Actionni13: bets $3
Teddycm: calls $3
*** TURN *** [2d 7d Qs] [4h]
Teddycm: checks
Actionni13: bets $6
Teddycm: calls $6
*** RIVER *** [2d 7d Qs 4h] [2c]
Teddycm: checks
Actionni13: checks
*** SHOW DOWN ***
Teddycm: shows [Ah 3d] (a pair of Deuces)
Actionni13: shows [3s 3c] (two pair, Threes and Deuces)
Actionni13 collected $29.50 from pot
*** SUMMARY ***
Total pot $30 | Rake $0.50
Board [2d 7d Qs 4h 2c]
Seat 1: Actionni13 (button) (small blind) showed [3s 3c] and won ($29.50) with two pair, Threes and Deuces
Seat 6: Teddycm (big blind) showed [Ah 3d] and lost with a pair of Deuces


PokerStars Hand #158829713447:  Hold'em Limit ($3/$6 USD) - 2016/09/19 17:16:10 ET
Table 'Atreus II' 6-max Seat #1 is the button
Seat 1: Actionni13 ($204.90 in chips)
Seat 6: Teddycm ($74.51 in chips)
Actionni13: posts small blind $1
Teddycm: posts big blind $3
*** HOLE CARDS ***
Actionni13: raises $3 to $6
Teddycm: folds
Uncalled bet ($3) returned to Actionni13
Actionni13 collected $6 from pot
Actionni13: doesn't show hand
*** SUMMARY ***
Total pot $6 | Rake $0
Seat 1: Actionni13 (button) (small blind) collected ($6)
Seat 6: Teddycm (big blind) folded before Flop


PokerStars Hand #158829698889:  Hold'em Limit ($3/$6 USD) - 2016/09/19 17:15:52 ET
Table 'Atreus II' 6-max Seat #6 is the button
Seat 1: Actionni13 ($196.26 in chips)
Seat 6: Teddycm ($83.51 in chips)
Teddycm: posts small blind $1
Actionni13: posts big blind $3
*** HOLE CARDS ***
Teddycm: raises $3 to $6
Actionni13: calls $3
*** FLOP *** [6h 5c Js]
Actionni13: checks
Teddycm: bets $3
Actionni13: calls $3
*** TURN *** [6h 5c Js] [9s]
Actionni13: checks
Teddycm: checks
*** RIVER *** [6h 5c Js 9s] [7c]
Actionni13: bets $6
Teddycm: folds
Uncalled bet ($6) returned to Actionni13
Actionni13 collected $17.64 from pot
Actionni13: doesn't show hand
*** SUMMARY ***
Total pot $18 | Rake $0.36
Board [6h 5c Js 9s 7c]
Seat 1: Actionni13 (big blind) collected ($17.64)
Seat 6: Teddycm (button) (small blind) folded on the River


PokerStars Hand #158829717281:  Hold'em Limit ($3/$6 USD) - 2016/09/19 17:16:15 ET
Table 'Atreus II' 6-max Seat #6 is the button
Seat 1: Actionni13 ($207.90 in chips)
Seat 6: Teddycm ($71.51 in chips)
Teddycm: posts small blind $1
Actionni13: posts big blind $3
*** HOLE CARDS ***
Teddycm: folds
Uncalled bet ($2) returned to Actionni13
Actionni13 collected $2 from pot
Actionni13: doesn't show hand
*** SUMMARY ***
Total pot $2 | Rake $0
Seat 1: Actionni13 (big blind) collected ($2)
Seat 6: Teddycm (button) (small blind) folded before Flop


PokerStars Hand #158829720702:  Hold'em Limit ($3/$6 USD) - 2016/09/19 17:16:19 ET
Table 'Atreus II' 6-max Seat #1 is the button
Seat 1: Actionni13 ($208.90 in chips)
Seat 6: Teddycm ($70.51 in chips)
Actionni13: posts small blind $1
Teddycm: posts big blind $3
*** HOLE CARDS ***
Actionni13: raises $3 to $6
Teddycm: calls $3
*** FLOP *** [5h 6d 3d]
Teddycm: checks
Actionni13: bets $3
Teddycm: calls $3
*** TURN *** [5h 6d 3d] [4d]
Teddycm: bets $6
Actionni13: raises $6 to $12
Teddycm: folds
Uncalled bet ($6) returned to Actionni13
Actionni13 collected $29.50 from pot
Actionni13: doesn't show hand
*** SUMMARY ***
Total pot $30 | Rake $0.50
Board [5h 6d 3d 4d]
Seat 1: Actionni13 (button) (small blind) collected ($29.50)
Seat 6: Teddycm (big blind) folded on the Turn


PokerStars Hand #158829758980:  Hold'em Limit ($3/$6 USD) - 2016/09/19 17:16:57 ET
Table 'Atreus II' 6-max Seat #6 is the button
Seat 1: Actionni13 ($246.90 in chips)
Seat 6: Teddycm ($31.51 in chips)
popeluha joins the table at seat #5
Teddycm: posts small blind $1
Actionni13: posts big blind $3
*** HOLE CARDS ***
Teddycm: folds
Uncalled bet ($2) returned to Actionni13
Actionni13 collected $2 from pot
Actionni13: doesn't show hand
*** SUMMARY ***
Total pot $2 | Rake $0
Seat 1: Actionni13 (big blind) collected ($2)
Seat 6: Teddycm (button) (small blind) folded before Flop


PokerStars Hand #158829754187:  Hold'em Limit ($3/$6 USD) - 2016/09/19 17:16:51 ET
Table 'Atreus II' 6-max Seat #1 is the button
Seat 1: Actionni13 ($243.90 in chips)
Seat 6: Teddycm ($34.51 in chips)
Actionni13: posts small blind $1
Teddycm: posts big blind $3
*** HOLE CARDS ***
Actionni13: raises $3 to $6
Teddycm: folds
Uncalled bet ($3) returned to Actionni13
Actionni13 collected $6 from pot
Actionni13: doesn't show hand
*** SUMMARY ***
Total pot $6 | Rake $0
Seat 1: Actionni13 (button) (small blind) collected ($6)
Seat 6: Teddycm (big blind) folded before Flop


PokerStars Hand #158829733288:  Hold'em Limit ($3/$6 USD) - 2016/09/19 17:16:34 ET
Table 'Atreus II' 6-max Seat #6 is the button
Seat 1: Actionni13 ($223.40 in chips)
Seat 6: Teddycm ($55.51 in chips)
Teddycm: posts small blind $1
Actionni13: posts big blind $3
*** HOLE CARDS ***
Teddycm: raises $3 to $6
Actionni13: calls $3
*** FLOP *** [8s 4s 5s]
Actionni13: bets $3
Teddycm: calls $3
*** TURN *** [8s 4s 5s] [2c]
Actionni13: bets $6
Teddycm: calls $6
*** RIVER *** [8s 4s 5s 2c] [7d]
Actionni13: bets $6
Teddycm: calls $6
*** SHOW DOWN ***
Actionni13: shows [3s 6s] (a flush, Eight high)
Teddycm: mucks hand
Actionni13 collected $41.50 from pot
*** SUMMARY ***
Total pot $42 | Rake $0.50
Board [8s 4s 5s 2c 7d]
Seat 1: Actionni13 (big blind) showed [3s 6s] and won ($41.50) with a flush, Eight high
Seat 6: Teddycm (button) (small blind) mucked


PokerStars Hand #158834426498:  Hold'em Limit ($3/$6 USD) - 2016/09/19 19:07:10 ET
Table 'Atreus II' 6-max Seat #2 is the button
Seat 2: Libero_33 ($73.04 in chips)
Seat 3: happyshine88 ($131.50 in chips)
Libero_33: posts small blind $1
happyshine88: posts big blind $3
*** HOLE CARDS ***
Libero_33: calls $2
happyshine88: checks
*** FLOP *** [3h 6h Ah]
happyshine88: bets $3
Libero_33: calls $3
*** TURN *** [3h 6h Ah] [7h]
happyshine88: checks
Libero_33: checks
*** RIVER *** [3h 6h Ah 7h] [9s]
happyshine88: bets $6
Libero_33: raises $6 to $12
happyshine88: calls $6
*** SHOW DOWN ***
Libero_33: shows [As Kh] (a flush, Ace high)
happyshine88: mucks hand
Libero_33 collected $35.50 from pot
*** SUMMARY ***
Total pot $36 | Rake $0.50
Board [3h 6h Ah 7h 9s]
Seat 2: Libero_33 (button) (small blind) showed [As Kh] and won ($35.50) with a flush, Ace high
Seat 3: happyshine88 (big blind) mucked


PokerStars Hand #158834396220:  Hold'em Limit ($3/$6 USD) - 2016/09/19 19:06:21 ET
Table 'Atreus II' 6-max Seat #3 is the button
Seat 2: Libero_33 ($88.04 in chips)
Seat 3: happyshine88 ($117 in chips)
happyshine88: posts small blind $1
vestimokrec: is sitting out
Actionni13: is sitting out
Libero_33: posts big blind $3
*** HOLE CARDS ***
Actionni13 leaves the table
happyshine88: raises $3 to $6
vestimokrec leaves the table
Libero_33: calls $3
*** FLOP *** [6s Qd Qs]
Libero_33: checks
happyshine88: bets $3
Libero_33: calls $3
*** TURN *** [6s Qd Qs] [4d]
Libero_33: checks
happyshine88: bets $6
Libero_33: calls $6
*** RIVER *** [6s Qd Qs 4d] [7d]
Libero_33: checks
happyshine88: bets $6
Libero_33: folds
Uncalled bet ($6) returned to happyshine88
happyshine88 collected $29.50 from pot
happyshine88: doesn't show hand
*** SUMMARY ***
Total pot $30 | Rake $0.50
Board [6s Qd Qs 4d 7d]
Seat 2: Libero_33 (big blind) folded on the River
Seat 3: happyshine88 (button) (small blind) collected ($29.50)


PokerStars Hand #158834466400:  Hold'em Limit ($3/$6 USD) - 2016/09/19 19:08:15 ET
Table 'Atreus II' 6-max Seat #2 is the button
Seat 2: Libero_33 ($84.54 in chips)
Seat 3: happyshine88 ($119.26 in chips)
Libero_33: posts small blind $1
happyshine88: posts big blind $3
*** HOLE CARDS ***
Libero_33: calls $2
happyshine88: checks
*** FLOP *** [Js 9s 7d]
happyshine88: checks
Libero_33: checks
*** TURN *** [Js 9s 7d] [As]
happyshine88: checks
Libero_33: checks
*** RIVER *** [Js 9s 7d As] [Tc]
happyshine88: checks
Libero_33: checks
*** SHOW DOWN ***
happyshine88: shows [4s 9d] (a pair of Nines)
Libero_33: mucks hand
happyshine88 collected $5.88 from pot
*** SUMMARY ***
Total pot $6 | Rake $0.12
Board [Js 9s 7d As Tc]
Seat 2: Libero_33 (button) (small blind) mucked
Seat 3: happyshine88 (big blind) showed [4s 9d] and won ($5.88) with a pair of Nines


PokerStars Hand #158834449347:  Hold'em Limit ($3/$6 USD) - 2016/09/19 19:07:48 ET
Table 'Atreus II' 6-max Seat #3 is the button
Seat 2: Libero_33 ($90.54 in chips)
Seat 3: happyshine88 ($113.50 in chips)
happyshine88: posts small blind $1
Libero_33: posts big blind $3
*** HOLE CARDS ***
happyshine88: raises $3 to $6
Libero_33: calls $3
*** FLOP *** [6s 4c Qs]
Libero_33: checks
happyshine88: bets $3
Libero_33: folds
Uncalled bet ($3) returned to happyshine88
happyshine88 collected $11.76 from pot
happyshine88: doesn't show hand
*** SUMMARY ***
Total pot $12 | Rake $0.24
Board [6s 4c Qs]
Seat 2: Libero_33 (big blind) folded on the Flop
Seat 3: happyshine88 (button) (small blind) collected ($11.76)


