PokerStars Hand #160075975857:  Hold'em Limit ($3/$6 USD) - 2016/10/17 17:10:58 ET
Table 'Atria' 6-max Seat #6 is the button
Seat 4: xitrec123 ($182.96 in chips)
Seat 6: vestimokrec ($104.76 in chips)
vestimokrec: posts small blind $1
xitrec123: posts big blind $3
*** HOLE CARDS ***
vestimokrec: raises $3 to $6
xitrec123: calls $3
*** FLOP *** [5h 6h 9s]
xitrec123: checks
vestimokrec: checks
*** TURN *** [5h 6h 9s] [Ad]
xitrec123: checks
vestimokrec: bets $6
xitrec123: folds
Uncalled bet ($6) returned to vestimokrec
vestimokrec collected $11.76 from pot
vestimokrec: doesn't show hand
*** SUMMARY ***
Total pot $12 | Rake $0.24
Board [5h 6h 9s Ad]
Seat 4: xitrec123 (big blind) folded on the Turn
Seat 6: vestimokrec (button) (small blind) collected ($11.76)


PokerStars Hand #160075931630:  Hold'em Limit ($3/$6 USD) - 2016/10/17 17:10:06 ET
Table 'Atria' 6-max Seat #6 is the button
Seat 4: xitrec123 ($162.80 in chips)
Seat 6: vestimokrec ($125.76 in chips)
vestimokrec: posts small blind $1
xitrec123: posts big blind $3
*** HOLE CARDS ***
vestimokrec: raises $3 to $6
xitrec123: raises $3 to $9
vestimokrec: calls $3
*** FLOP *** [4c 5s Qs]
xitrec123: bets $3
vestimokrec: calls $3
*** TURN *** [4c 5s Qs] [3h]
xitrec123: checks
vestimokrec: checks
*** RIVER *** [4c 5s Qs 3h] [8h]
xitrec123: bets $6
vestimokrec: folds
Uncalled bet ($6) returned to xitrec123
xitrec123 collected $23.52 from pot
*** SUMMARY ***
Total pot $24 | Rake $0.48
Board [4c 5s Qs 3h 8h]
Seat 4: xitrec123 (big blind) collected ($23.52)
Seat 6: vestimokrec (button) (small blind) folded on the River


PokerStars Hand #160075949819:  Hold'em Limit ($3/$6 USD) - 2016/10/17 17:10:27 ET
Table 'Atria' 6-max Seat #4 is the button
Seat 4: xitrec123 ($174.32 in chips)
Seat 6: vestimokrec ($113.76 in chips)
xitrec123: posts small blind $1
vestimokrec: posts big blind $3
*** HOLE CARDS ***
xitrec123: calls $2
vestimokrec: checks
*** FLOP *** [Tc 4s 4d]
vestimokrec: checks
xitrec123: checks
*** TURN *** [Tc 4s 4d] [Ts]
vestimokrec: checks
xitrec123: bets $6
vestimokrec: calls $6
*** RIVER *** [Tc 4s 4d Ts] [3d]
vestimokrec: checks
xitrec123: bets $6
vestimokrec: folds
Uncalled bet ($6) returned to xitrec123
xitrec123 collected $17.64 from pot
*** SUMMARY ***
Total pot $18 | Rake $0.36
Board [Tc 4s 4d Ts 3d]
Seat 4: xitrec123 (button) (small blind) collected ($17.64)
Seat 6: vestimokrec (big blind) folded on the River


PokerStars Hand #160075986765:  Hold'em Limit ($3/$6 USD) - 2016/10/17 17:11:10 ET
Table 'Atria' 6-max Seat #4 is the button
Seat 4: xitrec123 ($176.96 in chips)
Seat 6: vestimokrec ($110.52 in chips)
xitrec123: posts small blind $1
vestimokrec: posts big blind $3
*** HOLE CARDS ***
xitrec123: raises $3 to $6
vestimokrec: calls $3
*** FLOP *** [2c 5d 6h]
vestimokrec: checks
xitrec123: bets $3
vestimokrec: calls $3
*** TURN *** [2c 5d 6h] [Jd]
vestimokrec: checks
xitrec123: bets $6
vestimokrec: calls $6
*** RIVER *** [2c 5d 6h Jd] [4d]
vestimokrec: checks
xitrec123: bets $6
vestimokrec: calls $6
*** SHOW DOWN ***
xitrec123: shows [Jc 3c] (a straight, Deuce to Six)
vestimokrec: mucks hand
xitrec123 collected $41.50 from pot
*** SUMMARY ***
Total pot $42 | Rake $0.50
Board [2c 5d 6h Jd 4d]
Seat 4: xitrec123 (button) (small blind) showed [Jc 3c] and won ($41.50) with a straight, Deuce to Six
Seat 6: vestimokrec (big blind) mucked


PokerStars Hand #160076050807:  Hold'em Limit ($3/$6 USD) - 2016/10/17 17:12:26 ET
Table 'Atria' 6-max Seat #4 is the button
Seat 4: xitrec123 ($173.46 in chips)
Seat 6: vestimokrec ($113.02 in chips)
xitrec123: posts small blind $1
vestimokrec: posts big blind $3
*** HOLE CARDS ***
xitrec123: raises $3 to $6
vestimokrec: calls $3
*** FLOP *** [9h 7s 9s]
vestimokrec: checks
xitrec123: checks
*** TURN *** [9h 7s 9s] [Jc]
vestimokrec: bets $6
xitrec123: folds
Uncalled bet ($6) returned to vestimokrec
vestimokrec collected $11.76 from pot
vestimokrec: doesn't show hand
*** SUMMARY ***
Total pot $12 | Rake $0.24
Board [9h 7s 9s Jc]
Seat 4: xitrec123 (button) (small blind) folded on the Turn
Seat 6: vestimokrec (big blind) collected ($11.76)


PokerStars Hand #160076006606:  Hold'em Limit ($3/$6 USD) - 2016/10/17 17:11:34 ET
Table 'Atria' 6-max Seat #6 is the button
Seat 4: xitrec123 ($197.46 in chips)
Seat 6: vestimokrec ($89.52 in chips)
vestimokrec: posts small blind $1
xitrec123: posts big blind $3
*** HOLE CARDS ***
vestimokrec: raises $3 to $6
xitrec123: raises $3 to $9
vestimokrec: calls $3
*** FLOP *** [4s 8c 2h]
xitrec123: bets $3
vestimokrec: calls $3
*** TURN *** [4s 8c 2h] [2d]
xitrec123: checks
vestimokrec: bets $6
xitrec123: calls $6
*** RIVER *** [4s 8c 2h 2d] [5h]
xitrec123: checks
vestimokrec: bets $6
xitrec123: calls $6
*** SHOW DOWN ***
vestimokrec: shows [5c 8d] (two pair, Eights and Fives)
xitrec123: mucks hand
vestimokrec collected $47.50 from pot
*** SUMMARY ***
Total pot $48 | Rake $0.50
Board [4s 8c 2h 2d 5h]
Seat 4: xitrec123 (big blind) mucked
Seat 6: vestimokrec (button) (small blind) showed [5c 8d] and won ($47.50) with two pair, Eights and Fives


PokerStars Hand #160076107198:  Hold'em Limit ($3/$6 USD) - 2016/10/17 17:13:32 ET
Table 'Atria' 6-max Seat #4 is the button
Seat 4: xitrec123 ($193.96 in chips)
Seat 6: vestimokrec ($91.78 in chips)
xitrec123: posts small blind $1
vestimokrec: posts big blind $3
*** HOLE CARDS ***
xitrec123: calls $2
vestimokrec: checks
*** FLOP *** [As Kc Jc]
vestimokrec: checks
xitrec123: checks
*** TURN *** [As Kc Jc] [8s]
vestimokrec: checks
xitrec123: bets $6
vestimokrec: calls $6
*** RIVER *** [As Kc Jc 8s] [7c]
vestimokrec: checks
xitrec123: checks
*** SHOW DOWN ***
vestimokrec: shows [8c 5s] (a pair of Eights)
xitrec123: shows [Qs Jh] (a pair of Jacks)
xitrec123 collected $17.64 from pot
*** SUMMARY ***
Total pot $18 | Rake $0.36
Board [As Kc Jc 8s 7c]
Seat 4: xitrec123 (button) (small blind) showed [Qs Jh] and won ($17.64) with a pair of Jacks
Seat 6: vestimokrec (big blind) showed [8c 5s] and lost with a pair of Eights


PokerStars Hand #160076532350:  Hold'em Limit ($3/$6 USD) - 2016/10/17 17:21:50 ET
Table 'Atria' 6-max Seat #2 is the button
Seat 2: ToDaFelt ($100.62 in chips)
Seat 4: crash19867 ($62.64 in chips)
stefan76175 will be allowed to play after the button
ToDaFelt: posts small blind $1
crash19867: posts big blind $3
*** HOLE CARDS ***
ToDaFelt: raises $3 to $6
crash19867: folds
Uncalled bet ($3) returned to ToDaFelt
ToDaFelt collected $6 from pot
ToDaFelt: doesn't show hand
*** SUMMARY ***
Total pot $6 | Rake $0
Seat 2: ToDaFelt (button) (small blind) collected ($6)
Seat 4: crash19867 (big blind) folded before Flop


PokerStars Hand #160076572125:  Hold'em Limit ($3/$6 USD) - 2016/10/17 17:22:29 ET
Table 'Atria' 6-max Seat #4 is the button
Seat 4: crash19867 ($64.40 in chips)
Seat 6: stefan76175 ($115 in chips)
crash19867: posts small blind $1
stefan76175: posts big blind $3
*** HOLE CARDS ***
crash19867: folds
Uncalled bet ($2) returned to stefan76175
stefan76175 collected $2 from pot
stefan76175: doesn't show hand
*** SUMMARY ***
Total pot $2 | Rake $0
Seat 4: crash19867 (button) (small blind) folded before Flop
Seat 6: stefan76175 (big blind) collected ($2)


PokerStars Hand #160076554563:  Hold'em Limit ($3/$6 USD) - 2016/10/17 17:22:12 ET
Table 'Atria' 6-max Seat #6 is the button
Seat 4: crash19867 ($58.64 in chips)
Seat 6: stefan76175 ($121 in chips)
stefan76175: posts small blind $1
ToDaFelt: is sitting out
crash19867: posts big blind $3
*** HOLE CARDS ***
stefan76175: calls $2
crash19867: checks
*** FLOP *** [2s Ac Ks]
crash19867: bets $3
stefan76175: calls $3
*** TURN *** [2s Ac Ks] [7s]
crash19867: checks
stefan76175: checks
*** RIVER *** [2s Ac Ks 7s] [3h]
crash19867: checks
stefan76175: checks
*** SHOW DOWN ***
crash19867: shows [5s 5h] (a pair of Fives)
stefan76175: mucks hand
crash19867 collected $11.76 from pot
*** SUMMARY ***
Total pot $12 | Rake $0.24
Board [2s Ac Ks 7s 3h]
Seat 4: crash19867 (big blind) showed [5s 5h] and won ($11.76) with a pair of Fives
Seat 6: stefan76175 (button) (small blind) mucked


PokerStars Hand #160079490756:  Hold'em Limit ($3/$6 USD) - 2016/10/17 18:23:42 ET
Table 'Atria' 6-max Seat #1 is the button
Seat 1: charlys65 ($13 in chips)
Seat 6: RaisemyNut$ ($239.53 in chips)
charlys65: posts small blind $1
RaisemyNut$: posts big blind $3
*** HOLE CARDS ***
charlys65: raises $3 to $6
RaisemyNut$: calls $3
*** FLOP *** [Jh Kc 6d]
RaisemyNut$: checks
charlys65: bets $3
RaisemyNut$: raises $3 to $6
charlys65: raises $1 to $7 and is all-in
RaisemyNut$: calls $1
*** TURN *** [Jh Kc 6d] [Ac]
*** RIVER *** [Jh Kc 6d Ac] [5d]
*** SHOW DOWN ***
RaisemyNut$: shows [8c 9c] (high card Ace)
charlys65: shows [Qs Js] (a pair of Jacks)
charlys65 collected $25.50 from pot
*** SUMMARY ***
Total pot $26 | Rake $0.50
Board [Jh Kc 6d Ac 5d]
Seat 1: charlys65 (button) (small blind) showed [Qs Js] and won ($25.50) with a pair of Jacks
Seat 6: RaisemyNut$ (big blind) showed [8c 9c] and lost with high card Ace


PokerStars Hand #160079486724:  Hold'em Limit ($3/$6 USD) - 2016/10/17 18:23:36 ET
Table 'Atria' 6-max Seat #6 is the button
Seat 1: charlys65 ($12 in chips)
Seat 6: RaisemyNut$ ($240.53 in chips)
RaisemyNut$: posts small blind $1
charlys65: posts big blind $3
*** HOLE CARDS ***
RaisemyNut$: folds
Uncalled bet ($2) returned to charlys65
charlys65 collected $2 from pot
charlys65: doesn't show hand
*** SUMMARY ***
Total pot $2 | Rake $0
Seat 1: charlys65 (big blind) collected ($2)
Seat 6: RaisemyNut$ (button) (small blind) folded before Flop


PokerStars Hand #160079481623:  Hold'em Limit ($3/$6 USD) - 2016/10/17 18:23:29 ET
Table 'Atria' 6-max Seat #1 is the button
Seat 1: charlys65 ($9 in chips)
Seat 6: RaisemyNut$ ($243.53 in chips)
charlys65: posts small blind $1
ToDaFelt: is sitting out
RaisemyNut$: posts big blind $3
*** HOLE CARDS ***
cheeestar198 leaves the table
charlys65: raises $3 to $6
ToDaFelt leaves the table
crash19867 leaves the table
RaisemyNut$: folds
Uncalled bet ($3) returned to charlys65
charlys65 collected $6 from pot
charlys65: doesn't show hand
vestimokrec leaves the table
*** SUMMARY ***
Total pot $6 | Rake $0
Seat 1: charlys65 (button) (small blind) collected ($6)
Seat 6: RaisemyNut$ (big blind) folded before Flop


PokerStars Hand #160079531920:  Hold'em Limit ($3/$6 USD) - 2016/10/17 18:24:40 ET
Table 'Atria' 6-max Seat #1 is the button
Seat 1: charlys65 ($50.50 in chips)
Seat 6: RaisemyNut$ ($201.03 in chips)
charlys65: posts small blind $1
RaisemyNut$: posts big blind $3
*** HOLE CARDS ***
charlys65: folds
Uncalled bet ($2) returned to RaisemyNut$
charlys65 leaves the table
RaisemyNut$ collected $2 from pot
RaisemyNut$: doesn't show hand
*** SUMMARY ***
Total pot $2 | Rake $0
Seat 1: charlys65 (button) (small blind) folded before Flop
Seat 6: RaisemyNut$ (big blind) collected ($2)


PokerStars Hand #160079512132:  Hold'em Limit ($3/$6 USD) - 2016/10/17 18:24:12 ET
Table 'Atria' 6-max Seat #6 is the button
Seat 1: charlys65 ($25.50 in chips)
Seat 6: RaisemyNut$ ($226.53 in chips)
RaisemyNut$: posts small blind $1
charlys65: posts big blind $3
*** HOLE CARDS ***
RaisemyNut$: raises $3 to $6
charlys65: calls $3
*** FLOP *** [Ad Qs 8c]
charlys65: checks
RaisemyNut$: bets $3
charlys65: calls $3
*** TURN *** [Ad Qs 8c] [Kd]
charlys65: checks
RaisemyNut$: bets $6
charlys65: raises $6 to $12
RaisemyNut$: calls $6
*** RIVER *** [Ad Qs 8c Kd] [9h]
charlys65: bets $4.50 and is all-in
RaisemyNut$: calls $4.50
*** SHOW DOWN ***
charlys65: shows [Td Jc] (a straight, Ten to Ace)
RaisemyNut$: shows [4c Ac] (a pair of Aces)
charlys65 collected $50.50 from pot
*** SUMMARY ***
Total pot $51 | Rake $0.50
Board [Ad Qs 8c Kd 9h]
Seat 1: charlys65 (big blind) showed [Td Jc] and won ($50.50) with a straight, Ten to Ace
Seat 6: RaisemyNut$ (button) (small blind) showed [4c Ac] and lost with a pair of Aces


PokerStars Hand #160079547400:  Hold'em Limit ($3/$6 USD) - 2016/10/17 18:25:03 ET
Table 'Atria' 6-max Seat #6 is the button
Seat 3: Zenden28 ($32.49 in chips)
Seat 6: RaisemyNut$ ($202.03 in chips)
RaisemyNut$: posts small blind $1
Zenden28: posts big blind $3
*** HOLE CARDS ***
RaisemyNut$: raises $3 to $6
Zenden28: calls $3
*** FLOP *** [8s Jh 7h]
Zenden28: bets $3
RaisemyNut$: calls $3
*** TURN *** [8s Jh 7h] [6s]
Zenden28: bets $6
RaisemyNut$: calls $6
*** RIVER *** [8s Jh 7h 6s] [4c]
Zenden28: bets $6
RaisemyNut$: calls $6
*** SHOW DOWN ***
Zenden28: shows [Qd Ts] (high card Queen)
RaisemyNut$: shows [Ah 8d] (a pair of Eights)
RaisemyNut$ collected $41.50 from pot
*** SUMMARY ***
Total pot $42 | Rake $0.50
Board [8s Jh 7h 6s 4c]
Seat 3: Zenden28 (big blind) showed [Qd Ts] and lost with high card Queen
Seat 6: RaisemyNut$ (button) (small blind) showed [Ah 8d] and won ($41.50) with a pair of Eights


PokerStars Hand #160079581230:  Hold'em Limit ($3/$6 USD) - 2016/10/17 18:25:51 ET
Table 'Atria' 6-max Seat #3 is the button
Seat 3: Zenden28 ($11.49 in chips)
Seat 6: RaisemyNut$ ($222.53 in chips)
Zenden28: posts small blind $1
RaisemyNut$: posts big blind $3
*** HOLE CARDS ***
Zenden28: raises $3 to $6
RaisemyNut$: calls $3
*** FLOP *** [Js Ks 5h]
RaisemyNut$: checks
Zenden28: bets $3
RaisemyNut$: folds
Uncalled bet ($3) returned to Zenden28
Zenden28 collected $11.76 from pot
Zenden28: doesn't show hand
*** SUMMARY ***
Total pot $12 | Rake $0.24
Board [Js Ks 5h]
Seat 3: Zenden28 (button) (small blind) collected ($11.76)
Seat 6: RaisemyNut$ (big blind) folded on the Flop


PokerStars Hand #160079627646:  Hold'em Limit ($3/$6 USD) - 2016/10/17 18:26:57 ET
Table 'Atria' 6-max Seat #3 is the button
Seat 3: Zenden28 ($7.25 in chips)
Seat 6: RaisemyNut$ ($226.29 in chips)
Zenden28: posts small blind $1
RaisemyNut$: posts big blind $3
*** HOLE CARDS ***
Zenden28: raises $3 to $6
RaisemyNut$: calls $3
*** FLOP *** [Qs 9d As]
RaisemyNut$: checks
Zenden28: bets $1.25 and is all-in
RaisemyNut$: calls $1.25
*** TURN *** [Qs 9d As] [Kh]
*** RIVER *** [Qs 9d As Kh] [2c]
*** SHOW DOWN ***
RaisemyNut$: shows [5s Kd] (a pair of Kings)
Zenden28: shows [4s 3s] (high card Ace)
RaisemyNut$ collected $14.21 from pot
*** SUMMARY ***
Total pot $14.50 | Rake $0.29
Board [Qs 9d As Kh 2c]
Seat 3: Zenden28 (button) (small blind) showed [4s 3s] and lost with high card Ace
Seat 6: RaisemyNut$ (big blind) showed [5s Kd] and won ($14.21) with a pair of Kings


PokerStars Hand #160079618277:  Hold'em Limit ($3/$6 USD) - 2016/10/17 18:26:44 ET
Table 'Atria' 6-max Seat #3 is the button
Seat 3: Zenden28 ($11.25 in chips)
Seat 6: RaisemyNut$ ($222.29 in chips)
Zenden28: posts small blind $1
RaisemyNut$: posts big blind $3
*** HOLE CARDS ***
Zenden28: folds
Uncalled bet ($2) returned to RaisemyNut$
RaisemyNut$ collected $2 from pot
RaisemyNut$: doesn't show hand
*** SUMMARY ***
Total pot $2 | Rake $0
Seat 3: Zenden28 (button) (small blind) folded before Flop
Seat 6: RaisemyNut$ (big blind) collected ($2)


PokerStars Hand #160079606916:  Hold'em Limit ($3/$6 USD) - 2016/10/17 18:26:28 ET
Table 'Atria' 6-max Seat #6 is the button
Seat 3: Zenden28 ($17.25 in chips)
Seat 6: RaisemyNut$ ($216.53 in chips)
RaisemyNut$: posts small blind $1
Zenden28: posts big blind $3
*** HOLE CARDS ***
RaisemyNut$: raises $3 to $6
Zenden28: calls $3
*** FLOP *** [6c Qd Qh]
Zenden28: checks
RaisemyNut$: bets $3
Zenden28: folds
Uncalled bet ($3) returned to RaisemyNut$
RaisemyNut$ collected $11.76 from pot
RaisemyNut$: doesn't show hand
*** SUMMARY ***
Total pot $12 | Rake $0.24
Board [6c Qd Qh]
Seat 3: Zenden28 (big blind) folded on the Flop
Seat 6: RaisemyNut$ (button) (small blind) collected ($11.76)


PokerStars Hand #160079621881:  Hold'em Limit ($3/$6 USD) - 2016/10/17 18:26:49 ET
Table 'Atria' 6-max Seat #6 is the button
Seat 3: Zenden28 ($10.25 in chips)
Seat 6: RaisemyNut$ ($223.29 in chips)
RaisemyNut$: posts small blind $1
Zenden28: posts big blind $3
*** HOLE CARDS ***
RaisemyNut$: raises $3 to $6
Zenden28: folds
Uncalled bet ($3) returned to RaisemyNut$
RaisemyNut$ collected $6 from pot
RaisemyNut$: doesn't show hand
*** SUMMARY ***
Total pot $6 | Rake $0
Seat 3: Zenden28 (big blind) folded before Flop
Seat 6: RaisemyNut$ (button) (small blind) collected ($6)


