PokerStars Hand #173537024713:  Hold'em Limit ($3/$6 USD) - 2017/07/26 12:31:24 ET
Table 'Atria II' 6-max Seat #3 is the button
Seat 3: uglyghost101 ($120 in chips)
Seat 4: B_loJkl ($150 in chips)
uglyghost101: posts small blind $1
B_loJkl: posts big blind $3
*** HOLE CARDS ***
uglyghost101: raises $3 to $6
B_loJkl: folds
Uncalled bet ($3) returned to uglyghost101
uglyghost101 collected $6 from pot
uglyghost101: doesn't show hand
*** SUMMARY ***
Total pot $6 | Rake $0
Seat 3: uglyghost101 (button) (small blind) collected ($6)
Seat 4: B_loJkl (big blind) folded before Flop


PokerStars Hand #173537032025:  Hold'em Limit ($3/$6 USD) - 2017/07/26 12:31:36 ET
Table 'Atria II' 6-max Seat #4 is the button
Seat 3: uglyghost101 ($123 in chips)
Seat 4: B_loJkl ($147 in chips)
B_loJkl: posts small blind $1
uglyghost101: posts big blind $3
*** HOLE CARDS ***
B_loJkl: raises $3 to $6
uglyghost101: calls $3
*** FLOP *** [2h Jc 5h]
uglyghost101: checks
B_loJkl: bets $3
uglyghost101: calls $3
*** TURN *** [2h Jc 5h] [4h]
uglyghost101: checks
B_loJkl: bets $6
uglyghost101: calls $6
*** RIVER *** [2h Jc 5h 4h] [4c]
uglyghost101: checks
B_loJkl: checks
*** SHOW DOWN ***
uglyghost101: shows [Kh Qs] (a pair of Fours)
B_loJkl: shows [As Qh] (a pair of Fours - Ace kicker)
B_loJkl collected $29.50 from pot
*** SUMMARY ***
Total pot $30 | Rake $0.50
Board [2h Jc 5h 4h 4c]
Seat 3: uglyghost101 (big blind) showed [Kh Qs] and lost with a pair of Fours
Seat 4: B_loJkl (button) (small blind) showed [As Qh] and won ($29.50) with a pair of Fours


PokerStars Hand #173537054946:  Hold'em Limit ($3/$6 USD) - 2017/07/26 12:32:11 ET
Table 'Atria II' 6-max Seat #3 is the button
Seat 3: uglyghost101 ($108 in chips)
Seat 4: B_loJkl ($161.50 in chips)
uglyghost101: posts small blind $1
B_loJkl: posts big blind $3
GoliafUa leaves the table
*** HOLE CARDS ***
uglyghost101: raises $3 to $6
B_loJkl: calls $3
*** FLOP *** [Ad 5c 6d]
B_loJkl: checks
uglyghost101: bets $3
B_loJkl: calls $3
*** TURN *** [Ad 5c 6d] [6h]
B_loJkl: checks
uglyghost101: checks
*** RIVER *** [Ad 5c 6d 6h] [8c]
B_loJkl: checks
uglyghost101: checks
*** SHOW DOWN ***
B_loJkl: shows [Qh 9s] (a pair of Sixes)
uglyghost101: mucks hand
B_loJkl collected $17.64 from pot
*** SUMMARY ***
Total pot $18 | Rake $0.36
Board [Ad 5c 6d 6h 8c]
Seat 3: uglyghost101 (button) (small blind) mucked
Seat 4: B_loJkl (big blind) showed [Qh 9s] and won ($17.64) with a pair of Sixes


PokerStars Hand #173537089324:  Hold'em Limit ($3/$6 USD) - 2017/07/26 12:33:04 ET
Table 'Atria II' 6-max Seat #3 is the button
Seat 3: uglyghost101 ($122.50 in chips)
Seat 4: B_loJkl ($146.14 in chips)
uglyghost101: posts small blind $1
B_loJkl: posts big blind $3
*** HOLE CARDS ***
uglyghost101: calls $2
B_loJkl: checks
*** FLOP *** [5h Js Jc]
B_loJkl: checks
uglyghost101: checks
*** TURN *** [5h Js Jc] [Td]
B_loJkl: bets $6
uglyghost101: calls $6
*** RIVER *** [5h Js Jc Td] [2s]
B_loJkl: bets $6
uglyghost101: raises $6 to $12
B_loJkl: folds
Uncalled bet ($6) returned to uglyghost101
uglyghost101 collected $29.50 from pot
uglyghost101: doesn't show hand
*** SUMMARY ***
Total pot $30 | Rake $0.50
Board [5h Js Jc Td 2s]
Seat 3: uglyghost101 (button) (small blind) collected ($29.50)
Seat 4: B_loJkl (big blind) folded on the River


PokerStars Hand #173537074028:  Hold'em Limit ($3/$6 USD) - 2017/07/26 12:32:41 ET
Table 'Atria II' 6-max Seat #4 is the button
Seat 3: uglyghost101 ($99 in chips)
Seat 4: B_loJkl ($170.14 in chips)
B_loJkl: posts small blind $1
uglyghost101: posts big blind $3
*** HOLE CARDS ***
B_loJkl: raises $3 to $6
uglyghost101: calls $3
*** FLOP *** [6c 9d 8s]
uglyghost101: checks
B_loJkl: bets $3
uglyghost101: raises $3 to $6
B_loJkl: calls $3
*** TURN *** [6c 9d 8s] [3h]
uglyghost101: bets $6
B_loJkl: calls $6
*** RIVER *** [6c 9d 8s 3h] [3s]
uglyghost101: bets $6
B_loJkl: calls $6
*** SHOW DOWN ***
uglyghost101: shows [9h Jd] (two pair, Nines and Threes)
B_loJkl: mucks hand
uglyghost101 collected $47.50 from pot
*** SUMMARY ***
Total pot $48 | Rake $0.50
Board [6c 9d 8s 3h 3s]
Seat 3: uglyghost101 (big blind) showed [9h Jd] and won ($47.50) with two pair, Nines and Threes
Seat 4: B_loJkl (button) (small blind) mucked


