PokerStars Hand #161219600825:  Hold'em Limit ($3/$6 USD) - 2016/11/10 22:17:01 ET
Table 'Atropos' 6-max Seat #5 is the button
Seat 4: kollelguy ($66.46 in chips)
Seat 5: jackRizzar ($261.24 in chips)
jackRizzar: posts small blind $1
pompier40: is sitting out
kollelguy: posts big blind $3
*** HOLE CARDS ***
jackRizzar: raises $3 to $6
pompier40 leaves the table
kollelguy: folds
Uncalled bet ($3) returned to jackRizzar
jackRizzar collected $6 from pot
jackRizzar: doesn't show hand
*** SUMMARY ***
Total pot $6 | Rake $0
Seat 4: kollelguy (big blind) folded before Flop
Seat 5: jackRizzar (button) (small blind) collected ($6)


PokerStars Hand #161219612827:  Hold'em Limit ($3/$6 USD) - 2016/11/10 22:17:35 ET
Table 'Atropos' 6-max Seat #5 is the button
Seat 4: kollelguy ($69.22 in chips)
Seat 5: jackRizzar ($258.24 in chips)
jackRizzar: posts small blind $1
kollelguy: posts big blind $3
*** HOLE CARDS ***
jackRizzar: raises $3 to $6
kollelguy: calls $3
*** FLOP *** [7c Qh Kc]
kollelguy: checks
jackRizzar: bets $3
kollelguy: folds
Uncalled bet ($3) returned to jackRizzar
jackRizzar collected $11.76 from pot
jackRizzar: doesn't show hand
*** SUMMARY ***
Total pot $12 | Rake $0.24
Board [7c Qh Kc]
Seat 4: kollelguy (big blind) folded on the Flop
Seat 5: jackRizzar (button) (small blind) collected ($11.76)


PokerStars Hand #161219604441:  Hold'em Limit ($3/$6 USD) - 2016/11/10 22:17:12 ET
Table 'Atropos' 6-max Seat #4 is the button
Seat 4: kollelguy ($63.46 in chips)
Seat 5: jackRizzar ($264.24 in chips)
kollelguy: posts small blind $1
jackRizzar: posts big blind $3
*** HOLE CARDS ***
kollelguy: raises $3 to $6
jackRizzar: calls $3
*** FLOP *** [Jh Ks 4c]
jackRizzar: checks
kollelguy: bets $3
jackRizzar: folds
Uncalled bet ($3) returned to kollelguy
kollelguy collected $11.76 from pot
kollelguy: doesn't show hand
*** SUMMARY ***
Total pot $12 | Rake $0.24
Board [Jh Ks 4c]
Seat 4: kollelguy (button) (small blind) collected ($11.76)
Seat 5: jackRizzar (big blind) folded on the Flop


PokerStars Hand #161220278542:  Hold'em Limit ($3/$6 USD) - 2016/11/10 22:49:50 ET
Table 'Atropos' 6-max Seat #6 is the button
Seat 3: pompier40 ($120 in chips)
Seat 6: inforitall30 ($46.94 in chips)
inforitall30: posts small blind $1
pompier40: posts big blind $3
*** HOLE CARDS ***
inforitall30: calls $2
pompier40: raises $3 to $6
inforitall30: calls $3
*** FLOP *** [Ac Jd 8h]
pompier40: bets $3
inforitall30: calls $3
*** TURN *** [Ac Jd 8h] [5s]
pompier40: bets $6
inforitall30: calls $6
*** RIVER *** [Ac Jd 8h 5s] [5h]
pompier40: bets $6
inforitall30: calls $6
*** SHOW DOWN ***
pompier40: shows [6c 6h] (two pair, Sixes and Fives)
inforitall30: shows [Ts 8c] (two pair, Eights and Fives)
inforitall30 collected $41.50 from pot
*** SUMMARY ***
Total pot $42 | Rake $0.50
Board [Ac Jd 8h 5s 5h]
Seat 3: pompier40 (big blind) showed [6c 6h] and lost with two pair, Sixes and Fives
Seat 6: inforitall30 (button) (small blind) showed [Ts 8c] and won ($41.50) with two pair, Eights and Fives


PokerStars Hand #161220287169:  Hold'em Limit ($3/$6 USD) - 2016/11/10 22:50:17 ET
Table 'Atropos' 6-max Seat #3 is the button
Seat 3: pompier40 ($99 in chips)
Seat 6: inforitall30 ($67.44 in chips)
pompier40: posts small blind $1
inforitall30: posts big blind $3
*** HOLE CARDS ***
pompier40: folds
Uncalled bet ($2) returned to inforitall30
inforitall30 collected $2 from pot
inforitall30: doesn't show hand
*** SUMMARY ***
Total pot $2 | Rake $0
Seat 3: pompier40 (button) (small blind) folded before Flop
Seat 6: inforitall30 (big blind) collected ($2)


PokerStars Hand #161220289183:  Hold'em Limit ($3/$6 USD) - 2016/11/10 22:50:23 ET
Table 'Atropos' 6-max Seat #6 is the button
Seat 3: pompier40 ($98 in chips)
Seat 6: inforitall30 ($68.44 in chips)
inforitall30: posts small blind $1
pompier40: posts big blind $3
*** HOLE CARDS ***
inforitall30: raises $3 to $6
pompier40: raises $3 to $9
inforitall30: calls $3
*** FLOP *** [Kc Jc 6c]
pompier40: bets $3
inforitall30: folds
Uncalled bet ($3) returned to pompier40
pompier40 collected $17.64 from pot
*** SUMMARY ***
Total pot $18 | Rake $0.36
Board [Kc Jc 6c]
Seat 3: pompier40 (big blind) collected ($17.64)
Seat 6: inforitall30 (button) (small blind) folded on the Flop


PokerStars Hand #161220312978:  Hold'em Limit ($3/$6 USD) - 2016/11/10 22:51:38 ET
Table 'Atropos' 6-max Seat #3 is the button
Seat 3: pompier40 ($136.66 in chips)
Seat 6: inforitall30 ($28.32 in chips)
pompier40: posts small blind $1
inforitall30: posts big blind $3
*** HOLE CARDS ***
pompier40: folds
Uncalled bet ($2) returned to inforitall30
inforitall30 collected $2 from pot
inforitall30: doesn't show hand
*** SUMMARY ***
Total pot $2 | Rake $0
Seat 3: pompier40 (button) (small blind) folded before Flop
Seat 6: inforitall30 (big blind) collected ($2)


PokerStars Hand #161220308216:  Hold'em Limit ($3/$6 USD) - 2016/11/10 22:51:23 ET
Table 'Atropos' 6-max Seat #6 is the button
Seat 3: pompier40 ($139.66 in chips)
Seat 6: inforitall30 ($25.44 in chips)
inforitall30: posts small blind $1
pompier40: posts big blind $3
*** HOLE CARDS ***
inforitall30: calls $2
pompier40: checks
*** FLOP *** [Jc 3h Ks]
pompier40: checks
inforitall30: bets $3
pompier40: folds
Uncalled bet ($3) returned to inforitall30
inforitall30 collected $5.88 from pot
inforitall30: doesn't show hand
*** SUMMARY ***
Total pot $6 | Rake $0.12
Board [Jc 3h Ks]
Seat 3: pompier40 (big blind) folded on the Flop
Seat 6: inforitall30 (button) (small blind) collected ($5.88)


PokerStars Hand #161220300761:  Hold'em Limit ($3/$6 USD) - 2016/11/10 22:51:00 ET
Table 'Atropos' 6-max Seat #6 is the button
Seat 3: pompier40 ($127.14 in chips)
Seat 6: inforitall30 ($38.44 in chips)
inforitall30: posts small blind $1
pompier40: posts big blind $3
*** HOLE CARDS ***
inforitall30: folds
Uncalled bet ($2) returned to pompier40
pompier40 collected $2 from pot
*** SUMMARY ***
Total pot $2 | Rake $0
Seat 3: pompier40 (big blind) collected ($2)
Seat 6: inforitall30 (button) (small blind) folded before Flop


PokerStars Hand #161220293293:  Hold'em Limit ($3/$6 USD) - 2016/11/10 22:50:36 ET
Table 'Atropos' 6-max Seat #3 is the button
Seat 3: pompier40 ($106.64 in chips)
Seat 6: inforitall30 ($59.44 in chips)
pompier40: posts small blind $1
inforitall30: posts big blind $3
*** HOLE CARDS ***
pompier40: raises $3 to $6
inforitall30: raises $3 to $9
pompier40: raises $3 to $12
Betting is capped
inforitall30: calls $3
*** FLOP *** [Kd 4d 3s]
inforitall30: bets $3
pompier40: calls $3
*** TURN *** [Kd 4d 3s] [5d]
inforitall30: bets $6
pompier40: raises $6 to $12
inforitall30: folds
Uncalled bet ($6) returned to pompier40
pompier40 collected $41.50 from pot
*** SUMMARY ***
Total pot $42 | Rake $0.50
Board [Kd 4d 3s 5d]
Seat 3: pompier40 (button) (small blind) collected ($41.50)
Seat 6: inforitall30 (big blind) folded on the Turn


PokerStars Hand #161220302283:  Hold'em Limit ($3/$6 USD) - 2016/11/10 22:51:05 ET
Table 'Atropos' 6-max Seat #3 is the button
Seat 3: pompier40 ($128.14 in chips)
Seat 6: inforitall30 ($37.44 in chips)
pompier40: posts small blind $1
inforitall30: posts big blind $3
*** HOLE CARDS ***
pompier40: raises $3 to $6
inforitall30: calls $3
*** FLOP *** [5h 6d 3s]
inforitall30: bets $3
pompier40: raises $3 to $6
inforitall30: calls $3
*** TURN *** [5h 6d 3s] [5s]
inforitall30: checks
pompier40: bets $6
inforitall30: folds
Uncalled bet ($6) returned to pompier40
pompier40 collected $23.52 from pot
*** SUMMARY ***
Total pot $24 | Rake $0.48
Board [5h 6d 3s 5s]
Seat 3: pompier40 (button) (small blind) collected ($23.52)
Seat 6: inforitall30 (big blind) folded on the Turn


