PokerStars Hand #173879020494:  Hold'em Limit ($3/$6 USD) - 2017/08/03 15:04:29 ET
Table 'Atropos' 6-max Seat #2 is the button
Seat 1: belik555 ($91.38 in chips)
Seat 2: Zubasa07 ($297 in chips)
Zubasa07: posts small blind $1
belik555: posts big blind $3
*** HOLE CARDS ***
Zubasa07: raises $3 to $6
belik555: calls $3
*** FLOP *** [Ah 6d Ks]
belik555: checks
Zubasa07: bets $3
belik555: calls $3
*** TURN *** [Ah 6d Ks] [Ad]
belik555: checks
Zubasa07: bets $6
belik555: calls $6
*** RIVER *** [Ah 6d Ks Ad] [6c]
belik555: checks
Zubasa07: bets $6
belik555: folds
Uncalled bet ($6) returned to Zubasa07
Zubasa07 collected $29.50 from pot
Zubasa07: doesn't show hand
*** SUMMARY ***
Total pot $30 | Rake $0.50
Board [Ah 6d Ks Ad 6c]
Seat 1: belik555 (big blind) folded on the River
Seat 2: Zubasa07 (button) (small blind) collected ($29.50)


PokerStars Hand #173879094393:  Hold'em Limit ($3/$6 USD) - 2017/08/03 15:06:13 ET
Table 'Atropos' 6-max Seat #1 is the button
Seat 1: belik555 ($90 in chips)
Seat 2: Zubasa07 ($311.50 in chips)
belik555: posts small blind $1
Zubasa07: posts big blind $3
*** HOLE CARDS ***
belik555: raises $3 to $6
Zubasa07: calls $3
*** FLOP *** [Ad 2c Jd]
Zubasa07: checks
belik555: checks
*** TURN *** [Ad 2c Jd] [3h]
Zubasa07: bets $6
belik555: folds
Uncalled bet ($6) returned to Zubasa07
Zubasa07 collected $11.76 from pot
Zubasa07: doesn't show hand
*** SUMMARY ***
Total pot $12 | Rake $0.24
Board [Ad 2c Jd 3h]
Seat 1: belik555 (button) (small blind) folded on the Turn
Seat 2: Zubasa07 (big blind) collected ($11.76)


PokerStars Hand #173879299896:  Hold'em Limit ($3/$6 USD) - 2017/08/03 15:10:59 ET
Table 'Atropos' 6-max Seat #5 is the button
Seat 1: belik555 ($137.55 in chips)
Seat 5: GoliafUa ($192.11 in chips)
FeelinGuilty will be allowed to play after the button
ToDaFelt will be allowed to play after the button
GoliafUa: posts small blind $1
belik555: posts big blind $3
*** HOLE CARDS ***
GoliafUa: raises $3 to $6
belik555: raises $3 to $9
GoliafUa: calls $3
*** FLOP *** [2c 6s 3c]
belik555: bets $3
GoliafUa: raises $3 to $6
belik555: raises $3 to $9
GoliafUa: calls $3
*** TURN *** [2c 6s 3c] [8h]
belik555: bets $6
GoliafUa: calls $6
*** RIVER *** [2c 6s 3c 8h] [4h]
belik555: bets $6
GoliafUa: folds
Uncalled bet ($6) returned to belik555
belik555 collected $47.50 from pot
belik555: doesn't show hand
*** SUMMARY ***
Total pot $48 | Rake $0.50
Board [2c 6s 3c 8h 4h]
Seat 1: belik555 (big blind) collected ($47.50)
Seat 5: GoliafUa (button) (small blind) folded on the River


