PokerStars Hand #149839730819:  Hold'em Limit ($3/$6 USD) - 2016/03/04 15:57:49 ET
Table 'Atropos II' 6-max Seat #3 is the button
Seat 3: TOMZON2 ($130.52 in chips)
Seat 4: AzureCaper ($72 in chips)
TOMZON2: posts small blind $1
AzureCaper: posts big blind $3
*** HOLE CARDS ***
TOMZON2: folds
Uncalled bet ($2) returned to AzureCaper
AzureCaper collected $2 from pot
AzureCaper: doesn't show hand
*** SUMMARY ***
Total pot $2 | Rake $0
Seat 3: TOMZON2 (button) (small blind) folded before Flop
Seat 4: AzureCaper (big blind) collected ($2)


PokerStars Hand #149839724386:  Hold'em Limit ($3/$6 USD) - 2016/03/04 15:57:41 ET
Table 'Atropos II' 6-max Seat #4 is the button
Seat 3: TOMZON2 ($124.76 in chips)
Seat 4: AzureCaper ($72 in chips)
AzureCaper: posts small blind $1
TOMZON2: posts big blind $3
*** HOLE CARDS ***
AzureCaper: raises $3 to $6
TOMZON2: calls $3
*** FLOP *** [As 3c 7s]
TOMZON2: bets $3
AzureCaper: folds
Uncalled bet ($3) returned to TOMZON2
TOMZON2 collected $11.76 from pot
TOMZON2: doesn't show hand
*** SUMMARY ***
Total pot $12 | Rake $0.24
Board [As 3c 7s]
Seat 3: TOMZON2 (big blind) collected ($11.76)
Seat 4: AzureCaper (button) (small blind) folded on the Flop


PokerStars Hand #149839711991:  Hold'em Limit ($3/$6 USD) - 2016/03/04 15:57:24 ET
Table 'Atropos II' 6-max Seat #3 is the button
Seat 3: TOMZON2 ($121.88 in chips)
Seat 4: AzureCaper ($72 in chips)
TOMZON2: posts small blind $1
AzureCaper: posts big blind $3
*** HOLE CARDS ***
TOMZON2: calls $2
AzureCaper: checks
*** FLOP *** [5d Qd 3s]
AzureCaper: checks
TOMZON2: checks
*** TURN *** [5d Qd 3s] [Ah]
AzureCaper: checks
TOMZON2: bets $6
AzureCaper: folds
Uncalled bet ($6) returned to TOMZON2
TOMZON2 collected $5.88 from pot
TOMZON2: doesn't show hand
*** SUMMARY ***
Total pot $6 | Rake $0.12
Board [5d Qd 3s Ah]
Seat 3: TOMZON2 (button) (small blind) collected ($5.88)
Seat 4: AzureCaper (big blind) folded on the Turn


PokerStars Hand #149839708288:  Hold'em Limit ($3/$6 USD) - 2016/03/04 15:57:20 ET
Table 'Atropos II' 6-max Seat #4 is the button
Seat 3: TOMZON2 ($120.88 in chips)
Seat 4: AzureCaper ($72 in chips)
AzureCaper: posts small blind $1
TOMZON2: posts big blind $3
*** HOLE CARDS ***
AzureCaper: folds
Uncalled bet ($2) returned to TOMZON2
TOMZON2 collected $2 from pot
TOMZON2: doesn't show hand
*** SUMMARY ***
Total pot $2 | Rake $0
Seat 3: TOMZON2 (big blind) collected ($2)
Seat 4: AzureCaper (button) (small blind) folded before Flop


PokerStars Hand #149839696765:  Hold'em Limit ($3/$6 USD) - 2016/03/04 15:57:04 ET
Table 'Atropos II' 6-max Seat #3 is the button
Seat 3: TOMZON2 ($118 in chips)
Seat 4: AzureCaper ($73.88 in chips)
TOMZON2: posts small blind $1
AzureCaper: posts big blind $3
*** HOLE CARDS ***
TOMZON2: calls $2
AzureCaper: checks
*** FLOP *** [6d Qs Tc]
AzureCaper: checks
TOMZON2: checks
*** TURN *** [6d Qs Tc] [Ac]
AzureCaper: checks
TOMZON2: bets $6
AzureCaper: folds
Uncalled bet ($6) returned to TOMZON2
TOMZON2 collected $5.88 from pot
TOMZON2: doesn't show hand
*** SUMMARY ***
Total pot $6 | Rake $0.12
Board [6d Qs Tc Ac]
Seat 3: TOMZON2 (button) (small blind) collected ($5.88)
Seat 4: AzureCaper (big blind) folded on the Turn


PokerStars Hand #149839755317:  Hold'em Limit ($3/$6 USD) - 2016/03/04 15:58:22 ET
Table 'Atropos II' 6-max Seat #3 is the button
Seat 3: TOMZON2 ($150.02 in chips)
Seat 4: AzureCaper ($72 in chips)
TOMZON2: posts small blind $1
AzureCaper: posts big blind $3
*** HOLE CARDS ***
TOMZON2: folds
Uncalled bet ($2) returned to AzureCaper
AzureCaper collected $2 from pot
exc_stasy joins the table at seat #2
AzureCaper: doesn't show hand
*** SUMMARY ***
Total pot $2 | Rake $0
Seat 3: TOMZON2 (button) (small blind) folded before Flop
Seat 4: AzureCaper (big blind) collected ($2)


PokerStars Hand #149839934772:  Hold'em Limit ($3/$6 USD) - 2016/03/04 16:02:02 ET
Table 'Atropos II' 6-max Seat #2 is the button
Seat 2: exc_stasy ($171.79 in chips)
Seat 4: AzureCaper ($72 in chips)
VitaliyVS will be allowed to play after the button
exc_stasy: posts small blind $1
AzureCaper: posts big blind $3
*** HOLE CARDS ***
exc_stasy: raises $3 to $6
AzureCaper: calls $3
*** FLOP *** [7d 2d 6s]
AzureCaper: checks
exc_stasy: bets $3
AzureCaper: raises $3 to $6
exc_stasy: calls $3
*** TURN *** [7d 2d 6s] [Jd]
AzureCaper: bets $6
exc_stasy: calls $6
*** RIVER *** [7d 2d 6s Jd] [Jh]
AzureCaper: bets $6
exc_stasy: calls $6
*** SHOW DOWN ***
AzureCaper: shows [6c 7c] (two pair, Jacks and Sevens)
exc_stasy: mucks hand
AzureCaper collected $47.50 from pot
*** SUMMARY ***
Total pot $48 | Rake $0.50
Board [7d 2d 6s Jd Jh]
Seat 2: exc_stasy (button) (small blind) mucked
Seat 4: AzureCaper (big blind) showed [6c 7c] and won ($47.50) with two pair, Jacks and Sevens


PokerStars Hand #149840058080:  Hold'em Limit ($3/$6 USD) - 2016/03/04 16:04:11 ET
Table 'Atropos II' 6-max Seat #2 is the button
Seat 2: exc_stasy ($143.29 in chips)
Seat 4: AzureCaper ($72 in chips)
exc_stasy: posts small blind $1
AzureCaper: posts big blind $3
*** HOLE CARDS ***
exc_stasy: raises $3 to $6
AzureCaper: folds
Uncalled bet ($3) returned to exc_stasy
exc_stasy collected $6 from pot
exc_stasy: doesn't show hand
*** SUMMARY ***
Total pot $6 | Rake $0
Seat 2: exc_stasy (button) (small blind) collected ($6)
Seat 4: AzureCaper (big blind) folded before Flop


PokerStars Hand #149840040377:  Hold'em Limit ($3/$6 USD) - 2016/03/04 16:03:52 ET
Table 'Atropos II' 6-max Seat #4 is the button
Seat 2: exc_stasy ($122.79 in chips)
Seat 4: AzureCaper ($88.50 in chips)
AzureCaper: posts small blind $1
VitaliyVS: is sitting out
exc_stasy: posts big blind $3
*** HOLE CARDS ***
AzureCaper: raises $3 to $6
VitaliyVS leaves the table
exc_stasy: calls $3
*** FLOP *** [Kh 6d 9s]
exc_stasy: checks
AzureCaper: bets $3
exc_stasy: calls $3
*** TURN *** [Kh 6d 9s] [3h]
exc_stasy: checks
AzureCaper: bets $6
exc_stasy: raises $6 to $12
AzureCaper: calls $6
*** RIVER *** [Kh 6d 9s 3h] [6c]
exc_stasy: bets $6
AzureCaper: folds
Uncalled bet ($6) returned to exc_stasy
exc_stasy collected $41.50 from pot
exc_stasy: doesn't show hand
*** SUMMARY ***
Total pot $42 | Rake $0.50
Board [Kh 6d 9s 3h 6c]
Seat 2: exc_stasy (big blind) collected ($41.50)
Seat 4: AzureCaper (button) (small blind) folded on the River


PokerStars Hand #149840086735:  Hold'em Limit ($3/$6 USD) - 2016/03/04 16:04:41 ET
Table 'Atropos II' 6-max Seat #4 is the button
Seat 2: exc_stasy ($143.29 in chips)
Seat 4: AzureCaper ($74.76 in chips)
AzureCaper: posts small blind $1
exc_stasy: posts big blind $3
*** HOLE CARDS ***
AzureCaper: raises $3 to $6
exc_stasy: folds
Uncalled bet ($3) returned to AzureCaper
AzureCaper collected $6 from pot
AzureCaper: doesn't show hand
*** SUMMARY ***
Total pot $6 | Rake $0
Seat 2: exc_stasy (big blind) folded before Flop
Seat 4: AzureCaper (button) (small blind) collected ($6)


PokerStars Hand #149840080898:  Hold'em Limit ($3/$6 USD) - 2016/03/04 16:04:34 ET
Table 'Atropos II' 6-max Seat #2 is the button
Seat 2: exc_stasy ($140.29 in chips)
Seat 4: AzureCaper ($77.76 in chips)
exc_stasy: posts small blind $1
AzureCaper: posts big blind $3
*** HOLE CARDS ***
exc_stasy: raises $3 to $6
AzureCaper: folds
Uncalled bet ($3) returned to exc_stasy
exc_stasy collected $6 from pot
exc_stasy: doesn't show hand
*** SUMMARY ***
Total pot $6 | Rake $0
Seat 2: exc_stasy (button) (small blind) collected ($6)
Seat 4: AzureCaper (big blind) folded before Flop


PokerStars Hand #149840063244:  Hold'em Limit ($3/$6 USD) - 2016/03/04 16:04:16 ET
Table 'Atropos II' 6-max Seat #4 is the button
Seat 2: exc_stasy ($146.29 in chips)
Seat 4: AzureCaper ($72 in chips)
AzureCaper: posts small blind $1
exc_stasy: posts big blind $3
*** HOLE CARDS ***
AzureCaper: raises $3 to $6
exc_stasy: calls $3
*** FLOP *** [Ks 5h Ts]
exc_stasy: checks
AzureCaper: checks
*** TURN *** [Ks 5h Ts] [Kd]
exc_stasy: checks
AzureCaper: bets $6
exc_stasy: folds
Uncalled bet ($6) returned to AzureCaper
AzureCaper collected $11.76 from pot
AzureCaper: doesn't show hand
*** SUMMARY ***
Total pot $12 | Rake $0.24
Board [Ks 5h Ts Kd]
Seat 2: exc_stasy (big blind) folded on the Turn
Seat 4: AzureCaper (button) (small blind) collected ($11.76)


