PokerStars Hand #144279398960:  Hold'em Limit ($3/$6 USD) - 2015/11/23 15:31:53 ET
Table 'Atropos' 6-max Seat #2 is the button
Seat 2: korrnel ($108.32 in chips)
Seat 5: vestimokrec ($156.81 in chips)
korrnel: posts small blind $1
Karpik09: is sitting out
vestimokrec: posts big blind $3
*** HOLE CARDS ***
korrnel: folds
Uncalled bet ($2) returned to vestimokrec
vestimokrec collected $2 from pot
vestimokrec: doesn't show hand
*** SUMMARY ***
Total pot $2 | Rake $0
Seat 2: korrnel (button) (small blind) folded before Flop
Seat 5: vestimokrec (big blind) collected ($2)


PokerStars Hand #144279406079:  Hold'em Limit ($3/$6 USD) - 2015/11/23 15:32:01 ET
Table 'Atropos' 6-max Seat #5 is the button
Seat 2: korrnel ($107.32 in chips)
Seat 5: vestimokrec ($157.81 in chips)
vestimokrec: posts small blind $1
korrnel: posts big blind $3
*** HOLE CARDS ***
vestimokrec: raises $3 to $6
korrnel: raises $3 to $9
vestimokrec: calls $3
*** FLOP *** [7s 4c Qs]
korrnel: bets $3
Karpik09 leaves the table
vestimokrec: calls $3
*** TURN *** [7s 4c Qs] [Jh]
craaa joins the table at seat #4
korrnel: checks
vestimokrec: bets $6
korrnel: folds
Uncalled bet ($6) returned to vestimokrec
vestimokrec collected $23.52 from pot
vestimokrec: doesn't show hand
*** SUMMARY ***
Total pot $24 | Rake $0.48
Board [7s 4c Qs Jh]
Seat 2: korrnel (big blind) folded on the Turn
Seat 5: vestimokrec (button) (small blind) collected ($23.52)


