PokerStars Hand #144982347095:  Hold'em Limit ($3/$6 USD) - 2015/12/07 14:44:20 ET
Table 'Atropos' 2-max Seat #2 is the button
Seat 1: echsecution ($77.76 in chips)
Seat 2: wesdeluxe ($102.64 in chips)
wesdeluxe: posts small blind $1
echsecution: posts big blind $3
*** HOLE CARDS ***
wesdeluxe: folds
Uncalled bet ($2) returned to echsecution
echsecution collected $2 from pot
echsecution: doesn't show hand
*** SUMMARY ***
Total pot $2 | Rake $0
Seat 1: echsecution (big blind) collected ($2)
Seat 2: wesdeluxe (button) (small blind) folded before Flop


PokerStars Hand #144982335186:  Hold'em Limit ($3/$6 USD) - 2015/12/07 14:44:09 ET
Table 'Atropos' 2-max Seat #1 is the button
Seat 1: echsecution ($72 in chips)
Seat 2: wesdeluxe ($108.64 in chips)
echsecution: posts small blind $1
wesdeluxe: posts big blind $3
*** HOLE CARDS ***
echsecution: raises $3 to $6
wesdeluxe: calls $3
*** FLOP *** [7c 2c Kc]
wesdeluxe: folds
echsecution collected $11.76 from pot
echsecution: doesn't show hand
*** SUMMARY ***
Total pot $12 | Rake $0.24
Board [7c 2c Kc]
Seat 1: echsecution (button) (small blind) collected ($11.76)
Seat 2: wesdeluxe (big blind) folded on the Flop


PokerStars Hand #144982300046:  Hold'em Limit ($3/$6 USD) - 2015/12/07 14:43:35 ET
Table 'Atropos' 2-max Seat #2 is the button
Seat 1: echsecution ($72 in chips)
Seat 2: wesdeluxe ($100 in chips)
wesdeluxe: posts small blind $1
echsecution: posts big blind $3
*** HOLE CARDS ***
wesdeluxe: raises $3 to $6
echsecution: calls $3
*** FLOP *** [6s Ks 7c]
echsecution: checks
wesdeluxe: bets $3
echsecution: calls $3
*** TURN *** [6s Ks 7c] [5s]
echsecution: checks
wesdeluxe: bets $6
echsecution: folds
Uncalled bet ($6) returned to wesdeluxe
wesdeluxe collected $17.64 from pot
*** SUMMARY ***
Total pot $18 | Rake $0.36
Board [6s Ks 7c 5s]
Seat 1: echsecution (big blind) folded on the Turn
Seat 2: wesdeluxe (button) (small blind) collected ($17.64)


PokerStars Hand #144982410997:  Hold'em Limit ($3/$6 USD) - 2015/12/07 14:45:22 ET
Table 'Atropos' 2-max Seat #2 is the button
Seat 1: echsecution ($100.16 in chips)
Seat 2: wesdeluxe ($79.64 in chips)
wesdeluxe: posts small blind $1
echsecution: posts big blind $3
*** HOLE CARDS ***
wesdeluxe: raises $3 to $6
echsecution: folds
Uncalled bet ($3) returned to wesdeluxe
wesdeluxe collected $6 from pot
*** SUMMARY ***
Total pot $6 | Rake $0
Seat 1: echsecution (big blind) folded before Flop
Seat 2: wesdeluxe (button) (small blind) collected ($6)


PokerStars Hand #144982405685:  Hold'em Limit ($3/$6 USD) - 2015/12/07 14:45:17 ET
Table 'Atropos' 2-max Seat #1 is the button
Seat 1: echsecution ($97.16 in chips)
Seat 2: wesdeluxe ($82.64 in chips)
echsecution: posts small blind $1
wesdeluxe: posts big blind $3
*** HOLE CARDS ***
echsecution: raises $3 to $6
wesdeluxe: folds
Uncalled bet ($3) returned to echsecution
echsecution collected $6 from pot
echsecution: doesn't show hand
*** SUMMARY ***
Total pot $6 | Rake $0
Seat 1: echsecution (button) (small blind) collected ($6)
Seat 2: wesdeluxe (big blind) folded before Flop


PokerStars Hand #144982389387:  Hold'em Limit ($3/$6 USD) - 2015/12/07 14:45:01 ET
Table 'Atropos' 2-max Seat #2 is the button
Seat 1: echsecution ($94.28 in chips)
Seat 2: wesdeluxe ($85.64 in chips)
wesdeluxe: posts small blind $1
echsecution: posts big blind $3
*** HOLE CARDS ***
wesdeluxe: calls $2
echsecution: checks
*** FLOP *** [Qd Jh Kc]
echsecution: checks
wesdeluxe: checks
*** TURN *** [Qd Jh Kc] [8c]
echsecution: checks
wesdeluxe: checks
*** RIVER *** [Qd Jh Kc 8c] [4c]
echsecution: checks
wesdeluxe: checks
*** SHOW DOWN ***
echsecution: shows [As 7s] (high card Ace)
wesdeluxe: mucks hand
echsecution collected $5.88 from pot
*** SUMMARY ***
Total pot $6 | Rake $0.12
Board [Qd Jh Kc 8c 4c]
Seat 1: echsecution (big blind) showed [As 7s] and won ($5.88) with high card Ace
Seat 2: wesdeluxe (button) (small blind) mucked


PokerStars Hand #144982372613:  Hold'em Limit ($3/$6 USD) - 2015/12/07 14:44:45 ET
Table 'Atropos' 2-max Seat #1 is the button
Seat 1: echsecution ($82.76 in chips)
Seat 2: wesdeluxe ($97.64 in chips)
echsecution: posts small blind $1
wesdeluxe: posts big blind $3
*** HOLE CARDS ***
echsecution: raises $3 to $6
wesdeluxe: calls $3
*** FLOP *** [Js 7s 8c]
wesdeluxe: checks
echsecution: checks
*** TURN *** [Js 7s 8c] [8s]
wesdeluxe: bets $6
echsecution: calls $6
*** RIVER *** [Js 7s 8c 8s] [Ks]
wesdeluxe: checks
echsecution: bets $6
wesdeluxe: folds
Uncalled bet ($6) returned to echsecution
echsecution collected $23.52 from pot
echsecution: doesn't show hand
*** SUMMARY ***
Total pot $24 | Rake $0.48
Board [Js 7s 8c 8s Ks]
Seat 1: echsecution (button) (small blind) collected ($23.52)
Seat 2: wesdeluxe (big blind) folded on the River


PokerStars Hand #144982368022:  Hold'em Limit ($3/$6 USD) - 2015/12/07 14:44:40 ET
Table 'Atropos' 2-max Seat #2 is the button
Seat 1: echsecution ($81.76 in chips)
Seat 2: wesdeluxe ($98.64 in chips)
wesdeluxe: posts small blind $1
echsecution: posts big blind $3
*** HOLE CARDS ***
wesdeluxe: folds
Uncalled bet ($2) returned to echsecution
echsecution collected $2 from pot
echsecution: doesn't show hand
*** SUMMARY ***
Total pot $2 | Rake $0
Seat 1: echsecution (big blind) collected ($2)
Seat 2: wesdeluxe (button) (small blind) folded before Flop


PokerStars Hand #144982362015:  Hold'em Limit ($3/$6 USD) - 2015/12/07 14:44:35 ET
Table 'Atropos' 2-max Seat #1 is the button
Seat 1: echsecution ($78.76 in chips)
Seat 2: wesdeluxe ($101.64 in chips)
echsecution: posts small blind $1
wesdeluxe: posts big blind $3
*** HOLE CARDS ***
echsecution: raises $3 to $6
wesdeluxe: folds
Uncalled bet ($3) returned to echsecution
echsecution collected $6 from pot
echsecution: doesn't show hand
*** SUMMARY ***
Total pot $6 | Rake $0
Seat 1: echsecution (button) (small blind) collected ($6)
Seat 2: wesdeluxe (big blind) folded before Flop


PokerStars Hand #144982357510:  Hold'em Limit ($3/$6 USD) - 2015/12/07 14:44:30 ET
Table 'Atropos' 2-max Seat #2 is the button
Seat 1: echsecution ($77.76 in chips)
Seat 2: wesdeluxe ($102.64 in chips)
wesdeluxe: posts small blind $1
echsecution: posts big blind $3
*** HOLE CARDS ***
wesdeluxe: folds
Uncalled bet ($2) returned to echsecution
echsecution collected $2 from pot
echsecution: doesn't show hand
*** SUMMARY ***
Total pot $2 | Rake $0
Seat 1: echsecution (big blind) collected ($2)
Seat 2: wesdeluxe (button) (small blind) folded before Flop


PokerStars Hand #144982352030:  Hold'em Limit ($3/$6 USD) - 2015/12/07 14:44:25 ET
Table 'Atropos' 2-max Seat #1 is the button
Seat 1: echsecution ($78.76 in chips)
Seat 2: wesdeluxe ($101.64 in chips)
echsecution: posts small blind $1
wesdeluxe: posts big blind $3
*** HOLE CARDS ***
echsecution: folds
Uncalled bet ($2) returned to wesdeluxe
wesdeluxe collected $2 from pot
*** SUMMARY ***
Total pot $2 | Rake $0
Seat 1: echsecution (button) (small blind) folded before Flop
Seat 2: wesdeluxe (big blind) collected ($2)


PokerStars Hand #144982449066:  Hold'em Limit ($3/$6 USD) - 2015/12/07 14:45:59 ET
Table 'Atropos' 2-max Seat #1 is the button
Seat 1: echsecution ($90.92 in chips)
Seat 2: wesdeluxe ($88.16 in chips)
echsecution: posts small blind $1
wesdeluxe: posts big blind $3
*** HOLE CARDS ***
echsecution: raises $3 to $6
wesdeluxe: calls $3
*** FLOP *** [4h Qh 7s]
wesdeluxe: checks
echsecution: bets $3
wesdeluxe: calls $3
*** TURN *** [4h Qh 7s] [2h]
wesdeluxe: checks
echsecution: checks
*** RIVER *** [4h Qh 7s 2h] [Ks]
wesdeluxe: bets $6
echsecution: calls $6
*** SHOW DOWN ***
wesdeluxe: shows [Kh 6c] (a pair of Kings)
echsecution: mucks hand
wesdeluxe collected $29.50 from pot
*** SUMMARY ***
Total pot $30 | Rake $0.50
Board [4h Qh 7s 2h Ks]
Seat 1: echsecution (button) (small blind) mucked
Seat 2: wesdeluxe (big blind) showed [Kh 6c] and won ($29.50) with a pair of Kings


PokerStars Hand #144982432624:  Hold'em Limit ($3/$6 USD) - 2015/12/07 14:45:43 ET
Table 'Atropos' 2-max Seat #2 is the button
Seat 1: echsecution ($85.16 in chips)
Seat 2: wesdeluxe ($94.16 in chips)
wesdeluxe: posts small blind $1
echsecution: posts big blind $3
*** HOLE CARDS ***
wesdeluxe: calls $2
echsecution: checks
*** FLOP *** [8d 9h 4c]
echsecution: checks
wesdeluxe: bets $3
echsecution: calls $3
*** TURN *** [8d 9h 4c] [Ts]
echsecution: checks
wesdeluxe: checks
*** RIVER *** [8d 9h 4c Ts] [2c]
echsecution: bets $6
wesdeluxe: folds
Uncalled bet ($6) returned to echsecution
echsecution collected $11.76 from pot
echsecution: doesn't show hand
*** SUMMARY ***
Total pot $12 | Rake $0.24
Board [8d 9h 4c Ts 2c]
Seat 1: echsecution (big blind) collected ($11.76)
Seat 2: wesdeluxe (button) (small blind) folded on the River


PokerStars Hand #144982417811:  Hold'em Limit ($3/$6 USD) - 2015/12/07 14:45:29 ET
Table 'Atropos' 2-max Seat #1 is the button
Seat 1: echsecution ($97.16 in chips)
Seat 2: wesdeluxe ($82.64 in chips)
echsecution: posts small blind $1
wesdeluxe: posts big blind $3
*** HOLE CARDS ***
echsecution: raises $3 to $6
wesdeluxe: calls $3
*** FLOP *** [8s Tc 5s]
wesdeluxe: checks
echsecution: checks
*** TURN *** [8s Tc 5s] [7d]
wesdeluxe: bets $6
echsecution: calls $6
*** RIVER *** [8s Tc 5s 7d] [6h]
wesdeluxe: checks
echsecution: checks
*** SHOW DOWN ***
wesdeluxe: shows [Ac 6c] (a pair of Sixes)
echsecution: mucks hand
wesdeluxe collected $23.52 from pot
*** SUMMARY ***
Total pot $24 | Rake $0.48
Board [8s Tc 5s 7d 6h]
Seat 1: echsecution (button) (small blind) mucked
Seat 2: wesdeluxe (big blind) showed [Ac 6c] and won ($23.52) with a pair of Sixes


PokerStars Hand #144982517577:  Hold'em Limit ($3/$6 USD) - 2015/12/07 14:47:06 ET
Table 'Atropos' 2-max Seat #1 is the button
Seat 1: echsecution ($99.06 in chips)
Seat 2: wesdeluxe ($78.66 in chips)
echsecution: posts small blind $1
wesdeluxe: posts big blind $3
*** HOLE CARDS ***
echsecution: raises $3 to $6
wesdeluxe: calls $3
*** FLOP *** [5h Kh Qd]
wesdeluxe: checks
echsecution: bets $3
wesdeluxe: calls $3
*** TURN *** [5h Kh Qd] [4h]
wesdeluxe: checks
echsecution: checks
*** RIVER *** [5h Kh Qd 4h] [8c]
wesdeluxe: bets $6
echsecution: calls $6
*** SHOW DOWN ***
wesdeluxe: shows [Jd Ks] (a pair of Kings)
echsecution: mucks hand
wesdeluxe collected $29.50 from pot
*** SUMMARY ***
Total pot $30 | Rake $0.50
Board [5h Kh Qd 4h 8c]
Seat 1: echsecution (button) (small blind) mucked
Seat 2: wesdeluxe (big blind) showed [Jd Ks] and won ($29.50) with a pair of Kings


PokerStars Hand #144982501005:  Hold'em Limit ($3/$6 USD) - 2015/12/07 14:46:50 ET
Table 'Atropos' 2-max Seat #2 is the button
Seat 1: echsecution ($96.18 in chips)
Seat 2: wesdeluxe ($81.66 in chips)
wesdeluxe: posts small blind $1
echsecution: posts big blind $3
*** HOLE CARDS ***
wesdeluxe: calls $2
echsecution: checks
*** FLOP *** [8c 4h 2d]
echsecution: checks
wesdeluxe: checks
*** TURN *** [8c 4h 2d] [Tc]
echsecution: bets $6
wesdeluxe: folds
Uncalled bet ($6) returned to echsecution
echsecution collected $5.88 from pot
echsecution: doesn't show hand
*** SUMMARY ***
Total pot $6 | Rake $0.12
Board [8c 4h 2d Tc]
Seat 1: echsecution (big blind) collected ($5.88)
Seat 2: wesdeluxe (button) (small blind) folded on the Turn


PokerStars Hand #144982485877:  Hold'em Limit ($3/$6 USD) - 2015/12/07 14:46:35 ET
Table 'Atropos' 2-max Seat #1 is the button
Seat 1: echsecution ($90.42 in chips)
Seat 2: wesdeluxe ($87.66 in chips)
echsecution: posts small blind $1
wesdeluxe: posts big blind $3
*** HOLE CARDS ***
echsecution: raises $3 to $6
wesdeluxe: calls $3
*** FLOP *** [7h As 8c]
wesdeluxe: checks
echsecution: bets $3
wesdeluxe: folds
Uncalled bet ($3) returned to echsecution
echsecution collected $11.76 from pot
echsecution: doesn't show hand
*** SUMMARY ***
Total pot $12 | Rake $0.24
Board [7h As 8c]
Seat 1: echsecution (button) (small blind) collected ($11.76)
Seat 2: wesdeluxe (big blind) folded on the Flop


PokerStars Hand #144982463829:  Hold'em Limit ($3/$6 USD) - 2015/12/07 14:46:14 ET
Table 'Atropos' 2-max Seat #2 is the button
Seat 1: echsecution ($75.92 in chips)
Seat 2: wesdeluxe ($102.66 in chips)
wesdeluxe: posts small blind $1
echsecution: posts big blind $3
*** HOLE CARDS ***
wesdeluxe: calls $2
echsecution: raises $3 to $6
wesdeluxe: calls $3
*** FLOP *** [3s 2s 8d]
echsecution: bets $3
wesdeluxe: calls $3
*** TURN *** [3s 2s 8d] [4h]
echsecution: checks
wesdeluxe: bets $6
echsecution: calls $6
*** RIVER *** [3s 2s 8d 4h] [5d]
echsecution: checks
wesdeluxe: checks
*** SHOW DOWN ***
echsecution: shows [Ks Qh] (high card King)
wesdeluxe: mucks hand
echsecution collected $29.50 from pot
*** SUMMARY ***
Total pot $30 | Rake $0.50
Board [3s 2s 8d 4h 5d]
Seat 1: echsecution (big blind) showed [Ks Qh] and won ($29.50) with high card King
Seat 2: wesdeluxe (button) (small blind) mucked


PokerStars Hand #144982594562:  Hold'em Limit ($3/$6 USD) - 2015/12/07 14:48:21 ET
Table 'Atropos' 2-max Seat #2 is the button
Seat 1: echsecution ($86.56 in chips)
Seat 2: wesdeluxe ($89.66 in chips)
wesdeluxe: posts small blind $1
echsecution: posts big blind $3
*** HOLE CARDS ***
wesdeluxe: calls $2
echsecution: checks
*** FLOP *** [Kc Tc 5c]
echsecution: bets $3
wesdeluxe: calls $3
*** TURN *** [Kc Tc 5c] [Jd]
echsecution: bets $6
wesdeluxe: folds
Uncalled bet ($6) returned to echsecution
echsecution collected $11.76 from pot
echsecution: doesn't show hand
*** SUMMARY ***
Total pot $12 | Rake $0.24
Board [Kc Tc 5c Jd]
Seat 1: echsecution (big blind) collected ($11.76)
Seat 2: wesdeluxe (button) (small blind) folded on the Turn


PokerStars Hand #144982578181:  Hold'em Limit ($3/$6 USD) - 2015/12/07 14:48:05 ET
Table 'Atropos' 2-max Seat #1 is the button
Seat 1: echsecution ($113.56 in chips)
Seat 2: wesdeluxe ($63.16 in chips)
echsecution: posts small blind $1
wesdeluxe: posts big blind $3
*** HOLE CARDS ***
echsecution: raises $3 to $6
wesdeluxe: calls $3
*** FLOP *** [Qd Th 8s]
wesdeluxe: checks
echsecution: bets $3
wesdeluxe: calls $3
*** TURN *** [Qd Th 8s] [4s]
wesdeluxe: checks
echsecution: bets $6
wesdeluxe: raises $6 to $12
echsecution: calls $6
*** RIVER *** [Qd Th 8s 4s] [Ac]
wesdeluxe: bets $6
echsecution: calls $6
*** SHOW DOWN ***
wesdeluxe: shows [Td 8h] (two pair, Tens and Eights)
echsecution: mucks hand
wesdeluxe collected $53.50 from pot
*** SUMMARY ***
Total pot $54 | Rake $0.50
Board [Qd Th 8s 4s Ac]
Seat 1: echsecution (button) (small blind) mucked
Seat 2: wesdeluxe (big blind) showed [Td 8h] and won ($53.50) with two pair, Tens and Eights


PokerStars Hand #144982573676:  Hold'em Limit ($3/$6 USD) - 2015/12/07 14:48:00 ET
Table 'Atropos' 2-max Seat #2 is the button
Seat 1: echsecution ($112.56 in chips)
Seat 2: wesdeluxe ($64.16 in chips)
wesdeluxe: posts small blind $1
echsecution: posts big blind $3
*** HOLE CARDS ***
wesdeluxe: folds
Uncalled bet ($2) returned to echsecution
echsecution collected $2 from pot
echsecution: doesn't show hand
*** SUMMARY ***
Total pot $2 | Rake $0
Seat 1: echsecution (big blind) collected ($2)
Seat 2: wesdeluxe (button) (small blind) folded before Flop


PokerStars Hand #144982567951:  Hold'em Limit ($3/$6 USD) - 2015/12/07 14:47:55 ET
Table 'Atropos' 2-max Seat #1 is the button
Seat 1: echsecution ($113.56 in chips)
Seat 2: wesdeluxe ($63.16 in chips)
echsecution: posts small blind $1
wesdeluxe: posts big blind $3
*** HOLE CARDS ***
echsecution: folds
Uncalled bet ($2) returned to wesdeluxe
wesdeluxe collected $2 from pot
*** SUMMARY ***
Total pot $2 | Rake $0
Seat 1: echsecution (button) (small blind) folded before Flop
Seat 2: wesdeluxe (big blind) collected ($2)


PokerStars Hand #144982542671:  Hold'em Limit ($3/$6 USD) - 2015/12/07 14:47:30 ET
Table 'Atropos' 2-max Seat #2 is the button
Seat 1: echsecution ($84.06 in chips)
Seat 2: wesdeluxe ($93.16 in chips)
wesdeluxe: posts small blind $1
echsecution: posts big blind $3
*** HOLE CARDS ***
wesdeluxe: calls $2
echsecution: checks
*** FLOP *** [4h Qc Jd]
echsecution: bets $3
wesdeluxe: calls $3
*** TURN *** [4h Qc Jd] [3c]
echsecution: bets $6
wesdeluxe: raises $6 to $12
echsecution: raises $6 to $18
wesdeluxe: calls $6
*** RIVER *** [4h Qc Jd 3c] [9s]
echsecution: bets $6
wesdeluxe: calls $6
*** SHOW DOWN ***
echsecution: shows [Jh 3s] (two pair, Jacks and Threes)
wesdeluxe: mucks hand
echsecution collected $59.50 from pot
*** SUMMARY ***
Total pot $60 | Rake $0.50
Board [4h Qc Jd 3c 9s]
Seat 1: echsecution (big blind) showed [Jh 3s] and won ($59.50) with two pair, Jacks and Threes
Seat 2: wesdeluxe (button) (small blind) mucked


PokerStars Hand #144982643291:  Hold'em Limit ($3/$6 USD) - 2015/12/07 14:49:08 ET
Table 'Atropos' 2-max Seat #2 is the button
Seat 1: echsecution ($94.08 in chips)
Seat 2: wesdeluxe ($81.30 in chips)
wesdeluxe: posts small blind $1
echsecution: posts big blind $3
*** HOLE CARDS ***
wesdeluxe: calls $2
echsecution: checks
*** FLOP *** [Ah Ac 3h]
echsecution: checks
wesdeluxe: bets $3
echsecution: calls $3
*** TURN *** [Ah Ac 3h] [Qh]
echsecution: checks
wesdeluxe: checks
*** RIVER *** [Ah Ac 3h Qh] [3s]
echsecution: checks
wesdeluxe: checks
*** SHOW DOWN ***
echsecution: shows [Kc 5d] (two pair, Aces and Threes)
wesdeluxe: mucks hand
echsecution collected $11.76 from pot
*** SUMMARY ***
Total pot $12 | Rake $0.24
Board [Ah Ac 3h Qh 3s]
Seat 1: echsecution (big blind) showed [Kc 5d] and won ($11.76) with two pair, Aces and Threes
Seat 2: wesdeluxe (button) (small blind) mucked


PokerStars Hand #144982629656:  Hold'em Limit ($3/$6 USD) - 2015/12/07 14:48:55 ET
Table 'Atropos' 2-max Seat #1 is the button
Seat 1: echsecution ($103.08 in chips)
Seat 2: wesdeluxe ($72.66 in chips)
echsecution: posts small blind $1
wesdeluxe: posts big blind $3
*** HOLE CARDS ***
echsecution: raises $3 to $6
wesdeluxe: calls $3
*** FLOP *** [Kh 4d 3c]
wesdeluxe: checks
echsecution: bets $3
wesdeluxe: calls $3
*** TURN *** [Kh 4d 3c] [7d]
wesdeluxe: checks
echsecution: checks
*** RIVER *** [Kh 4d 3c 7d] [Jc]
wesdeluxe: checks
echsecution: checks
*** SHOW DOWN ***
wesdeluxe: shows [9h 3h] (a pair of Threes)
echsecution: mucks hand
wesdeluxe collected $17.64 from pot
*** SUMMARY ***
Total pot $18 | Rake $0.36
Board [Kh 4d 3c 7d Jc]
Seat 1: echsecution (button) (small blind) mucked
Seat 2: wesdeluxe (big blind) showed [9h 3h] and won ($17.64) with a pair of Threes


PokerStars Hand #144982625311:  Hold'em Limit ($3/$6 USD) - 2015/12/07 14:48:51 ET
Table 'Atropos' 2-max Seat #2 is the button
Seat 1: echsecution ($102.08 in chips)
Seat 2: wesdeluxe ($73.66 in chips)
wesdeluxe: posts small blind $1
echsecution: posts big blind $3
*** HOLE CARDS ***
wesdeluxe: folds
Uncalled bet ($2) returned to echsecution
echsecution collected $2 from pot
echsecution: doesn't show hand
*** SUMMARY ***
Total pot $2 | Rake $0
Seat 1: echsecution (big blind) collected ($2)
Seat 2: wesdeluxe (button) (small blind) folded before Flop


PokerStars Hand #144982616500:  Hold'em Limit ($3/$6 USD) - 2015/12/07 14:48:42 ET
Table 'Atropos' 2-max Seat #1 is the button
Seat 1: echsecution ($96.32 in chips)
Seat 2: wesdeluxe ($79.66 in chips)
echsecution: posts small blind $1
wesdeluxe: posts big blind $3
*** HOLE CARDS ***
echsecution: raises $3 to $6
wesdeluxe: calls $3
*** FLOP *** [9h 5h Kh]
wesdeluxe: checks
echsecution: bets $3
wesdeluxe: folds
Uncalled bet ($3) returned to echsecution
echsecution collected $11.76 from pot
echsecution: doesn't show hand
*** SUMMARY ***
Total pot $12 | Rake $0.24
Board [9h 5h Kh]
Seat 1: echsecution (button) (small blind) collected ($11.76)
Seat 2: wesdeluxe (big blind) folded on the Flop


PokerStars Hand #144982611848:  Hold'em Limit ($3/$6 USD) - 2015/12/07 14:48:37 ET
Table 'Atropos' 2-max Seat #2 is the button
Seat 1: echsecution ($95.32 in chips)
Seat 2: wesdeluxe ($80.66 in chips)
wesdeluxe: posts small blind $1
echsecution: posts big blind $3
*** HOLE CARDS ***
wesdeluxe: folds
Uncalled bet ($2) returned to echsecution
echsecution collected $2 from pot
echsecution: doesn't show hand
*** SUMMARY ***
Total pot $2 | Rake $0
Seat 1: echsecution (big blind) collected ($2)
Seat 2: wesdeluxe (button) (small blind) folded before Flop


PokerStars Hand #144982606107:  Hold'em Limit ($3/$6 USD) - 2015/12/07 14:48:32 ET
Table 'Atropos' 2-max Seat #1 is the button
Seat 1: echsecution ($92.32 in chips)
Seat 2: wesdeluxe ($83.66 in chips)
echsecution: posts small blind $1
wesdeluxe: posts big blind $3
*** HOLE CARDS ***
echsecution: raises $3 to $6
wesdeluxe: folds
Uncalled bet ($3) returned to echsecution
echsecution collected $6 from pot
echsecution: doesn't show hand
*** SUMMARY ***
Total pot $6 | Rake $0
Seat 1: echsecution (button) (small blind) collected ($6)
Seat 2: wesdeluxe (big blind) folded before Flop


PokerStars Hand #144982706404:  Hold'em Limit ($3/$6 USD) - 2015/12/07 14:50:10 ET
Table 'Atropos' 2-max Seat #2 is the button
Seat 1: echsecution ($72 in chips)
Seat 2: wesdeluxe ($104.56 in chips)
wesdeluxe: posts small blind $1
echsecution: posts big blind $3
*** HOLE CARDS ***
wesdeluxe: folds
Uncalled bet ($2) returned to echsecution
echsecution collected $2 from pot
echsecution: doesn't show hand
*** SUMMARY ***
Total pot $2 | Rake $0
Seat 1: echsecution (big blind) collected ($2)
Seat 2: wesdeluxe (button) (small blind) folded before Flop


PokerStars Hand #144982685931:  Hold'em Limit ($3/$6 USD) - 2015/12/07 14:49:50 ET
Table 'Atropos' 2-max Seat #1 is the button
Seat 1: echsecution ($96.72 in chips)
Seat 2: wesdeluxe ($78.06 in chips)
echsecution: posts small blind $1
wesdeluxe: posts big blind $3
*** HOLE CARDS ***
echsecution: raises $3 to $6
wesdeluxe: calls $3
*** FLOP *** [5d 2s 6s]
wesdeluxe: checks
echsecution: bets $3
wesdeluxe: calls $3
*** TURN *** [5d 2s 6s] [6c]
wesdeluxe: checks
echsecution: bets $6
wesdeluxe: raises $6 to $12
echsecution: calls $6
*** RIVER *** [5d 2s 6s 6c] [8h]
wesdeluxe: bets $6
echsecution: calls $6
*** SHOW DOWN ***
wesdeluxe: shows [6h Ac] (three of a kind, Sixes)
echsecution: mucks hand
wesdeluxe collected $53.50 from pot
*** SUMMARY ***
Total pot $54 | Rake $0.50
Board [5d 2s 6s 6c 8h]
Seat 1: echsecution (button) (small blind) mucked
Seat 2: wesdeluxe (big blind) showed [6h Ac] and won ($53.50) with three of a kind, Sixes


PokerStars Hand #144982673568:  Hold'em Limit ($3/$6 USD) - 2015/12/07 14:49:38 ET
Table 'Atropos' 2-max Seat #2 is the button
Seat 1: echsecution ($93.84 in chips)
Seat 2: wesdeluxe ($81.06 in chips)
wesdeluxe: posts small blind $1
echsecution: posts big blind $3
*** HOLE CARDS ***
wesdeluxe: calls $2
echsecution: checks
*** FLOP *** [8d Qh 3s]
echsecution: checks
wesdeluxe: checks
*** TURN *** [8d Qh 3s] [4d]
echsecution: bets $6
wesdeluxe: folds
Uncalled bet ($6) returned to echsecution
echsecution collected $5.88 from pot
echsecution: doesn't show hand
*** SUMMARY ***
Total pot $6 | Rake $0.12
Board [8d Qh 3s 4d]
Seat 1: echsecution (big blind) collected ($5.88)
Seat 2: wesdeluxe (button) (small blind) folded on the Turn


PokerStars Hand #144982659579:  Hold'em Limit ($3/$6 USD) - 2015/12/07 14:49:24 ET
Table 'Atropos' 2-max Seat #1 is the button
Seat 1: echsecution ($99.84 in chips)
Seat 2: wesdeluxe ($75.30 in chips)
echsecution: posts small blind $1
wesdeluxe: posts big blind $3
*** HOLE CARDS ***
echsecution: raises $3 to $6
wesdeluxe: calls $3
*** FLOP *** [4c 3c 8h]
wesdeluxe: checks
echsecution: checks
*** TURN *** [4c 3c 8h] [Js]
wesdeluxe: bets $6
echsecution: folds
Uncalled bet ($6) returned to wesdeluxe
wesdeluxe collected $11.76 from pot
*** SUMMARY ***
Total pot $12 | Rake $0.24
Board [4c 3c 8h Js]
Seat 1: echsecution (button) (small blind) folded on the Turn
Seat 2: wesdeluxe (big blind) collected ($11.76)


PokerStars Hand #144982771669:  Hold'em Limit ($3/$6 USD) - 2015/12/07 14:51:14 ET
Table 'Atropos' 2-max Seat #1 is the button
Seat 1: echsecution ($89.50 in chips)
Seat 2: wesdeluxe ($108.94 in chips)
echsecution: posts small blind $1
wesdeluxe: posts big blind $3
*** HOLE CARDS ***
echsecution: raises $3 to $6
wesdeluxe: calls $3
*** FLOP *** [6c 3s Qc]
wesdeluxe: checks
echsecution: bets $3
wesdeluxe: raises $3 to $6
echsecution: calls $3
*** TURN *** [6c 3s Qc] [7h]
wesdeluxe: bets $6
echsecution: calls $6
*** RIVER *** [6c 3s Qc 7h] [Qs]
wesdeluxe: bets $6
echsecution: calls $6
*** SHOW DOWN ***
wesdeluxe: shows [6h As] (two pair, Queens and Sixes)
echsecution: mucks hand
wesdeluxe collected $47.50 from pot
*** SUMMARY ***
Total pot $48 | Rake $0.50
Board [6c 3s Qc 7h Qs]
Seat 1: echsecution (button) (small blind) mucked
Seat 2: wesdeluxe (big blind) showed [6h As] and won ($47.50) with two pair, Queens and Sixes


PokerStars Hand #144982760335:  Hold'em Limit ($3/$6 USD) - 2015/12/07 14:51:03 ET
Table 'Atropos' 2-max Seat #2 is the button
Seat 1: echsecution ($92.50 in chips)
Seat 2: wesdeluxe ($106.06 in chips)
wesdeluxe: posts small blind $1
echsecution: posts big blind $3
*** HOLE CARDS ***
wesdeluxe: calls $2
echsecution: checks
*** FLOP *** [7h 3c Ac]
echsecution: checks
wesdeluxe: bets $3
echsecution: folds
Uncalled bet ($3) returned to wesdeluxe
wesdeluxe collected $5.88 from pot
*** SUMMARY ***
Total pot $6 | Rake $0.12
Board [7h 3c Ac]
Seat 1: echsecution (big blind) folded on the Flop
Seat 2: wesdeluxe (button) (small blind) collected ($5.88)


PokerStars Hand #144982741308:  Hold'em Limit ($3/$6 USD) - 2015/12/07 14:50:44 ET
Table 'Atropos' 2-max Seat #1 is the button
Seat 1: echsecution ($72 in chips)
Seat 2: wesdeluxe ($127.06 in chips)
echsecution: posts small blind $1
wesdeluxe: posts big blind $3
*** HOLE CARDS ***
echsecution: raises $3 to $6
wesdeluxe: calls $3
*** FLOP *** [8h Jh 5c]
wesdeluxe: checks
echsecution: bets $3
wesdeluxe: calls $3
*** TURN *** [8h Jh 5c] [4s]
wesdeluxe: checks
echsecution: bets $6
wesdeluxe: calls $6
*** RIVER *** [8h Jh 5c 4s] [Js]
wesdeluxe: checks
echsecution: bets $6
wesdeluxe: calls $6
*** SHOW DOWN ***
echsecution: shows [Ah Ad] (two pair, Aces and Jacks)
wesdeluxe: mucks hand
echsecution collected $41.50 from pot
*** SUMMARY ***
Total pot $42 | Rake $0.50
Board [8h Jh 5c 4s Js]
Seat 1: echsecution (button) (small blind) showed [Ah Ad] and won ($41.50) with two pair, Aces and Jacks
Seat 2: wesdeluxe (big blind) mucked


PokerStars Hand #144982735507:  Hold'em Limit ($3/$6 USD) - 2015/12/07 14:50:39 ET
Table 'Atropos' 2-max Seat #2 is the button
Seat 1: echsecution ($72 in chips)
Seat 2: wesdeluxe ($124.06 in chips)
wesdeluxe: posts small blind $1
echsecution: posts big blind $3
*** HOLE CARDS ***
wesdeluxe: raises $3 to $6
echsecution: folds
Uncalled bet ($3) returned to wesdeluxe
wesdeluxe collected $6 from pot
*** SUMMARY ***
Total pot $6 | Rake $0
Seat 1: echsecution (big blind) folded before Flop
Seat 2: wesdeluxe (button) (small blind) collected ($6)


PokerStars Hand #144982714489:  Hold'em Limit ($3/$6 USD) - 2015/12/07 14:50:18 ET
Table 'Atropos' 2-max Seat #1 is the button
Seat 1: echsecution ($73 in chips)
Seat 2: wesdeluxe ($103.56 in chips)
echsecution: posts small blind $1
wesdeluxe: posts big blind $3
*** HOLE CARDS ***
echsecution: raises $3 to $6
wesdeluxe: calls $3
*** FLOP *** [3d 7h Tc]
wesdeluxe: checks
echsecution: bets $3
wesdeluxe: calls $3
*** TURN *** [3d 7h Tc] [5c]
wesdeluxe: checks
echsecution: bets $6
wesdeluxe: calls $6
*** RIVER *** [3d 7h Tc 5c] [Ac]
wesdeluxe: checks
echsecution: bets $6
wesdeluxe: raises $6 to $12
echsecution: folds
Uncalled bet ($6) returned to wesdeluxe
wesdeluxe collected $41.50 from pot
*** SUMMARY ***
Total pot $42 | Rake $0.50
Board [3d 7h Tc 5c Ac]
Seat 1: echsecution (button) (small blind) folded on the River
Seat 2: wesdeluxe (big blind) collected ($41.50)


PokerStars Hand #144982830497:  Hold'em Limit ($3/$6 USD) - 2015/12/07 14:52:11 ET
Table 'Atropos' 2-max Seat #2 is the button
Seat 1: echsecution ($102.14 in chips)
Seat 2: wesdeluxe ($104.44 in chips)
wesdeluxe: posts small blind $1
echsecution: posts big blind $3
*** HOLE CARDS ***
wesdeluxe: folds
Uncalled bet ($2) returned to echsecution
echsecution collected $2 from pot
echsecution: doesn't show hand
*** SUMMARY ***
Total pot $2 | Rake $0
Seat 1: echsecution (big blind) collected ($2)
Seat 2: wesdeluxe (button) (small blind) folded before Flop


PokerStars Hand #144982812431:  Hold'em Limit ($3/$6 USD) - 2015/12/07 14:51:53 ET
Table 'Atropos' 2-max Seat #1 is the button
Seat 1: echsecution ($81.64 in chips)
Seat 2: wesdeluxe ($125.44 in chips)
echsecution: posts small blind $1
wesdeluxe: posts big blind $3
*** HOLE CARDS ***
echsecution: raises $3 to $6
wesdeluxe: calls $3
*** FLOP *** [2h 8h Th]
wesdeluxe: checks
echsecution: bets $3
wesdeluxe: calls $3
*** TURN *** [2h 8h Th] [2c]
wesdeluxe: checks
echsecution: bets $6
wesdeluxe: calls $6
*** RIVER *** [2h 8h Th 2c] [5d]
wesdeluxe: checks
echsecution: bets $6
wesdeluxe: calls $6
*** SHOW DOWN ***
echsecution: shows [As 8d] (two pair, Eights and Deuces)
wesdeluxe: mucks hand
echsecution collected $41.50 from pot
*** SUMMARY ***
Total pot $42 | Rake $0.50
Board [2h 8h Th 2c 5d]
Seat 1: echsecution (button) (small blind) showed [As 8d] and won ($41.50) with two pair, Eights and Deuces
Seat 2: wesdeluxe (big blind) mucked


PokerStars Hand #144982807840:  Hold'em Limit ($3/$6 USD) - 2015/12/07 14:51:49 ET
Table 'Atropos' 2-max Seat #2 is the button
Seat 1: echsecution ($80.64 in chips)
Seat 2: wesdeluxe ($126.44 in chips)
wesdeluxe: posts small blind $1
echsecution: posts big blind $3
*** HOLE CARDS ***
wesdeluxe: folds
Uncalled bet ($2) returned to echsecution
echsecution collected $2 from pot
echsecution: doesn't show hand
*** SUMMARY ***
Total pot $2 | Rake $0
Seat 1: echsecution (big blind) collected ($2)
Seat 2: wesdeluxe (button) (small blind) folded before Flop


PokerStars Hand #144982795051:  Hold'em Limit ($3/$6 USD) - 2015/12/07 14:51:36 ET
Table 'Atropos' 2-max Seat #1 is the button
Seat 1: echsecution ($72 in chips)
Seat 2: wesdeluxe ($135.44 in chips)
echsecution: posts small blind $1
wesdeluxe: posts big blind $3
*** HOLE CARDS ***
echsecution: raises $3 to $6
wesdeluxe: calls $3
*** FLOP *** [Ts Jd 2d]
wesdeluxe: checks
echsecution: bets $3
wesdeluxe: calls $3
*** TURN *** [Ts Jd 2d] [Ks]
wesdeluxe: folds
echsecution collected $17.64 from pot
echsecution: doesn't show hand
*** SUMMARY ***
Total pot $18 | Rake $0.36
Board [Ts Jd 2d Ks]
Seat 1: echsecution (button) (small blind) collected ($17.64)
Seat 2: wesdeluxe (big blind) folded on the Turn


PokerStars Hand #144982789026:  Hold'em Limit ($3/$6 USD) - 2015/12/07 14:51:31 ET
Table 'Atropos' 2-max Seat #2 is the button
Seat 1: echsecution ($72 in chips)
Seat 2: wesdeluxe ($132.44 in chips)
wesdeluxe: posts small blind $1
echsecution: posts big blind $3
*** HOLE CARDS ***
wesdeluxe: raises $3 to $6
echsecution: folds
Uncalled bet ($3) returned to wesdeluxe
wesdeluxe collected $6 from pot
*** SUMMARY ***
Total pot $6 | Rake $0
Seat 1: echsecution (big blind) folded before Flop
Seat 2: wesdeluxe (button) (small blind) collected ($6)


PokerStars Hand #144982834792:  Hold'em Limit ($3/$6 USD) - 2015/12/07 14:52:16 ET
Table 'Atropos' 2-max Seat #1 is the button
Seat 1: echsecution ($103.14 in chips)
Seat 2: wesdeluxe ($103.44 in chips)
echsecution: posts small blind $1
wesdeluxe: posts big blind $3
*** HOLE CARDS ***
echsecution: raises $3 to $6
wesdeluxe: calls $3
*** FLOP *** [Ad 9h Ah]
wesdeluxe: checks
echsecution: bets $3
wesdeluxe: calls $3
*** TURN *** [Ad 9h Ah] [Jd]
wesdeluxe: checks
echsecution: checks
*** RIVER *** [Ad 9h Ah Jd] [6h]
wesdeluxe: bets $6
echsecution: calls $6
*** SHOW DOWN ***
wesdeluxe: shows [Js Qs] (two pair, Aces and Jacks)
echsecution: mucks hand
wesdeluxe collected $29.50 from pot
*** SUMMARY ***
Total pot $30 | Rake $0.50
Board [Ad 9h Ah Jd 6h]
Seat 1: echsecution (button) (small blind) mucked
Seat 2: wesdeluxe (big blind) showed [Js Qs] and won ($29.50) with two pair, Aces and Jacks


PokerStars Hand #144982849181:  Hold'em Limit ($3/$6 USD) - 2015/12/07 14:52:30 ET
Table 'Atropos' 2-max Seat #2 is the button
Seat 1: echsecution ($88.14 in chips)
Seat 2: wesdeluxe ($117.94 in chips)
wesdeluxe: posts small blind $1
echsecution: posts big blind $3
*** HOLE CARDS ***
wesdeluxe: calls $2
echsecution: checks
*** FLOP *** [Qh 5h 4c]
echsecution: checks
wesdeluxe: checks
*** TURN *** [Qh 5h 4c] [6c]
echsecution: checks
wesdeluxe: checks
*** RIVER *** [Qh 5h 4c 6c] [8s]
echsecution: bets $6
wesdeluxe: folds
Uncalled bet ($6) returned to echsecution
echsecution collected $5.88 from pot
echsecution: doesn't show hand
*** SUMMARY ***
Total pot $6 | Rake $0.12
Board [Qh 5h 4c 6c 8s]
Seat 1: echsecution (big blind) collected ($5.88)
Seat 2: wesdeluxe (button) (small blind) folded on the River


PokerStars Hand #144982889382:  Hold'em Limit ($3/$6 USD) - 2015/12/07 14:53:09 ET
Table 'Atropos' 2-max Seat #2 is the button
Seat 1: echsecution ($111.52 in chips)
Seat 2: wesdeluxe ($93.94 in chips)
wesdeluxe: posts small blind $1
echsecution: posts big blind $3
*** HOLE CARDS ***
wesdeluxe: raises $3 to $6
echsecution: folds
Uncalled bet ($3) returned to wesdeluxe
wesdeluxe collected $6 from pot
*** SUMMARY ***
Total pot $6 | Rake $0
Seat 1: echsecution (big blind) folded before Flop
Seat 2: wesdeluxe (button) (small blind) collected ($6)


PokerStars Hand #144982865887:  Hold'em Limit ($3/$6 USD) - 2015/12/07 14:52:46 ET
Table 'Atropos' 2-max Seat #1 is the button
Seat 1: echsecution ($91.02 in chips)
Seat 2: wesdeluxe ($114.94 in chips)
echsecution: posts small blind $1
wesdeluxe: posts big blind $3
*** HOLE CARDS ***
echsecution: raises $3 to $6
wesdeluxe: calls $3
*** FLOP *** [3h 6d 4c]
wesdeluxe: checks
echsecution: bets $3
wesdeluxe: calls $3
*** TURN *** [3h 6d 4c] [9s]
wesdeluxe: checks
echsecution: bets $6
wesdeluxe: calls $6
*** RIVER *** [3h 6d 4c 9s] [Kd]
wesdeluxe: checks
echsecution: bets $6
wesdeluxe: calls $6
*** SHOW DOWN ***
echsecution: shows [4h 6h] (two pair, Sixes and Fours)
wesdeluxe: mucks hand
echsecution collected $41.50 from pot
*** SUMMARY ***
Total pot $42 | Rake $0.50
Board [3h 6d 4c 9s Kd]
Seat 1: echsecution (button) (small blind) showed [4h 6h] and won ($41.50) with two pair, Sixes and Fours
Seat 2: wesdeluxe (big blind) mucked


PokerStars Hand #144982900597:  Hold'em Limit ($3/$6 USD) - 2015/12/07 14:53:20 ET
Table 'Atropos' 2-max Seat #2 is the button
Seat 1: echsecution ($107.52 in chips)
Seat 2: wesdeluxe ($97.94 in chips)
wesdeluxe: posts small blind $1
echsecution: posts big blind $3
*** HOLE CARDS ***
wesdeluxe: folds
Uncalled bet ($2) returned to echsecution
echsecution collected $2 from pot
echsecution: doesn't show hand
*** SUMMARY ***
Total pot $2 | Rake $0
Seat 1: echsecution (big blind) collected ($2)
Seat 2: wesdeluxe (button) (small blind) folded before Flop


PokerStars Hand #144982895080:  Hold'em Limit ($3/$6 USD) - 2015/12/07 14:53:14 ET
Table 'Atropos' 2-max Seat #1 is the button
Seat 1: echsecution ($108.52 in chips)
Seat 2: wesdeluxe ($96.94 in chips)
echsecution: posts small blind $1
wesdeluxe: posts big blind $3
*** HOLE CARDS ***
echsecution: folds
Uncalled bet ($2) returned to wesdeluxe
wesdeluxe collected $2 from pot
*** SUMMARY ***
Total pot $2 | Rake $0
Seat 1: echsecution (button) (small blind) folded before Flop
Seat 2: wesdeluxe (big blind) collected ($2)


PokerStars Hand #144982905474:  Hold'em Limit ($3/$6 USD) - 2015/12/07 14:53:25 ET
Table 'Atropos' 2-max Seat #1 is the button
Seat 1: echsecution ($108.52 in chips)
Seat 2: wesdeluxe ($96.94 in chips)
echsecution: posts small blind $1
wesdeluxe: posts big blind $3
*** HOLE CARDS ***
echsecution: raises $3 to $6
wesdeluxe: folds
Uncalled bet ($3) returned to echsecution
echsecution collected $6 from pot
echsecution: doesn't show hand
*** SUMMARY ***
Total pot $6 | Rake $0
Seat 1: echsecution (button) (small blind) collected ($6)
Seat 2: wesdeluxe (big blind) folded before Flop


PokerStars Hand #144982932766:  Hold'em Limit ($3/$6 USD) - 2015/12/07 14:53:51 ET
Table 'Atropos' 2-max Seat #1 is the button
Seat 1: echsecution ($120.16 in chips)
Seat 2: wesdeluxe ($84.94 in chips)
echsecution: posts small blind $1
wesdeluxe: posts big blind $3
*** HOLE CARDS ***
echsecution: raises $3 to $6
wesdeluxe: folds
Uncalled bet ($3) returned to echsecution
echsecution collected $6 from pot
echsecution: doesn't show hand
*** SUMMARY ***
Total pot $6 | Rake $0
Seat 1: echsecution (button) (small blind) collected ($6)
Seat 2: wesdeluxe (big blind) folded before Flop


PokerStars Hand #144982911376:  Hold'em Limit ($3/$6 USD) - 2015/12/07 14:53:30 ET
Table 'Atropos' 2-max Seat #2 is the button
Seat 1: echsecution ($111.52 in chips)
Seat 2: wesdeluxe ($93.94 in chips)
wesdeluxe: posts small blind $1
echsecution: posts big blind $3
*** HOLE CARDS ***
wesdeluxe: raises $3 to $6
echsecution: calls $3
*** FLOP *** [Td 8s 5c]
echsecution: checks
wesdeluxe: bets $3
echsecution: calls $3
*** TURN *** [Td 8s 5c] [6h]
echsecution: checks
wesdeluxe: checks
*** RIVER *** [Td 8s 5c 6h] [7d]
echsecution: checks
wesdeluxe: checks
*** SHOW DOWN ***
echsecution: shows [Qc 6s] (a pair of Sixes)
wesdeluxe: mucks hand
echsecution collected $17.64 from pot
*** SUMMARY ***
Total pot $18 | Rake $0.36
Board [Td 8s 5c 6h 7d]
Seat 1: echsecution (big blind) showed [Qc 6s] and won ($17.64) with a pair of Sixes
Seat 2: wesdeluxe (button) (small blind) mucked


PokerStars Hand #144982937801:  Hold'em Limit ($3/$6 USD) - 2015/12/07 14:53:56 ET
Table 'Atropos' 2-max Seat #2 is the button
Seat 1: echsecution ($123.16 in chips)
Seat 2: wesdeluxe ($81.94 in chips)
wesdeluxe: posts small blind $1
echsecution: posts big blind $3
*** HOLE CARDS ***
wesdeluxe: raises $3 to $6
echsecution: folds
Uncalled bet ($3) returned to wesdeluxe
wesdeluxe collected $6 from pot
*** SUMMARY ***
Total pot $6 | Rake $0
Seat 1: echsecution (big blind) folded before Flop
Seat 2: wesdeluxe (button) (small blind) collected ($6)


PokerStars Hand #144982951369:  Hold'em Limit ($3/$6 USD) - 2015/12/07 14:54:10 ET
Table 'Atropos' 2-max Seat #2 is the button
Seat 1: echsecution ($123.16 in chips)
Seat 2: wesdeluxe ($81.94 in chips)
wesdeluxe: posts small blind $1
echsecution: posts big blind $3
*** HOLE CARDS ***
wesdeluxe: folds
Uncalled bet ($2) returned to echsecution
echsecution collected $2 from pot
echsecution: doesn't show hand
*** SUMMARY ***
Total pot $2 | Rake $0
Seat 1: echsecution (big blind) collected ($2)
Seat 2: wesdeluxe (button) (small blind) folded before Flop


PokerStars Hand #144982945941:  Hold'em Limit ($3/$6 USD) - 2015/12/07 14:54:04 ET
Table 'Atropos' 2-max Seat #1 is the button
Seat 1: echsecution ($120.16 in chips)
Seat 2: wesdeluxe ($84.94 in chips)
echsecution: posts small blind $1
wesdeluxe: posts big blind $3
*** HOLE CARDS ***
echsecution: raises $3 to $6
wesdeluxe: folds
Uncalled bet ($3) returned to echsecution
echsecution collected $6 from pot
echsecution: doesn't show hand
*** SUMMARY ***
Total pot $6 | Rake $0
Seat 1: echsecution (button) (small blind) collected ($6)
Seat 2: wesdeluxe (big blind) folded before Flop


PokerStars Hand #144982973911:  Hold'em Limit ($3/$6 USD) - 2015/12/07 14:54:32 ET
Table 'Atropos' 2-max Seat #2 is the button
Seat 1: echsecution ($147.66 in chips)
Seat 2: wesdeluxe ($56.94 in chips)
wesdeluxe: posts small blind $1
echsecution: posts big blind $3
*** HOLE CARDS ***
wesdeluxe: folds
Uncalled bet ($2) returned to echsecution
echsecution collected $2 from pot
echsecution: doesn't show hand
*** SUMMARY ***
Total pot $2 | Rake $0
Seat 1: echsecution (big blind) collected ($2)
Seat 2: wesdeluxe (button) (small blind) folded before Flop


PokerStars Hand #144982955723:  Hold'em Limit ($3/$6 USD) - 2015/12/07 14:54:14 ET
Table 'Atropos' 2-max Seat #1 is the button
Seat 1: echsecution ($124.16 in chips)
Seat 2: wesdeluxe ($80.94 in chips)
echsecution: posts small blind $1
wesdeluxe: posts big blind $3
*** HOLE CARDS ***
echsecution: raises $3 to $6
wesdeluxe: calls $3
*** FLOP *** [Qd Ah Kh]
wesdeluxe: checks
echsecution: bets $3
wesdeluxe: raises $3 to $6
echsecution: calls $3
*** TURN *** [Qd Ah Kh] [9c]
wesdeluxe: bets $6
echsecution: raises $6 to $12
wesdeluxe: calls $6
*** RIVER *** [Qd Ah Kh 9c] [8s]
wesdeluxe: folds
echsecution collected $47.50 from pot
echsecution: doesn't show hand
*** SUMMARY ***
Total pot $48 | Rake $0.50
Board [Qd Ah Kh 9c 8s]
Seat 1: echsecution (button) (small blind) collected ($47.50)
Seat 2: wesdeluxe (big blind) folded on the River


PokerStars Hand #144982978176:  Hold'em Limit ($3/$6 USD) - 2015/12/07 14:54:36 ET
Table 'Atropos' 2-max Seat #1 is the button
Seat 1: echsecution ($148.66 in chips)
Seat 2: wesdeluxe ($55.94 in chips)
echsecution: posts small blind $1
wesdeluxe: posts big blind $3
*** HOLE CARDS ***
echsecution: raises $3 to $6
wesdeluxe: folds
Uncalled bet ($3) returned to echsecution
echsecution collected $6 from pot
echsecution: doesn't show hand
*** SUMMARY ***
Total pot $6 | Rake $0
Seat 1: echsecution (button) (small blind) collected ($6)
Seat 2: wesdeluxe (big blind) folded before Flop


PokerStars Hand #144982983376:  Hold'em Limit ($3/$6 USD) - 2015/12/07 14:54:41 ET
Table 'Atropos' 2-max Seat #2 is the button
Seat 1: echsecution ($151.66 in chips)
Seat 2: wesdeluxe ($52.94 in chips)
wesdeluxe: posts small blind $1
echsecution: posts big blind $3
*** HOLE CARDS ***
wesdeluxe: calls $2
echsecution: checks
*** FLOP *** [6h Qc 7h]
echsecution: checks
wesdeluxe: bets $3
echsecution: folds
Uncalled bet ($3) returned to wesdeluxe
wesdeluxe collected $5.88 from pot
*** SUMMARY ***
Total pot $6 | Rake $0.12
Board [6h Qc 7h]
Seat 1: echsecution (big blind) folded on the Flop
Seat 2: wesdeluxe (button) (small blind) collected ($5.88)


