PokerStars Hand #157767923538:  Hold'em Limit ($3/$6 USD) - 2016/08/26 13:21:15 ET
Table 'Attica' 6-max Seat #5 is the button
Seat 5: threeeyejack ($11.47 in chips)
Seat 6: BuzovaPro ($126.35 in chips)
threeeyejack: posts small blind $1
BuzovaPro: posts big blind $3
*** HOLE CARDS ***
threeeyejack: folds
Uncalled bet ($2) returned to BuzovaPro
BuzovaPro collected $2 from pot
BuzovaPro: doesn't show hand
*** SUMMARY ***
Total pot $2 | Rake $0
Seat 5: threeeyejack (button) (small blind) folded before Flop
Seat 6: BuzovaPro (big blind) collected ($2)


PokerStars Hand #157767906971:  Hold'em Limit ($3/$6 USD) - 2016/08/26 13:20:50 ET
Table 'Attica' 6-max Seat #6 is the button
Seat 5: threeeyejack ($38.47 in chips)
Seat 6: BuzovaPro ($99.85 in chips)
BuzovaPro: posts small blind $1
threeeyejack: posts big blind $3
*** HOLE CARDS ***
BuzovaPro: raises $3 to $6
threeeyejack: raises $3 to $9
BuzovaPro: calls $3
*** FLOP *** [8h 4c 2h]
**Geka**555 joins the table at seat #4
threeeyejack: bets $3
BuzovaPro: raises $3 to $6
threeeyejack: calls $3
*** TURN *** [8h 4c 2h] [Js]
threeeyejack: checks
BuzovaPro: bets $6
threeeyejack: calls $6
*** RIVER *** [8h 4c 2h Js] [Qs]
AzureCaper joins the table at seat #2
threeeyejack: checks
BuzovaPro: bets $6
threeeyejack: calls $6
*** SHOW DOWN ***
BuzovaPro: shows [Ah As] (a pair of Aces)
threeeyejack: mucks hand
BuzovaPro collected $53.50 from pot
*** SUMMARY ***
Total pot $54 | Rake $0.50
Board [8h 4c 2h Js Qs]
Seat 5: threeeyejack (big blind) mucked
Seat 6: BuzovaPro (button) (small blind) showed [Ah As] and won ($53.50) with a pair of Aces


PokerStars Hand #157767903506:  Hold'em Limit ($3/$6 USD) - 2016/08/26 13:20:44 ET
Table 'Attica' 6-max Seat #5 is the button
Seat 5: threeeyejack ($39.47 in chips)
Seat 6: BuzovaPro ($98.85 in chips)
threeeyejack: posts small blind $1
BuzovaPro: posts big blind $3
*** HOLE CARDS ***
threeeyejack: folds
Uncalled bet ($2) returned to BuzovaPro
BuzovaPro collected $2 from pot
BuzovaPro: doesn't show hand
*** SUMMARY ***
Total pot $2 | Rake $0
Seat 5: threeeyejack (button) (small blind) folded before Flop
Seat 6: BuzovaPro (big blind) collected ($2)


PokerStars Hand #157767892784:  Hold'em Limit ($3/$6 USD) - 2016/08/26 13:20:28 ET
Table 'Attica' 6-max Seat #6 is the button
Seat 5: threeeyejack ($45.47 in chips)
Seat 6: BuzovaPro ($93.09 in chips)
BuzovaPro: posts small blind $1
AzureCaper: is sitting out
aade1ante: is sitting out
threeeyejack: posts big blind $3
*** HOLE CARDS ***
AzureCaper leaves the table
BuzovaPro: raises $3 to $6
threeeyejack: calls $3
*** FLOP *** [Qh Qd Td]
ehavai leaves the table
threeeyejack: checks
BuzovaPro: bets $3
threeeyejack: folds
Uncalled bet ($3) returned to BuzovaPro
BuzovaPro collected $11.76 from pot
BuzovaPro: doesn't show hand
*** SUMMARY ***
Total pot $12 | Rake $0.24
Board [Qh Qd Td]
Seat 5: threeeyejack (big blind) folded on the Flop
Seat 6: BuzovaPro (button) (small blind) collected ($11.76)


PokerStars Hand #157768483811:  Hold'em Limit ($3/$6 USD) - 2016/08/26 13:35:43 ET
Table 'Attica' 6-max Seat #2 is the button
Seat 1: ABATAPP ($55.61 in chips)
Seat 2: SHOOTER1118 ($196 in chips)
SHOOTER1118: posts small blind $1
ABATAPP: posts big blind $3
*** HOLE CARDS ***
wuck249 leaves the table
SHOOTER1118: raises $3 to $6
ABATAPP: calls $3
*** FLOP *** [9s Ah Ad]
ABATAPP: checks
SHOOTER1118: bets $3
ABATAPP: folds
Uncalled bet ($3) returned to SHOOTER1118
SHOOTER1118 collected $11.76 from pot
SHOOTER1118: doesn't show hand
*** SUMMARY ***
Total pot $12 | Rake $0.24
Board [9s Ah Ad]
Seat 1: ABATAPP (big blind) folded on the Flop
Seat 2: SHOOTER1118 (button) (small blind) collected ($11.76)


PokerStars Hand #157768502178:  Hold'em Limit ($3/$6 USD) - 2016/08/26 13:36:11 ET
Table 'Attica' 6-max Seat #1 is the button
Seat 1: ABATAPP ($49.61 in chips)
Seat 2: SHOOTER1118 ($201.76 in chips)
ABATAPP: posts small blind $1
SHOOTER1118: posts big blind $3
*** HOLE CARDS ***
ABATAPP: folds
Uncalled bet ($2) returned to SHOOTER1118
SHOOTER1118 collected $2 from pot
SHOOTER1118: doesn't show hand
*** SUMMARY ***
Total pot $2 | Rake $0
Seat 1: ABATAPP (button) (small blind) folded before Flop
Seat 2: SHOOTER1118 (big blind) collected ($2)


PokerStars Hand #157768506007:  Hold'em Limit ($3/$6 USD) - 2016/08/26 13:36:17 ET
Table 'Attica' 6-max Seat #2 is the button
Seat 1: ABATAPP ($48.61 in chips)
Seat 2: SHOOTER1118 ($202.76 in chips)
SHOOTER1118: posts small blind $1
ABATAPP: posts big blind $3
*** HOLE CARDS ***
SHOOTER1118: raises $3 to $6
ABATAPP: raises $3 to $9
SHOOTER1118: calls $3
*** FLOP *** [9s Td 7d]
ABATAPP: bets $3
SHOOTER1118: calls $3
*** TURN *** [9s Td 7d] [3c]
vovojc joins the table at seat #3
ABATAPP: bets $6
SHOOTER1118: raises $6 to $12
ABATAPP: calls $6
*** RIVER *** [9s Td 7d 3c] [3h]
ABATAPP: checks
SHOOTER1118: bets $6
ABATAPP: folds
Uncalled bet ($6) returned to SHOOTER1118
SHOOTER1118 collected $47.50 from pot
SHOOTER1118: doesn't show hand
*** SUMMARY ***
Total pot $48 | Rake $0.50
Board [9s Td 7d 3c 3h]
Seat 1: ABATAPP (big blind) folded on the River
Seat 2: SHOOTER1118 (button) (small blind) collected ($47.50)


PokerStars Hand #157768534853:  Hold'em Limit ($3/$6 USD) - 2016/08/26 13:37:01 ET
Table 'Attica' 6-max Seat #1 is the button
Seat 1: ABATAPP ($84.61 in chips)
Seat 2: SHOOTER1118 ($226.26 in chips)
ABATAPP: posts small blind $1
SHOOTER1118: posts big blind $3
*** HOLE CARDS ***
ABATAPP: raises $3 to $6
SHOOTER1118: calls $3
*** FLOP *** [Jh Qc Ac]
SHOOTER1118: checks
ABATAPP: checks
*** TURN *** [Jh Qc Ac] [7d]
SHOOTER1118: checks
ABATAPP: bets $6
SHOOTER1118: folds
Uncalled bet ($6) returned to ABATAPP
ABATAPP collected $11.76 from pot
ABATAPP: doesn't show hand
*** SUMMARY ***
Total pot $12 | Rake $0.24
Board [Jh Qc Ac 7d]
Seat 1: ABATAPP (button) (small blind) collected ($11.76)
Seat 2: SHOOTER1118 (big blind) folded on the Turn


PokerStars Hand #157769167788:  Hold'em Limit ($3/$6 USD) - 2016/08/26 13:53:10 ET
Table 'Attica' 6-max Seat #2 is the button
Seat 2: SHOOTER1118 ($221.12 in chips)
Seat 5: bangolfaren ($95.13 in chips)
SHOOTER1118: posts small blind $1
bangolfaren: posts big blind $3
*** HOLE CARDS ***
SHOOTER1118: folds
Uncalled bet ($2) returned to bangolfaren
bangolfaren collected $2 from pot
bangolfaren: doesn't show hand
*** SUMMARY ***
Total pot $2 | Rake $0
Seat 2: SHOOTER1118 (button) (small blind) folded before Flop
Seat 5: bangolfaren (big blind) collected ($2)


PokerStars Hand #157769151590:  Hold'em Limit ($3/$6 USD) - 2016/08/26 13:52:45 ET
Table 'Attica' 6-max Seat #5 is the button
Seat 2: SHOOTER1118 ($227.12 in chips)
Seat 5: bangolfaren ($89.37 in chips)
bangolfaren: posts small blind $1
SHOOTER1118: posts big blind $3
*** HOLE CARDS ***
bangolfaren: raises $3 to $6
SHOOTER1118: calls $3
*** FLOP *** [Js Ac 9c]
SHOOTER1118: checks
bangolfaren: bets $3
SHOOTER1118: folds
Uncalled bet ($3) returned to bangolfaren
bangolfaren collected $11.76 from pot
bangolfaren: doesn't show hand
*** SUMMARY ***
Total pot $12 | Rake $0.24
Board [Js Ac 9c]
Seat 2: SHOOTER1118 (big blind) folded on the Flop
Seat 5: bangolfaren (button) (small blind) collected ($11.76)


PokerStars Hand #157769147528:  Hold'em Limit ($3/$6 USD) - 2016/08/26 13:52:38 ET
Table 'Attica' 6-max Seat #2 is the button
Seat 2: SHOOTER1118 ($228.12 in chips)
Seat 5: bangolfaren ($88.37 in chips)
SHOOTER1118: posts small blind $1
Krazy90: is sitting out
bangolfaren: posts big blind $3
*** HOLE CARDS ***
ABATAPP leaves the table
SHOOTER1118: folds
Uncalled bet ($2) returned to bangolfaren
Krazy90 leaves the table
bangolfaren collected $2 from pot
bangolfaren: doesn't show hand
*** SUMMARY ***
Total pot $2 | Rake $0
Seat 2: SHOOTER1118 (button) (small blind) folded before Flop
Seat 5: bangolfaren (big blind) collected ($2)


PokerStars Hand #157769173064:  Hold'em Limit ($3/$6 USD) - 2016/08/26 13:53:18 ET
Table 'Attica' 6-max Seat #5 is the button
Seat 2: SHOOTER1118 ($220.12 in chips)
Seat 5: bangolfaren ($96.13 in chips)
bangolfaren: posts small blind $1
SHOOTER1118: posts big blind $3
*** HOLE CARDS ***
bangolfaren: raises $3 to $6
SHOOTER1118: raises $3 to $9
bangolfaren: calls $3
*** FLOP *** [6d 3h 9c]
SHOOTER1118: bets $3
bangolfaren: calls $3
*** TURN *** [6d 3h 9c] [Jd]
SHOOTER1118: bets $6
bangolfaren: folds
Uncalled bet ($6) returned to SHOOTER1118
SHOOTER1118 collected $23.52 from pot
SHOOTER1118: doesn't show hand
*** SUMMARY ***
Total pot $24 | Rake $0.48
Board [6d 3h 9c Jd]
Seat 2: SHOOTER1118 (big blind) collected ($23.52)
Seat 5: bangolfaren (button) (small blind) folded on the Turn


PokerStars Hand #157769186453:  Hold'em Limit ($3/$6 USD) - 2016/08/26 13:53:40 ET
Table 'Attica' 6-max Seat #2 is the button
Seat 2: SHOOTER1118 ($231.64 in chips)
Seat 5: bangolfaren ($84.13 in chips)
SHOOTER1118: posts small blind $1
bangolfaren: posts big blind $3
*** HOLE CARDS ***
SHOOTER1118: raises $3 to $6
bangolfaren: calls $3
*** FLOP *** [Jc 8c 7s]
bangolfaren: checks
SHOOTER1118: bets $3
bangolfaren: calls $3
*** TURN *** [Jc 8c 7s] [Jh]
bangolfaren: checks
SHOOTER1118: checks
*** RIVER *** [Jc 8c 7s Jh] [4d]
bangolfaren: checks
SHOOTER1118: checks
*** SHOW DOWN ***
bangolfaren: shows [Qs Ad] (a pair of Jacks)
SHOOTER1118: mucks hand
bangolfaren collected $17.64 from pot
*** SUMMARY ***
Total pot $18 | Rake $0.36
Board [Jc 8c 7s Jh 4d]
Seat 2: SHOOTER1118 (button) (small blind) mucked
Seat 5: bangolfaren (big blind) showed [Qs Ad] and won ($17.64) with a pair of Jacks


PokerStars Hand #157769242957:  Hold'em Limit ($3/$6 USD) - 2016/08/26 13:55:09 ET
Table 'Attica' 6-max Seat #5 is the button
Seat 2: SHOOTER1118 ($200.64 in chips)
Seat 5: bangolfaren ($114.27 in chips)
bangolfaren: posts small blind $1
SHOOTER1118: posts big blind $3
*** HOLE CARDS ***
bangolfaren: raises $3 to $6
SHOOTER1118: folds
Uncalled bet ($3) returned to bangolfaren
bangolfaren collected $6 from pot
bangolfaren: doesn't show hand
*** SUMMARY ***
Total pot $6 | Rake $0
Seat 2: SHOOTER1118 (big blind) folded before Flop
Seat 5: bangolfaren (button) (small blind) collected ($6)


PokerStars Hand #157769240505:  Hold'em Limit ($3/$6 USD) - 2016/08/26 13:55:05 ET
Table 'Attica' 6-max Seat #2 is the button
Seat 2: SHOOTER1118 ($201.64 in chips)
Seat 5: bangolfaren ($113.27 in chips)
SHOOTER1118: posts small blind $1
bangolfaren: posts big blind $3
*** HOLE CARDS ***
SHOOTER1118: folds
Uncalled bet ($2) returned to bangolfaren
bangolfaren collected $2 from pot
bangolfaren: doesn't show hand
*** SUMMARY ***
Total pot $2 | Rake $0
Seat 2: SHOOTER1118 (button) (small blind) folded before Flop
Seat 5: bangolfaren (big blind) collected ($2)


PokerStars Hand #157769246335:  Hold'em Limit ($3/$6 USD) - 2016/08/26 13:55:16 ET
Table 'Attica' 6-max Seat #2 is the button
Seat 2: SHOOTER1118 ($197.64 in chips)
Seat 5: bangolfaren ($117.27 in chips)
SHOOTER1118: posts small blind $1
bangolfaren: posts big blind $3
*** HOLE CARDS ***
SHOOTER1118: raises $3 to $6
bangolfaren: calls $3
*** FLOP *** [Tc 5c As]
bangolfaren: checks
SHOOTER1118: bets $3
bangolfaren: folds
Uncalled bet ($3) returned to SHOOTER1118
SHOOTER1118 collected $11.76 from pot
SHOOTER1118: doesn't show hand
*** SUMMARY ***
Total pot $12 | Rake $0.24
Board [Tc 5c As]
Seat 2: SHOOTER1118 (button) (small blind) collected ($11.76)
Seat 5: bangolfaren (big blind) folded on the Flop


PokerStars Hand #157769214392:  Hold'em Limit ($3/$6 USD) - 2016/08/26 13:54:24 ET
Table 'Attica' 6-max Seat #5 is the button
Seat 2: SHOOTER1118 ($222.64 in chips)
Seat 5: bangolfaren ($92.77 in chips)
bangolfaren: posts small blind $1
SHOOTER1118: posts big blind $3
*** HOLE CARDS ***
bangolfaren: raises $3 to $6
SHOOTER1118: raises $3 to $9
bangolfaren: raises $3 to $12
Betting is capped
SHOOTER1118: calls $3
*** FLOP *** [6h 9d 9h]
SHOOTER1118: checks
bangolfaren: bets $3
SHOOTER1118: calls $3
*** TURN *** [6h 9d 9h] [Tc]
SHOOTER1118: bets $6
bangolfaren: calls $6
*** RIVER *** [6h 9d 9h Tc] [As]
SHOOTER1118: checks
bangolfaren: bets $6
SHOOTER1118: folds
Uncalled bet ($6) returned to bangolfaren
bangolfaren collected $41.50 from pot
bangolfaren: doesn't show hand
*** SUMMARY ***
Total pot $42 | Rake $0.50
Board [6h 9d 9h Tc As]
Seat 2: SHOOTER1118 (big blind) folded on the River
Seat 5: bangolfaren (button) (small blind) collected ($41.50)


PokerStars Hand #157769252817:  Hold'em Limit ($3/$6 USD) - 2016/08/26 13:55:29 ET
Table 'Attica' 6-max Seat #5 is the button
Seat 2: SHOOTER1118 ($203.40 in chips)
Seat 5: bangolfaren ($111.27 in chips)
bangolfaren: posts small blind $1
SHOOTER1118: posts big blind $3
*** HOLE CARDS ***
bangolfaren: folds
Uncalled bet ($2) returned to SHOOTER1118
SHOOTER1118 collected $2 from pot
SHOOTER1118: doesn't show hand
*** SUMMARY ***
Total pot $2 | Rake $0
Seat 2: SHOOTER1118 (big blind) collected ($2)
Seat 5: bangolfaren (button) (small blind) folded before Flop


PokerStars Hand #157769255486:  Hold'em Limit ($3/$6 USD) - 2016/08/26 13:55:35 ET
Table 'Attica' 6-max Seat #2 is the button
Seat 2: SHOOTER1118 ($204.40 in chips)
Seat 5: bangolfaren ($110.27 in chips)
SHOOTER1118: posts small blind $1
bangolfaren: posts big blind $3
*** HOLE CARDS ***
SHOOTER1118: folds
Uncalled bet ($2) returned to bangolfaren
bangolfaren collected $2 from pot
bangolfaren: doesn't show hand
*** SUMMARY ***
Total pot $2 | Rake $0
Seat 2: SHOOTER1118 (button) (small blind) folded before Flop
Seat 5: bangolfaren (big blind) collected ($2)


PokerStars Hand #157769258626:  Hold'em Limit ($3/$6 USD) - 2016/08/26 13:55:41 ET
Table 'Attica' 6-max Seat #5 is the button
Seat 2: SHOOTER1118 ($203.40 in chips)
Seat 5: bangolfaren ($111.27 in chips)
bangolfaren: posts small blind $1
SHOOTER1118: posts big blind $3
*** HOLE CARDS ***
bangolfaren: raises $3 to $6
SHOOTER1118: folds
Uncalled bet ($3) returned to bangolfaren
bangolfaren collected $6 from pot
bangolfaren: doesn't show hand
*** SUMMARY ***
Total pot $6 | Rake $0
Seat 2: SHOOTER1118 (big blind) folded before Flop
Seat 5: bangolfaren (button) (small blind) collected ($6)


PokerStars Hand #157769265354:  Hold'em Limit ($3/$6 USD) - 2016/08/26 13:55:54 ET
Table 'Attica' 6-max Seat #2 is the button
Seat 2: SHOOTER1118 ($200.40 in chips)
Seat 5: bangolfaren ($114.27 in chips)
SHOOTER1118: posts small blind $1
bangolfaren: posts big blind $3
*** HOLE CARDS ***
wrxgibby joins the table at seat #3
SHOOTER1118: folds
Uncalled bet ($2) returned to bangolfaren
bangolfaren collected $2 from pot
bangolfaren: doesn't show hand
*** SUMMARY ***
Total pot $2 | Rake $0
Seat 2: SHOOTER1118 (button) (small blind) folded before Flop
Seat 5: bangolfaren (big blind) collected ($2)


PokerStars Hand #157769274625:  Hold'em Limit ($3/$6 USD) - 2016/08/26 13:56:12 ET
Table 'Attica' 6-max Seat #5 is the button
Seat 2: SHOOTER1118 ($199.40 in chips)
Seat 5: bangolfaren ($115.27 in chips)
bangolfaren: posts small blind $1
SHOOTER1118: posts big blind $3
*** HOLE CARDS ***
bangolfaren: raises $3 to $6
SHOOTER1118: calls $3
*** FLOP *** [5h Tc 3c]
SHOOTER1118: checks
bangolfaren: bets $3
SHOOTER1118: raises $3 to $6
bangolfaren: calls $3
*** TURN *** [5h Tc 3c] [8d]
SHOOTER1118: bets $6
bangolfaren: calls $6
*** RIVER *** [5h Tc 3c 8d] [Jh]
SHOOTER1118: checks
bangolfaren: checks
*** SHOW DOWN ***
SHOOTER1118: shows [Ad 3s] (a pair of Threes)
bangolfaren: shows [Ks 8h] (a pair of Eights)
bangolfaren collected $35.50 from pot
*** SUMMARY ***
Total pot $36 | Rake $0.50
Board [5h Tc 3c 8d Jh]
Seat 2: SHOOTER1118 (big blind) showed [Ad 3s] and lost with a pair of Threes
Seat 5: bangolfaren (button) (small blind) showed [Ks 8h] and won ($35.50) with a pair of Eights


