PokerStars Hand #151825613049:  Hold'em Limit ($3/$6 USD) - 2016/04/12 15:59:41 ET
Table 'Attila' 6-max Seat #2 is the button
Seat 1: trol12 ($90.51 in chips)
Seat 2: kolaz03 ($169.89 in chips)
kolaz03: posts small blind $1
trol12: posts big blind $3
*** HOLE CARDS ***
kolaz03: raises $3 to $6
trol12: raises $3 to $9
kolaz03: calls $3
*** FLOP *** [Kd 4d 3c]
trol12: bets $3
kolaz03: folds
Uncalled bet ($3) returned to trol12
trol12 collected $17.64 from pot
trol12: doesn't show hand
*** SUMMARY ***
Total pot $18 | Rake $0.36
Board [Kd 4d 3c]
Seat 1: trol12 (big blind) collected ($17.64)
Seat 2: kolaz03 (button) (small blind) folded on the Flop


PokerStars Hand #151825609969:  Hold'em Limit ($3/$6 USD) - 2016/04/12 15:59:37 ET
Table 'Attila' 6-max Seat #1 is the button
Seat 1: trol12 ($91.51 in chips)
Seat 2: kolaz03 ($168.89 in chips)
trol12: posts small blind $1
kolaz03: posts big blind $3
*** HOLE CARDS ***
trol12: folds
Uncalled bet ($2) returned to kolaz03
kolaz03 collected $2 from pot
kolaz03: doesn't show hand
*** SUMMARY ***
Total pot $2 | Rake $0
Seat 1: trol12 (button) (small blind) folded before Flop
Seat 2: kolaz03 (big blind) collected ($2)


PokerStars Hand #151825657349:  Hold'em Limit ($3/$6 USD) - 2016/04/12 16:00:43 ET
Table 'Attila' 6-max Seat #1 is the button
Seat 1: trol12 ($113.65 in chips)
Seat 2: kolaz03 ($145.39 in chips)
trol12: posts small blind $1
kolaz03: posts big blind $3
*** HOLE CARDS ***
trol12: folds
Uncalled bet ($2) returned to kolaz03
kolaz03 collected $2 from pot
kolaz03: doesn't show hand
*** SUMMARY ***
Total pot $2 | Rake $0
Seat 1: trol12 (button) (small blind) folded before Flop
Seat 2: kolaz03 (big blind) collected ($2)


PokerStars Hand #151825640495:  Hold'em Limit ($3/$6 USD) - 2016/04/12 16:00:20 ET
Table 'Attila' 6-max Seat #2 is the button
Seat 1: trol12 ($84.15 in chips)
Seat 2: kolaz03 ($175.39 in chips)
kolaz03: posts small blind $1
trol12: posts big blind $3
*** HOLE CARDS ***
kolaz03: raises $3 to $6
trol12: raises $3 to $9
kolaz03: calls $3
*** FLOP *** [Th Td 5s]
trol12: bets $3
Hi Im Alexey joins the table at seat #4
kolaz03: calls $3
*** TURN *** [Th Td 5s] [3s]
trol12: bets $6
kolaz03: calls $6
*** RIVER *** [Th Td 5s 3s] [9s]
trol12: bets $6
kolaz03: raises $6 to $12
trol12: raises $6 to $18
kolaz03: folds
Uncalled bet ($6) returned to trol12
trol12 collected $59.50 from pot
trol12: doesn't show hand
*** SUMMARY ***
Total pot $60 | Rake $0.50
Board [Th Td 5s 3s 9s]
Seat 1: trol12 (big blind) collected ($59.50)
Seat 2: kolaz03 (button) (small blind) folded on the River


PokerStars Hand #151825625199:  Hold'em Limit ($3/$6 USD) - 2016/04/12 15:59:59 ET
Table 'Attila' 6-max Seat #1 is the button
Seat 1: trol12 ($99.15 in chips)
Seat 2: kolaz03 ($160.89 in chips)
trol12: posts small blind $1
kolaz03: posts big blind $3
*** HOLE CARDS ***
trol12: raises $3 to $6
kolaz03: calls $3
*** FLOP *** [Ah 3d 8h]
kolaz03: checks
trol12: bets $3
kolaz03: calls $3
*** TURN *** [Ah 3d 8h] [6h]
kolaz03: checks
trol12: bets $6
kolaz03: raises $6 to $12
trol12: folds
Uncalled bet ($6) returned to kolaz03
kolaz03 collected $29.50 from pot
kolaz03: doesn't show hand
*** SUMMARY ***
Total pot $30 | Rake $0.50
Board [Ah 3d 8h 6h]
Seat 1: trol12 (button) (small blind) folded on the Turn
Seat 2: kolaz03 (big blind) collected ($29.50)


PokerStars Hand #151835136252:  Hold'em Limit ($3/$6 USD) - 2016/04/12 19:19:00 ET
Table 'Attila' 6-max Seat #5 is the button
Seat 4: AzureCaper ($72 in chips)
Seat 5: shalomrum ($31 in chips)
shalomrum: posts small blind $1
AzureCaper: posts big blind $3
*** HOLE CARDS ***
shalomrum: raises $3 to $6
AzureCaper: calls $3
*** FLOP *** [Ad Kc 4c]
AzureCaper: checks
shalomrum: bets $3
AzureCaper: calls $3
*** TURN *** [Ad Kc 4c] [7c]
AzureCaper: checks
shalomrum: checks
*** RIVER *** [Ad Kc 4c 7c] [Qh]
AzureCaper: bets $6
shalomrum: calls $6
*** SHOW DOWN ***
AzureCaper: shows [Ts Kh] (a pair of Kings)
shalomrum: mucks hand
AzureCaper collected $29.50 from pot
*** SUMMARY ***
Total pot $30 | Rake $0.50
Board [Ad Kc 4c 7c Qh]
Seat 4: AzureCaper (big blind) showed [Ts Kh] and won ($29.50) with a pair of Kings
Seat 5: shalomrum (button) (small blind) mucked


PokerStars Hand #151835170157:  Hold'em Limit ($3/$6 USD) - 2016/04/12 19:19:55 ET
Table 'Attila' 6-max Seat #5 is the button
Seat 4: AzureCaper ($102 in chips)
Seat 5: shalomrum ($30 in chips)
shalomrum: posts small blind $1
AzureCaper: posts big blind $3
*** HOLE CARDS ***
shalomrum: raises $3 to $6
AzureCaper: folds
Uncalled bet ($3) returned to shalomrum
shalomrum collected $6 from pot
shalomrum: doesn't show hand
*** SUMMARY ***
Total pot $6 | Rake $0
Seat 4: AzureCaper (big blind) folded before Flop
Seat 5: shalomrum (button) (small blind) collected ($6)


PokerStars Hand #151835145147:  Hold'em Limit ($3/$6 USD) - 2016/04/12 19:19:14 ET
Table 'Attila' 6-max Seat #4 is the button
Seat 4: AzureCaper ($86.50 in chips)
Seat 5: shalomrum ($16 in chips)
AzureCaper: posts small blind $1
shalomrum: posts big blind $3
*** HOLE CARDS ***
AzureCaper: raises $3 to $6
shalomrum: raises $3 to $9
AzureCaper: raises $3 to $12
Betting is capped
shalomrum: calls $3
*** FLOP *** [As 6d 3h]
shalomrum: checks
AzureCaper: bets $3
shalomrum: raises $1 to $4 and is all-in
AzureCaper: calls $1
*** TURN *** [As 6d 3h] [Qc]
*** RIVER *** [As 6d 3h Qc] [2h]
*** SHOW DOWN ***
shalomrum: shows [Qs Ts] (a pair of Queens)
AzureCaper: shows [Kd Ac] (a pair of Aces)
AzureCaper collected $31.50 from pot
*** SUMMARY ***
Total pot $32 | Rake $0.50
Board [As 6d 3h Qc 2h]
Seat 4: AzureCaper (button) (small blind) showed [Kd Ac] and won ($31.50) with a pair of Aces
Seat 5: shalomrum (big blind) showed [Qs Ts] and lost with a pair of Queens


PokerStars Hand #151835214487:  Hold'em Limit ($3/$6 USD) - 2016/04/12 19:21:07 ET
Table 'Attila' 6-max Seat #4 is the button
Seat 4: AzureCaper ($83.52 in chips)
Seat 5: shalomrum ($53.50 in chips)
AzureCaper: posts small blind $1
shalomrum: posts big blind $3
*** HOLE CARDS ***
AzureCaper: folds
Uncalled bet ($2) returned to shalomrum
shalomrum collected $2 from pot
shalomrum: doesn't show hand
*** SUMMARY ***
Total pot $2 | Rake $0
Seat 4: AzureCaper (button) (small blind) folded before Flop
Seat 5: shalomrum (big blind) collected ($2)


PokerStars Hand #151835190722:  Hold'em Limit ($3/$6 USD) - 2016/04/12 19:20:28 ET
Table 'Attila' 6-max Seat #5 is the button
Seat 4: AzureCaper ($72 in chips)
Seat 5: shalomrum ($65.50 in chips)
shalomrum: posts small blind $1
AzureCaper: posts big blind $3
*** HOLE CARDS ***
shalomrum: raises $3 to $6
AzureCaper: calls $3
*** FLOP *** [2d 8s Qd]
AzureCaper: checks
shalomrum: bets $3
AzureCaper: raises $3 to $6
shalomrum: calls $3
*** TURN *** [2d 8s Qd] [As]
AzureCaper: bets $6
shalomrum: folds
Uncalled bet ($6) returned to AzureCaper
AzureCaper collected $23.52 from pot
AzureCaper: doesn't show hand
*** SUMMARY ***
Total pot $24 | Rake $0.48
Board [2d 8s Qd As]
Seat 4: AzureCaper (big blind) collected ($23.52)
Seat 5: shalomrum (button) (small blind) folded on the Turn


PokerStars Hand #151835175099:  Hold'em Limit ($3/$6 USD) - 2016/04/12 19:20:03 ET
Table 'Attila' 6-max Seat #4 is the button
Seat 4: AzureCaper ($99 in chips)
Seat 5: shalomrum ($33 in chips)
AzureCaper: posts small blind $1
shalomrum: posts big blind $3
*** HOLE CARDS ***
AzureCaper: raises $3 to $6
shalomrum: raises $3 to $9
AzureCaper: calls $3
*** FLOP *** [9d 6s 3d]
shalomrum: bets $3
AzureCaper: calls $3
*** TURN *** [9d 6s 3d] [4d]
shalomrum: bets $6
AzureCaper: raises $6 to $12
shalomrum: raises $6 to $18
AzureCaper: raises $6 to $24
Betting is capped
shalomrum: calls $3 and is all-in
Uncalled bet ($3) returned to AzureCaper
*** RIVER *** [9d 6s 3d 4d] [Jc]
*** SHOW DOWN ***
shalomrum: shows [Kd Jd] (a flush, King high)
AzureCaper: shows [9s 6h] (two pair, Nines and Sixes)
shalomrum collected $65.50 from pot
*** SUMMARY ***
Total pot $66 | Rake $0.50
Board [9d 6s 3d 4d Jc]
Seat 4: AzureCaper (button) (small blind) showed [9s 6h] and lost with two pair, Nines and Sixes
Seat 5: shalomrum (big blind) showed [Kd Jd] and won ($65.50) with a flush, King high


PokerStars Hand #151835222573:  Hold'em Limit ($3/$6 USD) - 2016/04/12 19:21:20 ET
Table 'Attila' 6-max Seat #4 is the button
Seat 4: AzureCaper ($76.52 in chips)
Seat 5: shalomrum ($60.26 in chips)
AzureCaper: posts small blind $1
shalomrum: posts big blind $3
*** HOLE CARDS ***
AzureCaper: raises $3 to $6
Paulllchen joins the table at seat #3
shalomrum: folds
Uncalled bet ($3) returned to AzureCaper
AzureCaper collected $6 from pot
AzureCaper: doesn't show hand
*** SUMMARY ***
Total pot $6 | Rake $0
Seat 4: AzureCaper (button) (small blind) collected ($6)
Seat 5: shalomrum (big blind) folded before Flop


PokerStars Hand #151835217443:  Hold'em Limit ($3/$6 USD) - 2016/04/12 19:21:12 ET
Table 'Attila' 6-max Seat #5 is the button
Seat 4: AzureCaper ($82.52 in chips)
Seat 5: shalomrum ($54.50 in chips)
shalomrum: posts small blind $1
AzureCaper: posts big blind $3
*** HOLE CARDS ***
shalomrum: raises $3 to $6
AzureCaper: calls $3
*** FLOP *** [Ks Qd Ad]
AzureCaper: checks
shalomrum: bets $3
AzureCaper: folds
Uncalled bet ($3) returned to shalomrum
shalomrum collected $11.76 from pot
shalomrum: doesn't show hand
*** SUMMARY ***
Total pot $12 | Rake $0.24
Board [Ks Qd Ad]
Seat 4: AzureCaper (big blind) folded on the Flop
Seat 5: shalomrum (button) (small blind) collected ($11.76)


