PokerStars Hand #145260762415:  Hold'em Limit ($3/$6 USD) - 2015/12/12 23:46:04 ET
Table 'Attila II' 2-max Seat #2 is the button
Seat 1: tabfpolis ($120 in chips)
Seat 2: Desktop775 ($120 in chips)
Desktop775: posts small blind $1
tabfpolis: posts big blind $3
*** HOLE CARDS ***
Desktop775: raises $3 to $6
tabfpolis: calls $3
*** FLOP *** [Qc 7c 4c]
tabfpolis: checks
Desktop775: bets $3
tabfpolis: folds
Uncalled bet ($3) returned to Desktop775
Desktop775 collected $11.76 from pot
Desktop775: doesn't show hand
*** SUMMARY ***
Total pot $12 | Rake $0.24
Board [Qc 7c 4c]
Seat 1: tabfpolis (big blind) folded on the Flop
Seat 2: Desktop775 (button) (small blind) collected ($11.76)


PokerStars Hand #145260766866:  Hold'em Limit ($3/$6 USD) - 2015/12/12 23:46:19 ET
Table 'Attila II' 2-max Seat #1 is the button
Seat 1: tabfpolis ($114 in chips)
Seat 2: Desktop775 ($125.76 in chips)
tabfpolis: posts small blind $1
Desktop775: posts big blind $3
*** HOLE CARDS ***
tabfpolis: raises $3 to $6
Desktop775: raises $3 to $9
tabfpolis: calls $3
*** FLOP *** [2s 9h Th]
Desktop775: bets $3
tabfpolis: calls $3
*** TURN *** [2s 9h Th] [7d]
Desktop775: checks
tabfpolis: checks
*** RIVER *** [2s 9h Th 7d] [Jc]
Desktop775: checks
tabfpolis: bets $6
Desktop775: calls $6
*** SHOW DOWN ***
tabfpolis: shows [8c 9s] (a straight, Seven to Jack)
Desktop775: mucks hand
tabfpolis collected $35.50 from pot
*** SUMMARY ***
Total pot $36 | Rake $0.50
Board [2s 9h Th 7d Jc]
Seat 1: tabfpolis (button) (small blind) showed [8c 9s] and won ($35.50) with a straight, Seven to Jack
Seat 2: Desktop775 (big blind) mucked


PokerStars Hand #145260774176:  Hold'em Limit ($3/$6 USD) - 2015/12/12 23:46:43 ET
Table 'Attila II' 2-max Seat #2 is the button
Seat 1: tabfpolis ($131.50 in chips)
Seat 2: Desktop775 ($107.76 in chips)
Desktop775: posts small blind $1
tabfpolis: posts big blind $3
*** HOLE CARDS ***
Desktop775: raises $3 to $6
tabfpolis: raises $3 to $9
Desktop775: calls $3
*** FLOP *** [9c 6d Jc]
tabfpolis: bets $3
Desktop775: raises $3 to $6
tabfpolis: calls $3
*** TURN *** [9c 6d Jc] [2h]
tabfpolis: checks
Desktop775: bets $6
tabfpolis: calls $6
*** RIVER *** [9c 6d Jc 2h] [7d]
tabfpolis: bets $6
Desktop775: raises $6 to $12
tabfpolis: calls $6
*** SHOW DOWN ***
Desktop775: shows [6h Js] (two pair, Jacks and Sixes)
tabfpolis: mucks hand
Desktop775 collected $65.50 from pot
*** SUMMARY ***
Total pot $66 | Rake $0.50
Board [9c 6d Jc 2h 7d]
Seat 1: tabfpolis (big blind) mucked
Seat 2: Desktop775 (button) (small blind) showed [6h Js] and won ($65.50) with two pair, Jacks and Sixes


PokerStars Hand #145260793691:  Hold'em Limit ($3/$6 USD) - 2015/12/12 23:47:49 ET
Table 'Attila II' 2-max Seat #2 is the button
Seat 1: tabfpolis ($90.50 in chips)
Seat 2: Desktop775 ($148.02 in chips)
Desktop775: posts small blind $1
tabfpolis: posts big blind $3
*** HOLE CARDS ***
Desktop775: raises $3 to $6
tabfpolis: calls $3
*** FLOP *** [9h 3h Qh]
tabfpolis: checks
Desktop775: bets $3
tabfpolis: folds
Uncalled bet ($3) returned to Desktop775
Desktop775 collected $11.76 from pot
Desktop775: doesn't show hand
*** SUMMARY ***
Total pot $12 | Rake $0.24
Board [9h 3h Qh]
Seat 1: tabfpolis (big blind) folded on the Flop
Seat 2: Desktop775 (button) (small blind) collected ($11.76)


PokerStars Hand #145260791955:  Hold'em Limit ($3/$6 USD) - 2015/12/12 23:47:43 ET
Table 'Attila II' 2-max Seat #1 is the button
Seat 1: tabfpolis ($91.50 in chips)
Seat 2: Desktop775 ($147.02 in chips)
tabfpolis: posts small blind $1
Desktop775: posts big blind $3
*** HOLE CARDS ***
tabfpolis: folds
Uncalled bet ($2) returned to Desktop775
Desktop775 collected $2 from pot
Desktop775: doesn't show hand
*** SUMMARY ***
Total pot $2 | Rake $0
Seat 1: tabfpolis (button) (small blind) folded before Flop
Seat 2: Desktop775 (big blind) collected ($2)


PokerStars Hand #145260786164:  Hold'em Limit ($3/$6 USD) - 2015/12/12 23:47:24 ET
Table 'Attila II' 2-max Seat #2 is the button
Seat 1: tabfpolis ($97.50 in chips)
Seat 2: Desktop775 ($141.26 in chips)
Desktop775: posts small blind $1
tabfpolis: posts big blind $3
*** HOLE CARDS ***
Desktop775: raises $3 to $6
tabfpolis: calls $3
*** FLOP *** [5c Td 5s]
tabfpolis: checks
Desktop775: checks
*** TURN *** [5c Td 5s] [3h]
tabfpolis: checks
Desktop775: bets $6
tabfpolis: folds
Uncalled bet ($6) returned to Desktop775
Desktop775 collected $11.76 from pot
Desktop775: doesn't show hand
*** SUMMARY ***
Total pot $12 | Rake $0.24
Board [5c Td 5s 3h]
Seat 1: tabfpolis (big blind) folded on the Turn
Seat 2: Desktop775 (button) (small blind) collected ($11.76)


PokerStars Hand #145260784487:  Hold'em Limit ($3/$6 USD) - 2015/12/12 23:47:18 ET
Table 'Attila II' 2-max Seat #1 is the button
Seat 1: tabfpolis ($98.50 in chips)
Seat 2: Desktop775 ($140.26 in chips)
tabfpolis: posts small blind $1
Desktop775: posts big blind $3
*** HOLE CARDS ***
tabfpolis: folds
Uncalled bet ($2) returned to Desktop775
Desktop775 collected $2 from pot
Desktop775: doesn't show hand
*** SUMMARY ***
Total pot $2 | Rake $0
Seat 1: tabfpolis (button) (small blind) folded before Flop
Seat 2: Desktop775 (big blind) collected ($2)


PokerStars Hand #145260811438:  Hold'em Limit ($3/$6 USD) - 2015/12/12 23:48:50 ET
Table 'Attila II' 2-max Seat #2 is the button
Seat 1: tabfpolis ($87.50 in chips)
Seat 2: Desktop775 ($150.78 in chips)
Desktop775: posts small blind $1
tabfpolis: posts big blind $3
*** HOLE CARDS ***
Desktop775: raises $3 to $6
tabfpolis: calls $3
*** FLOP *** [2s 3s 2h]
tabfpolis: checks
Desktop775: bets $3
tabfpolis: calls $3
*** TURN *** [2s 3s 2h] [2d]
tabfpolis: checks
Desktop775: bets $6
tabfpolis: calls $6
*** RIVER *** [2s 3s 2h 2d] [7c]
tabfpolis: checks
Desktop775: bets $6
tabfpolis: calls $6
*** SHOW DOWN ***
Desktop775: shows [Td 8c] (three of a kind, Deuces)
tabfpolis: shows [Ah 6d] (three of a kind, Deuces - Ace kicker)
tabfpolis collected $41.50 from pot
*** SUMMARY ***
Total pot $42 | Rake $0.50
Board [2s 3s 2h 2d 7c]
Seat 1: tabfpolis (big blind) showed [Ah 6d] and won ($41.50) with three of a kind, Deuces
Seat 2: Desktop775 (button) (small blind) showed [Td 8c] and lost with three of a kind, Deuces


PokerStars Hand #145260808535:  Hold'em Limit ($3/$6 USD) - 2015/12/12 23:48:40 ET
Table 'Attila II' 2-max Seat #1 is the button
Seat 1: tabfpolis ($84.50 in chips)
Seat 2: Desktop775 ($153.78 in chips)
tabfpolis: posts small blind $1
Desktop775: posts big blind $3
*** HOLE CARDS ***
tabfpolis: raises $3 to $6
Desktop775: folds
Uncalled bet ($3) returned to tabfpolis
tabfpolis collected $6 from pot
tabfpolis: doesn't show hand
*** SUMMARY ***
Total pot $6 | Rake $0
Seat 1: tabfpolis (button) (small blind) collected ($6)
Seat 2: Desktop775 (big blind) folded before Flop


PokerStars Hand #145260805364:  Hold'em Limit ($3/$6 USD) - 2015/12/12 23:48:29 ET
Table 'Attila II' 2-max Seat #2 is the button
Seat 1: tabfpolis ($87.50 in chips)
Seat 2: Desktop775 ($150.78 in chips)
Desktop775: posts small blind $1
tabfpolis: posts big blind $3
*** HOLE CARDS ***
Desktop775: raises $3 to $6
tabfpolis: folds
Uncalled bet ($3) returned to Desktop775
Desktop775 collected $6 from pot
Desktop775: doesn't show hand
*** SUMMARY ***
Total pot $6 | Rake $0
Seat 1: tabfpolis (big blind) folded before Flop
Seat 2: Desktop775 (button) (small blind) collected ($6)


PokerStars Hand #145260797651:  Hold'em Limit ($3/$6 USD) - 2015/12/12 23:48:03 ET
Table 'Attila II' 2-max Seat #1 is the button
Seat 1: tabfpolis ($84.50 in chips)
Seat 2: Desktop775 ($153.78 in chips)
tabfpolis: posts small blind $1
Desktop775: posts big blind $3
*** HOLE CARDS ***
tabfpolis: raises $3 to $6
Desktop775: folds
Uncalled bet ($3) returned to tabfpolis
tabfpolis collected $6 from pot
tabfpolis: doesn't show hand
*** SUMMARY ***
Total pot $6 | Rake $0
Seat 1: tabfpolis (button) (small blind) collected ($6)
Seat 2: Desktop775 (big blind) folded before Flop


PokerStars Hand #145260830063:  Hold'em Limit ($3/$6 USD) - 2015/12/12 23:49:52 ET
Table 'Attila II' 2-max Seat #1 is the button
Seat 1: tabfpolis ($95 in chips)
Seat 2: Desktop775 ($142.54 in chips)
tabfpolis: posts small blind $1
Desktop775: posts big blind $3
*** HOLE CARDS ***
tabfpolis: raises $3 to $6
Desktop775: folds
Uncalled bet ($3) returned to tabfpolis
tabfpolis collected $6 from pot
tabfpolis: doesn't show hand
*** SUMMARY ***
Total pot $6 | Rake $0
Seat 1: tabfpolis (button) (small blind) collected ($6)
Seat 2: Desktop775 (big blind) folded before Flop


PokerStars Hand #145260827990:  Hold'em Limit ($3/$6 USD) - 2015/12/12 23:49:45 ET
Table 'Attila II' 2-max Seat #2 is the button
Seat 1: tabfpolis ($98 in chips)
Seat 2: Desktop775 ($139.54 in chips)
Desktop775: posts small blind $1
tabfpolis: posts big blind $3
*** HOLE CARDS ***
Desktop775: raises $3 to $6
tabfpolis: folds
Uncalled bet ($3) returned to Desktop775
Desktop775 collected $6 from pot
Desktop775: doesn't show hand
*** SUMMARY ***
Total pot $6 | Rake $0
Seat 1: tabfpolis (big blind) folded before Flop
Seat 2: Desktop775 (button) (small blind) collected ($6)


PokerStars Hand #145260823886:  Hold'em Limit ($3/$6 USD) - 2015/12/12 23:49:32 ET
Table 'Attila II' 2-max Seat #1 is the button
Seat 1: tabfpolis ($104 in chips)
Seat 2: Desktop775 ($133.78 in chips)
tabfpolis: posts small blind $1
Desktop775: posts big blind $3
*** HOLE CARDS ***
tabfpolis: raises $3 to $6
Desktop775: calls $3
*** FLOP *** [3c 4c 8s]
Desktop775: checks
tabfpolis: checks
*** TURN *** [3c 4c 8s] [Ts]
Desktop775: bets $6
tabfpolis: folds
Uncalled bet ($6) returned to Desktop775
Desktop775 collected $11.76 from pot
Desktop775: doesn't show hand
*** SUMMARY ***
Total pot $12 | Rake $0.24
Board [3c 4c 8s Ts]
Seat 1: tabfpolis (button) (small blind) folded on the Turn
Seat 2: Desktop775 (big blind) collected ($11.76)


PokerStars Hand #145260821661:  Hold'em Limit ($3/$6 USD) - 2015/12/12 23:49:24 ET
Table 'Attila II' 2-max Seat #2 is the button
Seat 1: tabfpolis ($107 in chips)
Seat 2: Desktop775 ($130.78 in chips)
Desktop775: posts small blind $1
tabfpolis: posts big blind $3
*** HOLE CARDS ***
Desktop775: raises $3 to $6
tabfpolis: folds
Uncalled bet ($3) returned to Desktop775
Desktop775 collected $6 from pot
Desktop775: doesn't show hand
*** SUMMARY ***
Total pot $6 | Rake $0
Seat 1: tabfpolis (big blind) folded before Flop
Seat 2: Desktop775 (button) (small blind) collected ($6)


PokerStars Hand #145260820036:  Hold'em Limit ($3/$6 USD) - 2015/12/12 23:49:19 ET
Table 'Attila II' 2-max Seat #1 is the button
Seat 1: tabfpolis ($108 in chips)
Seat 2: Desktop775 ($129.78 in chips)
tabfpolis: posts small blind $1
Desktop775: posts big blind $3
*** HOLE CARDS ***
tabfpolis: folds
Uncalled bet ($2) returned to Desktop775
Desktop775 collected $2 from pot
Desktop775: doesn't show hand
*** SUMMARY ***
Total pot $2 | Rake $0
Seat 1: tabfpolis (button) (small blind) folded before Flop
Seat 2: Desktop775 (big blind) collected ($2)


PokerStars Hand #145260840370:  Hold'em Limit ($3/$6 USD) - 2015/12/12 23:50:27 ET
Table 'Attila II' 2-max Seat #1 is the button
Seat 1: tabfpolis ($118.50 in chips)
Seat 2: Desktop775 ($118.54 in chips)
tabfpolis: posts small blind $1
Desktop775: posts big blind $3
*** HOLE CARDS ***
tabfpolis: folds
Uncalled bet ($2) returned to Desktop775
Desktop775 collected $2 from pot
Desktop775: doesn't show hand
*** SUMMARY ***
Total pot $2 | Rake $0
Seat 1: tabfpolis (button) (small blind) folded before Flop
Seat 2: Desktop775 (big blind) collected ($2)


PokerStars Hand #145260832287:  Hold'em Limit ($3/$6 USD) - 2015/12/12 23:49:59 ET
Table 'Attila II' 2-max Seat #2 is the button
Seat 1: tabfpolis ($98 in chips)
Seat 2: Desktop775 ($139.54 in chips)
Desktop775: posts small blind $1
tabfpolis: posts big blind $3
*** HOLE CARDS ***
Desktop775: raises $3 to $6
tabfpolis: raises $3 to $9
Desktop775: calls $3
*** FLOP *** [8d 3d Qs]
tabfpolis: bets $3
Desktop775: raises $3 to $6
tabfpolis: calls $3
*** TURN *** [8d 3d Qs] [Tc]
tabfpolis: checks
Desktop775: bets $6
tabfpolis: calls $6
*** RIVER *** [8d 3d Qs Tc] [6d]
tabfpolis: checks
Desktop775: checks
*** SHOW DOWN ***
tabfpolis: shows [As 8s] (a pair of Eights)
Desktop775: mucks hand
tabfpolis collected $41.50 from pot
*** SUMMARY ***
Total pot $42 | Rake $0.50
Board [8d 3d Qs Tc 6d]
Seat 1: tabfpolis (big blind) showed [As 8s] and won ($41.50) with a pair of Eights
Seat 2: Desktop775 (button) (small blind) mucked


PokerStars Hand #145260851477:  Hold'em Limit ($3/$6 USD) - 2015/12/12 23:51:05 ET
Table 'Attila II' 2-max Seat #1 is the button
Seat 1: tabfpolis ($90.50 in chips)
Seat 2: Desktop775 ($146.04 in chips)
tabfpolis: posts small blind $1
Desktop775: posts big blind $3
*** HOLE CARDS ***
tabfpolis: raises $3 to $6
Desktop775: folds
Uncalled bet ($3) returned to tabfpolis
tabfpolis collected $6 from pot
tabfpolis: doesn't show hand
*** SUMMARY ***
Total pot $6 | Rake $0
Seat 1: tabfpolis (button) (small blind) collected ($6)
Seat 2: Desktop775 (big blind) folded before Flop


PokerStars Hand #145260842023:  Hold'em Limit ($3/$6 USD) - 2015/12/12 23:50:32 ET
Table 'Attila II' 2-max Seat #2 is the button
Seat 1: tabfpolis ($117.50 in chips)
Seat 2: Desktop775 ($119.54 in chips)
Desktop775: posts small blind $1
tabfpolis: posts big blind $3
*** HOLE CARDS ***
Desktop775: raises $3 to $6
tabfpolis: raises $3 to $9
Desktop775: calls $3
*** FLOP *** [7c Td 3c]
tabfpolis: bets $3
Desktop775: raises $3 to $6
tabfpolis: calls $3
*** TURN *** [7c Td 3c] [2d]
tabfpolis: checks
Desktop775: bets $6
tabfpolis: calls $6
*** RIVER *** [7c Td 3c 2d] [2s]
tabfpolis: checks
Desktop775: bets $6
tabfpolis: calls $6
*** SHOW DOWN ***
Desktop775: shows [Qs Qc] (two pair, Queens and Deuces)
tabfpolis: mucks hand
Desktop775 collected $53.50 from pot
*** SUMMARY ***
Total pot $54 | Rake $0.50
Board [7c Td 3c 2d 2s]
Seat 1: tabfpolis (big blind) mucked
Seat 2: Desktop775 (button) (small blind) showed [Qs Qc] and won ($53.50) with two pair, Queens and Deuces


PokerStars Hand #145260867279:  Hold'em Limit ($3/$6 USD) - 2015/12/12 23:51:59 ET
Table 'Attila II' 2-max Seat #2 is the button
Seat 1: tabfpolis ($96 in chips)
Seat 2: Desktop775 ($139.54 in chips)
Desktop775: posts small blind $1
tabfpolis: posts big blind $3
*** HOLE CARDS ***
Desktop775: raises $3 to $6
tabfpolis: calls $3
*** FLOP *** [6c 2s 8h]
tabfpolis: checks
Desktop775: bets $3
tabfpolis: folds
Uncalled bet ($3) returned to Desktop775
Desktop775 collected $11.76 from pot
Desktop775: doesn't show hand
*** SUMMARY ***
Total pot $12 | Rake $0.24
Board [6c 2s 8h]
Seat 1: tabfpolis (big blind) folded on the Flop
Seat 2: Desktop775 (button) (small blind) collected ($11.76)


PokerStars Hand #145260860195:  Hold'em Limit ($3/$6 USD) - 2015/12/12 23:51:34 ET
Table 'Attila II' 2-max Seat #1 is the button
Seat 1: tabfpolis ($78.50 in chips)
Seat 2: Desktop775 ($157.54 in chips)
tabfpolis: posts small blind $1
Desktop775: posts big blind $3
*** HOLE CARDS ***
tabfpolis: raises $3 to $6
Desktop775: calls $3
*** FLOP *** [2d Ks 4d]
Desktop775: checks
tabfpolis: bets $3
Desktop775: raises $3 to $6
tabfpolis: calls $3
*** TURN *** [2d Ks 4d] [5c]
Desktop775: bets $6
tabfpolis: calls $6
*** RIVER *** [2d Ks 4d 5c] [Ac]
Desktop775: checks
tabfpolis: checks
*** SHOW DOWN ***
Desktop775: shows [Jh 4h] (a pair of Fours)
tabfpolis: shows [Kc 8c] (a pair of Kings)
tabfpolis collected $35.50 from pot
*** SUMMARY ***
Total pot $36 | Rake $0.50
Board [2d Ks 4d 5c Ac]
Seat 1: tabfpolis (button) (small blind) showed [Kc 8c] and won ($35.50) with a pair of Kings
Seat 2: Desktop775 (big blind) showed [Jh 4h] and lost with a pair of Fours


PokerStars Hand #145260853503:  Hold'em Limit ($3/$6 USD) - 2015/12/12 23:51:12 ET
Table 'Attila II' 2-max Seat #2 is the button
Seat 1: tabfpolis ($93.50 in chips)
Seat 2: Desktop775 ($143.04 in chips)
Desktop775: posts small blind $1
tabfpolis: posts big blind $3
*** HOLE CARDS ***
Desktop775: raises $3 to $6
tabfpolis: calls $3
*** FLOP *** [5c 6c 7s]
tabfpolis: checks
Desktop775: bets $3
tabfpolis: calls $3
*** TURN *** [5c 6c 7s] [9h]
tabfpolis: checks
Desktop775: checks
*** RIVER *** [5c 6c 7s 9h] [5s]
tabfpolis: checks
Desktop775: bets $6
tabfpolis: calls $6
*** SHOW DOWN ***
Desktop775: shows [Td 5h] (three of a kind, Fives)
tabfpolis: mucks hand
Desktop775 collected $29.50 from pot
*** SUMMARY ***
Total pot $30 | Rake $0.50
Board [5c 6c 7s 9h 5s]
Seat 1: tabfpolis (big blind) mucked
Seat 2: Desktop775 (button) (small blind) showed [Td 5h] and won ($29.50) with three of a kind, Fives


PokerStars Hand #145260883962:  Hold'em Limit ($3/$6 USD) - 2015/12/12 23:52:55 ET
Table 'Attila II' 2-max Seat #1 is the button
Seat 1: tabfpolis ($63 in chips)
Seat 2: Desktop775 ($171.56 in chips)
tabfpolis: posts small blind $1
Desktop775: posts big blind $3
*** HOLE CARDS ***
tabfpolis: raises $3 to $6
Desktop775: calls $3
*** FLOP *** [2c Jh Kc]
Desktop775: checks
tabfpolis: checks
*** TURN *** [2c Jh Kc] [9c]
Desktop775: bets $6
tabfpolis: calls $6
*** RIVER *** [2c Jh Kc 9c] [Kd]
Desktop775: bets $6
tabfpolis: calls $6
*** SHOW DOWN ***
Desktop775: shows [Jd 4d] (two pair, Kings and Jacks)
tabfpolis: mucks hand
Desktop775 collected $35.50 from pot
*** SUMMARY ***
Total pot $36 | Rake $0.50
Board [2c Jh Kc 9c Kd]
Seat 1: tabfpolis (button) (small blind) mucked
Seat 2: Desktop775 (big blind) showed [Jd 4d] and won ($35.50) with two pair, Kings and Jacks


PokerStars Hand #145260876726:  Hold'em Limit ($3/$6 USD) - 2015/12/12 23:52:31 ET
Table 'Attila II' 2-max Seat #2 is the button
Seat 1: tabfpolis ($84 in chips)
Seat 2: Desktop775 ($151.06 in chips)
Desktop775: posts small blind $1
tabfpolis: posts big blind $3
*** HOLE CARDS ***
Desktop775: raises $3 to $6
tabfpolis: calls $3
*** FLOP *** [4h 5s 2c]
tabfpolis: checks
Desktop775: bets $3
tabfpolis: calls $3
*** TURN *** [4h 5s 2c] [Kc]
tabfpolis: checks
Desktop775: bets $6
tabfpolis: calls $6
*** RIVER *** [4h 5s 2c Kc] [3s]
tabfpolis: checks
Desktop775: bets $6
tabfpolis: calls $6
*** SHOW DOWN ***
Desktop775: shows [6c Tc] (a straight, Deuce to Six)
tabfpolis: mucks hand
Desktop775 collected $41.50 from pot
*** SUMMARY ***
Total pot $42 | Rake $0.50
Board [4h 5s 2c Kc 3s]
Seat 1: tabfpolis (big blind) mucked
Seat 2: Desktop775 (button) (small blind) showed [6c Tc] and won ($41.50) with a straight, Deuce to Six


PokerStars Hand #145260871472:  Hold'em Limit ($3/$6 USD) - 2015/12/12 23:52:13 ET
Table 'Attila II' 2-max Seat #1 is the button
Seat 1: tabfpolis ($90 in chips)
Seat 2: Desktop775 ($145.30 in chips)
tabfpolis: posts small blind $1
Desktop775: posts big blind $3
*** HOLE CARDS ***
tabfpolis: raises $3 to $6
Desktop775: calls $3
*** FLOP *** [Th 5c Ks]
Desktop775: checks
tabfpolis: checks
*** TURN *** [Th 5c Ks] [Ad]
Desktop775: checks
tabfpolis: checks
*** RIVER *** [Th 5c Ks Ad] [5d]
Desktop775: checks
tabfpolis: checks
*** SHOW DOWN ***
Desktop775: shows [2h Qh] (a pair of Fives)
tabfpolis: mucks hand
Desktop775 collected $11.76 from pot
*** SUMMARY ***
Total pot $12 | Rake $0.24
Board [Th 5c Ks Ad 5d]
Seat 1: tabfpolis (button) (small blind) mucked
Seat 2: Desktop775 (big blind) showed [2h Qh] and won ($11.76) with a pair of Fives


PokerStars Hand #145260900875:  Hold'em Limit ($3/$6 USD) - 2015/12/12 23:53:53 ET
Table 'Attila II' 2-max Seat #1 is the button
Seat 1: tabfpolis ($55.50 in chips)
Seat 2: Desktop775 ($177.82 in chips)
tabfpolis: posts small blind $1
Desktop775: posts big blind $3
*** HOLE CARDS ***
tabfpolis: raises $3 to $6
Desktop775: calls $3
*** FLOP *** [3s Js Jd]
Desktop775: checks
tabfpolis: checks
*** TURN *** [3s Js Jd] [Qc]
Desktop775: bets $6
tabfpolis: folds
Uncalled bet ($6) returned to Desktop775
Desktop775 collected $11.76 from pot
Desktop775: doesn't show hand
*** SUMMARY ***
Total pot $12 | Rake $0.24
Board [3s Js Jd Qc]
Seat 1: tabfpolis (button) (small blind) folded on the Turn
Seat 2: Desktop775 (big blind) collected ($11.76)


PokerStars Hand #145260897400:  Hold'em Limit ($3/$6 USD) - 2015/12/12 23:53:41 ET
Table 'Attila II' 2-max Seat #2 is the button
Seat 1: tabfpolis ($61.50 in chips)
Seat 2: Desktop775 ($172.06 in chips)
Desktop775: posts small blind $1
tabfpolis: posts big blind $3
*** HOLE CARDS ***
Desktop775: raises $3 to $6
tabfpolis: calls $3
*** FLOP *** [7s 9c Ks]
tabfpolis: checks
Desktop775: bets $3
tabfpolis: folds
Uncalled bet ($3) returned to Desktop775
Desktop775 collected $11.76 from pot
Desktop775: doesn't show hand
*** SUMMARY ***
Total pot $12 | Rake $0.24
Board [7s 9c Ks]
Seat 1: tabfpolis (big blind) folded on the Flop
Seat 2: Desktop775 (button) (small blind) collected ($11.76)


PokerStars Hand #145260895673:  Hold'em Limit ($3/$6 USD) - 2015/12/12 23:53:35 ET
Table 'Attila II' 2-max Seat #1 is the button
Seat 1: tabfpolis ($62.50 in chips)
Seat 2: Desktop775 ($171.06 in chips)
tabfpolis: posts small blind $1
Desktop775: posts big blind $3
*** HOLE CARDS ***
tabfpolis: folds
Uncalled bet ($2) returned to Desktop775
Desktop775 collected $2 from pot
Desktop775: doesn't show hand
*** SUMMARY ***
Total pot $2 | Rake $0
Seat 1: tabfpolis (button) (small blind) folded before Flop
Seat 2: Desktop775 (big blind) collected ($2)


PokerStars Hand #145260889381:  Hold'em Limit ($3/$6 USD) - 2015/12/12 23:53:14 ET
Table 'Attila II' 2-max Seat #2 is the button
Seat 1: tabfpolis ($45 in chips)
Seat 2: Desktop775 ($189.06 in chips)
Desktop775: posts small blind $1
tabfpolis: posts big blind $3
*** HOLE CARDS ***
Desktop775: raises $3 to $6
tabfpolis: raises $3 to $9
Desktop775: calls $3
*** FLOP *** [7s Ts 7d]
tabfpolis: bets $3
Desktop775: raises $3 to $6
tabfpolis: raises $3 to $9
Desktop775: calls $3
*** TURN *** [7s Ts 7d] [6c]
tabfpolis: bets $6
Desktop775: folds
Uncalled bet ($6) returned to tabfpolis
tabfpolis collected $35.50 from pot
tabfpolis: doesn't show hand
*** SUMMARY ***
Total pot $36 | Rake $0.50
Board [7s Ts 7d 6c]
Seat 1: tabfpolis (big blind) collected ($35.50)
Seat 2: Desktop775 (button) (small blind) folded on the Turn


PokerStars Hand #145260918462:  Hold'em Limit ($3/$6 USD) - 2015/12/12 23:54:54 ET
Table 'Attila II' 2-max Seat #1 is the button
Seat 1: tabfpolis ($81.50 in chips)
Seat 2: Desktop775 ($210.84 in chips)
tabfpolis: posts small blind $1
Desktop775: posts big blind $3
*** HOLE CARDS ***
tabfpolis: raises $3 to $6
Desktop775: raises $3 to $9
tabfpolis: calls $3
*** FLOP *** [4d 3s As]
Desktop775: bets $3
tabfpolis: raises $3 to $6
Desktop775: raises $3 to $9
tabfpolis: calls $3
*** TURN *** [4d 3s As] [5d]
Desktop775: bets $6
tabfpolis: calls $6
*** RIVER *** [4d 3s As 5d] [Kc]
Desktop775: checks
tabfpolis: bets $6
Desktop775: calls $6
*** SHOW DOWN ***
tabfpolis: shows [9d Ac] (a pair of Aces)
Desktop775: mucks hand
tabfpolis collected $59.50 from pot
*** SUMMARY ***
Total pot $60 | Rake $0.50
Board [4d 3s As 5d Kc]
Seat 1: tabfpolis (button) (small blind) showed [9d Ac] and won ($59.50) with a pair of Aces
Seat 2: Desktop775 (big blind) mucked


PokerStars Hand #145260914093:  Hold'em Limit ($3/$6 USD) - 2015/12/12 23:54:39 ET
Table 'Attila II' 2-max Seat #2 is the button
Seat 1: tabfpolis ($27.50 in chips)
Seat 2: Desktop775 ($205.08 in chips)
Desktop775: posts small blind $1
tabfpolis: posts big blind $3
*** HOLE CARDS ***
Desktop775: raises $3 to $6
tabfpolis: calls $3
*** FLOP *** [9c Qc 7d]
tabfpolis: checks
Desktop775: bets $3
tabfpolis: folds
Uncalled bet ($3) returned to Desktop775
Desktop775 collected $11.76 from pot
Desktop775: doesn't show hand
*** SUMMARY ***
Total pot $12 | Rake $0.24
Board [9c Qc 7d]
Seat 1: tabfpolis (big blind) folded on the Flop
Seat 2: Desktop775 (button) (small blind) collected ($11.76)


PokerStars Hand #145260912356:  Hold'em Limit ($3/$6 USD) - 2015/12/12 23:54:33 ET
Table 'Attila II' 2-max Seat #1 is the button
Seat 1: tabfpolis ($28.50 in chips)
Seat 2: Desktop775 ($204.08 in chips)
tabfpolis: posts small blind $1
Desktop775: posts big blind $3
*** HOLE CARDS ***
tabfpolis: folds
Uncalled bet ($2) returned to Desktop775
Desktop775 collected $2 from pot
Desktop775: doesn't show hand
*** SUMMARY ***
Total pot $2 | Rake $0
Seat 1: tabfpolis (button) (small blind) folded before Flop
Seat 2: Desktop775 (big blind) collected ($2)


PokerStars Hand #145260904786:  Hold'em Limit ($3/$6 USD) - 2015/12/12 23:54:06 ET
Table 'Attila II' 2-max Seat #2 is the button
Seat 1: tabfpolis ($49.50 in chips)
Seat 2: Desktop775 ($183.58 in chips)
Desktop775: posts small blind $1
tabfpolis: posts big blind $3
*** HOLE CARDS ***
Desktop775: raises $3 to $6
tabfpolis: calls $3
*** FLOP *** [Qd Td 9d]
tabfpolis: checks
Desktop775: bets $3
tabfpolis: calls $3
*** TURN *** [Qd Td 9d] [Qc]
tabfpolis: checks
Desktop775: bets $6
tabfpolis: calls $6
*** RIVER *** [Qd Td 9d Qc] [6d]
tabfpolis: checks
Desktop775: bets $6
tabfpolis: calls $6
*** SHOW DOWN ***
Desktop775: shows [8d Js] (a flush, Queen high)
tabfpolis: mucks hand
Desktop775 collected $41.50 from pot
*** SUMMARY ***
Total pot $42 | Rake $0.50
Board [Qd Td 9d Qc 6d]
Seat 1: tabfpolis (big blind) mucked
Seat 2: Desktop775 (button) (small blind) showed [8d Js] and won ($41.50) with a flush, Queen high


PokerStars Hand #145260935751:  Hold'em Limit ($3/$6 USD) - 2015/12/12 23:56:02 ET
Table 'Attila II' 2-max Seat #2 is the button
Seat 1: tabfpolis ($122.64 in chips)
Seat 2: Desktop775 ($168.84 in chips)
Desktop775: posts small blind $1
tabfpolis: posts big blind $3
*** HOLE CARDS ***
Desktop775: raises $3 to $6
tabfpolis: calls $3
*** FLOP *** [7d 3c Kc]
tabfpolis: checks
Desktop775: bets $3
tabfpolis: folds
Uncalled bet ($3) returned to Desktop775
Desktop775 collected $11.76 from pot
Desktop775: doesn't show hand
*** SUMMARY ***
Total pot $12 | Rake $0.24
Board [7d 3c Kc]
Seat 1: tabfpolis (big blind) folded on the Flop
Seat 2: Desktop775 (button) (small blind) collected ($11.76)


PokerStars Hand #145260933809:  Hold'em Limit ($3/$6 USD) - 2015/12/12 23:55:54 ET
Table 'Attila II' 2-max Seat #1 is the button
Seat 1: tabfpolis ($119.64 in chips)
Seat 2: Desktop775 ($171.84 in chips)
tabfpolis: posts small blind $1
Desktop775: posts big blind $3
*** HOLE CARDS ***
tabfpolis: raises $3 to $6
Desktop775: folds
Uncalled bet ($3) returned to tabfpolis
tabfpolis collected $6 from pot
tabfpolis: doesn't show hand
*** SUMMARY ***
Total pot $6 | Rake $0
Seat 1: tabfpolis (button) (small blind) collected ($6)
Seat 2: Desktop775 (big blind) folded before Flop


PokerStars Hand #145260931971:  Hold'em Limit ($3/$6 USD) - 2015/12/12 23:55:47 ET
Table 'Attila II' 2-max Seat #2 is the button
Seat 1: tabfpolis ($122.64 in chips)
Seat 2: Desktop775 ($168.84 in chips)
Desktop775: posts small blind $1
tabfpolis: posts big blind $3
*** HOLE CARDS ***
Desktop775: raises $3 to $6
tabfpolis: folds
Uncalled bet ($3) returned to Desktop775
Desktop775 collected $6 from pot
Desktop775: doesn't show hand
*** SUMMARY ***
Total pot $6 | Rake $0
Seat 1: tabfpolis (big blind) folded before Flop
Seat 2: Desktop775 (button) (small blind) collected ($6)


PokerStars Hand #145260930108:  Hold'em Limit ($3/$6 USD) - 2015/12/12 23:55:39 ET
Table 'Attila II' 2-max Seat #1 is the button
Seat 1: tabfpolis ($119.64 in chips)
Seat 2: Desktop775 ($171.84 in chips)
tabfpolis: posts small blind $1
Desktop775: posts big blind $3
*** HOLE CARDS ***
tabfpolis: raises $3 to $6
Desktop775: folds
Uncalled bet ($3) returned to tabfpolis
tabfpolis collected $6 from pot
tabfpolis: doesn't show hand
*** SUMMARY ***
Total pot $6 | Rake $0
Seat 1: tabfpolis (button) (small blind) collected ($6)
Seat 2: Desktop775 (big blind) folded before Flop


PokerStars Hand #145260926039:  Hold'em Limit ($3/$6 USD) - 2015/12/12 23:55:23 ET
Table 'Attila II' 2-max Seat #2 is the button
Seat 1: tabfpolis ($111 in chips)
Seat 2: Desktop775 ($180.84 in chips)
Desktop775: posts small blind $1
tabfpolis: posts big blind $3
*** HOLE CARDS ***
Desktop775: raises $3 to $6
tabfpolis: calls $3
*** FLOP *** [3h 9d 8d]
tabfpolis: checks
Desktop775: bets $3
tabfpolis: raises $3 to $6
Desktop775: folds
Uncalled bet ($3) returned to tabfpolis
tabfpolis collected $17.64 from pot
tabfpolis: doesn't show hand
*** SUMMARY ***
Total pot $18 | Rake $0.36
Board [3h 9d 8d]
Seat 1: tabfpolis (big blind) collected ($17.64)
Seat 2: Desktop775 (button) (small blind) folded on the Flop


PokerStars Hand #145260950244:  Hold'em Limit ($3/$6 USD) - 2015/12/12 23:56:59 ET
Table 'Attila II' 2-max Seat #1 is the button
Seat 1: tabfpolis ($157.64 in chips)
Seat 2: Desktop775 ($132.60 in chips)
tabfpolis: posts small blind $1
Desktop775: posts big blind $3
*** HOLE CARDS ***
tabfpolis: raises $3 to $6
Desktop775: raises $3 to $9
tabfpolis: calls $3
*** FLOP *** [5c Ks 7d]
Desktop775: bets $3
tabfpolis: calls $3
*** TURN *** [5c Ks 7d] [Ah]
Desktop775: bets $6
tabfpolis: calls $6
*** RIVER *** [5c Ks 7d Ah] [Qd]
Desktop775: bets $6
tabfpolis: raises $6 to $12
Desktop775: calls $6
*** SHOW DOWN ***
tabfpolis: shows [Jc Ts] (a straight, Ten to Ace)
Desktop775: mucks hand
tabfpolis collected $59.50 from pot
*** SUMMARY ***
Total pot $60 | Rake $0.50
Board [5c Ks 7d Ah Qd]
Seat 1: tabfpolis (button) (small blind) showed [Jc Ts] and won ($59.50) with a straight, Ten to Ace
Seat 2: Desktop775 (big blind) mucked


PokerStars Hand #145260943980:  Hold'em Limit ($3/$6 USD) - 2015/12/12 23:56:35 ET
Table 'Attila II' 2-max Seat #2 is the button
Seat 1: tabfpolis ($131.14 in chips)
Seat 2: Desktop775 ($159.60 in chips)
Desktop775: posts small blind $1
tabfpolis: posts big blind $3
*** HOLE CARDS ***
Desktop775: raises $3 to $6
tabfpolis: raises $3 to $9
Desktop775: calls $3
*** FLOP *** [7s 8c 9d]
tabfpolis: bets $3
Desktop775: raises $3 to $6
tabfpolis: calls $3
*** TURN *** [7s 8c 9d] [8s]
tabfpolis: checks
Desktop775: bets $6
tabfpolis: calls $6
*** RIVER *** [7s 8c 9d 8s] [Ac]
tabfpolis: bets $6
Desktop775: calls $6
*** SHOW DOWN ***
tabfpolis: shows [Ad Js] (two pair, Aces and Eights)
Desktop775: mucks hand
tabfpolis collected $53.50 from pot
*** SUMMARY ***
Total pot $54 | Rake $0.50
Board [7s 8c 9d 8s Ac]
Seat 1: tabfpolis (big blind) showed [Ad Js] and won ($53.50) with two pair, Aces and Eights
Seat 2: Desktop775 (button) (small blind) mucked


PokerStars Hand #145260938911:  Hold'em Limit ($3/$6 USD) - 2015/12/12 23:56:14 ET
Table 'Attila II' 2-max Seat #1 is the button
Seat 1: tabfpolis ($116.64 in chips)
Seat 2: Desktop775 ($174.60 in chips)
tabfpolis: posts small blind $1
Desktop775: posts big blind $3
*** HOLE CARDS ***
tabfpolis: raises $3 to $6
Desktop775: raises $3 to $9
tabfpolis: calls $3
*** FLOP *** [5h Tc 5c]
Desktop775: bets $3
tabfpolis: raises $3 to $6
Desktop775: calls $3
*** TURN *** [5h Tc 5c] [6c]
Desktop775: checks
tabfpolis: bets $6
Desktop775: folds
Uncalled bet ($6) returned to tabfpolis
tabfpolis collected $29.50 from pot
tabfpolis: doesn't show hand
*** SUMMARY ***
Total pot $30 | Rake $0.50
Board [5h Tc 5c 6c]
Seat 1: tabfpolis (button) (small blind) collected ($29.50)
Seat 2: Desktop775 (big blind) folded on the Turn


PokerStars Hand #145260968602:  Hold'em Limit ($3/$6 USD) - 2015/12/12 23:58:12 ET
Table 'Attila II' 2-max Seat #2 is the button
Seat 1: tabfpolis ($190.66 in chips)
Seat 2: Desktop775 ($98.36 in chips)
Desktop775: posts small blind $1
tabfpolis: posts big blind $3
*** HOLE CARDS ***
Desktop775: folds
Uncalled bet ($2) returned to tabfpolis
tabfpolis collected $2 from pot
tabfpolis: doesn't show hand
*** SUMMARY ***
Total pot $2 | Rake $0
Seat 1: tabfpolis (big blind) collected ($2)
Seat 2: Desktop775 (button) (small blind) folded before Flop


PokerStars Hand #145260966981:  Hold'em Limit ($3/$6 USD) - 2015/12/12 23:58:06 ET
Table 'Attila II' 2-max Seat #1 is the button
Seat 1: tabfpolis ($191.66 in chips)
Seat 2: Desktop775 ($97.36 in chips)
tabfpolis: posts small blind $1
Desktop775: posts big blind $3
*** HOLE CARDS ***
tabfpolis: folds
Uncalled bet ($2) returned to Desktop775
Desktop775 collected $2 from pot
Desktop775: doesn't show hand
*** SUMMARY ***
Total pot $2 | Rake $0
Seat 1: tabfpolis (button) (small blind) folded before Flop
Seat 2: Desktop775 (big blind) collected ($2)


PokerStars Hand #145260963656:  Hold'em Limit ($3/$6 USD) - 2015/12/12 23:57:53 ET
Table 'Attila II' 2-max Seat #2 is the button
Seat 1: tabfpolis ($197.66 in chips)
Seat 2: Desktop775 ($91.60 in chips)
Desktop775: posts small blind $1
tabfpolis: posts big blind $3
*** HOLE CARDS ***
Desktop775: raises $3 to $6
tabfpolis: calls $3
*** FLOP *** [Tc 3c As]
tabfpolis: checks
Desktop775: bets $3
tabfpolis: folds
Uncalled bet ($3) returned to Desktop775
Desktop775 collected $11.76 from pot
Desktop775: doesn't show hand
*** SUMMARY ***
Total pot $12 | Rake $0.24
Board [Tc 3c As]
Seat 1: tabfpolis (big blind) folded on the Flop
Seat 2: Desktop775 (button) (small blind) collected ($11.76)


PokerStars Hand #145260962003:  Hold'em Limit ($3/$6 USD) - 2015/12/12 23:57:46 ET
Table 'Attila II' 2-max Seat #1 is the button
Seat 1: tabfpolis ($198.66 in chips)
Seat 2: Desktop775 ($90.60 in chips)
tabfpolis: posts small blind $1
Desktop775: posts big blind $3
*** HOLE CARDS ***
tabfpolis: folds
Uncalled bet ($2) returned to Desktop775
Desktop775 collected $2 from pot
Desktop775: doesn't show hand
*** SUMMARY ***
Total pot $2 | Rake $0
Seat 1: tabfpolis (button) (small blind) folded before Flop
Seat 2: Desktop775 (big blind) collected ($2)


PokerStars Hand #145260956867:  Hold'em Limit ($3/$6 USD) - 2015/12/12 23:57:25 ET
Table 'Attila II' 2-max Seat #2 is the button
Seat 1: tabfpolis ($187.14 in chips)
Seat 2: Desktop775 ($102.60 in chips)
Desktop775: posts small blind $1
tabfpolis: posts big blind $3
*** HOLE CARDS ***
Desktop775: raises $3 to $6
tabfpolis: calls $3
*** FLOP *** [Th Qs 6h]
tabfpolis: checks
Desktop775: bets $3
tabfpolis: raises $3 to $6
Desktop775: calls $3
*** TURN *** [Th Qs 6h] [5c]
tabfpolis: bets $6
Desktop775: folds
Uncalled bet ($6) returned to tabfpolis
tabfpolis collected $23.52 from pot
tabfpolis: doesn't show hand
*** SUMMARY ***
Total pot $24 | Rake $0.48
Board [Th Qs 6h 5c]
Seat 1: tabfpolis (big blind) collected ($23.52)
Seat 2: Desktop775 (button) (small blind) folded on the Turn


PokerStars Hand #145260980036:  Hold'em Limit ($3/$6 USD) - 2015/12/12 23:58:58 ET
Table 'Attila II' 2-max Seat #1 is the button
Seat 1: tabfpolis ($209.16 in chips)
Seat 2: Desktop775 ($79.12 in chips)
tabfpolis: posts small blind $1
Desktop775: posts big blind $3
*** HOLE CARDS ***
tabfpolis: raises $3 to $6
Desktop775: raises $3 to $9
tabfpolis: calls $3
*** FLOP *** [5s Ad 8h]
Desktop775: bets $3
tabfpolis: calls $3
*** TURN *** [5s Ad 8h] [6d]
Desktop775: bets $6
tabfpolis: calls $6
*** RIVER *** [5s Ad 8h 6d] [Kd]
Desktop775: bets $6
tabfpolis: raises $6 to $12
Desktop775: folds
Uncalled bet ($6) returned to tabfpolis
tabfpolis collected $47.50 from pot
tabfpolis: doesn't show hand
*** SUMMARY ***
Total pot $48 | Rake $0.50
Board [5s Ad 8h 6d Kd]
Seat 1: tabfpolis (button) (small blind) collected ($47.50)
Seat 2: Desktop775 (big blind) folded on the River


PokerStars Hand #145260976961:  Hold'em Limit ($3/$6 USD) - 2015/12/12 23:58:45 ET
Table 'Attila II' 2-max Seat #2 is the button
Seat 1: tabfpolis ($215.16 in chips)
Seat 2: Desktop775 ($73.36 in chips)
Desktop775: posts small blind $1
tabfpolis: posts big blind $3
*** HOLE CARDS ***
Desktop775: raises $3 to $6
tabfpolis: calls $3
*** FLOP *** [Jc 3s Jd]
tabfpolis: checks
Desktop775: bets $3
tabfpolis: folds
Uncalled bet ($3) returned to Desktop775
Desktop775 collected $11.76 from pot
Desktop775: doesn't show hand
*** SUMMARY ***
Total pot $12 | Rake $0.24
Board [Jc 3s Jd]
Seat 1: tabfpolis (big blind) folded on the Flop
Seat 2: Desktop775 (button) (small blind) collected ($11.76)


PokerStars Hand #145260970105:  Hold'em Limit ($3/$6 USD) - 2015/12/12 23:58:18 ET
Table 'Attila II' 2-max Seat #1 is the button
Seat 1: tabfpolis ($191.66 in chips)
Seat 2: Desktop775 ($97.36 in chips)
tabfpolis: posts small blind $1
Desktop775: posts big blind $3
*** HOLE CARDS ***
tabfpolis: raises $3 to $6
Desktop775: raises $3 to $9
tabfpolis: raises $3 to $12
Betting is capped
Desktop775: calls $3
*** FLOP *** [8d Kd 7d]
Desktop775: checks
tabfpolis: bets $3
Desktop775: raises $3 to $6
tabfpolis: calls $3
*** TURN *** [8d Kd 7d] [Jd]
Desktop775: bets $6
tabfpolis: raises $6 to $12
Desktop775: folds
Uncalled bet ($6) returned to tabfpolis
tabfpolis collected $47.50 from pot
tabfpolis: doesn't show hand
*** SUMMARY ***
Total pot $48 | Rake $0.50
Board [8d Kd 7d Jd]
Seat 1: tabfpolis (button) (small blind) collected ($47.50)
Seat 2: Desktop775 (big blind) folded on the Turn


PokerStars Hand #145260995011:  Hold'em Limit ($3/$6 USD) - 2015/12/12 23:59:57 ET
Table 'Attila II' 2-max Seat #1 is the button
Seat 1: tabfpolis ($213.66 in chips)
Seat 2: Desktop775 ($138.50 in chips)
tabfpolis: posts small blind $1
Desktop775: posts big blind $3
*** HOLE CARDS ***
tabfpolis: raises $3 to $6
Desktop775: folds
Uncalled bet ($3) returned to tabfpolis
tabfpolis collected $6 from pot
tabfpolis: doesn't show hand
*** SUMMARY ***
Total pot $6 | Rake $0
Seat 1: tabfpolis (button) (small blind) collected ($6)
Seat 2: Desktop775 (big blind) folded before Flop


PokerStars Hand #145260993352:  Hold'em Limit ($3/$6 USD) - 2015/12/12 23:59:51 ET
Table 'Attila II' 2-max Seat #2 is the button
Seat 1: tabfpolis ($216.66 in chips)
Seat 2: Desktop775 ($135.50 in chips)
Desktop775: posts small blind $1
tabfpolis: posts big blind $3
*** HOLE CARDS ***
Desktop775: raises $3 to $6
tabfpolis: folds
Uncalled bet ($3) returned to Desktop775
Desktop775 collected $6 from pot
Desktop775: doesn't show hand
*** SUMMARY ***
Total pot $6 | Rake $0
Seat 1: tabfpolis (big blind) folded before Flop
Seat 2: Desktop775 (button) (small blind) collected ($6)


PokerStars Hand #145260991972:  Hold'em Limit ($3/$6 USD) - 2015/12/12 23:59:45 ET
Table 'Attila II' 2-max Seat #1 is the button
Seat 1: tabfpolis ($217.66 in chips)
Seat 2: Desktop775 ($134.50 in chips)
tabfpolis: posts small blind $1
Desktop775: posts big blind $3
*** HOLE CARDS ***
tabfpolis: folds
Uncalled bet ($2) returned to Desktop775
Desktop775 collected $2 from pot
Desktop775: doesn't show hand
*** SUMMARY ***
Total pot $2 | Rake $0
Seat 1: tabfpolis (button) (small blind) folded before Flop
Seat 2: Desktop775 (big blind) collected ($2)


PokerStars Hand #145260986020:  Hold'em Limit ($3/$6 USD) - 2015/12/12 23:59:21 ET
Table 'Attila II' 2-max Seat #2 is the button
Seat 1: tabfpolis ($232.66 in chips)
Seat 2: Desktop775 ($120 in chips)
Desktop775: posts small blind $1
tabfpolis: posts big blind $3
*** HOLE CARDS ***
Desktop775: raises $3 to $6
tabfpolis: calls $3
*** FLOP *** [Ac 3c 7c]
tabfpolis: checks
Desktop775: bets $3
tabfpolis: calls $3
*** TURN *** [Ac 3c 7c] [Qh]
tabfpolis: checks
Desktop775: bets $6
tabfpolis: calls $6
*** RIVER *** [Ac 3c 7c Qh] [Td]
tabfpolis: checks
Desktop775: bets $6
tabfpolis: folds
Uncalled bet ($6) returned to Desktop775
Desktop775 collected $29.50 from pot
Desktop775: doesn't show hand
*** SUMMARY ***
Total pot $30 | Rake $0.50
Board [Ac 3c 7c Qh Td]
Seat 1: tabfpolis (big blind) folded on the River
Seat 2: Desktop775 (button) (small blind) collected ($29.50)


PokerStars Hand #145261006850:  Hold'em Limit ($3/$6 USD) - 2015/12/13 0:00:43 ET
Table 'Attila II' 2-max Seat #2 is the button
Seat 1: tabfpolis ($189.66 in chips)
Seat 2: Desktop775 ($161.76 in chips)
Desktop775: posts small blind $1
tabfpolis: posts big blind $3
*** HOLE CARDS ***
Desktop775: raises $3 to $6
tabfpolis: calls $3
*** FLOP *** [Jd 6c Qd]
tabfpolis: checks
Desktop775: bets $3
tabfpolis: calls $3
*** TURN *** [Jd 6c Qd] [3d]
tabfpolis: checks
Desktop775: bets $6
tabfpolis: folds
Uncalled bet ($6) returned to Desktop775
Desktop775 collected $17.64 from pot
Desktop775: doesn't show hand
*** SUMMARY ***
Total pot $18 | Rake $0.36
Board [Jd 6c Qd 3d]
Seat 1: tabfpolis (big blind) folded on the Turn
Seat 2: Desktop775 (button) (small blind) collected ($17.64)


PokerStars Hand #145261003219:  Hold'em Limit ($3/$6 USD) - 2015/12/13 0:00:29 ET
Table 'Attila II' 2-max Seat #1 is the button
Seat 1: tabfpolis ($195.66 in chips)
Seat 2: Desktop775 ($156 in chips)
tabfpolis: posts small blind $1
Desktop775: posts big blind $3
*** HOLE CARDS ***
tabfpolis: raises $3 to $6
Desktop775: calls $3
*** FLOP *** [5h 4d Qs]
Desktop775: checks
tabfpolis: checks
*** TURN *** [5h 4d Qs] [Tc]
Desktop775: bets $6
tabfpolis: folds
Uncalled bet ($6) returned to Desktop775
Desktop775 collected $11.76 from pot
Desktop775: doesn't show hand
*** SUMMARY ***
Total pot $12 | Rake $0.24
Board [5h 4d Qs Tc]
Seat 1: tabfpolis (button) (small blind) folded on the Turn
Seat 2: Desktop775 (big blind) collected ($11.76)


PokerStars Hand #145260996910:  Hold'em Limit ($3/$6 USD) - 2015/12/13 0:00:05 ET
Table 'Attila II' 2-max Seat #2 is the button
Seat 1: tabfpolis ($216.66 in chips)
Seat 2: Desktop775 ($135.50 in chips)
Desktop775: posts small blind $1
tabfpolis: posts big blind $3
*** HOLE CARDS ***
Desktop775: raises $3 to $6
tabfpolis: calls $3
*** FLOP *** [Js Kd 9d]
tabfpolis: checks
Desktop775: bets $3
tabfpolis: calls $3
*** TURN *** [Js Kd 9d] [8d]
tabfpolis: checks
Desktop775: bets $6
tabfpolis: calls $6
*** RIVER *** [Js Kd 9d 8d] [Jd]
tabfpolis: checks
Desktop775: bets $6
tabfpolis: calls $6
*** SHOW DOWN ***
Desktop775: shows [Ad As] (a flush, Ace high)
tabfpolis: mucks hand
Desktop775 collected $41.50 from pot
*** SUMMARY ***
Total pot $42 | Rake $0.50
Board [Js Kd 9d 8d Jd]
Seat 1: tabfpolis (big blind) mucked
Seat 2: Desktop775 (button) (small blind) showed [Ad As] and won ($41.50) with a flush, Ace high


PokerStars Hand #145261026582:  Hold'em Limit ($3/$6 USD) - 2015/12/13 0:01:54 ET
Table 'Attila II' 2-max Seat #1 is the button
Seat 1: tabfpolis ($159.66 in chips)
Seat 2: Desktop775 ($190.66 in chips)
tabfpolis: posts small blind $1
Desktop775: posts big blind $3
*** HOLE CARDS ***
tabfpolis: raises $3 to $6
Desktop775: raises $3 to $9
tabfpolis: calls $3
*** FLOP *** [Js Jh Jc]
Desktop775: bets $3
tabfpolis: calls $3
*** TURN *** [Js Jh Jc] [Kh]
Desktop775: bets $6
tabfpolis: calls $6
*** RIVER *** [Js Jh Jc Kh] [5c]
Desktop775: checks
tabfpolis: bets $6
Desktop775: calls $6
*** SHOW DOWN ***
tabfpolis: shows [Th Kd] (a full house, Jacks full of Kings)
Desktop775: mucks hand
tabfpolis collected $47.50 from pot
*** SUMMARY ***
Total pot $48 | Rake $0.50
Board [Js Jh Jc Kh 5c]
Seat 1: tabfpolis (button) (small blind) showed [Th Kd] and won ($47.50) with a full house, Jacks full of Kings
Seat 2: Desktop775 (big blind) mucked


PokerStars Hand #145261022976:  Hold'em Limit ($3/$6 USD) - 2015/12/13 0:01:41 ET
Table 'Attila II' 2-max Seat #2 is the button
Seat 1: tabfpolis ($165.66 in chips)
Seat 2: Desktop775 ($184.90 in chips)
Desktop775: posts small blind $1
tabfpolis: posts big blind $3
*** HOLE CARDS ***
Desktop775: raises $3 to $6
tabfpolis: calls $3
*** FLOP *** [5h 6d As]
tabfpolis: checks
Desktop775: bets $3
tabfpolis: folds
Uncalled bet ($3) returned to Desktop775
Desktop775 collected $11.76 from pot
Desktop775: doesn't show hand
*** SUMMARY ***
Total pot $12 | Rake $0.24
Board [5h 6d As]
Seat 1: tabfpolis (big blind) folded on the Flop
Seat 2: Desktop775 (button) (small blind) collected ($11.76)


PokerStars Hand #145261021586:  Hold'em Limit ($3/$6 USD) - 2015/12/13 0:01:35 ET
Table 'Attila II' 2-max Seat #1 is the button
Seat 1: tabfpolis ($166.66 in chips)
Seat 2: Desktop775 ($183.90 in chips)
tabfpolis: posts small blind $1
Desktop775: posts big blind $3
*** HOLE CARDS ***
tabfpolis: folds
Uncalled bet ($2) returned to Desktop775
Desktop775 collected $2 from pot
Desktop775: doesn't show hand
*** SUMMARY ***
Total pot $2 | Rake $0
Seat 1: tabfpolis (button) (small blind) folded before Flop
Seat 2: Desktop775 (big blind) collected ($2)


PokerStars Hand #145261019905:  Hold'em Limit ($3/$6 USD) - 2015/12/13 0:01:29 ET
Table 'Attila II' 2-max Seat #2 is the button
Seat 1: tabfpolis ($165.66 in chips)
Seat 2: Desktop775 ($184.90 in chips)
Desktop775: posts small blind $1
tabfpolis: posts big blind $3
*** HOLE CARDS ***
Desktop775: folds
Uncalled bet ($2) returned to tabfpolis
tabfpolis collected $2 from pot
tabfpolis: doesn't show hand
*** SUMMARY ***
Total pot $2 | Rake $0
Seat 1: tabfpolis (big blind) collected ($2)
Seat 2: Desktop775 (button) (small blind) folded before Flop


PokerStars Hand #145261011851:  Hold'em Limit ($3/$6 USD) - 2015/12/13 0:01:01 ET
Table 'Attila II' 2-max Seat #1 is the button
Seat 1: tabfpolis ($180.66 in chips)
Seat 2: Desktop775 ($170.40 in chips)
tabfpolis: posts small blind $1
Desktop775: posts big blind $3
*** HOLE CARDS ***
tabfpolis: raises $3 to $6
Desktop775: raises $3 to $9
tabfpolis: calls $3
*** FLOP *** [3h Qs 5d]
Desktop775: bets $3
tabfpolis: raises $3 to $6
Desktop775: calls $3
*** TURN *** [3h Qs 5d] [7s]
Desktop775: checks
tabfpolis: checks
*** RIVER *** [3h Qs 5d 7s] [Jc]
Desktop775: bets $6
tabfpolis: folds
Uncalled bet ($6) returned to Desktop775
Desktop775 collected $29.50 from pot
Desktop775: doesn't show hand
*** SUMMARY ***
Total pot $30 | Rake $0.50
Board [3h Qs 5d 7s Jc]
Seat 1: tabfpolis (button) (small blind) folded on the River
Seat 2: Desktop775 (big blind) collected ($29.50)


PokerStars Hand #145261039366:  Hold'em Limit ($3/$6 USD) - 2015/12/13 0:02:39 ET
Table 'Attila II' 2-max Seat #1 is the button
Seat 1: tabfpolis ($191.80 in chips)
Seat 2: Desktop775 ($157.66 in chips)
tabfpolis: posts small blind $1
Desktop775: posts big blind $3
*** HOLE CARDS ***
tabfpolis: folds
Uncalled bet ($2) returned to Desktop775
Desktop775 collected $2 from pot
Desktop775: doesn't show hand
*** SUMMARY ***
Total pot $2 | Rake $0
Seat 1: tabfpolis (button) (small blind) folded before Flop
Seat 2: Desktop775 (big blind) collected ($2)


PokerStars Hand #145261032965:  Hold'em Limit ($3/$6 USD) - 2015/12/13 0:02:16 ET
Table 'Attila II' 2-max Seat #2 is the button
Seat 1: tabfpolis ($183.16 in chips)
Seat 2: Desktop775 ($166.66 in chips)
Desktop775: posts small blind $1
tabfpolis: posts big blind $3
*** HOLE CARDS ***
Desktop775: raises $3 to $6
tabfpolis: calls $3
*** FLOP *** [Ah 2c 4h]
tabfpolis: checks
Desktop775: bets $3
tabfpolis: calls $3
*** TURN *** [Ah 2c 4h] [Qh]
tabfpolis: checks
Desktop775: checks
*** RIVER *** [Ah 2c 4h Qh] [Ts]
tabfpolis: checks
Desktop775: checks
*** SHOW DOWN ***
tabfpolis: shows [4s 3d] (a pair of Fours)
Desktop775: mucks hand
tabfpolis collected $17.64 from pot
*** SUMMARY ***
Total pot $18 | Rake $0.36
Board [Ah 2c 4h Qh Ts]
Seat 1: tabfpolis (big blind) showed [4s 3d] and won ($17.64) with a pair of Fours
Seat 2: Desktop775 (button) (small blind) mucked


PokerStars Hand #145261041191:  Hold'em Limit ($3/$6 USD) - 2015/12/13 0:02:45 ET
Table 'Attila II' 2-max Seat #2 is the button
Seat 1: tabfpolis ($190.80 in chips)
Seat 2: Desktop775 ($158.66 in chips)
Desktop775: posts small blind $1
tabfpolis: posts big blind $3
*** HOLE CARDS ***
Desktop775: raises $3 to $6
tabfpolis: calls $3
*** FLOP *** [Qc 4h 3c]
tabfpolis: checks
Desktop775: bets $3
tabfpolis: raises $3 to $6
Desktop775: calls $3
*** TURN *** [Qc 4h 3c] [Kh]
tabfpolis: bets $6
Desktop775: folds
Uncalled bet ($6) returned to tabfpolis
tabfpolis collected $23.52 from pot
tabfpolis: doesn't show hand
*** SUMMARY ***
Total pot $24 | Rake $0.48
Board [Qc 4h 3c Kh]
Seat 1: tabfpolis (big blind) collected ($23.52)
Seat 2: Desktop775 (button) (small blind) folded on the Turn


PokerStars Hand #145261046407:  Hold'em Limit ($3/$6 USD) - 2015/12/13 0:03:04 ET
Table 'Attila II' 2-max Seat #1 is the button
Seat 1: tabfpolis ($202.32 in chips)
Seat 2: Desktop775 ($146.66 in chips)
tabfpolis: posts small blind $1
Desktop775: posts big blind $3
*** HOLE CARDS ***
tabfpolis: folds
Uncalled bet ($2) returned to Desktop775
Desktop775 collected $2 from pot
Desktop775: doesn't show hand
*** SUMMARY ***
Total pot $2 | Rake $0
Seat 1: tabfpolis (button) (small blind) folded before Flop
Seat 2: Desktop775 (big blind) collected ($2)


PokerStars Hand #145261051039:  Hold'em Limit ($3/$6 USD) - 2015/12/13 0:03:20 ET
Table 'Attila II' 2-max Seat #1 is the button
Seat 1: tabfpolis ($195.32 in chips)
Seat 2: Desktop775 ($153.42 in chips)
tabfpolis: posts small blind $1
Desktop775: posts big blind $3
*** HOLE CARDS ***
tabfpolis: folds
Uncalled bet ($2) returned to Desktop775
Desktop775 collected $2 from pot
Desktop775: doesn't show hand
*** SUMMARY ***
Total pot $2 | Rake $0
Seat 1: tabfpolis (button) (small blind) folded before Flop
Seat 2: Desktop775 (big blind) collected ($2)


PokerStars Hand #145261047910:  Hold'em Limit ($3/$6 USD) - 2015/12/13 0:03:09 ET
Table 'Attila II' 2-max Seat #2 is the button
Seat 1: tabfpolis ($201.32 in chips)
Seat 2: Desktop775 ($147.66 in chips)
Desktop775: posts small blind $1
tabfpolis: posts big blind $3
*** HOLE CARDS ***
Desktop775: raises $3 to $6
tabfpolis: calls $3
*** FLOP *** [Tc Qs 3h]
tabfpolis: checks
Desktop775: bets $3
tabfpolis: folds
Uncalled bet ($3) returned to Desktop775
Desktop775 collected $11.76 from pot
Desktop775: doesn't show hand
*** SUMMARY ***
Total pot $12 | Rake $0.24
Board [Tc Qs 3h]
Seat 1: tabfpolis (big blind) folded on the Flop
Seat 2: Desktop775 (button) (small blind) collected ($11.76)


PokerStars Hand #145261052627:  Hold'em Limit ($3/$6 USD) - 2015/12/13 0:03:26 ET
Table 'Attila II' 2-max Seat #2 is the button
Seat 1: tabfpolis ($194.32 in chips)
Seat 2: Desktop775 ($154.42 in chips)
Desktop775: posts small blind $1
tabfpolis: posts big blind $3
*** HOLE CARDS ***
Desktop775: raises $3 to $6
tabfpolis: calls $3
*** FLOP *** [As 8d 4c]
tabfpolis: checks
Desktop775: bets $3
tabfpolis: folds
Uncalled bet ($3) returned to Desktop775
Desktop775 collected $11.76 from pot
Desktop775: doesn't show hand
*** SUMMARY ***
Total pot $12 | Rake $0.24
Board [As 8d 4c]
Seat 1: tabfpolis (big blind) folded on the Flop
Seat 2: Desktop775 (button) (small blind) collected ($11.76)


PokerStars Hand #145261056066:  Hold'em Limit ($3/$6 USD) - 2015/12/13 0:03:38 ET
Table 'Attila II' 2-max Seat #1 is the button
Seat 1: tabfpolis ($188.32 in chips)
Seat 2: Desktop775 ($160.18 in chips)
tabfpolis: posts small blind $1
Desktop775: posts big blind $3
*** HOLE CARDS ***
tabfpolis: folds
Uncalled bet ($2) returned to Desktop775
Desktop775 collected $2 from pot
Desktop775: doesn't show hand
*** SUMMARY ***
Total pot $2 | Rake $0
Seat 1: tabfpolis (button) (small blind) folded before Flop
Seat 2: Desktop775 (big blind) collected ($2)


PokerStars Hand #145261059325:  Hold'em Limit ($3/$6 USD) - 2015/12/13 0:03:50 ET
Table 'Attila II' 2-max Seat #1 is the button
Seat 1: tabfpolis ($188.32 in chips)
Seat 2: Desktop775 ($160.18 in chips)
tabfpolis: posts small blind $1
Desktop775: posts big blind $3
*** HOLE CARDS ***
tabfpolis: folds
Uncalled bet ($2) returned to Desktop775
Desktop775 collected $2 from pot
Desktop775: doesn't show hand
*** SUMMARY ***
Total pot $2 | Rake $0
Seat 1: tabfpolis (button) (small blind) folded before Flop
Seat 2: Desktop775 (big blind) collected ($2)


PokerStars Hand #145261057724:  Hold'em Limit ($3/$6 USD) - 2015/12/13 0:03:44 ET
Table 'Attila II' 2-max Seat #2 is the button
Seat 1: tabfpolis ($187.32 in chips)
Seat 2: Desktop775 ($161.18 in chips)
Desktop775: posts small blind $1
tabfpolis: posts big blind $3
*** HOLE CARDS ***
Desktop775: folds
Uncalled bet ($2) returned to tabfpolis
tabfpolis collected $2 from pot
tabfpolis: doesn't show hand
*** SUMMARY ***
Total pot $2 | Rake $0
Seat 1: tabfpolis (big blind) collected ($2)
Seat 2: Desktop775 (button) (small blind) folded before Flop


PokerStars Hand #145261060987:  Hold'em Limit ($3/$6 USD) - 2015/12/13 0:03:55 ET
Table 'Attila II' 2-max Seat #2 is the button
Seat 1: tabfpolis ($187.32 in chips)
Seat 2: Desktop775 ($161.18 in chips)
Desktop775: posts small blind $1
tabfpolis: posts big blind $3
*** HOLE CARDS ***
Desktop775: raises $3 to $6
tabfpolis: folds
Uncalled bet ($3) returned to Desktop775
Desktop775 collected $6 from pot
Desktop775: doesn't show hand
*** SUMMARY ***
Total pot $6 | Rake $0
Seat 1: tabfpolis (big blind) folded before Flop
Seat 2: Desktop775 (button) (small blind) collected ($6)


PokerStars Hand #145261062819:  Hold'em Limit ($3/$6 USD) - 2015/12/13 0:04:02 ET
Table 'Attila II' 2-max Seat #1 is the button
Seat 1: tabfpolis ($184.32 in chips)
Seat 2: Desktop775 ($164.18 in chips)
tabfpolis: posts small blind $1
Desktop775: posts big blind $3
*** HOLE CARDS ***
tabfpolis: raises $3 to $6
Desktop775: folds
Uncalled bet ($3) returned to tabfpolis
tabfpolis collected $6 from pot
tabfpolis: doesn't show hand
*** SUMMARY ***
Total pot $6 | Rake $0
Seat 1: tabfpolis (button) (small blind) collected ($6)
Seat 2: Desktop775 (big blind) folded before Flop


PokerStars Hand #145261064833:  Hold'em Limit ($3/$6 USD) - 2015/12/13 0:04:09 ET
Table 'Attila II' 2-max Seat #2 is the button
Seat 1: tabfpolis ($187.32 in chips)
Seat 2: Desktop775 ($161.18 in chips)
Desktop775: posts small blind $1
tabfpolis: posts big blind $3
*** HOLE CARDS ***
Desktop775: raises $3 to $6
tabfpolis: calls $3
*** FLOP *** [Ad 3s Kh]
tabfpolis: checks
Desktop775: bets $3
tabfpolis: folds
Uncalled bet ($3) returned to Desktop775
Desktop775 collected $11.76 from pot
Desktop775: doesn't show hand
*** SUMMARY ***
Total pot $12 | Rake $0.24
Board [Ad 3s Kh]
Seat 1: tabfpolis (big blind) folded on the Flop
Seat 2: Desktop775 (button) (small blind) collected ($11.76)


PokerStars Hand #145261067724:  Hold'em Limit ($3/$6 USD) - 2015/12/13 0:04:19 ET
Table 'Attila II' 2-max Seat #1 is the button
Seat 1: tabfpolis ($181.32 in chips)
Seat 2: Desktop775 ($166.94 in chips)
tabfpolis: posts small blind $1
Desktop775: posts big blind $3
*** HOLE CARDS ***
tabfpolis: raises $3 to $6
Desktop775: raises $3 to $9
tabfpolis: calls $3
*** FLOP *** [3d 4s 3s]
Desktop775: bets $3
tabfpolis: calls $3
*** TURN *** [3d 4s 3s] [Th]
Desktop775: bets $6
tabfpolis: folds
Uncalled bet ($6) returned to Desktop775
Desktop775 collected $23.52 from pot
Desktop775: doesn't show hand
*** SUMMARY ***
Total pot $24 | Rake $0.48
Board [3d 4s 3s Th]
Seat 1: tabfpolis (button) (small blind) folded on the Turn
Seat 2: Desktop775 (big blind) collected ($23.52)


PokerStars Hand #145261071466:  Hold'em Limit ($3/$6 USD) - 2015/12/13 0:04:33 ET
Table 'Attila II' 2-max Seat #2 is the button
Seat 1: tabfpolis ($169.32 in chips)
Seat 2: Desktop775 ($178.46 in chips)
Desktop775: posts small blind $1
tabfpolis: posts big blind $3
*** HOLE CARDS ***
Desktop775: raises $3 to $6
tabfpolis: raises $3 to $9
Desktop775: calls $3
*** FLOP *** [9h Qs 6d]
tabfpolis: bets $3
Desktop775: folds
Uncalled bet ($3) returned to tabfpolis
tabfpolis collected $17.64 from pot
tabfpolis: doesn't show hand
*** SUMMARY ***
Total pot $18 | Rake $0.36
Board [9h Qs 6d]
Seat 1: tabfpolis (big blind) collected ($17.64)
Seat 2: Desktop775 (button) (small blind) folded on the Flop


PokerStars Hand #145261079837:  Hold'em Limit ($3/$6 USD) - 2015/12/13 0:05:02 ET
Table 'Attila II' 2-max Seat #2 is the button
Seat 1: tabfpolis ($153.96 in chips)
Seat 2: Desktop775 ($192.96 in chips)
Desktop775: posts small blind $1
tabfpolis: posts big blind $3
*** HOLE CARDS ***
Desktop775: folds
Uncalled bet ($2) returned to tabfpolis
tabfpolis collected $2 from pot
tabfpolis: doesn't show hand
*** SUMMARY ***
Total pot $2 | Rake $0
Seat 1: tabfpolis (big blind) collected ($2)
Seat 2: Desktop775 (button) (small blind) folded before Flop


PokerStars Hand #145261074810:  Hold'em Limit ($3/$6 USD) - 2015/12/13 0:04:44 ET
Table 'Attila II' 2-max Seat #1 is the button
Seat 1: tabfpolis ($177.96 in chips)
Seat 2: Desktop775 ($169.46 in chips)
tabfpolis: posts small blind $1
Desktop775: posts big blind $3
*** HOLE CARDS ***
tabfpolis: raises $3 to $6
Desktop775: raises $3 to $9
tabfpolis: calls $3
*** FLOP *** [Jc 3h Jh]
Desktop775: bets $3
tabfpolis: calls $3
*** TURN *** [Jc 3h Jh] [As]
Desktop775: bets $6
tabfpolis: calls $6
*** RIVER *** [Jc 3h Jh As] [9h]
Desktop775: bets $6
tabfpolis: calls $6
*** SHOW DOWN ***
Desktop775: shows [Kh Ad] (two pair, Aces and Jacks)
tabfpolis: mucks hand
Desktop775 collected $47.50 from pot
*** SUMMARY ***
Total pot $48 | Rake $0.50
Board [Jc 3h Jh As 9h]
Seat 1: tabfpolis (button) (small blind) mucked
Seat 2: Desktop775 (big blind) showed [Kh Ad] and won ($47.50) with two pair, Aces and Jacks


PokerStars Hand #145261081266:  Hold'em Limit ($3/$6 USD) - 2015/12/13 0:05:07 ET
Table 'Attila II' 2-max Seat #1 is the button
Seat 1: tabfpolis ($154.96 in chips)
Seat 2: Desktop775 ($191.96 in chips)
tabfpolis: posts small blind $1
Desktop775: posts big blind $3
*** HOLE CARDS ***
tabfpolis: raises $3 to $6
Desktop775: calls $3
*** FLOP *** [Kc Ts Ks]
Desktop775: checks
tabfpolis: bets $3
Desktop775: folds
Uncalled bet ($3) returned to tabfpolis
tabfpolis collected $11.76 from pot
tabfpolis: doesn't show hand
*** SUMMARY ***
Total pot $12 | Rake $0.24
Board [Kc Ts Ks]
Seat 1: tabfpolis (button) (small blind) collected ($11.76)
Seat 2: Desktop775 (big blind) folded on the Flop


PokerStars Hand #145261098775:  Hold'em Limit ($3/$6 USD) - 2015/12/13 0:06:09 ET
Table 'Attila II' 2-max Seat #2 is the button
Seat 1: tabfpolis ($157.22 in chips)
Seat 2: Desktop775 ($188.22 in chips)
Desktop775: posts small blind $1
tabfpolis: posts big blind $3
*** HOLE CARDS ***
Desktop775: raises $3 to $6
tabfpolis: calls $3
*** FLOP *** [Th 7c Ac]
tabfpolis: checks
Desktop775: bets $3
tabfpolis: folds
Uncalled bet ($3) returned to Desktop775
Desktop775 collected $11.76 from pot
Desktop775: doesn't show hand
*** SUMMARY ***
Total pot $12 | Rake $0.24
Board [Th 7c Ac]
Seat 1: tabfpolis (big blind) folded on the Flop
Seat 2: Desktop775 (button) (small blind) collected ($11.76)


PokerStars Hand #145261084257:  Hold'em Limit ($3/$6 USD) - 2015/12/13 0:05:17 ET
Table 'Attila II' 2-max Seat #2 is the button
Seat 1: tabfpolis ($160.72 in chips)
Seat 2: Desktop775 ($185.96 in chips)
Desktop775: posts small blind $1
tabfpolis: posts big blind $3
*** HOLE CARDS ***
Desktop775: raises $3 to $6
tabfpolis: calls $3
*** FLOP *** [7s 4d Kd]
tabfpolis: checks
Desktop775: bets $3
tabfpolis: folds
Uncalled bet ($3) returned to Desktop775
Desktop775 collected $11.76 from pot
Desktop775: doesn't show hand
*** SUMMARY ***
Total pot $12 | Rake $0.24
Board [7s 4d Kd]
Seat 1: tabfpolis (big blind) folded on the Flop
Seat 2: Desktop775 (button) (small blind) collected ($11.76)


PokerStars Hand #145261087174:  Hold'em Limit ($3/$6 USD) - 2015/12/13 0:05:28 ET
Table 'Attila II' 2-max Seat #1 is the button
Seat 1: tabfpolis ($154.72 in chips)
Seat 2: Desktop775 ($191.72 in chips)
tabfpolis: posts small blind $1
Desktop775: posts big blind $3
*** HOLE CARDS ***
tabfpolis: raises $3 to $6
Desktop775: raises $3 to $9
tabfpolis: calls $3
*** FLOP *** [3h 3s 7s]
Desktop775: bets $3
tabfpolis: calls $3
*** TURN *** [3h 3s 7s] [8h]
Desktop775: bets $6
tabfpolis: calls $6
*** RIVER *** [3h 3s 7s 8h] [6s]
Desktop775: bets $6
tabfpolis: raises $6 to $12
Desktop775: folds
Uncalled bet ($6) returned to tabfpolis
tabfpolis collected $47.50 from pot
tabfpolis: doesn't show hand
*** SUMMARY ***
Total pot $48 | Rake $0.50
Board [3h 3s 7s 8h 6s]
Seat 1: tabfpolis (button) (small blind) collected ($47.50)
Seat 2: Desktop775 (big blind) folded on the River


PokerStars Hand #145261092639:  Hold'em Limit ($3/$6 USD) - 2015/12/13 0:05:47 ET
Table 'Attila II' 2-max Seat #2 is the button
Seat 1: tabfpolis ($178.22 in chips)
Seat 2: Desktop775 ($167.72 in chips)
Desktop775: posts small blind $1
tabfpolis: posts big blind $3
*** HOLE CARDS ***
Desktop775: raises $3 to $6
tabfpolis: folds
Uncalled bet ($3) returned to Desktop775
Desktop775 collected $6 from pot
Desktop775: doesn't show hand
*** SUMMARY ***
Total pot $6 | Rake $0
Seat 1: tabfpolis (big blind) folded before Flop
Seat 2: Desktop775 (button) (small blind) collected ($6)


PokerStars Hand #145261094289:  Hold'em Limit ($3/$6 USD) - 2015/12/13 0:05:53 ET
Table 'Attila II' 2-max Seat #1 is the button
Seat 1: tabfpolis ($175.22 in chips)
Seat 2: Desktop775 ($170.72 in chips)
tabfpolis: posts small blind $1
Desktop775: posts big blind $3
*** HOLE CARDS ***
tabfpolis: raises $3 to $6
Desktop775: raises $3 to $9
tabfpolis: calls $3
*** FLOP *** [Kd 7h Kh]
Desktop775: bets $3
tabfpolis: calls $3
*** TURN *** [Kd 7h Kh] [Js]
Desktop775: bets $6
tabfpolis: calls $6
*** RIVER *** [Kd 7h Kh Js] [6h]
Desktop775: bets $6
tabfpolis: folds
Uncalled bet ($6) returned to Desktop775
Desktop775 collected $35.50 from pot
Desktop775: doesn't show hand
*** SUMMARY ***
Total pot $36 | Rake $0.50
Board [Kd 7h Kh Js 6h]
Seat 1: tabfpolis (button) (small blind) folded on the River
Seat 2: Desktop775 (big blind) collected ($35.50)


PokerStars Hand #145261101678:  Hold'em Limit ($3/$6 USD) - 2015/12/13 0:06:19 ET
Table 'Attila II' 2-max Seat #1 is the button
Seat 1: tabfpolis ($151.22 in chips)
Seat 2: Desktop775 ($193.98 in chips)
tabfpolis: posts small blind $1
Desktop775: posts big blind $3
*** HOLE CARDS ***
tabfpolis: raises $3 to $6
Desktop775: calls $3
*** FLOP *** [4d Qd 8d]
Desktop775: checks
tabfpolis: checks
*** TURN *** [4d Qd 8d] [Kd]
Desktop775: checks
tabfpolis: checks
*** RIVER *** [4d Qd 8d Kd] [7d]
Desktop775: checks
tabfpolis: checks
*** SHOW DOWN ***
Desktop775: shows [6h Qh] (a flush, King high)
tabfpolis: shows [9h Kc] (a flush, King high)
Desktop775 collected $5.88 from pot
tabfpolis collected $5.88 from pot
*** SUMMARY ***
Total pot $12 | Rake $0.24
Board [4d Qd 8d Kd 7d]
Seat 1: tabfpolis (button) (small blind) showed [9h Kc] and won ($5.88) with a flush, King high
Seat 2: Desktop775 (big blind) showed [6h Qh] and won ($5.88) with a flush, King high


PokerStars Hand #145261110400:  Hold'em Limit ($3/$6 USD) - 2015/12/13 0:06:50 ET
Table 'Attila II' 2-max Seat #1 is the button
Seat 1: tabfpolis ($139.10 in chips)
Seat 2: Desktop775 ($205.38 in chips)
tabfpolis: posts small blind $1
Desktop775: posts big blind $3
*** HOLE CARDS ***
tabfpolis: folds
Uncalled bet ($2) returned to Desktop775
Desktop775 collected $2 from pot
Desktop775: doesn't show hand
*** SUMMARY ***
Total pot $2 | Rake $0
Seat 1: tabfpolis (button) (small blind) folded before Flop
Seat 2: Desktop775 (big blind) collected ($2)


PokerStars Hand #145261105845:  Hold'em Limit ($3/$6 USD) - 2015/12/13 0:06:34 ET
Table 'Attila II' 2-max Seat #2 is the button
Seat 1: tabfpolis ($151.10 in chips)
Seat 2: Desktop775 ($193.86 in chips)
Desktop775: posts small blind $1
tabfpolis: posts big blind $3
*** HOLE CARDS ***
Desktop775: raises $3 to $6
tabfpolis: raises $3 to $9
Desktop775: calls $3
*** FLOP *** [Qh Kd 7d]
tabfpolis: bets $3
Desktop775: calls $3
*** TURN *** [Qh Kd 7d] [6s]
tabfpolis: checks
Desktop775: bets $6
tabfpolis: folds
Uncalled bet ($6) returned to Desktop775
Desktop775 collected $23.52 from pot
Desktop775: doesn't show hand
*** SUMMARY ***
Total pot $24 | Rake $0.48
Board [Qh Kd 7d 6s]
Seat 1: tabfpolis (big blind) folded on the Turn
Seat 2: Desktop775 (button) (small blind) collected ($23.52)


PokerStars Hand #145261112052:  Hold'em Limit ($3/$6 USD) - 2015/12/13 0:06:56 ET
Table 'Attila II' 2-max Seat #2 is the button
Seat 1: tabfpolis ($138.10 in chips)
Seat 2: Desktop775 ($206.38 in chips)
Desktop775: posts small blind $1
tabfpolis: posts big blind $3
*** HOLE CARDS ***
Desktop775: raises $3 to $6
tabfpolis: calls $3
*** FLOP *** [8s Th Ad]
tabfpolis: checks
Desktop775: checks
*** TURN *** [8s Th Ad] [Ac]
tabfpolis: checks
Desktop775: bets $6
tabfpolis: calls $6
*** RIVER *** [8s Th Ad Ac] [7d]
tabfpolis: checks
Desktop775: bets $6
tabfpolis: raises $6 to $12
Desktop775: folds
Uncalled bet ($6) returned to tabfpolis
tabfpolis collected $35.50 from pot
tabfpolis: doesn't show hand
*** SUMMARY ***
Total pot $36 | Rake $0.50
Board [8s Th Ad Ac 7d]
Seat 1: tabfpolis (big blind) collected ($35.50)
Seat 2: Desktop775 (button) (small blind) folded on the River


PokerStars Hand #145261118979:  Hold'em Limit ($3/$6 USD) - 2015/12/13 0:07:21 ET
Table 'Attila II' 2-max Seat #1 is the button
Seat 1: tabfpolis ($155.60 in chips)
Seat 2: Desktop775 ($188.38 in chips)
tabfpolis: posts small blind $1
Desktop775: posts big blind $3
*** HOLE CARDS ***
tabfpolis: raises $3 to $6
Desktop775: calls $3
*** FLOP *** [Kh 9d Kc]
Desktop775: checks
tabfpolis: bets $3
Desktop775: folds
Uncalled bet ($3) returned to tabfpolis
tabfpolis collected $11.76 from pot
tabfpolis: doesn't show hand
*** SUMMARY ***
Total pot $12 | Rake $0.24
Board [Kh 9d Kc]
Seat 1: tabfpolis (button) (small blind) collected ($11.76)
Seat 2: Desktop775 (big blind) folded on the Flop


PokerStars Hand #145261127129:  Hold'em Limit ($3/$6 USD) - 2015/12/13 0:07:51 ET
Table 'Attila II' 2-max Seat #1 is the button
Seat 1: tabfpolis ($140.36 in chips)
Seat 2: Desktop775 ($202.88 in chips)
tabfpolis: posts small blind $1
Desktop775: posts big blind $3
*** HOLE CARDS ***
tabfpolis: folds
Uncalled bet ($2) returned to Desktop775
Desktop775 collected $2 from pot
Desktop775: doesn't show hand
*** SUMMARY ***
Total pot $2 | Rake $0
Seat 1: tabfpolis (button) (small blind) folded before Flop
Seat 2: Desktop775 (big blind) collected ($2)


PokerStars Hand #145261121779:  Hold'em Limit ($3/$6 USD) - 2015/12/13 0:07:31 ET
Table 'Attila II' 2-max Seat #2 is the button
Seat 1: tabfpolis ($161.36 in chips)
Seat 2: Desktop775 ($182.38 in chips)
Desktop775: posts small blind $1
tabfpolis: posts big blind $3
*** HOLE CARDS ***
Desktop775: raises $3 to $6
tabfpolis: calls $3
*** FLOP *** [Jd 5d Qh]
tabfpolis: checks
Desktop775: bets $3
tabfpolis: calls $3
*** TURN *** [Jd 5d Qh] [3d]
tabfpolis: checks
Desktop775: bets $6
tabfpolis: calls $6
*** RIVER *** [Jd 5d Qh 3d] [Jh]
tabfpolis: checks
Desktop775: bets $6
tabfpolis: calls $6
*** SHOW DOWN ***
Desktop775: shows [Jc 6d] (three of a kind, Jacks)
tabfpolis: mucks hand
Desktop775 collected $41.50 from pot
*** SUMMARY ***
Total pot $42 | Rake $0.50
Board [Jd 5d Qh 3d Jh]
Seat 1: tabfpolis (big blind) mucked
Seat 2: Desktop775 (button) (small blind) showed [Jc 6d] and won ($41.50) with three of a kind, Jacks


PokerStars Hand #145261128597:  Hold'em Limit ($3/$6 USD) - 2015/12/13 0:07:56 ET
Table 'Attila II' 2-max Seat #2 is the button
Seat 1: tabfpolis ($139.36 in chips)
Seat 2: Desktop775 ($203.88 in chips)
Desktop775: posts small blind $1
tabfpolis: posts big blind $3
*** HOLE CARDS ***
Desktop775: raises $3 to $6
tabfpolis: folds
Uncalled bet ($3) returned to Desktop775
Desktop775 collected $6 from pot
Desktop775: doesn't show hand
*** SUMMARY ***
Total pot $6 | Rake $0
Seat 1: tabfpolis (big blind) folded before Flop
Seat 2: Desktop775 (button) (small blind) collected ($6)


PokerStars Hand #145261130284:  Hold'em Limit ($3/$6 USD) - 2015/12/13 0:08:02 ET
Table 'Attila II' 2-max Seat #1 is the button
Seat 1: tabfpolis ($136.36 in chips)
Seat 2: Desktop775 ($206.88 in chips)
tabfpolis: posts small blind $1
Desktop775: posts big blind $3
*** HOLE CARDS ***
tabfpolis: raises $3 to $6
Desktop775: raises $3 to $9
tabfpolis: raises $3 to $12
Betting is capped
Desktop775: calls $3
*** FLOP *** [5s Ac 2d]
Desktop775: checks
tabfpolis: checks
*** TURN *** [5s Ac 2d] [Jh]
Desktop775: checks
tabfpolis: bets $6
Desktop775: folds
Uncalled bet ($6) returned to tabfpolis
tabfpolis collected $23.52 from pot
tabfpolis: doesn't show hand
*** SUMMARY ***
Total pot $24 | Rake $0.48
Board [5s Ac 2d Jh]
Seat 1: tabfpolis (button) (small blind) collected ($23.52)
Seat 2: Desktop775 (big blind) folded on the Turn


PokerStars Hand #145261134847:  Hold'em Limit ($3/$6 USD) - 2015/12/13 0:08:18 ET
Table 'Attila II' 2-max Seat #2 is the button
Seat 1: tabfpolis ($147.88 in chips)
Seat 2: Desktop775 ($194.88 in chips)
Desktop775: posts small blind $1
tabfpolis: posts big blind $3
*** HOLE CARDS ***
Desktop775: raises $3 to $6
tabfpolis: calls $3
*** FLOP *** [9d 7d 2s]
tabfpolis: checks
Desktop775: bets $3
tabfpolis: raises $3 to $6
Desktop775: folds
Uncalled bet ($3) returned to tabfpolis
tabfpolis collected $17.64 from pot
tabfpolis: doesn't show hand
*** SUMMARY ***
Total pot $18 | Rake $0.36
Board [9d 7d 2s]
Seat 1: tabfpolis (big blind) collected ($17.64)
Seat 2: Desktop775 (button) (small blind) folded on the Flop


PokerStars Hand #145261137983:  Hold'em Limit ($3/$6 USD) - 2015/12/13 0:08:30 ET
Table 'Attila II' 2-max Seat #1 is the button
Seat 1: tabfpolis ($156.52 in chips)
Seat 2: Desktop775 ($185.88 in chips)
tabfpolis: posts small blind $1
Desktop775: posts big blind $3
*** HOLE CARDS ***
tabfpolis: raises $3 to $6
Desktop775: calls $3
*** FLOP *** [3c Th 6d]
Desktop775: checks
tabfpolis: bets $3
Desktop775: folds
Uncalled bet ($3) returned to tabfpolis
tabfpolis collected $11.76 from pot
tabfpolis: doesn't show hand
*** SUMMARY ***
Total pot $12 | Rake $0.24
Board [3c Th 6d]
Seat 1: tabfpolis (button) (small blind) collected ($11.76)
Seat 2: Desktop775 (big blind) folded on the Flop


PokerStars Hand #145261140640:  Hold'em Limit ($3/$6 USD) - 2015/12/13 0:08:39 ET
Table 'Attila II' 2-max Seat #2 is the button
Seat 1: tabfpolis ($162.28 in chips)
Seat 2: Desktop775 ($179.88 in chips)
Desktop775: posts small blind $1
tabfpolis: posts big blind $3
*** HOLE CARDS ***
Desktop775: raises $3 to $6
tabfpolis: raises $3 to $9
Desktop775: calls $3
*** FLOP *** [9s Jc 3c]
tabfpolis: checks
Desktop775: checks
*** TURN *** [9s Jc 3c] [5s]
tabfpolis: checks
Desktop775: checks
*** RIVER *** [9s Jc 3c 5s] [9d]
tabfpolis: bets $6
Desktop775: folds
Uncalled bet ($6) returned to tabfpolis
tabfpolis collected $17.64 from pot
tabfpolis: doesn't show hand
*** SUMMARY ***
Total pot $18 | Rake $0.36
Board [9s Jc 3c 5s 9d]
Seat 1: tabfpolis (big blind) collected ($17.64)
Seat 2: Desktop775 (button) (small blind) folded on the River


PokerStars Hand #145261145363:  Hold'em Limit ($3/$6 USD) - 2015/12/13 0:08:56 ET
Table 'Attila II' 2-max Seat #1 is the button
Seat 1: tabfpolis ($170.92 in chips)
Seat 2: Desktop775 ($170.88 in chips)
tabfpolis: posts small blind $1
Desktop775: posts big blind $3
*** HOLE CARDS ***
tabfpolis: raises $3 to $6
Desktop775: calls $3
*** FLOP *** [Tc Ad 9s]
Desktop775: checks
tabfpolis: bets $3
Desktop775: folds
Uncalled bet ($3) returned to tabfpolis
tabfpolis collected $11.76 from pot
tabfpolis: doesn't show hand
*** SUMMARY ***
Total pot $12 | Rake $0.24
Board [Tc Ad 9s]
Seat 1: tabfpolis (button) (small blind) collected ($11.76)
Seat 2: Desktop775 (big blind) folded on the Flop


PokerStars Hand #145261148005:  Hold'em Limit ($3/$6 USD) - 2015/12/13 0:09:06 ET
Table 'Attila II' 2-max Seat #2 is the button
Seat 1: tabfpolis ($176.68 in chips)
Seat 2: Desktop775 ($164.88 in chips)
Desktop775: posts small blind $1
tabfpolis: posts big blind $3
*** HOLE CARDS ***
Desktop775: raises $3 to $6
tabfpolis: folds
Uncalled bet ($3) returned to Desktop775
Desktop775 collected $6 from pot
Desktop775: doesn't show hand
*** SUMMARY ***
Total pot $6 | Rake $0
Seat 1: tabfpolis (big blind) folded before Flop
Seat 2: Desktop775 (button) (small blind) collected ($6)


PokerStars Hand #145261149605:  Hold'em Limit ($3/$6 USD) - 2015/12/13 0:09:12 ET
Table 'Attila II' 2-max Seat #1 is the button
Seat 1: tabfpolis ($173.68 in chips)
Seat 2: Desktop775 ($167.88 in chips)
tabfpolis: posts small blind $1
Desktop775: posts big blind $3
*** HOLE CARDS ***
tabfpolis: raises $3 to $6
Desktop775: calls $3
*** FLOP *** [8c 6c Ad]
Desktop775: checks
tabfpolis: checks
*** TURN *** [8c 6c Ad] [2s]
Desktop775: checks
tabfpolis: bets $6
Desktop775: calls $6
*** RIVER *** [8c 6c Ad 2s] [5c]
Desktop775: checks
tabfpolis: checks
*** SHOW DOWN ***
Desktop775: shows [Qd 7d] (high card Ace)
tabfpolis: shows [4h As] (a pair of Aces)
tabfpolis collected $23.52 from pot
*** SUMMARY ***
Total pot $24 | Rake $0.48
Board [8c 6c Ad 2s 5c]
Seat 1: tabfpolis (button) (small blind) showed [4h As] and won ($23.52) with a pair of Aces
Seat 2: Desktop775 (big blind) showed [Qd 7d] and lost with high card Ace


PokerStars Hand #145261154097:  Hold'em Limit ($3/$6 USD) - 2015/12/13 0:09:28 ET
Table 'Attila II' 2-max Seat #2 is the button
Seat 1: tabfpolis ($185.20 in chips)
Seat 2: Desktop775 ($155.88 in chips)
Desktop775: posts small blind $1
tabfpolis: posts big blind $3
*** HOLE CARDS ***
Desktop775: raises $3 to $6
tabfpolis: raises $3 to $9
Desktop775: calls $3
*** FLOP *** [9s Ks 5d]
tabfpolis: bets $3
Desktop775: calls $3
*** TURN *** [9s Ks 5d] [7c]
tabfpolis: bets $6
Desktop775: folds
Uncalled bet ($6) returned to tabfpolis
tabfpolis collected $23.52 from pot
tabfpolis: doesn't show hand
*** SUMMARY ***
Total pot $24 | Rake $0.48
Board [9s Ks 5d 7c]
Seat 1: tabfpolis (big blind) collected ($23.52)
Seat 2: Desktop775 (button) (small blind) folded on the Turn


PokerStars Hand #145261160599:  Hold'em Limit ($3/$6 USD) - 2015/12/13 0:09:51 ET
Table 'Attila II' 2-max Seat #2 is the button
Seat 1: tabfpolis ($193.72 in chips)
Seat 2: Desktop775 ($146.76 in chips)
Desktop775: posts small blind $1
tabfpolis: posts big blind $3
*** HOLE CARDS ***
Desktop775: raises $3 to $6
tabfpolis: folds
Uncalled bet ($3) returned to Desktop775
Desktop775 collected $6 from pot
Desktop775: doesn't show hand
*** SUMMARY ***
Total pot $6 | Rake $0
Seat 1: tabfpolis (big blind) folded before Flop
Seat 2: Desktop775 (button) (small blind) collected ($6)


PokerStars Hand #145261157745:  Hold'em Limit ($3/$6 USD) - 2015/12/13 0:09:41 ET
Table 'Attila II' 2-max Seat #1 is the button
Seat 1: tabfpolis ($196.72 in chips)
Seat 2: Desktop775 ($143.88 in chips)
tabfpolis: posts small blind $1
Desktop775: posts big blind $3
*** HOLE CARDS ***
tabfpolis: calls $2
Desktop775: checks
*** FLOP *** [5d 5h 5s]
Desktop775: bets $3
tabfpolis: folds
Uncalled bet ($3) returned to Desktop775
Desktop775 collected $5.88 from pot
Desktop775: doesn't show hand
*** SUMMARY ***
Total pot $6 | Rake $0.12
Board [5d 5h 5s]
Seat 1: tabfpolis (button) (small blind) folded on the Flop
Seat 2: Desktop775 (big blind) collected ($5.88)


PokerStars Hand #145261162159:  Hold'em Limit ($3/$6 USD) - 2015/12/13 0:09:57 ET
Table 'Attila II' 2-max Seat #1 is the button
Seat 1: tabfpolis ($190.72 in chips)
Seat 2: Desktop775 ($149.76 in chips)
tabfpolis: posts small blind $1
Desktop775: posts big blind $3
*** HOLE CARDS ***
tabfpolis: folds
Uncalled bet ($2) returned to Desktop775
Desktop775 collected $2 from pot
Desktop775: doesn't show hand
*** SUMMARY ***
Total pot $2 | Rake $0
Seat 1: tabfpolis (button) (small blind) folded before Flop
Seat 2: Desktop775 (big blind) collected ($2)


PokerStars Hand #145261163664:  Hold'em Limit ($3/$6 USD) - 2015/12/13 0:10:02 ET
Table 'Attila II' 2-max Seat #2 is the button
Seat 1: tabfpolis ($189.72 in chips)
Seat 2: Desktop775 ($150.76 in chips)
Desktop775: posts small blind $1
tabfpolis: posts big blind $3
*** HOLE CARDS ***
Desktop775: raises $3 to $6
tabfpolis: calls $3
*** FLOP *** [9h Th 8d]
tabfpolis: checks
Desktop775: bets $3
tabfpolis: folds
Uncalled bet ($3) returned to Desktop775
Desktop775 collected $11.76 from pot
Desktop775: doesn't show hand
*** SUMMARY ***
Total pot $12 | Rake $0.24
Board [9h Th 8d]
Seat 1: tabfpolis (big blind) folded on the Flop
Seat 2: Desktop775 (button) (small blind) collected ($11.76)


PokerStars Hand #145261166541:  Hold'em Limit ($3/$6 USD) - 2015/12/13 0:10:13 ET
Table 'Attila II' 2-max Seat #1 is the button
Seat 1: tabfpolis ($183.72 in chips)
Seat 2: Desktop775 ($156.52 in chips)
tabfpolis: posts small blind $1
Desktop775: posts big blind $3
*** HOLE CARDS ***
tabfpolis: raises $3 to $6
Desktop775: calls $3
*** FLOP *** [Tc 5c 9h]
Desktop775: checks
tabfpolis: bets $3
Desktop775: calls $3
*** TURN *** [Tc 5c 9h] [3c]
Desktop775: checks
tabfpolis: checks
*** RIVER *** [Tc 5c 9h 3c] [Kh]
Desktop775: checks
tabfpolis: checks
*** SHOW DOWN ***
Desktop775: shows [Qh 3h] (a pair of Threes)
tabfpolis: mucks hand
Desktop775 collected $17.64 from pot
*** SUMMARY ***
Total pot $18 | Rake $0.36
Board [Tc 5c 9h 3c Kh]
Seat 1: tabfpolis (button) (small blind) mucked
Seat 2: Desktop775 (big blind) showed [Qh 3h] and won ($17.64) with a pair of Threes


PokerStars Hand #145261171142:  Hold'em Limit ($3/$6 USD) - 2015/12/13 0:10:30 ET
Table 'Attila II' 2-max Seat #2 is the button
Seat 1: tabfpolis ($174.72 in chips)
Seat 2: Desktop775 ($165.16 in chips)
Desktop775: posts small blind $1
tabfpolis: posts big blind $3
*** HOLE CARDS ***
Desktop775: raises $3 to $6
tabfpolis: raises $3 to $9
Desktop775: calls $3
*** FLOP *** [2s 8s 6h]
tabfpolis: bets $3
Desktop775: calls $3
*** TURN *** [2s 8s 6h] [9s]
tabfpolis: bets $6
Desktop775: raises $6 to $12
tabfpolis: calls $6
*** RIVER *** [2s 8s 6h 9s] [Qs]
tabfpolis: checks
Desktop775: checks
*** SHOW DOWN ***
tabfpolis: shows [5d 5s] (a flush, Queen high)
Desktop775: mucks hand
tabfpolis collected $47.50 from pot
*** SUMMARY ***
Total pot $48 | Rake $0.50
Board [2s 8s 6h 9s Qs]
Seat 1: tabfpolis (big blind) showed [5d 5s] and won ($47.50) with a flush, Queen high
Seat 2: Desktop775 (button) (small blind) mucked


PokerStars Hand #145261176252:  Hold'em Limit ($3/$6 USD) - 2015/12/13 0:10:48 ET
Table 'Attila II' 2-max Seat #1 is the button
Seat 1: tabfpolis ($198.22 in chips)
Seat 2: Desktop775 ($141.16 in chips)
tabfpolis: posts small blind $1
Desktop775: posts big blind $3
*** HOLE CARDS ***
tabfpolis: raises $3 to $6
Desktop775: folds
Uncalled bet ($3) returned to tabfpolis
tabfpolis collected $6 from pot
tabfpolis: doesn't show hand
*** SUMMARY ***
Total pot $6 | Rake $0
Seat 1: tabfpolis (button) (small blind) collected ($6)
Seat 2: Desktop775 (big blind) folded before Flop


PokerStars Hand #145261178052:  Hold'em Limit ($3/$6 USD) - 2015/12/13 0:10:55 ET
Table 'Attila II' 2-max Seat #2 is the button
Seat 1: tabfpolis ($201.22 in chips)
Seat 2: Desktop775 ($138.16 in chips)
Desktop775: posts small blind $1
tabfpolis: posts big blind $3
*** HOLE CARDS ***
Desktop775: raises $3 to $6
tabfpolis: calls $3
*** FLOP *** [8s 3h Jh]
tabfpolis: checks
Desktop775: bets $3
tabfpolis: folds
Uncalled bet ($3) returned to Desktop775
Desktop775 collected $11.76 from pot
Desktop775: doesn't show hand
*** SUMMARY ***
Total pot $12 | Rake $0.24
Board [8s 3h Jh]
Seat 1: tabfpolis (big blind) folded on the Flop
Seat 2: Desktop775 (button) (small blind) collected ($11.76)


PokerStars Hand #145261182165:  Hold'em Limit ($3/$6 USD) - 2015/12/13 0:11:09 ET
Table 'Attila II' 2-max Seat #1 is the button
Seat 1: tabfpolis ($195.22 in chips)
Seat 2: Desktop775 ($143.92 in chips)
tabfpolis: posts small blind $1
Desktop775: posts big blind $3
*** HOLE CARDS ***
tabfpolis: raises $3 to $6
Desktop775: folds
Uncalled bet ($3) returned to tabfpolis
tabfpolis collected $6 from pot
tabfpolis: doesn't show hand
*** SUMMARY ***
Total pot $6 | Rake $0
Seat 1: tabfpolis (button) (small blind) collected ($6)
Seat 2: Desktop775 (big blind) folded before Flop


PokerStars Hand #145261183930:  Hold'em Limit ($3/$6 USD) - 2015/12/13 0:11:16 ET
Table 'Attila II' 2-max Seat #2 is the button
Seat 1: tabfpolis ($198.22 in chips)
Seat 2: Desktop775 ($140.92 in chips)
Desktop775: posts small blind $1
tabfpolis: posts big blind $3
*** HOLE CARDS ***
Desktop775: raises $3 to $6
tabfpolis: calls $3
*** FLOP *** [Jc 3d Qd]
tabfpolis: checks
Desktop775: bets $3
tabfpolis: folds
Uncalled bet ($3) returned to Desktop775
Desktop775 collected $11.76 from pot
Desktop775: doesn't show hand
*** SUMMARY ***
Total pot $12 | Rake $0.24
Board [Jc 3d Qd]
Seat 1: tabfpolis (big blind) folded on the Flop
Seat 2: Desktop775 (button) (small blind) collected ($11.76)


PokerStars Hand #145261186719:  Hold'em Limit ($3/$6 USD) - 2015/12/13 0:11:26 ET
Table 'Attila II' 2-max Seat #1 is the button
Seat 1: tabfpolis ($192.22 in chips)
Seat 2: Desktop775 ($146.68 in chips)
tabfpolis: posts small blind $1
Desktop775: posts big blind $3
*** HOLE CARDS ***
tabfpolis: folds
Uncalled bet ($2) returned to Desktop775
Desktop775 collected $2 from pot
Desktop775: doesn't show hand
*** SUMMARY ***
Total pot $2 | Rake $0
Seat 1: tabfpolis (button) (small blind) folded before Flop
Seat 2: Desktop775 (big blind) collected ($2)


PokerStars Hand #145261188243:  Hold'em Limit ($3/$6 USD) - 2015/12/13 0:11:32 ET
Table 'Attila II' 2-max Seat #2 is the button
Seat 1: tabfpolis ($191.22 in chips)
Seat 2: Desktop775 ($147.68 in chips)
Desktop775: posts small blind $1
tabfpolis: posts big blind $3
*** HOLE CARDS ***
Desktop775: raises $3 to $6
tabfpolis: raises $3 to $9
Desktop775: calls $3
*** FLOP *** [7h 4c 5c]
tabfpolis: bets $3
Desktop775: raises $3 to $6
tabfpolis: calls $3
*** TURN *** [7h 4c 5c] [6c]
tabfpolis: checks
Desktop775: bets $6
tabfpolis: calls $6
*** RIVER *** [7h 4c 5c 6c] [Jh]
tabfpolis: checks
Desktop775: bets $6
tabfpolis: calls $6
*** SHOW DOWN ***
Desktop775: shows [Tc Ac] (a flush, Ace high)
tabfpolis: mucks hand
Desktop775 collected $53.50 from pot
*** SUMMARY ***
Total pot $54 | Rake $0.50
Board [7h 4c 5c 6c Jh]
Seat 1: tabfpolis (big blind) mucked
Seat 2: Desktop775 (button) (small blind) showed [Tc Ac] and won ($53.50) with a flush, Ace high


PokerStars Hand #145261194046:  Hold'em Limit ($3/$6 USD) - 2015/12/13 0:11:53 ET
Table 'Attila II' 2-max Seat #1 is the button
Seat 1: tabfpolis ($164.22 in chips)
Seat 2: Desktop775 ($174.18 in chips)
tabfpolis: posts small blind $1
Desktop775: posts big blind $3
*** HOLE CARDS ***
tabfpolis: raises $3 to $6
Desktop775: calls $3
*** FLOP *** [5c 6h Qd]
Desktop775: checks
tabfpolis: bets $3
Desktop775: raises $3 to $6
tabfpolis: raises $3 to $9
Desktop775: raises $3 to $12
Betting is capped
tabfpolis: calls $3
*** TURN *** [5c 6h Qd] [5h]
Desktop775: bets $6
tabfpolis: calls $6
*** RIVER *** [5c 6h Qd 5h] [Qs]
Desktop775: bets $6
tabfpolis: calls $6
*** SHOW DOWN ***
Desktop775: shows [3h 4h] (two pair, Queens and Fives)
tabfpolis: shows [Ac Ad] (two pair, Aces and Queens)
tabfpolis collected $59.50 from pot
*** SUMMARY ***
Total pot $60 | Rake $0.50
Board [5c 6h Qd 5h Qs]
Seat 1: tabfpolis (button) (small blind) showed [Ac Ad] and won ($59.50) with two pair, Aces and Queens
Seat 2: Desktop775 (big blind) showed [3h 4h] and lost with two pair, Queens and Fives


PokerStars Hand #145261199848:  Hold'em Limit ($3/$6 USD) - 2015/12/13 0:12:13 ET
Table 'Attila II' 2-max Seat #2 is the button
Seat 1: tabfpolis ($193.72 in chips)
Seat 2: Desktop775 ($144.18 in chips)
Desktop775: posts small blind $1
tabfpolis: posts big blind $3
*** HOLE CARDS ***
Desktop775: raises $3 to $6
tabfpolis: calls $3
*** FLOP *** [5c Qd Qs]
tabfpolis: checks
Desktop775: bets $3
tabfpolis: folds
Uncalled bet ($3) returned to Desktop775
Desktop775 collected $11.76 from pot
Desktop775: doesn't show hand
*** SUMMARY ***
Total pot $12 | Rake $0.24
Board [5c Qd Qs]
Seat 1: tabfpolis (big blind) folded on the Flop
Seat 2: Desktop775 (button) (small blind) collected ($11.76)


PokerStars Hand #145261204900:  Hold'em Limit ($3/$6 USD) - 2015/12/13 0:12:32 ET
Table 'Attila II' 2-max Seat #2 is the button
Seat 1: tabfpolis ($190.72 in chips)
Seat 2: Desktop775 ($146.94 in chips)
Desktop775: posts small blind $1
tabfpolis: posts big blind $3
*** HOLE CARDS ***
Desktop775: raises $3 to $6
tabfpolis: calls $3
*** FLOP *** [6c Ad 4c]
tabfpolis: checks
Desktop775: bets $3
tabfpolis: calls $3
*** TURN *** [6c Ad 4c] [7c]
tabfpolis: checks
Desktop775: bets $6
tabfpolis: folds
Uncalled bet ($6) returned to Desktop775
Desktop775 collected $17.64 from pot
Desktop775: doesn't show hand
*** SUMMARY ***
Total pot $18 | Rake $0.36
Board [6c Ad 4c 7c]
Seat 1: tabfpolis (big blind) folded on the Turn
Seat 2: Desktop775 (button) (small blind) collected ($17.64)


PokerStars Hand #145261209185:  Hold'em Limit ($3/$6 USD) - 2015/12/13 0:12:47 ET
Table 'Attila II' 2-max Seat #1 is the button
Seat 1: tabfpolis ($181.72 in chips)
Seat 2: Desktop775 ($155.58 in chips)
tabfpolis: posts small blind $1
Desktop775: posts big blind $3
*** HOLE CARDS ***
tabfpolis: raises $3 to $6
Desktop775: raises $3 to $9
tabfpolis: calls $3
*** FLOP *** [3s 6d Th]
Desktop775: bets $3
tabfpolis: calls $3
*** TURN *** [3s 6d Th] [4d]
Desktop775: bets $6
tabfpolis: calls $6
*** RIVER *** [3s 6d Th 4d] [Tc]
Desktop775: checks
tabfpolis: bets $6
Desktop775: calls $6
*** SHOW DOWN ***
tabfpolis: shows [6s 8h] (two pair, Tens and Sixes)
Desktop775: mucks hand
tabfpolis collected $47.50 from pot
*** SUMMARY ***
Total pot $48 | Rake $0.50
Board [3s 6d Th 4d Tc]
Seat 1: tabfpolis (button) (small blind) showed [6s 8h] and won ($47.50) with two pair, Tens and Sixes
Seat 2: Desktop775 (big blind) mucked


PokerStars Hand #145261214320:  Hold'em Limit ($3/$6 USD) - 2015/12/13 0:13:05 ET
Table 'Attila II' 2-max Seat #2 is the button
Seat 1: tabfpolis ($205.22 in chips)
Seat 2: Desktop775 ($131.58 in chips)
Desktop775: posts small blind $1
tabfpolis: posts big blind $3
*** HOLE CARDS ***
Desktop775: raises $3 to $6
tabfpolis: raises $3 to $9
Desktop775: calls $3
*** FLOP *** [4c 9c Tc]
tabfpolis: bets $3
Desktop775: calls $3
*** TURN *** [4c 9c Tc] [2h]
tabfpolis: bets $6
Desktop775: raises $6 to $12
tabfpolis: calls $6
*** RIVER *** [4c 9c Tc 2h] [6c]
tabfpolis: checks
Desktop775: bets $6
tabfpolis: calls $6
*** SHOW DOWN ***
Desktop775: shows [8s 8c] (a flush, Ten high)
tabfpolis: mucks hand
Desktop775 collected $59.50 from pot
*** SUMMARY ***
Total pot $60 | Rake $0.50
Board [4c 9c Tc 2h 6c]
Seat 1: tabfpolis (big blind) mucked
Seat 2: Desktop775 (button) (small blind) showed [8s 8c] and won ($59.50) with a flush, Ten high


PokerStars Hand #145261220762:  Hold'em Limit ($3/$6 USD) - 2015/12/13 0:13:29 ET
Table 'Attila II' 2-max Seat #1 is the button
Seat 1: tabfpolis ($175.22 in chips)
Seat 2: Desktop775 ($161.08 in chips)
tabfpolis: posts small blind $1
Desktop775: posts big blind $3
*** HOLE CARDS ***
tabfpolis: raises $3 to $6
Desktop775: folds
Uncalled bet ($3) returned to tabfpolis
tabfpolis collected $6 from pot
tabfpolis: doesn't show hand
*** SUMMARY ***
Total pot $6 | Rake $0
Seat 1: tabfpolis (button) (small blind) collected ($6)
Seat 2: Desktop775 (big blind) folded before Flop


PokerStars Hand #145261222568:  Hold'em Limit ($3/$6 USD) - 2015/12/13 0:13:35 ET
Table 'Attila II' 2-max Seat #2 is the button
Seat 1: tabfpolis ($178.22 in chips)
Seat 2: Desktop775 ($158.08 in chips)
Desktop775: posts small blind $1
tabfpolis: posts big blind $3
*** HOLE CARDS ***
Desktop775: raises $3 to $6
tabfpolis: calls $3
*** FLOP *** [6c 6s Jd]
tabfpolis: checks
Desktop775: bets $3
tabfpolis: calls $3
*** TURN *** [6c 6s Jd] [4h]
tabfpolis: checks
Desktop775: bets $6
tabfpolis: folds
Uncalled bet ($6) returned to Desktop775
Desktop775 collected $17.64 from pot
Desktop775: doesn't show hand
*** SUMMARY ***
Total pot $18 | Rake $0.36
Board [6c 6s Jd 4h]
Seat 1: tabfpolis (big blind) folded on the Turn
Seat 2: Desktop775 (button) (small blind) collected ($17.64)


PokerStars Hand #145261226729:  Hold'em Limit ($3/$6 USD) - 2015/12/13 0:13:50 ET
Table 'Attila II' 2-max Seat #1 is the button
Seat 1: tabfpolis ($169.22 in chips)
Seat 2: Desktop775 ($166.72 in chips)
tabfpolis: posts small blind $1
Desktop775: posts big blind $3
*** HOLE CARDS ***
tabfpolis: folds
Uncalled bet ($2) returned to Desktop775
Desktop775 collected $2 from pot
Desktop775: doesn't show hand
*** SUMMARY ***
Total pot $2 | Rake $0
Seat 1: tabfpolis (button) (small blind) folded before Flop
Seat 2: Desktop775 (big blind) collected ($2)


PokerStars Hand #145261230144:  Hold'em Limit ($3/$6 USD) - 2015/12/13 0:14:03 ET
Table 'Attila II' 2-max Seat #1 is the button
Seat 1: tabfpolis ($165.22 in chips)
Seat 2: Desktop775 ($170.72 in chips)
tabfpolis: posts small blind $1
Desktop775: posts big blind $3
*** HOLE CARDS ***
tabfpolis: folds
Uncalled bet ($2) returned to Desktop775
Desktop775 collected $2 from pot
Desktop775: doesn't show hand
*** SUMMARY ***
Total pot $2 | Rake $0
Seat 1: tabfpolis (button) (small blind) folded before Flop
Seat 2: Desktop775 (big blind) collected ($2)


PokerStars Hand #145261228235:  Hold'em Limit ($3/$6 USD) - 2015/12/13 0:13:56 ET
Table 'Attila II' 2-max Seat #2 is the button
Seat 1: tabfpolis ($168.22 in chips)
Seat 2: Desktop775 ($167.72 in chips)
Desktop775: posts small blind $1
tabfpolis: posts big blind $3
*** HOLE CARDS ***
Desktop775: raises $3 to $6
tabfpolis: folds
Uncalled bet ($3) returned to Desktop775
Desktop775 collected $6 from pot
Desktop775: doesn't show hand
*** SUMMARY ***
Total pot $6 | Rake $0
Seat 1: tabfpolis (big blind) folded before Flop
Seat 2: Desktop775 (button) (small blind) collected ($6)


PokerStars Hand #145261232280:  Hold'em Limit ($3/$6 USD) - 2015/12/13 0:14:11 ET
Table 'Attila II' 2-max Seat #2 is the button
Seat 1: tabfpolis ($164.22 in chips)
Seat 2: Desktop775 ($171.72 in chips)
Desktop775: posts small blind $1
tabfpolis: posts big blind $3
*** HOLE CARDS ***
Desktop775: raises $3 to $6
tabfpolis: calls $3
*** FLOP *** [7h Jd 7d]
tabfpolis: checks
Desktop775: checks
*** TURN *** [7h Jd 7d] [Ks]
tabfpolis: bets $6
Desktop775: folds
Uncalled bet ($6) returned to tabfpolis
tabfpolis collected $11.76 from pot
tabfpolis: doesn't show hand
*** SUMMARY ***
Total pot $12 | Rake $0.24
Board [7h Jd 7d Ks]
Seat 1: tabfpolis (big blind) collected ($11.76)
Seat 2: Desktop775 (button) (small blind) folded on the Turn


PokerStars Hand #145261236616:  Hold'em Limit ($3/$6 USD) - 2015/12/13 0:14:26 ET
Table 'Attila II' 2-max Seat #1 is the button
Seat 1: tabfpolis ($169.98 in chips)
Seat 2: Desktop775 ($165.72 in chips)
tabfpolis: posts small blind $1
Desktop775: posts big blind $3
*** HOLE CARDS ***
tabfpolis: raises $3 to $6
Desktop775: calls $3
*** FLOP *** [8s 3c 4c]
Desktop775: checks
tabfpolis: bets $3
Desktop775: calls $3
*** TURN *** [8s 3c 4c] [Jd]
Desktop775: checks
tabfpolis: bets $6
Desktop775: folds
Uncalled bet ($6) returned to tabfpolis
tabfpolis collected $17.64 from pot
tabfpolis: doesn't show hand
*** SUMMARY ***
Total pot $18 | Rake $0.36
Board [8s 3c 4c Jd]
Seat 1: tabfpolis (button) (small blind) collected ($17.64)
Seat 2: Desktop775 (big blind) folded on the Turn


PokerStars Hand #145261240356:  Hold'em Limit ($3/$6 USD) - 2015/12/13 0:14:40 ET
Table 'Attila II' 2-max Seat #2 is the button
Seat 1: tabfpolis ($178.62 in chips)
Seat 2: Desktop775 ($156.72 in chips)
Desktop775: posts small blind $1
tabfpolis: posts big blind $3
*** HOLE CARDS ***
Desktop775: folds
Uncalled bet ($2) returned to tabfpolis
tabfpolis collected $2 from pot
tabfpolis: doesn't show hand
*** SUMMARY ***
Total pot $2 | Rake $0
Seat 1: tabfpolis (big blind) collected ($2)
Seat 2: Desktop775 (button) (small blind) folded before Flop


PokerStars Hand #145261241843:  Hold'em Limit ($3/$6 USD) - 2015/12/13 0:14:45 ET
Table 'Attila II' 2-max Seat #1 is the button
Seat 1: tabfpolis ($179.62 in chips)
Seat 2: Desktop775 ($155.72 in chips)
tabfpolis: posts small blind $1
Desktop775: posts big blind $3
*** HOLE CARDS ***
tabfpolis: raises $3 to $6
Desktop775: calls $3
*** FLOP *** [Qc As 6d]
Desktop775: checks
tabfpolis: checks
*** TURN *** [Qc As 6d] [Ts]
Desktop775: bets $6
tabfpolis: folds
Uncalled bet ($6) returned to Desktop775
Desktop775 collected $11.76 from pot
Desktop775: doesn't show hand
*** SUMMARY ***
Total pot $12 | Rake $0.24
Board [Qc As 6d Ts]
Seat 1: tabfpolis (button) (small blind) folded on the Turn
Seat 2: Desktop775 (big blind) collected ($11.76)


PokerStars Hand #145261244999:  Hold'em Limit ($3/$6 USD) - 2015/12/13 0:14:57 ET
Table 'Attila II' 2-max Seat #2 is the button
Seat 1: tabfpolis ($173.62 in chips)
Seat 2: Desktop775 ($161.48 in chips)
Desktop775: posts small blind $1
tabfpolis: posts big blind $3
*** HOLE CARDS ***
Desktop775: raises $3 to $6
tabfpolis: calls $3
*** FLOP *** [Td 7s 5h]
tabfpolis: checks
Desktop775: bets $3
tabfpolis: raises $3 to $6
Desktop775: folds
Uncalled bet ($3) returned to tabfpolis
tabfpolis collected $17.64 from pot
tabfpolis: doesn't show hand
*** SUMMARY ***
Total pot $18 | Rake $0.36
Board [Td 7s 5h]
Seat 1: tabfpolis (big blind) collected ($17.64)
Seat 2: Desktop775 (button) (small blind) folded on the Flop


PokerStars Hand #145261250213:  Hold'em Limit ($3/$6 USD) - 2015/12/13 0:15:16 ET
Table 'Attila II' 2-max Seat #2 is the button
Seat 1: tabfpolis ($181.26 in chips)
Seat 2: Desktop775 ($153.48 in chips)
Desktop775: posts small blind $1
tabfpolis: posts big blind $3
*** HOLE CARDS ***
Desktop775: raises $3 to $6
tabfpolis: folds
Uncalled bet ($3) returned to Desktop775
Desktop775 collected $6 from pot
Desktop775: doesn't show hand
*** SUMMARY ***
Total pot $6 | Rake $0
Seat 1: tabfpolis (big blind) folded before Flop
Seat 2: Desktop775 (button) (small blind) collected ($6)


PokerStars Hand #145261248531:  Hold'em Limit ($3/$6 USD) - 2015/12/13 0:15:09 ET
Table 'Attila II' 2-max Seat #1 is the button
Seat 1: tabfpolis ($182.26 in chips)
Seat 2: Desktop775 ($152.48 in chips)
tabfpolis: posts small blind $1
Desktop775: posts big blind $3
*** HOLE CARDS ***
tabfpolis: folds
Uncalled bet ($2) returned to Desktop775
Desktop775 collected $2 from pot
Desktop775: doesn't show hand
*** SUMMARY ***
Total pot $2 | Rake $0
Seat 1: tabfpolis (button) (small blind) folded before Flop
Seat 2: Desktop775 (big blind) collected ($2)


PokerStars Hand #145261264326:  Hold'em Limit ($3/$6 USD) - 2015/12/13 0:16:07 ET
Table 'Attila II' 2-max Seat #2 is the button
Seat 1: tabfpolis ($163.01 in chips)
Seat 2: Desktop775 ($170.63 in chips)
Desktop775: posts small blind $1
tabfpolis: posts big blind $3
*** HOLE CARDS ***
Desktop775: raises $3 to $6
tabfpolis: folds
Uncalled bet ($3) returned to Desktop775
Desktop775 collected $6 from pot
Desktop775: doesn't show hand
*** SUMMARY ***
Total pot $6 | Rake $0
Seat 1: tabfpolis (big blind) folded before Flop
Seat 2: Desktop775 (button) (small blind) collected ($6)


PokerStars Hand #145261251750:  Hold'em Limit ($3/$6 USD) - 2015/12/13 0:15:21 ET
Table 'Attila II' 2-max Seat #1 is the button
Seat 1: tabfpolis ($178.26 in chips)
Seat 2: Desktop775 ($156.48 in chips)
tabfpolis: posts small blind $1
Desktop775: posts big blind $3
*** HOLE CARDS ***
tabfpolis: raises $3 to $6
Desktop775: raises $3 to $9
tabfpolis: calls $3
*** FLOP *** [As 3s Jd]
Desktop775: bets $3
tabfpolis: folds
Uncalled bet ($3) returned to Desktop775
Desktop775 collected $17.64 from pot
Desktop775: doesn't show hand
*** SUMMARY ***
Total pot $18 | Rake $0.36
Board [As 3s Jd]
Seat 1: tabfpolis (button) (small blind) folded on the Flop
Seat 2: Desktop775 (big blind) collected ($17.64)


PokerStars Hand #145261254884:  Hold'em Limit ($3/$6 USD) - 2015/12/13 0:15:33 ET
Table 'Attila II' 2-max Seat #2 is the button
Seat 1: tabfpolis ($169.26 in chips)
Seat 2: Desktop775 ($165.12 in chips)
Desktop775: posts small blind $1
tabfpolis: posts big blind $3
*** HOLE CARDS ***
Desktop775: raises $3 to $6
tabfpolis: raises $3 to $9
Desktop775: calls $3
*** FLOP *** [3h 7d 7c]
tabfpolis: bets $3
Desktop775: calls $3
*** TURN *** [3h 7d 7c] [3d]
tabfpolis: bets $6
Desktop775: calls $6
*** RIVER *** [3h 7d 7c 3d] [2h]
tabfpolis: bets $6
Desktop775: calls $6
*** SHOW DOWN ***
tabfpolis: shows [8h Kh] (two pair, Sevens and Threes)
Desktop775: shows [Kd Th] (two pair, Sevens and Threes)
tabfpolis collected $23.75 from pot
Desktop775 collected $23.75 from pot
*** SUMMARY ***
Total pot $48 | Rake $0.50
Board [3h 7d 7c 3d 2h]
Seat 1: tabfpolis (big blind) showed [8h Kh] and won ($23.75) with two pair, Sevens and Threes
Seat 2: Desktop775 (button) (small blind) showed [Kd Th] and won ($23.75) with two pair, Sevens and Threes


PokerStars Hand #145261260001:  Hold'em Limit ($3/$6 USD) - 2015/12/13 0:15:51 ET
Table 'Attila II' 2-max Seat #1 is the button
Seat 1: tabfpolis ($169.01 in chips)
Seat 2: Desktop775 ($164.87 in chips)
tabfpolis: posts small blind $1
Desktop775: posts big blind $3
*** HOLE CARDS ***
tabfpolis: raises $3 to $6
Desktop775: calls $3
*** FLOP *** [8h As 5d]
Desktop775: checks
tabfpolis: checks
*** TURN *** [8h As 5d] [7c]
Desktop775: checks
tabfpolis: checks
*** RIVER *** [8h As 5d 7c] [Qs]
Desktop775: bets $6
tabfpolis: folds
Uncalled bet ($6) returned to Desktop775
Desktop775 collected $11.76 from pot
Desktop775: doesn't show hand
*** SUMMARY ***
Total pot $12 | Rake $0.24
Board [8h As 5d 7c Qs]
Seat 1: tabfpolis (button) (small blind) folded on the River
Seat 2: Desktop775 (big blind) collected ($11.76)


PokerStars Hand #145261266060:  Hold'em Limit ($3/$6 USD) - 2015/12/13 0:16:14 ET
Table 'Attila II' 2-max Seat #1 is the button
Seat 1: tabfpolis ($160.01 in chips)
Seat 2: Desktop775 ($173.63 in chips)
tabfpolis: posts small blind $1
Desktop775: posts big blind $3
*** HOLE CARDS ***
tabfpolis: raises $3 to $6
Desktop775: calls $3
*** FLOP *** [2c 2d Kc]
Desktop775: checks
tabfpolis: bets $3
Desktop775: raises $3 to $6
tabfpolis: calls $3
*** TURN *** [2c 2d Kc] [Qh]
Desktop775: bets $6
tabfpolis: raises $6 to $12
Desktop775: calls $6
*** RIVER *** [2c 2d Kc Qh] [5c]
Desktop775: checks
tabfpolis: checks
*** SHOW DOWN ***
Desktop775: shows [3d Ks] (two pair, Kings and Deuces)
tabfpolis: shows [6d Kd] (two pair, Kings and Deuces)
Desktop775 collected $23.75 from pot
tabfpolis collected $23.75 from pot
*** SUMMARY ***
Total pot $48 | Rake $0.50
Board [2c 2d Kc Qh 5c]
Seat 1: tabfpolis (button) (small blind) showed [6d Kd] and won ($23.75) with two pair, Kings and Deuces
Seat 2: Desktop775 (big blind) showed [3d Ks] and won ($23.75) with two pair, Kings and Deuces


PokerStars Hand #145261271224:  Hold'em Limit ($3/$6 USD) - 2015/12/13 0:16:32 ET
Table 'Attila II' 2-max Seat #2 is the button
Seat 1: tabfpolis ($159.76 in chips)
Seat 2: Desktop775 ($173.38 in chips)
Desktop775: posts small blind $1
tabfpolis: posts big blind $3
*** HOLE CARDS ***
Desktop775: folds
Uncalled bet ($2) returned to tabfpolis
tabfpolis collected $2 from pot
tabfpolis: doesn't show hand
*** SUMMARY ***
Total pot $2 | Rake $0
Seat 1: tabfpolis (big blind) collected ($2)
Seat 2: Desktop775 (button) (small blind) folded before Flop


PokerStars Hand #145261274514:  Hold'em Limit ($3/$6 USD) - 2015/12/13 0:16:44 ET
Table 'Attila II' 2-max Seat #2 is the button
Seat 1: tabfpolis ($163.76 in chips)
Seat 2: Desktop775 ($169.38 in chips)
Desktop775: posts small blind $1
tabfpolis: posts big blind $3
*** HOLE CARDS ***
Desktop775: raises $3 to $6
tabfpolis: folds
Uncalled bet ($3) returned to Desktop775
Desktop775 collected $6 from pot
Desktop775: doesn't show hand
*** SUMMARY ***
Total pot $6 | Rake $0
Seat 1: tabfpolis (big blind) folded before Flop
Seat 2: Desktop775 (button) (small blind) collected ($6)


PokerStars Hand #145261272706:  Hold'em Limit ($3/$6 USD) - 2015/12/13 0:16:38 ET
Table 'Attila II' 2-max Seat #1 is the button
Seat 1: tabfpolis ($160.76 in chips)
Seat 2: Desktop775 ($172.38 in chips)
tabfpolis: posts small blind $1
Desktop775: posts big blind $3
*** HOLE CARDS ***
tabfpolis: raises $3 to $6
Desktop775: folds
Uncalled bet ($3) returned to tabfpolis
tabfpolis collected $6 from pot
*** SUMMARY ***
Total pot $6 | Rake $0
Seat 1: tabfpolis (button) (small blind) collected ($6)
Seat 2: Desktop775 (big blind) folded before Flop


PokerStars Hand #145261276227:  Hold'em Limit ($3/$6 USD) - 2015/12/13 0:16:50 ET
Table 'Attila II' 2-max Seat #1 is the button
Seat 1: tabfpolis ($160.76 in chips)
Seat 2: Desktop775 ($172.38 in chips)
tabfpolis: posts small blind $1
Desktop775: posts big blind $3
*** HOLE CARDS ***
tabfpolis: folds
Uncalled bet ($2) returned to Desktop775
Desktop775 collected $2 from pot
Desktop775: doesn't show hand
*** SUMMARY ***
Total pot $2 | Rake $0
Seat 1: tabfpolis (button) (small blind) folded before Flop
Seat 2: Desktop775 (big blind) collected ($2)


PokerStars Hand #145261278131:  Hold'em Limit ($3/$6 USD) - 2015/12/13 0:16:57 ET
Table 'Attila II' 2-max Seat #2 is the button
Seat 1: tabfpolis ($159.76 in chips)
Seat 2: Desktop775 ($173.38 in chips)
Desktop775: posts small blind $1
tabfpolis: posts big blind $3
*** HOLE CARDS ***
Desktop775: raises $3 to $6
tabfpolis: folds
Uncalled bet ($3) returned to Desktop775
Desktop775 collected $6 from pot
Desktop775: doesn't show hand
*** SUMMARY ***
Total pot $6 | Rake $0
Seat 1: tabfpolis (big blind) folded before Flop
Seat 2: Desktop775 (button) (small blind) collected ($6)


PokerStars Hand #145261279863:  Hold'em Limit ($3/$6 USD) - 2015/12/13 0:17:03 ET
Table 'Attila II' 2-max Seat #1 is the button
Seat 1: tabfpolis ($156.76 in chips)
Seat 2: Desktop775 ($176.38 in chips)
tabfpolis: posts small blind $1
Desktop775: posts big blind $3
*** HOLE CARDS ***
tabfpolis: raises $3 to $6
Desktop775: raises $3 to $9
tabfpolis: calls $3
*** FLOP *** [8d 4c 2c]
Desktop775: bets $3
tabfpolis: calls $3
*** TURN *** [8d 4c 2c] [3h]
Desktop775: bets $6
tabfpolis: calls $6
*** RIVER *** [8d 4c 2c 3h] [Kd]
Desktop775: checks
tabfpolis: checks
*** SHOW DOWN ***
Desktop775: shows [7c As] (high card Ace)
tabfpolis: shows [Jc Ah] (high card Ace - King+Jack kicker)
tabfpolis collected $35.50 from pot
*** SUMMARY ***
Total pot $36 | Rake $0.50
Board [8d 4c 2c 3h Kd]
Seat 1: tabfpolis (button) (small blind) showed [Jc Ah] and won ($35.50) with high card Ace
Seat 2: Desktop775 (big blind) showed [7c As] and lost with high card Ace


PokerStars Hand #145261296816:  Hold'em Limit ($3/$6 USD) - 2015/12/13 0:18:06 ET
Table 'Attila II' 2-max Seat #2 is the button
Seat 1: tabfpolis ($146.26 in chips)
Seat 2: Desktop775 ($185.64 in chips)
Desktop775: posts small blind $1
tabfpolis: posts big blind $3
*** HOLE CARDS ***
Desktop775: raises $3 to $6
tabfpolis: calls $3
*** FLOP *** [7h Td Ts]
tabfpolis: checks
Desktop775: checks
*** TURN *** [7h Td Ts] [2c]
tabfpolis: checks
Desktop775: checks
*** RIVER *** [7h Td Ts 2c] [5c]
tabfpolis: checks
Desktop775: checks
*** SHOW DOWN ***
tabfpolis: shows [Kh 4s] (a pair of Tens)
Desktop775: shows [Ks Jh] (a pair of Tens - King+Jack kicker)
Desktop775 collected $11.76 from pot
*** SUMMARY ***
Total pot $12 | Rake $0.24
Board [7h Td Ts 2c 5c]
Seat 1: tabfpolis (big blind) showed [Kh 4s] and lost with a pair of Tens
Seat 2: Desktop775 (button) (small blind) showed [Ks Jh] and won ($11.76) with a pair of Tens


PokerStars Hand #145261295001:  Hold'em Limit ($3/$6 USD) - 2015/12/13 0:17:59 ET
Table 'Attila II' 2-max Seat #1 is the button
Seat 1: tabfpolis ($147.26 in chips)
Seat 2: Desktop775 ($184.64 in chips)
tabfpolis: posts small blind $1
Desktop775: posts big blind $3
*** HOLE CARDS ***
tabfpolis: folds
Uncalled bet ($2) returned to Desktop775
Desktop775 collected $2 from pot
Desktop775: doesn't show hand
*** SUMMARY ***
Total pot $2 | Rake $0
Seat 1: tabfpolis (button) (small blind) folded before Flop
Seat 2: Desktop775 (big blind) collected ($2)


PokerStars Hand #145261291929:  Hold'em Limit ($3/$6 USD) - 2015/12/13 0:17:48 ET
Table 'Attila II' 2-max Seat #2 is the button
Seat 1: tabfpolis ($153.26 in chips)
Seat 2: Desktop775 ($178.88 in chips)
Desktop775: posts small blind $1
tabfpolis: posts big blind $3
*** HOLE CARDS ***
Desktop775: raises $3 to $6
tabfpolis: calls $3
*** FLOP *** [6s 9h 8s]
tabfpolis: checks
Desktop775: bets $3
tabfpolis: folds
Uncalled bet ($3) returned to Desktop775
Desktop775 collected $11.76 from pot
Desktop775: doesn't show hand
*** SUMMARY ***
Total pot $12 | Rake $0.24
Board [6s 9h 8s]
Seat 1: tabfpolis (big blind) folded on the Flop
Seat 2: Desktop775 (button) (small blind) collected ($11.76)


PokerStars Hand #145261290369:  Hold'em Limit ($3/$6 USD) - 2015/12/13 0:17:42 ET
Table 'Attila II' 2-max Seat #1 is the button
Seat 1: tabfpolis ($150.26 in chips)
Seat 2: Desktop775 ($181.88 in chips)
tabfpolis: posts small blind $1
Desktop775: posts big blind $3
*** HOLE CARDS ***
tabfpolis: raises $3 to $6
Desktop775: folds
Uncalled bet ($3) returned to tabfpolis
tabfpolis collected $6 from pot
tabfpolis: doesn't show hand
*** SUMMARY ***
Total pot $6 | Rake $0
Seat 1: tabfpolis (button) (small blind) collected ($6)
Seat 2: Desktop775 (big blind) folded before Flop


PokerStars Hand #145261284863:  Hold'em Limit ($3/$6 USD) - 2015/12/13 0:17:22 ET
Table 'Attila II' 2-max Seat #2 is the button
Seat 1: tabfpolis ($174.26 in chips)
Seat 2: Desktop775 ($158.38 in chips)
Desktop775: posts small blind $1
tabfpolis: posts big blind $3
*** HOLE CARDS ***
Desktop775: raises $3 to $6
tabfpolis: raises $3 to $9
Desktop775: calls $3
*** FLOP *** [7c Kh 8c]
tabfpolis: bets $3
Desktop775: calls $3
*** TURN *** [7c Kh 8c] [5s]
tabfpolis: bets $6
Desktop775: raises $6 to $12
tabfpolis: calls $6
*** RIVER *** [7c Kh 8c 5s] [Tc]
tabfpolis: checks
Desktop775: bets $6
tabfpolis: folds
Uncalled bet ($6) returned to Desktop775
Desktop775 collected $47.50 from pot
Desktop775: doesn't show hand
*** SUMMARY ***
Total pot $48 | Rake $0.50
Board [7c Kh 8c 5s Tc]
Seat 1: tabfpolis (big blind) folded on the River
Seat 2: Desktop775 (button) (small blind) collected ($47.50)


PokerStars Hand #145261314550:  Hold'em Limit ($3/$6 USD) - 2015/12/13 0:19:12 ET
Table 'Attila II' 2-max Seat #2 is the button
Seat 1: tabfpolis ($132.26 in chips)
Seat 2: Desktop775 ($199.16 in chips)
Desktop775: posts small blind $1
tabfpolis: posts big blind $3
*** HOLE CARDS ***
Desktop775: raises $3 to $6
tabfpolis: folds
Uncalled bet ($3) returned to Desktop775
Desktop775 collected $6 from pot
Desktop775: doesn't show hand
*** SUMMARY ***
Total pot $6 | Rake $0
Seat 1: tabfpolis (big blind) folded before Flop
Seat 2: Desktop775 (button) (small blind) collected ($6)


PokerStars Hand #145261313136:  Hold'em Limit ($3/$6 USD) - 2015/12/13 0:19:06 ET
Table 'Attila II' 2-max Seat #1 is the button
Seat 1: tabfpolis ($133.26 in chips)
Seat 2: Desktop775 ($198.16 in chips)
tabfpolis: posts small blind $1
Desktop775: posts big blind $3
*** HOLE CARDS ***
tabfpolis: folds
Uncalled bet ($2) returned to Desktop775
Desktop775 collected $2 from pot
Desktop775: doesn't show hand
*** SUMMARY ***
Total pot $2 | Rake $0
Seat 1: tabfpolis (button) (small blind) folded before Flop
Seat 2: Desktop775 (big blind) collected ($2)


PokerStars Hand #145261310350:  Hold'em Limit ($3/$6 USD) - 2015/12/13 0:18:56 ET
Table 'Attila II' 2-max Seat #2 is the button
Seat 1: tabfpolis ($139.26 in chips)
Seat 2: Desktop775 ($192.40 in chips)
Desktop775: posts small blind $1
tabfpolis: posts big blind $3
*** HOLE CARDS ***
Desktop775: raises $3 to $6
tabfpolis: calls $3
*** FLOP *** [Tc 3c 7c]
tabfpolis: checks
Desktop775: bets $3
tabfpolis: folds
Uncalled bet ($3) returned to Desktop775
Desktop775 collected $11.76 from pot
Desktop775: doesn't show hand
*** SUMMARY ***
Total pot $12 | Rake $0.24
Board [Tc 3c 7c]
Seat 1: tabfpolis (big blind) folded on the Flop
Seat 2: Desktop775 (button) (small blind) collected ($11.76)


PokerStars Hand #145261308744:  Hold'em Limit ($3/$6 USD) - 2015/12/13 0:18:50 ET
Table 'Attila II' 2-max Seat #1 is the button
Seat 1: tabfpolis ($136.26 in chips)
Seat 2: Desktop775 ($195.40 in chips)
tabfpolis: posts small blind $1
Desktop775: posts big blind $3
*** HOLE CARDS ***
tabfpolis: raises $3 to $6
Desktop775: folds
Uncalled bet ($3) returned to tabfpolis
tabfpolis collected $6 from pot
tabfpolis: doesn't show hand
*** SUMMARY ***
Total pot $6 | Rake $0
Seat 1: tabfpolis (button) (small blind) collected ($6)
Seat 2: Desktop775 (big blind) folded before Flop


PokerStars Hand #145261307341:  Hold'em Limit ($3/$6 USD) - 2015/12/13 0:18:45 ET
Table 'Attila II' 2-max Seat #2 is the button
Seat 1: tabfpolis ($135.26 in chips)
Seat 2: Desktop775 ($196.40 in chips)
Desktop775: posts small blind $1
tabfpolis: posts big blind $3
*** HOLE CARDS ***
Desktop775: folds
Uncalled bet ($2) returned to tabfpolis
tabfpolis collected $2 from pot
tabfpolis: doesn't show hand
*** SUMMARY ***
Total pot $2 | Rake $0
Seat 1: tabfpolis (big blind) collected ($2)
Seat 2: Desktop775 (button) (small blind) folded before Flop


PokerStars Hand #145261305885:  Hold'em Limit ($3/$6 USD) - 2015/12/13 0:18:39 ET
Table 'Attila II' 2-max Seat #1 is the button
Seat 1: tabfpolis ($136.26 in chips)
Seat 2: Desktop775 ($195.40 in chips)
tabfpolis: posts small blind $1
Desktop775: posts big blind $3
*** HOLE CARDS ***
tabfpolis: folds
Uncalled bet ($2) returned to Desktop775
Desktop775 collected $2 from pot
Desktop775: doesn't show hand
*** SUMMARY ***
Total pot $2 | Rake $0
Seat 1: tabfpolis (button) (small blind) folded before Flop
Seat 2: Desktop775 (big blind) collected ($2)


PokerStars Hand #145261303814:  Hold'em Limit ($3/$6 USD) - 2015/12/13 0:18:32 ET
Table 'Attila II' 2-max Seat #2 is the button
Seat 1: tabfpolis ($139.26 in chips)
Seat 2: Desktop775 ($192.40 in chips)
Desktop775: posts small blind $1
tabfpolis: posts big blind $3
*** HOLE CARDS ***
Desktop775: raises $3 to $6
tabfpolis: folds
Uncalled bet ($3) returned to Desktop775
Desktop775 collected $6 from pot
Desktop775: doesn't show hand
*** SUMMARY ***
Total pot $6 | Rake $0
Seat 1: tabfpolis (big blind) folded before Flop
Seat 2: Desktop775 (button) (small blind) collected ($6)


PokerStars Hand #145261301489:  Hold'em Limit ($3/$6 USD) - 2015/12/13 0:18:23 ET
Table 'Attila II' 2-max Seat #1 is the button
Seat 1: tabfpolis ($140.26 in chips)
Seat 2: Desktop775 ($191.40 in chips)
tabfpolis: posts small blind $1
Desktop775: posts big blind $3
*** HOLE CARDS ***
tabfpolis: folds
Uncalled bet ($2) returned to Desktop775
Desktop775 collected $2 from pot
Desktop775: doesn't show hand
*** SUMMARY ***
Total pot $2 | Rake $0
Seat 1: tabfpolis (button) (small blind) folded before Flop
Seat 2: Desktop775 (big blind) collected ($2)


PokerStars Hand #145261331206:  Hold'em Limit ($3/$6 USD) - 2015/12/13 0:20:13 ET
Table 'Attila II' 2-max Seat #1 is the button
Seat 1: tabfpolis ($116.78 in chips)
Seat 2: Desktop775 ($213.66 in chips)
tabfpolis: posts small blind $1
Desktop775: posts big blind $3
*** HOLE CARDS ***
tabfpolis: folds
Uncalled bet ($2) returned to Desktop775
Desktop775 collected $2 from pot
Desktop775: doesn't show hand
*** SUMMARY ***
Total pot $2 | Rake $0
Seat 1: tabfpolis (button) (small blind) folded before Flop
Seat 2: Desktop775 (big blind) collected ($2)


PokerStars Hand #145261327045:  Hold'em Limit ($3/$6 USD) - 2015/12/13 0:19:58 ET
Table 'Attila II' 2-max Seat #2 is the button
Seat 1: tabfpolis ($105.26 in chips)
Seat 2: Desktop775 ($225.66 in chips)
Desktop775: posts small blind $1
tabfpolis: posts big blind $3
*** HOLE CARDS ***
Desktop775: raises $3 to $6
tabfpolis: calls $3
*** FLOP *** [3s 5h 9c]
tabfpolis: checks
Desktop775: bets $3
tabfpolis: raises $3 to $6
Desktop775: calls $3
*** TURN *** [3s 5h 9c] [3d]
tabfpolis: bets $6
Desktop775: folds
Uncalled bet ($6) returned to tabfpolis
tabfpolis collected $23.52 from pot
tabfpolis: doesn't show hand
*** SUMMARY ***
Total pot $24 | Rake $0.48
Board [3s 5h 9c 3d]
Seat 1: tabfpolis (big blind) collected ($23.52)
Seat 2: Desktop775 (button) (small blind) folded on the Turn


PokerStars Hand #145261325606:  Hold'em Limit ($3/$6 USD) - 2015/12/13 0:19:53 ET
Table 'Attila II' 2-max Seat #1 is the button
Seat 1: tabfpolis ($106.26 in chips)
Seat 2: Desktop775 ($224.66 in chips)
tabfpolis: posts small blind $1
Desktop775: posts big blind $3
*** HOLE CARDS ***
tabfpolis: folds
Uncalled bet ($2) returned to Desktop775
Desktop775 collected $2 from pot
Desktop775: doesn't show hand
*** SUMMARY ***
Total pot $2 | Rake $0
Seat 1: tabfpolis (button) (small blind) folded before Flop
Seat 2: Desktop775 (big blind) collected ($2)


PokerStars Hand #145261319184:  Hold'em Limit ($3/$6 USD) - 2015/12/13 0:19:29 ET
Table 'Attila II' 2-max Seat #1 is the button
Seat 1: tabfpolis ($129.26 in chips)
Seat 2: Desktop775 ($202.16 in chips)
tabfpolis: posts small blind $1
Desktop775: posts big blind $3
*** HOLE CARDS ***
tabfpolis: raises $3 to $6
Desktop775: raises $3 to $9
tabfpolis: calls $3
*** FLOP *** [Kd 6h Td]
Desktop775: bets $3
tabfpolis: calls $3
*** TURN *** [Kd 6h Td] [9h]
Desktop775: bets $6
tabfpolis: calls $6
*** RIVER *** [Kd 6h Td 9h] [Tc]
Desktop775: bets $6
tabfpolis: calls $6
*** SHOW DOWN ***
Desktop775: shows [Ks Qc] (two pair, Kings and Tens)
tabfpolis: mucks hand
Desktop775 collected $47.50 from pot
*** SUMMARY ***
Total pot $48 | Rake $0.50
Board [Kd 6h Td 9h Tc]
Seat 1: tabfpolis (button) (small blind) mucked
Seat 2: Desktop775 (big blind) showed [Ks Qc] and won ($47.50) with two pair, Kings and Tens


PokerStars Hand #145261317930:  Hold'em Limit ($3/$6 USD) - 2015/12/13 0:19:24 ET
Table 'Attila II' 2-max Seat #2 is the button
Seat 1: tabfpolis ($128.26 in chips)
Seat 2: Desktop775 ($203.16 in chips)
Desktop775: posts small blind $1
tabfpolis: posts big blind $3
*** HOLE CARDS ***
Desktop775: folds
Uncalled bet ($2) returned to tabfpolis
tabfpolis collected $2 from pot
tabfpolis: doesn't show hand
*** SUMMARY ***
Total pot $2 | Rake $0
Seat 1: tabfpolis (big blind) collected ($2)
Seat 2: Desktop775 (button) (small blind) folded before Flop


PokerStars Hand #145261316224:  Hold'em Limit ($3/$6 USD) - 2015/12/13 0:19:18 ET
Table 'Attila II' 2-max Seat #1 is the button
Seat 1: tabfpolis ($129.26 in chips)
Seat 2: Desktop775 ($202.16 in chips)
tabfpolis: posts small blind $1
Desktop775: posts big blind $3
*** HOLE CARDS ***
tabfpolis: folds
Uncalled bet ($2) returned to Desktop775
Desktop775 collected $2 from pot
Desktop775: doesn't show hand
*** SUMMARY ***
Total pot $2 | Rake $0
Seat 1: tabfpolis (button) (small blind) folded before Flop
Seat 2: Desktop775 (big blind) collected ($2)


PokerStars Hand #145261332836:  Hold'em Limit ($3/$6 USD) - 2015/12/13 0:20:19 ET
Table 'Attila II' 2-max Seat #2 is the button
Seat 1: tabfpolis ($115.78 in chips)
Seat 2: Desktop775 ($214.66 in chips)
Desktop775: posts small blind $1
tabfpolis: posts big blind $3
*** HOLE CARDS ***
Desktop775: raises $3 to $6
tabfpolis: raises $3 to $9
Desktop775: calls $3
*** FLOP *** [Kc 5d 9s]
tabfpolis: bets $3
Desktop775: calls $3
*** TURN *** [Kc 5d 9s] [9c]
tabfpolis: bets $6
Desktop775: folds
Uncalled bet ($6) returned to tabfpolis
tabfpolis collected $23.52 from pot
tabfpolis: doesn't show hand
*** SUMMARY ***
Total pot $24 | Rake $0.48
Board [Kc 5d 9s 9c]
Seat 1: tabfpolis (big blind) collected ($23.52)
Seat 2: Desktop775 (button) (small blind) folded on the Turn


PokerStars Hand #145261348668:  Hold'em Limit ($3/$6 USD) - 2015/12/13 0:21:18 ET
Table 'Attila II' 2-max Seat #2 is the button
Seat 1: tabfpolis ($116.06 in chips)
Seat 2: Desktop775 ($213.18 in chips)
Desktop775: posts small blind $1
tabfpolis: posts big blind $3
*** HOLE CARDS ***
Desktop775: folds
Uncalled bet ($2) returned to tabfpolis
tabfpolis collected $2 from pot
tabfpolis: doesn't show hand
*** SUMMARY ***
Total pot $2 | Rake $0
Seat 1: tabfpolis (big blind) collected ($2)
Seat 2: Desktop775 (button) (small blind) folded before Flop


PokerStars Hand #145261344838:  Hold'em Limit ($3/$6 USD) - 2015/12/13 0:21:04 ET
Table 'Attila II' 2-max Seat #1 is the button
Seat 1: tabfpolis ($128.06 in chips)
Seat 2: Desktop775 ($201.66 in chips)
tabfpolis: posts small blind $1
Desktop775: posts big blind $3
*** HOLE CARDS ***
tabfpolis: raises $3 to $6
Desktop775: raises $3 to $9
tabfpolis: calls $3
*** FLOP *** [5h 3h Jd]
Desktop775: bets $3
tabfpolis: calls $3
*** TURN *** [5h 3h Jd] [9d]
Desktop775: bets $6
tabfpolis: folds
Uncalled bet ($6) returned to Desktop775
Desktop775 collected $23.52 from pot
Desktop775: doesn't show hand
*** SUMMARY ***
Total pot $24 | Rake $0.48
Board [5h 3h Jd 9d]
Seat 1: tabfpolis (button) (small blind) folded on the Turn
Seat 2: Desktop775 (big blind) collected ($23.52)


PokerStars Hand #145261341481:  Hold'em Limit ($3/$6 USD) - 2015/12/13 0:20:51 ET
Table 'Attila II' 2-max Seat #2 is the button
Seat 1: tabfpolis ($122.30 in chips)
Seat 2: Desktop775 ($207.66 in chips)
Desktop775: posts small blind $1
tabfpolis: posts big blind $3
*** HOLE CARDS ***
Desktop775: raises $3 to $6
tabfpolis: calls $3
*** FLOP *** [4s Qh 7h]
tabfpolis: checks
Desktop775: checks
*** TURN *** [4s Qh 7h] [4d]
tabfpolis: bets $6
Desktop775: folds
Uncalled bet ($6) returned to tabfpolis
tabfpolis collected $11.76 from pot
tabfpolis: doesn't show hand
*** SUMMARY ***
Total pot $12 | Rake $0.24
Board [4s Qh 7h 4d]
Seat 1: tabfpolis (big blind) collected ($11.76)
Seat 2: Desktop775 (button) (small blind) folded on the Turn


PokerStars Hand #145261339872:  Hold'em Limit ($3/$6 USD) - 2015/12/13 0:20:45 ET
Table 'Attila II' 2-max Seat #1 is the button
Seat 1: tabfpolis ($123.30 in chips)
Seat 2: Desktop775 ($206.66 in chips)
tabfpolis: posts small blind $1
Desktop775: posts big blind $3
*** HOLE CARDS ***
tabfpolis: folds
Uncalled bet ($2) returned to Desktop775
Desktop775 collected $2 from pot
Desktop775: doesn't show hand
*** SUMMARY ***
Total pot $2 | Rake $0
Seat 1: tabfpolis (button) (small blind) folded before Flop
Seat 2: Desktop775 (big blind) collected ($2)


PokerStars Hand #145261338069:  Hold'em Limit ($3/$6 USD) - 2015/12/13 0:20:39 ET
Table 'Attila II' 2-max Seat #2 is the button
Seat 1: tabfpolis ($126.30 in chips)
Seat 2: Desktop775 ($203.66 in chips)
Desktop775: posts small blind $1
tabfpolis: posts big blind $3
*** HOLE CARDS ***
Desktop775: raises $3 to $6
tabfpolis: folds
Uncalled bet ($3) returned to Desktop775
Desktop775 collected $6 from pot
Desktop775: doesn't show hand
*** SUMMARY ***
Total pot $6 | Rake $0
Seat 1: tabfpolis (big blind) folded before Flop
Seat 2: Desktop775 (button) (small blind) collected ($6)


PokerStars Hand #145261336578:  Hold'em Limit ($3/$6 USD) - 2015/12/13 0:20:33 ET
Table 'Attila II' 2-max Seat #1 is the button
Seat 1: tabfpolis ($127.30 in chips)
Seat 2: Desktop775 ($202.66 in chips)
tabfpolis: posts small blind $1
Desktop775: posts big blind $3
*** HOLE CARDS ***
tabfpolis: folds
Uncalled bet ($2) returned to Desktop775
Desktop775 collected $2 from pot
Desktop775: doesn't show hand
*** SUMMARY ***
Total pot $2 | Rake $0
Seat 1: tabfpolis (button) (small blind) folded before Flop
Seat 2: Desktop775 (big blind) collected ($2)


PokerStars Hand #145261364306:  Hold'em Limit ($3/$6 USD) - 2015/12/13 0:22:16 ET
Table 'Attila II' 2-max Seat #2 is the button
Seat 1: tabfpolis ($125.56 in chips)
Seat 2: Desktop775 ($203.18 in chips)
Desktop775: posts small blind $1
tabfpolis: posts big blind $3
*** HOLE CARDS ***
Desktop775: raises $3 to $6
tabfpolis: folds
Uncalled bet ($3) returned to Desktop775
Desktop775 collected $6 from pot
Desktop775: doesn't show hand
*** SUMMARY ***
Total pot $6 | Rake $0
Seat 1: tabfpolis (big blind) folded before Flop
Seat 2: Desktop775 (button) (small blind) collected ($6)


PokerStars Hand #145261362688:  Hold'em Limit ($3/$6 USD) - 2015/12/13 0:22:10 ET
Table 'Attila II' 2-max Seat #1 is the button
Seat 1: tabfpolis ($126.56 in chips)
Seat 2: Desktop775 ($202.18 in chips)
tabfpolis: posts small blind $1
Desktop775: posts big blind $3
*** HOLE CARDS ***
tabfpolis: folds
Uncalled bet ($2) returned to Desktop775
Desktop775 collected $2 from pot
Desktop775: doesn't show hand
*** SUMMARY ***
Total pot $2 | Rake $0
Seat 1: tabfpolis (button) (small blind) folded before Flop
Seat 2: Desktop775 (big blind) collected ($2)


PokerStars Hand #145261361300:  Hold'em Limit ($3/$6 USD) - 2015/12/13 0:22:05 ET
Table 'Attila II' 2-max Seat #2 is the button
Seat 1: tabfpolis ($125.56 in chips)
Seat 2: Desktop775 ($203.18 in chips)
Desktop775: posts small blind $1
tabfpolis: posts big blind $3
*** HOLE CARDS ***
Desktop775: folds
Uncalled bet ($2) returned to tabfpolis
tabfpolis collected $2 from pot
tabfpolis: doesn't show hand
*** SUMMARY ***
Total pot $2 | Rake $0
Seat 1: tabfpolis (big blind) collected ($2)
Seat 2: Desktop775 (button) (small blind) folded before Flop


PokerStars Hand #145261359660:  Hold'em Limit ($3/$6 USD) - 2015/12/13 0:21:59 ET
Table 'Attila II' 2-max Seat #1 is the button
Seat 1: tabfpolis ($126.56 in chips)
Seat 2: Desktop775 ($202.18 in chips)
tabfpolis: posts small blind $1
Desktop775: posts big blind $3
*** HOLE CARDS ***
tabfpolis: folds
Uncalled bet ($2) returned to Desktop775
Desktop775 collected $2 from pot
Desktop775: doesn't show hand
*** SUMMARY ***
Total pot $2 | Rake $0
Seat 1: tabfpolis (button) (small blind) folded before Flop
Seat 2: Desktop775 (big blind) collected ($2)


PokerStars Hand #145261356506:  Hold'em Limit ($3/$6 USD) - 2015/12/13 0:21:47 ET
Table 'Attila II' 2-max Seat #1 is the button
Seat 1: tabfpolis ($130.56 in chips)
Seat 2: Desktop775 ($198.18 in chips)
tabfpolis: posts small blind $1
Desktop775: posts big blind $3
*** HOLE CARDS ***
tabfpolis: folds
Uncalled bet ($2) returned to Desktop775
Desktop775 collected $2 from pot
Desktop775: doesn't show hand
*** SUMMARY ***
Total pot $2 | Rake $0
Seat 1: tabfpolis (button) (small blind) folded before Flop
Seat 2: Desktop775 (big blind) collected ($2)


PokerStars Hand #145261351547:  Hold'em Limit ($3/$6 USD) - 2015/12/13 0:21:28 ET
Table 'Attila II' 2-max Seat #2 is the button
Seat 1: tabfpolis ($116.06 in chips)
Seat 2: Desktop775 ($213.18 in chips)
Desktop775: posts small blind $1
tabfpolis: posts big blind $3
*** HOLE CARDS ***
Desktop775: raises $3 to $6
tabfpolis: calls $3
*** FLOP *** [Qc 3h Qd]
tabfpolis: checks
Desktop775: bets $3
tabfpolis: calls $3
*** TURN *** [Qc 3h Qd] [6d]
tabfpolis: checks
Desktop775: bets $6
tabfpolis: calls $6
*** RIVER *** [Qc 3h Qd 6d] [8h]
tabfpolis: checks
Desktop775: checks
*** SHOW DOWN ***
tabfpolis: shows [8s Jc] (two pair, Queens and Eights)
Desktop775: mucks hand
tabfpolis collected $29.50 from pot
*** SUMMARY ***
Total pot $30 | Rake $0.50
Board [Qc 3h Qd 6d 8h]
Seat 1: tabfpolis (big blind) showed [8s Jc] and won ($29.50) with two pair, Queens and Eights
Seat 2: Desktop775 (button) (small blind) mucked


PokerStars Hand #145261350053:  Hold'em Limit ($3/$6 USD) - 2015/12/13 0:21:23 ET
Table 'Attila II' 2-max Seat #1 is the button
Seat 1: tabfpolis ($117.06 in chips)
Seat 2: Desktop775 ($212.18 in chips)
tabfpolis: posts small blind $1
Desktop775: posts big blind $3
*** HOLE CARDS ***
tabfpolis: folds
Uncalled bet ($2) returned to Desktop775
Desktop775 collected $2 from pot
Desktop775: doesn't show hand
*** SUMMARY ***
Total pot $2 | Rake $0
Seat 1: tabfpolis (button) (small blind) folded before Flop
Seat 2: Desktop775 (big blind) collected ($2)


PokerStars Hand #145261375441:  Hold'em Limit ($3/$6 USD) - 2015/12/13 0:22:57 ET
Table 'Attila II' 2-max Seat #2 is the button
Seat 1: tabfpolis ($118.56 in chips)
Seat 2: Desktop775 ($209.94 in chips)
Desktop775: posts small blind $1
tabfpolis: posts big blind $3
*** HOLE CARDS ***
Desktop775: raises $3 to $6
tabfpolis: raises $3 to $9
Desktop775: calls $3
*** FLOP *** [2h 9h Ad]
tabfpolis: bets $3
Desktop775: calls $3
*** TURN *** [2h 9h Ad] [Ah]
tabfpolis: bets $6
Desktop775: calls $6
*** RIVER *** [2h 9h Ad Ah] [4c]
tabfpolis: checks
Desktop775: bets $6
tabfpolis: calls $6
*** SHOW DOWN ***
Desktop775: shows [9d 8s] (two pair, Aces and Nines)
tabfpolis: mucks hand
Desktop775 collected $47.50 from pot
*** SUMMARY ***
Total pot $48 | Rake $0.50
Board [2h 9h Ad Ah 4c]
Seat 1: tabfpolis (big blind) mucked
Seat 2: Desktop775 (button) (small blind) showed [9d 8s] and won ($47.50) with two pair, Aces and Nines


PokerStars Hand #145261373972:  Hold'em Limit ($3/$6 USD) - 2015/12/13 0:22:52 ET
Table 'Attila II' 2-max Seat #1 is the button
Seat 1: tabfpolis ($119.56 in chips)
Seat 2: Desktop775 ($208.94 in chips)
tabfpolis: posts small blind $1
Desktop775: posts big blind $3
*** HOLE CARDS ***
tabfpolis: folds
Uncalled bet ($2) returned to Desktop775
Desktop775 collected $2 from pot
Desktop775: doesn't show hand
*** SUMMARY ***
Total pot $2 | Rake $0
Seat 1: tabfpolis (button) (small blind) folded before Flop
Seat 2: Desktop775 (big blind) collected ($2)


PokerStars Hand #145261371159:  Hold'em Limit ($3/$6 USD) - 2015/12/13 0:22:41 ET
Table 'Attila II' 2-max Seat #2 is the button
Seat 1: tabfpolis ($125.56 in chips)
Seat 2: Desktop775 ($203.18 in chips)
Desktop775: posts small blind $1
tabfpolis: posts big blind $3
*** HOLE CARDS ***
Desktop775: raises $3 to $6
tabfpolis: calls $3
*** FLOP *** [2d 7h Kd]
tabfpolis: checks
Desktop775: bets $3
tabfpolis: folds
Uncalled bet ($3) returned to Desktop775
Desktop775 collected $11.76 from pot
Desktop775: doesn't show hand
*** SUMMARY ***
Total pot $12 | Rake $0.24
Board [2d 7h Kd]
Seat 1: tabfpolis (big blind) folded on the Flop
Seat 2: Desktop775 (button) (small blind) collected ($11.76)


PokerStars Hand #145261369366:  Hold'em Limit ($3/$6 USD) - 2015/12/13 0:22:34 ET
Table 'Attila II' 2-max Seat #1 is the button
Seat 1: tabfpolis ($126.56 in chips)
Seat 2: Desktop775 ($202.18 in chips)
tabfpolis: posts small blind $1
Desktop775: posts big blind $3
*** HOLE CARDS ***
tabfpolis: folds
Uncalled bet ($2) returned to Desktop775
Desktop775 collected $2 from pot
Desktop775: doesn't show hand
*** SUMMARY ***
Total pot $2 | Rake $0
Seat 1: tabfpolis (button) (small blind) folded before Flop
Seat 2: Desktop775 (big blind) collected ($2)


PokerStars Hand #145261366137:  Hold'em Limit ($3/$6 USD) - 2015/12/13 0:22:23 ET
Table 'Attila II' 2-max Seat #1 is the button
Seat 1: tabfpolis ($122.56 in chips)
Seat 2: Desktop775 ($206.18 in chips)
tabfpolis: posts small blind $1
Desktop775: posts big blind $3
*** HOLE CARDS ***
tabfpolis: raises $3 to $6
Desktop775: folds
Uncalled bet ($3) returned to tabfpolis
tabfpolis collected $6 from pot
tabfpolis: doesn't show hand
*** SUMMARY ***
Total pot $6 | Rake $0
Seat 1: tabfpolis (button) (small blind) collected ($6)
Seat 2: Desktop775 (big blind) folded before Flop


PokerStars Hand #145261393569:  Hold'em Limit ($3/$6 USD) - 2015/12/13 0:24:05 ET
Table 'Attila II' 2-max Seat #1 is the button
Seat 1: tabfpolis ($100.96 in chips)
Seat 2: Desktop775 ($226.08 in chips)
tabfpolis: posts small blind $1
Desktop775: posts big blind $3
*** HOLE CARDS ***
tabfpolis: raises $3 to $6
Desktop775: raises $3 to $9
tabfpolis: raises $3 to $12
Betting is capped
Desktop775: calls $3
*** FLOP *** [9s Qd 2c]
Desktop775: checks
tabfpolis: checks
*** TURN *** [9s Qd 2c] [As]
Desktop775: checks
tabfpolis: bets $6
Desktop775: calls $6
*** RIVER *** [9s Qd 2c As] [9h]
Desktop775: checks
tabfpolis: bets $6
Desktop775: folds
Uncalled bet ($6) returned to tabfpolis
tabfpolis collected $35.50 from pot
tabfpolis: doesn't show hand
*** SUMMARY ***
Total pot $36 | Rake $0.50
Board [9s Qd 2c As 9h]
Seat 1: tabfpolis (button) (small blind) collected ($35.50)
Seat 2: Desktop775 (big blind) folded on the River


PokerStars Hand #145261392303:  Hold'em Limit ($3/$6 USD) - 2015/12/13 0:24:00 ET
Table 'Attila II' 2-max Seat #2 is the button
Seat 1: tabfpolis ($99.96 in chips)
Seat 2: Desktop775 ($227.08 in chips)
Desktop775: posts small blind $1
tabfpolis: posts big blind $3
*** HOLE CARDS ***
Desktop775: folds
Uncalled bet ($2) returned to tabfpolis
tabfpolis collected $2 from pot
tabfpolis: doesn't show hand
*** SUMMARY ***
Total pot $2 | Rake $0
Seat 1: tabfpolis (big blind) collected ($2)
Seat 2: Desktop775 (button) (small blind) folded before Flop


PokerStars Hand #145261388321:  Hold'em Limit ($3/$6 USD) - 2015/12/13 0:23:45 ET
Table 'Attila II' 2-max Seat #1 is the button
Seat 1: tabfpolis ($100.08 in chips)
Seat 2: Desktop775 ($227.20 in chips)
tabfpolis: posts small blind $1
Desktop775: posts big blind $3
*** HOLE CARDS ***
tabfpolis: raises $3 to $6
Desktop775: calls $3
*** FLOP *** [Qs Ks 6s]
Desktop775: checks
tabfpolis: checks
*** TURN *** [Qs Ks 6s] [Ah]
Desktop775: checks
tabfpolis: checks
*** RIVER *** [Qs Ks 6s Ah] [Kd]
Desktop775: checks
tabfpolis: checks
*** SHOW DOWN ***
Desktop775: shows [Jh 7c] (a pair of Kings)
tabfpolis: shows [Jd 5h] (a pair of Kings)
Desktop775 collected $5.88 from pot
tabfpolis collected $5.88 from pot
*** SUMMARY ***
Total pot $12 | Rake $0.24
Board [Qs Ks 6s Ah Kd]
Seat 1: tabfpolis (button) (small blind) showed [Jd 5h] and won ($5.88) with a pair of Kings
Seat 2: Desktop775 (big blind) showed [Jh 7c] and won ($5.88) with a pair of Kings


PokerStars Hand #145261384184:  Hold'em Limit ($3/$6 USD) - 2015/12/13 0:23:30 ET
Table 'Attila II' 2-max Seat #2 is the button
Seat 1: tabfpolis ($88.56 in chips)
Seat 2: Desktop775 ($239.20 in chips)
Desktop775: posts small blind $1
tabfpolis: posts big blind $3
*** HOLE CARDS ***
Desktop775: raises $3 to $6
tabfpolis: calls $3
*** FLOP *** [7s 2c Kh]
tabfpolis: checks
Desktop775: checks
*** TURN *** [7s 2c Kh] [As]
tabfpolis: checks
Desktop775: checks
*** RIVER *** [7s 2c Kh As] [8c]
tabfpolis: bets $6
Desktop775: calls $6
*** SHOW DOWN ***
tabfpolis: shows [6h Kc] (a pair of Kings)
Desktop775: mucks hand
tabfpolis collected $23.52 from pot
*** SUMMARY ***
Total pot $24 | Rake $0.48
Board [7s 2c Kh As 8c]
Seat 1: tabfpolis (big blind) showed [6h Kc] and won ($23.52) with a pair of Kings
Seat 2: Desktop775 (button) (small blind) mucked


PokerStars Hand #145261380980:  Hold'em Limit ($3/$6 USD) - 2015/12/13 0:23:18 ET
Table 'Attila II' 2-max Seat #1 is the button
Seat 1: tabfpolis ($94.56 in chips)
Seat 2: Desktop775 ($233.44 in chips)
tabfpolis: posts small blind $1
Desktop775: posts big blind $3
*** HOLE CARDS ***
tabfpolis: raises $3 to $6
Desktop775: calls $3
*** FLOP *** [4c Kc As]
Desktop775: checks
tabfpolis: checks
*** TURN *** [4c Kc As] [5h]
Desktop775: bets $6
tabfpolis: folds
Uncalled bet ($6) returned to Desktop775
Desktop775 collected $11.76 from pot
Desktop775: doesn't show hand
*** SUMMARY ***
Total pot $12 | Rake $0.24
Board [4c Kc As 5h]
Seat 1: tabfpolis (button) (small blind) folded on the Turn
Seat 2: Desktop775 (big blind) collected ($11.76)


PokerStars Hand #145261410748:  Hold'em Limit ($3/$6 USD) - 2015/12/13 0:25:09 ET
Table 'Attila II' 2-max Seat #1 is the button
Seat 1: tabfpolis ($93.46 in chips)
Seat 2: Desktop775 ($232.34 in chips)
tabfpolis: posts small blind $1
Desktop775: posts big blind $3
*** HOLE CARDS ***
tabfpolis: folds
Uncalled bet ($2) returned to Desktop775
Desktop775 collected $2 from pot
Desktop775: doesn't show hand
*** SUMMARY ***
Total pot $2 | Rake $0
Seat 1: tabfpolis (button) (small blind) folded before Flop
Seat 2: Desktop775 (big blind) collected ($2)


PokerStars Hand #145261404933:  Hold'em Limit ($3/$6 USD) - 2015/12/13 0:24:48 ET
Table 'Attila II' 2-max Seat #2 is the button
Seat 1: tabfpolis ($99.46 in chips)
Seat 2: Desktop775 ($226.58 in chips)
Desktop775: posts small blind $1
tabfpolis: posts big blind $3
*** HOLE CARDS ***
Desktop775: raises $3 to $6
tabfpolis: calls $3
*** FLOP *** [3d 5h Js]
tabfpolis: checks
Desktop775: bets $3
tabfpolis: folds
Uncalled bet ($3) returned to Desktop775
Desktop775 said, "sry phione"
Desktop775 collected $11.76 from pot
Desktop775: doesn't show hand
*** SUMMARY ***
Total pot $12 | Rake $0.24
Board [3d 5h Js]
Seat 1: tabfpolis (big blind) folded on the Flop
Seat 2: Desktop775 (button) (small blind) collected ($11.76)


PokerStars Hand #145261403567:  Hold'em Limit ($3/$6 USD) - 2015/12/13 0:24:43 ET
Table 'Attila II' 2-max Seat #1 is the button
Seat 1: tabfpolis ($100.46 in chips)
Seat 2: Desktop775 ($225.58 in chips)
tabfpolis: posts small blind $1
Desktop775: posts big blind $3
*** HOLE CARDS ***
tabfpolis: folds
Uncalled bet ($2) returned to Desktop775
Desktop775 collected $2 from pot
Desktop775: doesn't show hand
*** SUMMARY ***
Total pot $2 | Rake $0
Seat 1: tabfpolis (button) (small blind) folded before Flop
Seat 2: Desktop775 (big blind) collected ($2)


PokerStars Hand #145261398675:  Hold'em Limit ($3/$6 USD) - 2015/12/13 0:24:24 ET
Table 'Attila II' 2-max Seat #2 is the button
Seat 1: tabfpolis ($118.46 in chips)
Seat 2: Desktop775 ($208.08 in chips)
Desktop775: posts small blind $1
tabfpolis: posts big blind $3
*** HOLE CARDS ***
Desktop775: raises $3 to $6
tabfpolis: calls $3
*** FLOP *** [8c Qd 8h]
tabfpolis: checks
Desktop775: checks
*** TURN *** [8c Qd 8h] [6d]
tabfpolis: checks
Desktop775: bets $6
tabfpolis: calls $6
*** RIVER *** [8c Qd 8h 6d] [4c]
tabfpolis: checks
Desktop775: bets $6
tabfpolis: calls $6
*** SHOW DOWN ***
Desktop775: shows [Kc 8s] (three of a kind, Eights)
tabfpolis: mucks hand
Desktop775 collected $35.50 from pot
*** SUMMARY ***
Total pot $36 | Rake $0.50
Board [8c Qd 8h 6d 4c]
Seat 1: tabfpolis (big blind) mucked
Seat 2: Desktop775 (button) (small blind) showed [Kc 8s] and won ($35.50) with three of a kind, Eights


PokerStars Hand #145261424544:  Hold'em Limit ($3/$6 USD) - 2015/12/13 0:26:02 ET
Table 'Attila II' 2-max Seat #1 is the button
Seat 1: tabfpolis ($91.96 in chips)
Seat 2: Desktop775 ($232.84 in chips)
tabfpolis: posts small blind $1
Desktop775: posts big blind $3
*** HOLE CARDS ***
tabfpolis: raises $3 to $6
Desktop775: calls $3
*** FLOP *** [5c 8c Qs]
Desktop775: checks
tabfpolis: bets $3
Desktop775: calls $3
*** TURN *** [5c 8c Qs] [6h]
Desktop775: checks
tabfpolis: bets $6
Desktop775: calls $6
*** RIVER *** [5c 8c Qs 6h] [4c]
Desktop775: bets $6
tabfpolis: calls $6
*** SHOW DOWN ***
Desktop775: shows [As 7c] (a straight, Four to Eight)
tabfpolis: mucks hand
Desktop775 collected $41.50 from pot
*** SUMMARY ***
Total pot $42 | Rake $0.50
Board [5c 8c Qs 6h 4c]
Seat 1: tabfpolis (button) (small blind) mucked
Seat 2: Desktop775 (big blind) showed [As 7c] and won ($41.50) with a straight, Four to Eight


PokerStars Hand #145261419688:  Hold'em Limit ($3/$6 USD) - 2015/12/13 0:25:43 ET
Table 'Attila II' 2-max Seat #2 is the button
Seat 1: tabfpolis ($77.46 in chips)
Seat 2: Desktop775 ($247.84 in chips)
Desktop775: posts small blind $1
tabfpolis: posts big blind $3
*** HOLE CARDS ***
Desktop775: raises $3 to $6
tabfpolis: calls $3
*** FLOP *** [Ts 3s Jd]
tabfpolis: bets $3
Desktop775: calls $3
*** TURN *** [Ts 3s Jd] [Th]
tabfpolis: checks
Desktop775: checks
*** RIVER *** [Ts 3s Jd Th] [7h]
tabfpolis: bets $6
Desktop775: calls $6
*** SHOW DOWN ***
tabfpolis: shows [Qd Tc] (three of a kind, Tens)
Desktop775: mucks hand
tabfpolis collected $29.50 from pot
*** SUMMARY ***
Total pot $30 | Rake $0.50
Board [Ts 3s Jd Th 7h]
Seat 1: tabfpolis (big blind) showed [Qd Tc] and won ($29.50) with three of a kind, Tens
Seat 2: Desktop775 (button) (small blind) mucked


PokerStars Hand #145261418022:  Hold'em Limit ($3/$6 USD) - 2015/12/13 0:25:37 ET
Table 'Attila II' 2-max Seat #1 is the button
Seat 1: tabfpolis ($74.46 in chips)
Seat 2: Desktop775 ($250.84 in chips)
tabfpolis: posts small blind $1
Desktop775: posts big blind $3
*** HOLE CARDS ***
tabfpolis: raises $3 to $6
Desktop775: folds
Uncalled bet ($3) returned to tabfpolis
tabfpolis collected $6 from pot
tabfpolis: doesn't show hand
*** SUMMARY ***
Total pot $6 | Rake $0
Seat 1: tabfpolis (button) (small blind) collected ($6)
Seat 2: Desktop775 (big blind) folded before Flop


PokerStars Hand #145261412341:  Hold'em Limit ($3/$6 USD) - 2015/12/13 0:25:15 ET
Table 'Attila II' 2-max Seat #2 is the button
Seat 1: tabfpolis ($92.46 in chips)
Seat 2: Desktop775 ($233.34 in chips)
Desktop775: posts small blind $1
tabfpolis: posts big blind $3
*** HOLE CARDS ***
Desktop775: raises $3 to $6
tabfpolis: raises $3 to $9
Desktop775: calls $3
*** FLOP *** [Kc Qs 5d]
tabfpolis: bets $3
Desktop775: calls $3
*** TURN *** [Kc Qs 5d] [2c]
tabfpolis: bets $6
Desktop775: calls $6
*** RIVER *** [Kc Qs 5d 2c] [3d]
tabfpolis: checks
Desktop775: bets $6
tabfpolis: folds
Uncalled bet ($6) returned to Desktop775
Desktop775 collected $35.50 from pot
Desktop775: doesn't show hand
*** SUMMARY ***
Total pot $36 | Rake $0.50
Board [Kc Qs 5d 2c 3d]
Seat 1: tabfpolis (big blind) folded on the River
Seat 2: Desktop775 (button) (small blind) collected ($35.50)


PokerStars Hand #145261444132:  Hold'em Limit ($3/$6 USD) - 2015/12/13 0:27:17 ET
Table 'Attila II' 2-max Seat #2 is the button
Seat 1: tabfpolis ($67.60 in chips)
Seat 2: Desktop775 ($255.74 in chips)
Desktop775: posts small blind $1
tabfpolis: posts big blind $3
*** HOLE CARDS ***
Desktop775: raises $3 to $6
tabfpolis: folds
Uncalled bet ($3) returned to Desktop775
Desktop775 collected $6 from pot
Desktop775: doesn't show hand
*** SUMMARY ***
Total pot $6 | Rake $0
Seat 1: tabfpolis (big blind) folded before Flop
Seat 2: Desktop775 (button) (small blind) collected ($6)


PokerStars Hand #145261442465:  Hold'em Limit ($3/$6 USD) - 2015/12/13 0:27:10 ET
Table 'Attila II' 2-max Seat #1 is the button
Seat 1: tabfpolis ($64.60 in chips)
Seat 2: Desktop775 ($258.74 in chips)
tabfpolis: posts small blind $1
Desktop775: posts big blind $3
*** HOLE CARDS ***
tabfpolis: raises $3 to $6
Desktop775: folds
Uncalled bet ($3) returned to tabfpolis
tabfpolis collected $6 from pot
tabfpolis: doesn't show hand
*** SUMMARY ***
Total pot $6 | Rake $0
Seat 1: tabfpolis (button) (small blind) collected ($6)
Seat 2: Desktop775 (big blind) folded before Flop


PokerStars Hand #145261438392:  Hold'em Limit ($3/$6 USD) - 2015/12/13 0:26:55 ET
Table 'Attila II' 2-max Seat #2 is the button
Seat 1: tabfpolis ($70.60 in chips)
Seat 2: Desktop775 ($252.98 in chips)
Desktop775: posts small blind $1
tabfpolis: posts big blind $3
*** HOLE CARDS ***
Desktop775: raises $3 to $6
tabfpolis: calls $3
*** FLOP *** [6c Qs 5s]
tabfpolis: checks
Desktop775: checks
*** TURN *** [6c Qs 5s] [Kh]
tabfpolis: checks
Desktop775: checks
*** RIVER *** [6c Qs 5s Kh] [2s]
tabfpolis: checks
Desktop775: checks
*** SHOW DOWN ***
tabfpolis: shows [8h Th] (high card King)
Desktop775: shows [Jd 4h] (high card King - Queen+Jack kicker)
Desktop775 collected $11.76 from pot
*** SUMMARY ***
Total pot $12 | Rake $0.24
Board [6c Qs 5s Kh 2s]
Seat 1: tabfpolis (big blind) showed [8h Th] and lost with high card King
Seat 2: Desktop775 (button) (small blind) showed [Jd 4h] and won ($11.76) with high card King


PokerStars Hand #145261434389:  Hold'em Limit ($3/$6 USD) - 2015/12/13 0:26:40 ET
Table 'Attila II' 2-max Seat #1 is the button
Seat 1: tabfpolis ($61.96 in chips)
Seat 2: Desktop775 ($261.98 in chips)
tabfpolis: posts small blind $1
Desktop775: posts big blind $3
*** HOLE CARDS ***
tabfpolis: raises $3 to $6
Desktop775: calls $3
*** FLOP *** [Js Qs 5c]
Desktop775: checks
tabfpolis: bets $3
Desktop775: calls $3
*** TURN *** [Js Qs 5c] [5h]
Desktop775: checks
tabfpolis: bets $6
Desktop775: folds
Uncalled bet ($6) returned to tabfpolis
tabfpolis collected $17.64 from pot
tabfpolis: doesn't show hand
*** SUMMARY ***
Total pot $18 | Rake $0.36
Board [Js Qs 5c 5h]
Seat 1: tabfpolis (button) (small blind) collected ($17.64)
Seat 2: Desktop775 (big blind) folded on the Turn


PokerStars Hand #145261429273:  Hold'em Limit ($3/$6 USD) - 2015/12/13 0:26:20 ET
Table 'Attila II' 2-max Seat #2 is the button
Seat 1: tabfpolis ($70.96 in chips)
Seat 2: Desktop775 ($253.34 in chips)
Desktop775: posts small blind $1
tabfpolis: posts big blind $3
*** HOLE CARDS ***
Desktop775: raises $3 to $6
tabfpolis: calls $3
*** FLOP *** [Qs 4h Jd]
tabfpolis: checks
Desktop775: bets $3
tabfpolis: calls $3
*** TURN *** [Qs 4h Jd] [Ts]
tabfpolis: checks
Desktop775: checks
*** RIVER *** [Qs 4h Jd Ts] [Kc]
tabfpolis: checks
Desktop775: bets $6
tabfpolis: folds
Uncalled bet ($6) returned to Desktop775
Desktop775 collected $17.64 from pot
Desktop775: doesn't show hand
*** SUMMARY ***
Total pot $18 | Rake $0.36
Board [Qs 4h Jd Ts Kc]
Seat 1: tabfpolis (big blind) folded on the River
Seat 2: Desktop775 (button) (small blind) collected ($17.64)


PokerStars Hand #145261459118:  Hold'em Limit ($3/$6 USD) - 2015/12/13 0:28:13 ET
Table 'Attila II' 2-max Seat #2 is the button
Seat 1: tabfpolis ($40.60 in chips)
Seat 2: Desktop775 ($282 in chips)
Desktop775: posts small blind $1
tabfpolis: posts big blind $3
*** HOLE CARDS ***
Desktop775: raises $3 to $6
tabfpolis: calls $3
*** FLOP *** [Qd 9d Qc]
tabfpolis: checks
Desktop775: bets $3
tabfpolis: folds
Uncalled bet ($3) returned to Desktop775
Desktop775 collected $11.76 from pot
Desktop775: doesn't show hand
*** SUMMARY ***
Total pot $12 | Rake $0.24
Board [Qd 9d Qc]
Seat 1: tabfpolis (big blind) folded on the Flop
Seat 2: Desktop775 (button) (small blind) collected ($11.76)


PokerStars Hand #145261457360:  Hold'em Limit ($3/$6 USD) - 2015/12/13 0:28:07 ET
Table 'Attila II' 2-max Seat #1 is the button
Seat 1: tabfpolis ($37.60 in chips)
Seat 2: Desktop775 ($285 in chips)
tabfpolis: posts small blind $1
Desktop775: posts big blind $3
*** HOLE CARDS ***
tabfpolis: raises $3 to $6
Desktop775: folds
Uncalled bet ($3) returned to tabfpolis
tabfpolis collected $6 from pot
tabfpolis: doesn't show hand
*** SUMMARY ***
Total pot $6 | Rake $0
Seat 1: tabfpolis (button) (small blind) collected ($6)
Seat 2: Desktop775 (big blind) folded before Flop


PokerStars Hand #145261456075:  Hold'em Limit ($3/$6 USD) - 2015/12/13 0:28:02 ET
Table 'Attila II' 2-max Seat #2 is the button
Seat 1: tabfpolis ($36.60 in chips)
Seat 2: Desktop775 ($286 in chips)
Desktop775: posts small blind $1
tabfpolis: posts big blind $3
*** HOLE CARDS ***
Desktop775: folds
Uncalled bet ($2) returned to tabfpolis
tabfpolis collected $2 from pot
tabfpolis: doesn't show hand
*** SUMMARY ***
Total pot $2 | Rake $0
Seat 1: tabfpolis (big blind) collected ($2)
Seat 2: Desktop775 (button) (small blind) folded before Flop


PokerStars Hand #145261452689:  Hold'em Limit ($3/$6 USD) - 2015/12/13 0:27:49 ET
Table 'Attila II' 2-max Seat #1 is the button
Seat 1: tabfpolis ($42.60 in chips)
Seat 2: Desktop775 ($280.24 in chips)
tabfpolis: posts small blind $1
Desktop775: posts big blind $3
*** HOLE CARDS ***
tabfpolis: raises $3 to $6
Desktop775: calls $3
*** FLOP *** [8s Qh 4c]
Desktop775: checks
tabfpolis: checks
*** TURN *** [8s Qh 4c] [8h]
Desktop775: bets $6
tabfpolis: folds
Uncalled bet ($6) returned to Desktop775
Desktop775 collected $11.76 from pot
Desktop775: doesn't show hand
*** SUMMARY ***
Total pot $12 | Rake $0.24
Board [8s Qh 4c 8h]
Seat 1: tabfpolis (button) (small blind) folded on the Turn
Seat 2: Desktop775 (big blind) collected ($11.76)


PokerStars Hand #145261447149:  Hold'em Limit ($3/$6 USD) - 2015/12/13 0:27:28 ET
Table 'Attila II' 2-max Seat #2 is the button
Seat 1: tabfpolis ($63.60 in chips)
Seat 2: Desktop775 ($259.74 in chips)
Desktop775: posts small blind $1
tabfpolis: posts big blind $3
*** HOLE CARDS ***
Desktop775: raises $3 to $6
tabfpolis: calls $3
*** FLOP *** [6c 4s 7s]
tabfpolis: checks
Desktop775: bets $3
tabfpolis: calls $3
*** TURN *** [6c 4s 7s] [Kh]
tabfpolis: checks
Desktop775: bets $6
tabfpolis: calls $6
*** RIVER *** [6c 4s 7s Kh] [8d]
tabfpolis: checks
Desktop775: bets $6
tabfpolis: calls $6
*** SHOW DOWN ***
Desktop775: shows [Jd Js] (a pair of Jacks)
tabfpolis: mucks hand
Desktop775 collected $41.50 from pot
*** SUMMARY ***
Total pot $42 | Rake $0.50
Board [6c 4s 7s Kh 8d]
Seat 1: tabfpolis (big blind) mucked
Seat 2: Desktop775 (button) (small blind) showed [Jd Js] and won ($41.50) with a pair of Jacks


PokerStars Hand #145261445649:  Hold'em Limit ($3/$6 USD) - 2015/12/13 0:27:22 ET
Table 'Attila II' 2-max Seat #1 is the button
Seat 1: tabfpolis ($64.60 in chips)
Seat 2: Desktop775 ($258.74 in chips)
tabfpolis: posts small blind $1
Desktop775: posts big blind $3
*** HOLE CARDS ***
tabfpolis: folds
Uncalled bet ($2) returned to Desktop775
Desktop775 collected $2 from pot
Desktop775: doesn't show hand
*** SUMMARY ***
Total pot $2 | Rake $0
Seat 1: tabfpolis (button) (small blind) folded before Flop
Seat 2: Desktop775 (big blind) collected ($2)


PokerStars Hand #145261468574:  Hold'em Limit ($3/$6 USD) - 2015/12/13 0:28:50 ET
Table 'Attila II' 2-max Seat #1 is the button
Seat 1: tabfpolis ($49 in chips)
Seat 2: Desktop775 ($272.76 in chips)
tabfpolis: posts small blind $1
Desktop775: posts big blind $3
*** HOLE CARDS ***
tabfpolis: raises $3 to $6
Desktop775: raises $3 to $9
tabfpolis: calls $3
*** FLOP *** [7h As Ad]
Desktop775: bets $3
tabfpolis: calls $3
*** TURN *** [7h As Ad] [Kh]
Desktop775: bets $6
tabfpolis: calls $6
*** RIVER *** [7h As Ad Kh] [2h]
Desktop775: bets $6
tabfpolis: calls $6
*** SHOW DOWN ***
Desktop775: shows [4h 3h] (a flush, King high)
tabfpolis: mucks hand
Desktop775 collected $47.50 from pot
*** SUMMARY ***
Total pot $48 | Rake $0.50
Board [7h As Ad Kh 2h]
Seat 1: tabfpolis (button) (small blind) mucked
Seat 2: Desktop775 (big blind) showed [4h 3h] and won ($47.50) with a flush, King high


PokerStars Hand #145261464710:  Hold'em Limit ($3/$6 USD) - 2015/12/13 0:28:35 ET
Table 'Attila II' 2-max Seat #2 is the button
Seat 1: tabfpolis ($40.36 in chips)
Seat 2: Desktop775 ($281.76 in chips)
Desktop775: posts small blind $1
tabfpolis: posts big blind $3
*** HOLE CARDS ***
Desktop775: raises $3 to $6
tabfpolis: calls $3
*** FLOP *** [Th 6c Jd]
tabfpolis: bets $3
Desktop775: calls $3
*** TURN *** [Th 6c Jd] [5c]
tabfpolis: bets $6
Desktop775: folds
Uncalled bet ($6) returned to tabfpolis
tabfpolis collected $17.64 from pot
tabfpolis: doesn't show hand
*** SUMMARY ***
Total pot $18 | Rake $0.36
Board [Th 6c Jd 5c]
Seat 1: tabfpolis (big blind) collected ($17.64)
Seat 2: Desktop775 (button) (small blind) folded on the Turn


PokerStars Hand #145261461949:  Hold'em Limit ($3/$6 USD) - 2015/12/13 0:28:24 ET
Table 'Attila II' 2-max Seat #1 is the button
Seat 1: tabfpolis ($34.60 in chips)
Seat 2: Desktop775 ($287.76 in chips)
tabfpolis: posts small blind $1
Desktop775: posts big blind $3
*** HOLE CARDS ***
tabfpolis: raises $3 to $6
Desktop775: calls $3
*** FLOP *** [4s 7h 8s]
Desktop775: checks
tabfpolis: bets $3
Desktop775: folds
Uncalled bet ($3) returned to tabfpolis
tabfpolis collected $11.76 from pot
tabfpolis: doesn't show hand
*** SUMMARY ***
Total pot $12 | Rake $0.24
Board [4s 7h 8s]
Seat 1: tabfpolis (button) (small blind) collected ($11.76)
Seat 2: Desktop775 (big blind) folded on the Flop


PokerStars Hand #145261488295:  Hold'em Limit ($3/$6 USD) - 2015/12/13 0:30:06 ET
Table 'Attila II' 2-max Seat #1 is the button
Seat 1: tabfpolis ($117 in chips)
Seat 2: Desktop775 ($319.76 in chips)
tabfpolis: posts small blind $1
tabfpolis said, "river do caralho"
Desktop775: posts big blind $3
*** HOLE CARDS ***
tabfpolis: folds
Uncalled bet ($2) returned to Desktop775
Desktop775 collected $2 from pot
Desktop775: doesn't show hand
*** SUMMARY ***
Total pot $2 | Rake $0
Seat 1: tabfpolis (button) (small blind) folded before Flop
Seat 2: Desktop775 (big blind) collected ($2)


PokerStars Hand #145261472781:  Hold'em Limit ($3/$6 USD) - 2015/12/13 0:29:06 ET
Table 'Attila II' 2-max Seat #2 is the button
Seat 1: tabfpolis ($25 in chips)
Seat 2: Desktop775 ($296.26 in chips)
Desktop775: posts small blind $1
tabfpolis: posts big blind $3
*** HOLE CARDS ***
Desktop775: raises $3 to $6
tabfpolis: raises $3 to $9
Desktop775: calls $3
*** FLOP *** [4d 6s 2s]
tabfpolis: bets $3
Desktop775: calls $3
*** TURN *** [4d 6s 2s] [Kh]
tabfpolis: bets $6
Desktop775: calls $6
*** RIVER *** [4d 6s 2s Kh] [Jh]
tabfpolis: checks
Desktop775: bets $6
tabfpolis: calls $6
*** SHOW DOWN ***
Desktop775: shows [Js 8s] (a pair of Jacks)
tabfpolis: mucks hand
Desktop775 collected $47.50 from pot
*** SUMMARY ***
Total pot $48 | Rake $0.50
Board [4d 6s 2s Kh Jh]
Seat 1: tabfpolis (big blind) mucked
Seat 2: Desktop775 (button) (small blind) showed [Js 8s] and won ($47.50) with a pair of Jacks


PokerStars Hand #145261490979:  Hold'em Limit ($3/$6 USD) - 2015/12/13 0:30:16 ET
Table 'Attila II' 2-max Seat #2 is the button
Seat 1: tabfpolis ($116 in chips)
Seat 2: Desktop775 ($320.76 in chips)
Desktop775: posts small blind $1
tabfpolis: posts big blind $3
*** HOLE CARDS ***
Desktop775 said, "orlY"
Desktop775 said, "how many rivers did you catch"
Desktop775: raises $3 to $6
tabfpolis: folds
Uncalled bet ($3) returned to Desktop775
Desktop775 collected $6 from pot
Desktop775: doesn't show hand
*** SUMMARY ***
Total pot $6 | Rake $0
Seat 1: tabfpolis (big blind) folded before Flop
Seat 2: Desktop775 (button) (small blind) collected ($6)


PokerStars Hand #145261506194:  Hold'em Limit ($3/$6 USD) - 2015/12/13 0:31:13 ET
Table 'Attila II' 2-max Seat #1 is the button
Seat 1: tabfpolis ($105 in chips)
Seat 2: Desktop775 ($331.76 in chips)
tabfpolis: posts small blind $1
Desktop775: posts big blind $3
*** HOLE CARDS ***
tabfpolis: folds
Uncalled bet ($2) returned to Desktop775
Desktop775 collected $2 from pot
Desktop775: doesn't show hand
*** SUMMARY ***
Total pot $2 | Rake $0
Seat 1: tabfpolis (button) (small blind) folded before Flop
Seat 2: Desktop775 (big blind) collected ($2)


PokerStars Hand #145261504382:  Hold'em Limit ($3/$6 USD) - 2015/12/13 0:31:06 ET
Table 'Attila II' 2-max Seat #2 is the button
Seat 1: tabfpolis ($108 in chips)
Seat 2: Desktop775 ($328.76 in chips)
Desktop775: posts small blind $1
tabfpolis: posts big blind $3
*** HOLE CARDS ***
Desktop775: raises $3 to $6
tabfpolis: folds
Uncalled bet ($3) returned to Desktop775
Desktop775 collected $6 from pot
Desktop775: doesn't show hand
*** SUMMARY ***
Total pot $6 | Rake $0
Seat 1: tabfpolis (big blind) folded before Flop
Seat 2: Desktop775 (button) (small blind) collected ($6)


PokerStars Hand #145261500801:  Hold'em Limit ($3/$6 USD) - 2015/12/13 0:30:53 ET
Table 'Attila II' 2-max Seat #1 is the button
Seat 1: tabfpolis ($109 in chips)
Seat 2: Desktop775 ($327.76 in chips)
tabfpolis: posts small blind $1
Desktop775: posts big blind $3
*** HOLE CARDS ***
tabfpolis: folds
Uncalled bet ($2) returned to Desktop775
Desktop775 collected $2 from pot
Desktop775: doesn't show hand
*** SUMMARY ***
Total pot $2 | Rake $0
Seat 1: tabfpolis (button) (small blind) folded before Flop
Seat 2: Desktop775 (big blind) collected ($2)


PokerStars Hand #145261498872:  Hold'em Limit ($3/$6 USD) - 2015/12/13 0:30:46 ET
Table 'Attila II' 2-max Seat #2 is the button
Seat 1: tabfpolis ($112 in chips)
Seat 2: Desktop775 ($324.76 in chips)
Desktop775: posts small blind $1
tabfpolis: posts big blind $3
*** HOLE CARDS ***
Desktop775: raises $3 to $6
tabfpolis: folds
Uncalled bet ($3) returned to Desktop775
Desktop775 collected $6 from pot
Desktop775: doesn't show hand
*** SUMMARY ***
Total pot $6 | Rake $0
Seat 1: tabfpolis (big blind) folded before Flop
Seat 2: Desktop775 (button) (small blind) collected ($6)


PokerStars Hand #145261496434:  Hold'em Limit ($3/$6 USD) - 2015/12/13 0:30:36 ET
Table 'Attila II' 2-max Seat #1 is the button
Seat 1: tabfpolis ($113 in chips)
Seat 2: Desktop775 ($323.76 in chips)
tabfpolis: posts small blind $1
Desktop775: posts big blind $3
*** HOLE CARDS ***
tabfpolis: folds
Uncalled bet ($2) returned to Desktop775
Desktop775 collected $2 from pot
Desktop775: doesn't show hand
*** SUMMARY ***
Total pot $2 | Rake $0
Seat 1: tabfpolis (button) (small blind) folded before Flop
Seat 2: Desktop775 (big blind) collected ($2)


PokerStars Hand #145261521844:  Hold'em Limit ($3/$6 USD) - 2015/12/13 0:32:12 ET
Table 'Attila II' 2-max Seat #1 is the button
Seat 1: tabfpolis ($74 in chips)
Seat 2: Desktop775 ($361.78 in chips)
tabfpolis: posts small blind $1
Desktop775: posts big blind $3
*** HOLE CARDS ***
tabfpolis: raises $3 to $6
Desktop775: calls $3
*** FLOP *** [8s 2s 2h]
Desktop775: checks
tabfpolis: checks
*** TURN *** [8s 2s 2h] [As]
Desktop775: bets $6
tabfpolis: folds
Uncalled bet ($6) returned to Desktop775
Desktop775 collected $11.76 from pot
Desktop775: doesn't show hand
*** SUMMARY ***
Total pot $12 | Rake $0.24
Board [8s 2s 2h As]
Seat 1: tabfpolis (button) (small blind) folded on the Turn
Seat 2: Desktop775 (big blind) collected ($11.76)


PokerStars Hand #145261518540:  Hold'em Limit ($3/$6 USD) - 2015/12/13 0:31:59 ET
Table 'Attila II' 2-max Seat #2 is the button
Seat 1: tabfpolis ($80 in chips)
Seat 2: Desktop775 ($356.02 in chips)
Desktop775: posts small blind $1
tabfpolis: posts big blind $3
*** HOLE CARDS ***
Desktop775: raises $3 to $6
tabfpolis: calls $3
*** FLOP *** [Jh Kh 5h]
tabfpolis: checks
Desktop775: bets $3
tabfpolis: folds
Uncalled bet ($3) returned to Desktop775
Desktop775 collected $11.76 from pot
Desktop775: doesn't show hand
*** SUMMARY ***
Total pot $12 | Rake $0.24
Board [Jh Kh 5h]
Seat 1: tabfpolis (big blind) folded on the Flop
Seat 2: Desktop775 (button) (small blind) collected ($11.76)


PokerStars Hand #145261513166:  Hold'em Limit ($3/$6 USD) - 2015/12/13 0:31:39 ET
Table 'Attila II' 2-max Seat #1 is the button
Seat 1: tabfpolis ($98 in chips)
Seat 2: Desktop775 ($338.52 in chips)
tabfpolis: posts small blind $1
Desktop775: posts big blind $3
*** HOLE CARDS ***
tabfpolis: raises $3 to $6
Desktop775: calls $3
*** FLOP *** [4c 7c 9c]
Desktop775: checks
tabfpolis: bets $3
Desktop775: raises $3 to $6
tabfpolis: calls $3
*** TURN *** [4c 7c 9c] [Js]
Desktop775: checks
tabfpolis: checks
*** RIVER *** [4c 7c 9c Js] [5s]
Desktop775: bets $6
tabfpolis: calls $6
*** SHOW DOWN ***
Desktop775: shows [Qc 2c] (a flush, Queen high)
tabfpolis: mucks hand
Desktop775 collected $35.50 from pot
*** SUMMARY ***
Total pot $36 | Rake $0.50
Board [4c 7c 9c Js 5s]
Seat 1: tabfpolis (button) (small blind) mucked
Seat 2: Desktop775 (big blind) showed [Qc 2c] and won ($35.50) with a flush, Queen high


PokerStars Hand #145261507772:  Hold'em Limit ($3/$6 USD) - 2015/12/13 0:31:19 ET
Table 'Attila II' 2-max Seat #2 is the button
Seat 1: tabfpolis ($104 in chips)
Seat 2: Desktop775 ($332.76 in chips)
Desktop775: posts small blind $1
tabfpolis: posts big blind $3
*** HOLE CARDS ***
Desktop775: raises $3 to $6
tabfpolis: calls $3
*** FLOP *** [Ac 2c 5h]
tabfpolis: checks
Desktop775: bets $3
tabfpolis: folds
Uncalled bet ($3) returned to Desktop775
Desktop775 collected $11.76 from pot
Desktop775: doesn't show hand
*** SUMMARY ***
Total pot $12 | Rake $0.24
Board [Ac 2c 5h]
Seat 1: tabfpolis (big blind) folded on the Flop
Seat 2: Desktop775 (button) (small blind) collected ($11.76)


PokerStars Hand #145261526295:  Hold'em Limit ($3/$6 USD) - 2015/12/13 0:32:29 ET
Table 'Attila II' 2-max Seat #1 is the button
Seat 1: tabfpolis ($69 in chips)
Seat 2: Desktop775 ($366.54 in chips)
tabfpolis: posts small blind $1
Desktop775: posts big blind $3
*** HOLE CARDS ***
tabfpolis: folds
Uncalled bet ($2) returned to Desktop775
Desktop775 collected $2 from pot
Desktop775: doesn't show hand
*** SUMMARY ***
Total pot $2 | Rake $0
Seat 1: tabfpolis (button) (small blind) folded before Flop
Seat 2: Desktop775 (big blind) collected ($2)


PokerStars Hand #145261524871:  Hold'em Limit ($3/$6 USD) - 2015/12/13 0:32:23 ET
Table 'Attila II' 2-max Seat #2 is the button
Seat 1: tabfpolis ($68 in chips)
Seat 2: Desktop775 ($367.54 in chips)
Desktop775: posts small blind $1
tabfpolis: posts big blind $3
*** HOLE CARDS ***
Desktop775: folds
Uncalled bet ($2) returned to tabfpolis
tabfpolis collected $2 from pot
tabfpolis: doesn't show hand
*** SUMMARY ***
Total pot $2 | Rake $0
Seat 1: tabfpolis (big blind) collected ($2)
Seat 2: Desktop775 (button) (small blind) folded before Flop


PokerStars Hand #145261527723:  Hold'em Limit ($3/$6 USD) - 2015/12/13 0:32:34 ET
Table 'Attila II' 2-max Seat #2 is the button
Seat 1: tabfpolis ($68 in chips)
Seat 2: Desktop775 ($367.54 in chips)
Desktop775: posts small blind $1
tabfpolis: posts big blind $3
*** HOLE CARDS ***
Desktop775: raises $3 to $6
tabfpolis: folds
Uncalled bet ($3) returned to Desktop775
Desktop775 collected $6 from pot
Desktop775: doesn't show hand
*** SUMMARY ***
Total pot $6 | Rake $0
Seat 1: tabfpolis (big blind) folded before Flop
Seat 2: Desktop775 (button) (small blind) collected ($6)


PokerStars Hand #145261534145:  Hold'em Limit ($3/$6 USD) - 2015/12/13 0:32:58 ET
Table 'Attila II' 2-max Seat #2 is the button
Seat 1: tabfpolis ($41 in chips)
Seat 2: Desktop775 ($394.04 in chips)
Desktop775: posts small blind $1
tabfpolis: posts big blind $3
*** HOLE CARDS ***
Desktop775: folds
Uncalled bet ($2) returned to tabfpolis
tabfpolis collected $2 from pot
tabfpolis: doesn't show hand
*** SUMMARY ***
Total pot $2 | Rake $0
Seat 1: tabfpolis (big blind) collected ($2)
Seat 2: Desktop775 (button) (small blind) folded before Flop


PokerStars Hand #145261529225:  Hold'em Limit ($3/$6 USD) - 2015/12/13 0:32:40 ET
Table 'Attila II' 2-max Seat #1 is the button
Seat 1: tabfpolis ($65 in chips)
Seat 2: Desktop775 ($370.54 in chips)
tabfpolis: posts small blind $1
Desktop775: posts big blind $3
*** HOLE CARDS ***
tabfpolis: raises $3 to $6
Desktop775: calls $3
*** FLOP *** [Qh 9c Td]
Desktop775: checks
tabfpolis: bets $3
Desktop775: raises $3 to $6
tabfpolis: calls $3
*** TURN *** [Qh 9c Td] [4d]
Desktop775: bets $6
tabfpolis: calls $6
*** RIVER *** [Qh 9c Td 4d] [5d]
Desktop775: bets $6
tabfpolis: calls $6
*** SHOW DOWN ***
Desktop775: shows [2h Qs] (a pair of Queens)
tabfpolis: mucks hand
Desktop775 collected $47.50 from pot
*** SUMMARY ***
Total pot $48 | Rake $0.50
Board [Qh 9c Td 4d 5d]
Seat 1: tabfpolis (button) (small blind) mucked
Seat 2: Desktop775 (big blind) showed [2h Qs] and won ($47.50) with a pair of Queens


PokerStars Hand #145261535506:  Hold'em Limit ($3/$6 USD) - 2015/12/13 0:33:03 ET
Table 'Attila II' 2-max Seat #1 is the button
Seat 1: tabfpolis ($42 in chips)
Seat 2: Desktop775 ($393.04 in chips)
tabfpolis: posts small blind $1
Desktop775: posts big blind $3
*** HOLE CARDS ***
tabfpolis: raises $3 to $6
Desktop775: raises $3 to $9
tabfpolis: calls $3
*** FLOP *** [6c 3h 3c]
Desktop775: bets $3
tabfpolis: calls $3
*** TURN *** [6c 3h 3c] [6d]
Desktop775: bets $6
tabfpolis: calls $6
*** RIVER *** [6c 3h 3c 6d] [7h]
Desktop775: bets $6
tabfpolis: folds
Uncalled bet ($6) returned to Desktop775
Desktop775 collected $35.50 from pot
Desktop775: doesn't show hand
*** SUMMARY ***
Total pot $36 | Rake $0.50
Board [6c 3h 3c 6d 7h]
Seat 1: tabfpolis (button) (small blind) folded on the River
Seat 2: Desktop775 (big blind) collected ($35.50)


PokerStars Hand #145261539841:  Hold'em Limit ($3/$6 USD) - 2015/12/13 0:33:20 ET
Table 'Attila II' 2-max Seat #2 is the button
Seat 1: tabfpolis ($24 in chips)
Seat 2: Desktop775 ($410.54 in chips)
Desktop775: posts small blind $1
tabfpolis: posts big blind $3
*** HOLE CARDS ***
Desktop775: raises $3 to $6
tabfpolis: calls $3
*** FLOP *** [Ac 3s Ah]
tabfpolis: checks
Desktop775: bets $3
tabfpolis: folds
Uncalled bet ($3) returned to Desktop775
Desktop775 collected $11.76 from pot
Desktop775: doesn't show hand
*** SUMMARY ***
Total pot $12 | Rake $0.24
Board [Ac 3s Ah]
Seat 1: tabfpolis (big blind) folded on the Flop
Seat 2: Desktop775 (button) (small blind) collected ($11.76)


PokerStars Hand #145261542795:  Hold'em Limit ($3/$6 USD) - 2015/12/13 0:33:32 ET
Table 'Attila II' 2-max Seat #1 is the button
Seat 1: tabfpolis ($18 in chips)
Seat 2: Desktop775 ($416.30 in chips)
tabfpolis: posts small blind $1
Desktop775: posts big blind $3
*** HOLE CARDS ***
tabfpolis said, "bye idiot"
tabfpolis: folds
Uncalled bet ($2) returned to Desktop775
tabfpolis leaves the table
Desktop775 said, "erm"
Desktop775 collected $2 from pot
Desktop775: doesn't show hand
*** SUMMARY ***
Total pot $2 | Rake $0
Seat 1: tabfpolis (button) (small blind) folded before Flop
Seat 2: Desktop775 (big blind) collected ($2)


