PokerStars Hand #150802965508:  Hold'em Limit ($3/$6 USD) - 2016/03/23 10:23:48 ET
Table 'Attica' 6-max Seat #5 is the button
Seat 5: PinchMonk ($51.28 in chips)
Seat 6: Ale4o ($113.52 in chips)
PinchMonk: posts small blind $1
Ale4o: posts big blind $3
*** HOLE CARDS ***
PinchMonk: raises $3 to $6
Ale4o: calls $3
*** FLOP *** [9s 3h 8c]
Ale4o: checks
PinchMonk: checks
*** TURN *** [9s 3h 8c] [Jc]
Ale4o: bets $6
PinchMonk: raises $6 to $12
Ale4o: calls $6
*** RIVER *** [9s 3h 8c Jc] [Js]
Ale4o: checks
PinchMonk: bets $6
Ale4o: folds
Uncalled bet ($6) returned to PinchMonk
PinchMonk collected $35.50 from pot
PinchMonk: doesn't show hand
*** SUMMARY ***
Total pot $36 | Rake $0.50
Board [9s 3h 8c Jc Js]
Seat 5: PinchMonk (button) (small blind) collected ($35.50)
Seat 6: Ale4o (big blind) folded on the River


PokerStars Hand #150802960367:  Hold'em Limit ($3/$6 USD) - 2016/03/23 10:23:34 ET
Table 'Attica' 6-max Seat #6 is the button
Seat 5: PinchMonk ($42.64 in chips)
Seat 6: Ale4o ($122.52 in chips)
Ale4o: posts small blind $1
PinchMonk: posts big blind $3
*** HOLE CARDS ***
Ale4o: raises $3 to $6
PinchMonk: calls $3
*** FLOP *** [3d Kc Qd]
PinchMonk: checks
Ale4o: bets $3
PinchMonk: raises $3 to $6
Ale4o: folds
Uncalled bet ($3) returned to PinchMonk
PinchMonk collected $17.64 from pot
PinchMonk: doesn't show hand
*** SUMMARY ***
Total pot $18 | Rake $0.36
Board [3d Kc Qd]
Seat 5: PinchMonk (big blind) collected ($17.64)
Seat 6: Ale4o (button) (small blind) folded on the Flop


PokerStars Hand #150802952744:  Hold'em Limit ($3/$6 USD) - 2016/03/23 10:23:13 ET
Table 'Attica' 6-max Seat #5 is the button
Seat 5: PinchMonk ($54.64 in chips)
Seat 6: Ale4o ($111 in chips)
PinchMonk: posts small blind $1
Ale4o: posts big blind $3
*** HOLE CARDS ***
PinchMonk: raises $3 to $6
Ale4o: calls $3
*** FLOP *** [Ac Jh 2h]
Ale4o: checks
PinchMonk: bets $3
Ale4o: raises $3 to $6
PinchMonk: calls $3
*** TURN *** [Ac Jh 2h] [Jd]
Ale4o: bets $6
PinchMonk: folds
Uncalled bet ($6) returned to Ale4o
Ale4o collected $23.52 from pot
Ale4o: doesn't show hand
*** SUMMARY ***
Total pot $24 | Rake $0.48
Board [Ac Jh 2h Jd]
Seat 5: PinchMonk (button) (small blind) folded on the Turn
Seat 6: Ale4o (big blind) collected ($23.52)


PokerStars Hand #150802980989:  Hold'em Limit ($3/$6 USD) - 2016/03/23 10:24:32 ET
Table 'Attica' 6-max Seat #5 is the button
Seat 5: PinchMonk ($58.78 in chips)
Seat 6: Ale4o ($105.28 in chips)
PinchMonk: posts small blind $1
Ale4o: posts big blind $3
*** HOLE CARDS ***
PinchMonk: raises $3 to $6
Ale4o: calls $3
*** FLOP *** [Qd As 6h]
Ale4o: checks
PinchMonk: checks
*** TURN *** [Qd As 6h] [8d]
Ale4o: checks
PinchMonk: bets $6
Ale4o: calls $6
*** RIVER *** [Qd As 6h 8d] [7d]
Ale4o: checks
PinchMonk: bets $6
Ale4o: calls $6
*** SHOW DOWN ***
PinchMonk: shows [Qc 9d] (a pair of Queens)
Ale4o: mucks hand
PinchMonk collected $35.50 from pot
*** SUMMARY ***
Total pot $36 | Rake $0.50
Board [Qd As 6h 8d 7d]
Seat 5: PinchMonk (button) (small blind) showed [Qc 9d] and won ($35.50) with a pair of Queens
Seat 6: Ale4o (big blind) mucked


PokerStars Hand #150802990689:  Hold'em Limit ($3/$6 USD) - 2016/03/23 10:24:59 ET
Table 'Attica' 6-max Seat #6 is the button
Seat 5: PinchMonk ($76.28 in chips)
Seat 6: Ale4o ($87.28 in chips)
Ale4o: posts small blind $1
PinchMonk: posts big blind $3
*** HOLE CARDS ***
Ale4o: raises $3 to $6
PinchMonk: raises $3 to $9
Ale4o: calls $3
*** FLOP *** [2h 5s Kc]
PinchMonk: bets $3
Ale4o: folds
Uncalled bet ($3) returned to PinchMonk
PinchMonk collected $17.64 from pot
PinchMonk: doesn't show hand
*** SUMMARY ***
Total pot $18 | Rake $0.36
Board [2h 5s Kc]
Seat 5: PinchMonk (big blind) collected ($17.64)
Seat 6: Ale4o (button) (small blind) folded on the Flop


PokerStars Hand #150802975548:  Hold'em Limit ($3/$6 USD) - 2016/03/23 10:24:16 ET
Table 'Attica' 6-max Seat #5 is the button
Seat 5: PinchMonk ($62.78 in chips)
Seat 6: Ale4o ($101.28 in chips)
PinchMonk: posts small blind $1
Ale4o: posts big blind $3
*** HOLE CARDS ***
PinchMonk: folds
Uncalled bet ($2) returned to Ale4o
Ale4o collected $2 from pot
Ale4o: doesn't show hand
*** SUMMARY ***
Total pot $2 | Rake $0
Seat 5: PinchMonk (button) (small blind) folded before Flop
Seat 6: Ale4o (big blind) collected ($2)


PokerStars Hand #150802978315:  Hold'em Limit ($3/$6 USD) - 2016/03/23 10:24:24 ET
Table 'Attica' 6-max Seat #6 is the button
Seat 5: PinchMonk ($61.78 in chips)
Seat 6: Ale4o ($102.28 in chips)
Ale4o: posts small blind $1
PinchMonk: posts big blind $3
*** HOLE CARDS ***
Ale4o: raises $3 to $6
PinchMonk: folds
Uncalled bet ($3) returned to Ale4o
Ale4o collected $6 from pot
Ale4o: doesn't show hand
*** SUMMARY ***
Total pot $6 | Rake $0
Seat 5: PinchMonk (big blind) folded before Flop
Seat 6: Ale4o (button) (small blind) collected ($6)


PokerStars Hand #150803005253:  Hold'em Limit ($3/$6 USD) - 2016/03/23 10:25:41 ET
Table 'Attica' 6-max Seat #6 is the button
Seat 5: PinchMonk ($60.92 in chips)
Seat 6: Ale4o ($101.78 in chips)
Ale4o: posts small blind $1
PinchMonk: posts big blind $3
*** HOLE CARDS ***
Ale4o: raises $3 to $6
PinchMonk: folds
Uncalled bet ($3) returned to Ale4o
Ale4o collected $6 from pot
Ale4o: doesn't show hand
*** SUMMARY ***
Total pot $6 | Rake $0
Seat 5: PinchMonk (big blind) folded before Flop
Seat 6: Ale4o (button) (small blind) collected ($6)


PokerStars Hand #150803007805:  Hold'em Limit ($3/$6 USD) - 2016/03/23 10:25:48 ET
Table 'Attica' 6-max Seat #5 is the button
Seat 5: PinchMonk ($57.92 in chips)
Seat 6: Ale4o ($104.78 in chips)
PinchMonk: posts small blind $1
Ale4o: posts big blind $3
*** HOLE CARDS ***
PinchMonk: raises $3 to $6
Ale4o: calls $3
*** FLOP *** [Ks 7c 2h]
Ale4o: bets $3
PinchMonk: folds
Uncalled bet ($3) returned to Ale4o
Ale4o collected $11.76 from pot
Ale4o: doesn't show hand
*** SUMMARY ***
Total pot $12 | Rake $0.24
Board [Ks 7c 2h]
Seat 5: PinchMonk (button) (small blind) folded on the Flop
Seat 6: Ale4o (big blind) collected ($11.76)


PokerStars Hand #150803010786:  Hold'em Limit ($3/$6 USD) - 2016/03/23 10:25:56 ET
Table 'Attica' 6-max Seat #6 is the button
Seat 5: PinchMonk ($51.92 in chips)
Seat 6: Ale4o ($110.54 in chips)
Ale4o: posts small blind $1
PinchMonk: posts big blind $3
*** HOLE CARDS ***
Ale4o: raises $3 to $6
PinchMonk: calls $3
*** FLOP *** [8c 6h Tc]
PinchMonk: checks
Ale4o: checks
*** TURN *** [8c 6h Tc] [6c]
PinchMonk: checks
Ale4o: checks
*** RIVER *** [8c 6h Tc 6c] [Js]
PinchMonk: checks
Ale4o: checks
*** SHOW DOWN ***
PinchMonk: shows [5c Kh] (a pair of Sixes)
Ale4o: mucks hand
PinchMonk collected $11.76 from pot
*** SUMMARY ***
Total pot $12 | Rake $0.24
Board [8c 6h Tc 6c Js]
Seat 5: PinchMonk (big blind) showed [5c Kh] and won ($11.76) with a pair of Sixes
Seat 6: Ale4o (button) (small blind) mucked


PokerStars Hand #150802994675:  Hold'em Limit ($3/$6 USD) - 2016/03/23 10:25:11 ET
Table 'Attica' 6-max Seat #5 is the button
Seat 5: PinchMonk ($84.92 in chips)
Seat 6: Ale4o ($78.28 in chips)
PinchMonk: posts small blind $1
Ale4o: posts big blind $3
*** HOLE CARDS ***
PinchMonk: raises $3 to $6
Ale4o: calls $3
*** FLOP *** [9c Js Qc]
Ale4o: checks
PinchMonk: checks
*** TURN *** [9c Js Qc] [6d]
Ale4o: checks
PinchMonk: bets $6
Ale4o: calls $6
*** RIVER *** [9c Js Qc 6d] [6c]
Ale4o: checks
PinchMonk: bets $6
Ale4o: raises $6 to $12
PinchMonk: calls $6
*** SHOW DOWN ***
Ale4o: shows [Ts 6s] (three of a kind, Sixes)
PinchMonk: mucks hand
Ale4o collected $47.50 from pot
*** SUMMARY ***
Total pot $48 | Rake $0.50
Board [9c Js Qc 6d 6c]
Seat 5: PinchMonk (button) (small blind) mucked
Seat 6: Ale4o (big blind) showed [Ts 6s] and won ($47.50) with three of a kind, Sixes


PokerStars Hand #150803031417:  Hold'em Limit ($3/$6 USD) - 2016/03/23 10:26:56 ET
Table 'Attica' 6-max Seat #6 is the button
Seat 5: PinchMonk ($71.83 in chips)
Seat 6: Ale4o ($89.29 in chips)
Ale4o: posts small blind $1
PinchMonk: posts big blind $3
*** HOLE CARDS ***
Ale4o: raises $3 to $6
PinchMonk: calls $3
*** FLOP *** [4s 7h 6c]
PinchMonk: checks
Ale4o: checks
*** TURN *** [4s 7h 6c] [2s]
PinchMonk: bets $6
Ale4o: calls $6
*** RIVER *** [4s 7h 6c 2s] [7s]
PinchMonk: bets $6
Ale4o: folds
Uncalled bet ($6) returned to PinchMonk
PinchMonk collected $23.52 from pot
PinchMonk: doesn't show hand
*** SUMMARY ***
Total pot $24 | Rake $0.48
Board [4s 7h 6c 2s 7s]
Seat 5: PinchMonk (big blind) collected ($23.52)
Seat 6: Ale4o (button) (small blind) folded on the River


PokerStars Hand #150803021960:  Hold'em Limit ($3/$6 USD) - 2016/03/23 10:26:29 ET
Table 'Attica' 6-max Seat #6 is the button
Seat 5: PinchMonk ($66.32 in chips)
Seat 6: Ale4o ($95.54 in chips)
Ale4o: posts small blind $1
PinchMonk: posts big blind $3
*** HOLE CARDS ***
Ale4o: raises $3 to $6
PinchMonk: calls $3
*** FLOP *** [5h 9d Kc]
PinchMonk: checks
Ale4o: bets $3
PinchMonk: raises $3 to $6
Ale4o: calls $3
*** TURN *** [5h 9d Kc] [7h]
PinchMonk: bets $6
Ale4o: calls $6
*** RIVER *** [5h 9d Kc 7h] [Ks]
PinchMonk: bets $6
Ale4o: calls $6
*** SHOW DOWN ***
PinchMonk: shows [Kh 3d] (three of a kind, Kings)
Ale4o: shows [Kd 6d] (three of a kind, Kings)
PinchMonk collected $23.75 from pot
Ale4o collected $23.75 from pot
*** SUMMARY ***
Total pot $48 | Rake $0.50
Board [5h 9d Kc 7h Ks]
Seat 5: PinchMonk (big blind) showed [Kh 3d] and won ($23.75) with three of a kind, Kings
Seat 6: Ale4o (button) (small blind) showed [Kd 6d] and won ($23.75) with three of a kind, Kings


PokerStars Hand #150803027863:  Hold'em Limit ($3/$6 USD) - 2016/03/23 10:26:46 ET
Table 'Attica' 6-max Seat #5 is the button
Seat 5: PinchMonk ($66.07 in chips)
Seat 6: Ale4o ($95.29 in chips)
PinchMonk: posts small blind $1
Ale4o: posts big blind $3
*** HOLE CARDS ***
PinchMonk: raises $3 to $6
Ale4o: calls $3
*** FLOP *** [3d 8h 6s]
Ale4o: checks
PinchMonk: bets $3
Ale4o: folds
Uncalled bet ($3) returned to PinchMonk
PinchMonk collected $11.76 from pot
PinchMonk: doesn't show hand
*** SUMMARY ***
Total pot $12 | Rake $0.24
Board [3d 8h 6s]
Seat 5: PinchMonk (button) (small blind) collected ($11.76)
Seat 6: Ale4o (big blind) folded on the Flop


PokerStars Hand #150803017067:  Hold'em Limit ($3/$6 USD) - 2016/03/23 10:26:15 ET
Table 'Attica' 6-max Seat #5 is the button
Seat 5: PinchMonk ($57.68 in chips)
Seat 6: Ale4o ($104.54 in chips)
PinchMonk: posts small blind $1
Ale4o: posts big blind $3
*** HOLE CARDS ***
PinchMonk: raises $3 to $6
Ale4o: calls $3
*** FLOP *** [8s 5s Th]
Ale4o: bets $3
PinchMonk: calls $3
*** TURN *** [8s 5s Th] [Jd]
Ale4o: checks
PinchMonk: checks
*** RIVER *** [8s 5s Th Jd] [Tc]
Ale4o: checks
PinchMonk: bets $6
Ale4o: folds
Uncalled bet ($6) returned to PinchMonk
PinchMonk collected $17.64 from pot
PinchMonk: doesn't show hand
*** SUMMARY ***
Total pot $18 | Rake $0.36
Board [8s 5s Th Jd Tc]
Seat 5: PinchMonk (button) (small blind) collected ($17.64)
Seat 6: Ale4o (big blind) folded on the River


PokerStars Hand #150803043533:  Hold'em Limit ($3/$6 USD) - 2016/03/23 10:27:31 ET
Table 'Attica' 6-max Seat #6 is the button
Seat 5: PinchMonk ($65.35 in chips)
Seat 6: Ale4o ($94.79 in chips)
Ale4o: posts small blind $1
PinchMonk: posts big blind $3
*** HOLE CARDS ***
Ale4o: folds
Uncalled bet ($2) returned to PinchMonk
PinchMonk collected $2 from pot
PinchMonk: doesn't show hand
*** SUMMARY ***
Total pot $2 | Rake $0
Seat 5: PinchMonk (big blind) collected ($2)
Seat 6: Ale4o (button) (small blind) folded before Flop


PokerStars Hand #150803037459:  Hold'em Limit ($3/$6 USD) - 2016/03/23 10:27:13 ET
Table 'Attica' 6-max Seat #5 is the button
Seat 5: PinchMonk ($83.35 in chips)
Seat 6: Ale4o ($77.29 in chips)
PinchMonk: posts small blind $1
Ale4o: posts big blind $3
*** HOLE CARDS ***
PinchMonk: raises $3 to $6
Ale4o: calls $3
*** FLOP *** [4d 4c Qs]
Ale4o: checks
PinchMonk: checks
*** TURN *** [4d 4c Qs] [Qh]
Ale4o: bets $6
PinchMonk: calls $6
*** RIVER *** [4d 4c Qs Qh] [Jd]
Ale4o: bets $6
PinchMonk: calls $6
*** SHOW DOWN ***
Ale4o: shows [Qc 6c] (a full house, Queens full of Fours)
PinchMonk: mucks hand
Ale4o collected $35.50 from pot
*** SUMMARY ***
Total pot $36 | Rake $0.50
Board [4d 4c Qs Qh Jd]
Seat 5: PinchMonk (button) (small blind) mucked
Seat 6: Ale4o (big blind) showed [Qc 6c] and won ($35.50) with a full house, Queens full of Fours


