PokerStars Hand #159175799612:  Hold'em Limit ($3/$6 USD) - 2016/09/27 16:17:02 ET
Table 'Attica' 6-max Seat #2 is the button
Seat 2: raccoon444 ($142.43 in chips)
Seat 5: ABATAPP ($58.06 in chips)
raccoon444: posts small blind $1
Hannibal2211: is sitting out
ABATAPP: posts big blind $3
*** HOLE CARDS ***
raccoon444: folds
Uncalled bet ($2) returned to ABATAPP
ABATAPP collected $2 from pot
ABATAPP: doesn't show hand
*** SUMMARY ***
Total pot $2 | Rake $0
Seat 2: raccoon444 (button) (small blind) folded before Flop
Seat 5: ABATAPP (big blind) collected ($2)


PokerStars Hand #159175803393:  Hold'em Limit ($3/$6 USD) - 2016/09/27 16:17:07 ET
Table 'Attica' 6-max Seat #5 is the button
Seat 2: raccoon444 ($141.43 in chips)
Seat 5: ABATAPP ($59.06 in chips)
ABATAPP: posts small blind $1
raccoon444: posts big blind $3
*** HOLE CARDS ***
ABATAPP: raises $3 to $6
raccoon444: calls $3
*** FLOP *** [8h 4c Jh]
raccoon444: checks
ABATAPP: checks
*** TURN *** [8h 4c Jh] [Jd]
raccoon444: checks
ABATAPP: bets $6
raccoon444: folds
Uncalled bet ($6) returned to ABATAPP
ABATAPP collected $11.76 from pot
ABATAPP: doesn't show hand
*** SUMMARY ***
Total pot $12 | Rake $0.24
Board [8h 4c Jh Jd]
Seat 2: raccoon444 (big blind) folded on the Turn
Seat 5: ABATAPP (button) (small blind) collected ($11.76)


PokerStars Hand #159176011368:  Hold'em Limit ($3/$6 USD) - 2016/09/27 16:21:28 ET
Table 'Attica' 6-max Seat #4 is the button
Seat 2: raccoon444 ($114.86 in chips)
Seat 4: Hannibal2211 ($131.81 in chips)
Hannibal2211: posts small blind $1
raccoon444: posts big blind $3
*** HOLE CARDS ***
Hannibal2211: raises $3 to $6
raccoon444: calls $3
*** FLOP *** [7c 3h Jh]
ABATAPP joins the table at seat #3
raccoon444: checks
Hannibal2211: bets $3
raccoon444: folds
Uncalled bet ($3) returned to Hannibal2211
Hannibal2211 collected $11.76 from pot
*** SUMMARY ***
Total pot $12 | Rake $0.24
Board [7c 3h Jh]
Seat 2: raccoon444 (big blind) folded on the Flop
Seat 4: Hannibal2211 (button) (small blind) collected ($11.76)


PokerStars Hand #159179190940:  Hold'em Limit ($3/$6 USD) - 2016/09/27 17:27:07 ET
Table 'Attica' 6-max Seat #2 is the button
Seat 2: coman567 ($211.92 in chips)
Seat 5: whats money ($222.02 in chips)
coman567: posts small blind $1
Hannibal2211: is sitting out
whats money: posts big blind $3
*** HOLE CARDS ***
coman567: raises $3 to $6
Hannibal2211 leaves the table
Hannibal2211 joins the table at seat #6
whats money: calls $3
*** FLOP *** [Kc 7h Qd]
whats money: checks
coman567: bets $3
whats money: folds
Uncalled bet ($3) returned to coman567
coman567 collected $11.76 from pot
coman567: doesn't show hand
*** SUMMARY ***
Total pot $12 | Rake $0.24
Board [Kc 7h Qd]
Seat 2: coman567 (button) (small blind) collected ($11.76)
Seat 5: whats money (big blind) folded on the Flop


PokerStars Hand #159184137532:  Hold'em Limit ($3/$6 USD) - 2016/09/27 19:30:56 ET
Table 'Attica' 6-max Seat #6 is the button
Seat 2: coman567 ($423.77 in chips)
Seat 6: KnoHow2RockU ($127.28 in chips)
KnoHow2RockU: posts small blind $1
LWNS: is sitting out
coman567: posts big blind $3
*** HOLE CARDS ***
KnoHow2RockU: folds
Uncalled bet ($2) returned to coman567
coman567 collected $2 from pot
coman567: doesn't show hand
*** SUMMARY ***
Total pot $2 | Rake $0
Seat 2: coman567 (big blind) collected ($2)
Seat 6: KnoHow2RockU (button) (small blind) folded before Flop


