PokerStars Hand #162645600070:  Hold'em Limit ($3/$6 USD) - 2016/12/08 22:45:09 ET
Table 'Attila' 6-max Seat #6 is the button
Seat 4: F1l1p3 ($139.81 in chips)
Seat 6: play4uron ($79.74 in chips)
play4uron: posts small blind $1
ToDaFelt: is sitting out
F1l1p3: posts big blind $3
*** HOLE CARDS ***
play4uron: raises $3 to $6
F1l1p3: calls $3
*** FLOP *** [Qs 9h 2h]
F1l1p3: checks
ToDaFelt leaves the table
play4uron: bets $3
F1l1p3: calls $3
*** TURN *** [Qs 9h 2h] [6h]
F1l1p3: checks
play4uron: bets $6
F1l1p3: calls $6
*** RIVER *** [Qs 9h 2h 6h] [5d]
F1l1p3: checks
play4uron: bets $6
F1l1p3: calls $6
*** SHOW DOWN ***
play4uron: shows [9c 5c] (two pair, Nines and Fives)
F1l1p3: mucks hand
play4uron collected $41.50 from pot
*** SUMMARY ***
Total pot $42 | Rake $0.50
Board [Qs 9h 2h 6h 5d]
Seat 4: F1l1p3 (big blind) mucked
Seat 6: play4uron (button) (small blind) showed [9c 5c] and won ($41.50) with two pair, Nines and Fives


PokerStars Hand #162645632631:  Hold'em Limit ($3/$6 USD) - 2016/12/08 22:46:39 ET
Table 'Attila' 6-max Seat #4 is the button
Seat 4: F1l1p3 ($59.81 in chips)
Seat 6: play4uron ($157.88 in chips)
F1l1p3: posts small blind $1
play4uron: posts big blind $3
*** HOLE CARDS ***
F1l1p3: folds
Uncalled bet ($2) returned to play4uron
play4uron collected $2 from pot
play4uron: doesn't show hand
*** SUMMARY ***
Total pot $2 | Rake $0
Seat 4: F1l1p3 (button) (small blind) folded before Flop
Seat 6: play4uron (big blind) collected ($2)


PokerStars Hand #162645626353:  Hold'em Limit ($3/$6 USD) - 2016/12/08 22:46:22 ET
Table 'Attila' 6-max Seat #6 is the button
Seat 4: F1l1p3 ($68.81 in chips)
Seat 6: play4uron ($149.24 in chips)
play4uron: posts small blind $1
F1l1p3: posts big blind $3
*** HOLE CARDS ***
play4uron: raises $3 to $6
F1l1p3: calls $3
*** FLOP *** [3c 6s 5h]
F1l1p3: checks
play4uron: bets $3
F1l1p3: calls $3
*** TURN *** [3c 6s 5h] [3d]
F1l1p3: checks
play4uron: bets $6
F1l1p3: folds
Uncalled bet ($6) returned to play4uron
play4uron collected $17.64 from pot
play4uron: doesn't show hand
*** SUMMARY ***
Total pot $18 | Rake $0.36
Board [3c 6s 5h 3d]
Seat 4: F1l1p3 (big blind) folded on the Turn
Seat 6: play4uron (button) (small blind) collected ($17.64)


PokerStars Hand #162645618202:  Hold'em Limit ($3/$6 USD) - 2016/12/08 22:46:00 ET
Table 'Attila' 6-max Seat #4 is the button
Seat 4: F1l1p3 ($101.81 in chips)
Seat 6: play4uron ($116.74 in chips)
F1l1p3: posts small blind $1
play4uron: posts big blind $3
*** HOLE CARDS ***
F1l1p3: raises $3 to $6
play4uron: calls $3
*** FLOP *** [8c 6s 4h]
play4uron: bets $3
F1l1p3: calls $3
*** TURN *** [8c 6s 4h] [4c]
play4uron: bets $6
F1l1p3: calls $6
*** RIVER *** [8c 6s 4h 4c] [Qh]
play4uron: bets $6
F1l1p3: raises $6 to $12
play4uron: raises $6 to $18
F1l1p3: calls $6
*** SHOW DOWN ***
play4uron: shows [Ac 4s] (three of a kind, Fours)
F1l1p3: mucks hand
play4uron collected $65.50 from pot
*** SUMMARY ***
Total pot $66 | Rake $0.50
Board [8c 6s 4h 4c Qh]
Seat 4: F1l1p3 (button) (small blind) mucked
Seat 6: play4uron (big blind) showed [Ac 4s] and won ($65.50) with three of a kind, Fours


PokerStars Hand #162645616085:  Hold'em Limit ($3/$6 USD) - 2016/12/08 22:45:54 ET
Table 'Attila' 6-max Seat #6 is the button
Seat 4: F1l1p3 ($100.81 in chips)
Seat 6: play4uron ($117.74 in chips)
play4uron: posts small blind $1
F1l1p3: posts big blind $3
*** HOLE CARDS ***
play4uron: folds
Uncalled bet ($2) returned to F1l1p3
F1l1p3 collected $2 from pot
F1l1p3: doesn't show hand
*** SUMMARY ***
Total pot $2 | Rake $0
Seat 4: F1l1p3 (big blind) collected ($2)
Seat 6: play4uron (button) (small blind) folded before Flop


PokerStars Hand #162645608740:  Hold'em Limit ($3/$6 USD) - 2016/12/08 22:45:34 ET
Table 'Attila' 6-max Seat #4 is the button
Seat 4: F1l1p3 ($118.81 in chips)
Seat 6: play4uron ($100.24 in chips)
F1l1p3: posts small blind $1
play4uron: posts big blind $3
*** HOLE CARDS ***
F1l1p3: calls $2
play4uron: checks
*** FLOP *** [3c 8h Qd]
play4uron: checks
F1l1p3: bets $3
play4uron: calls $3
*** TURN *** [3c 8h Qd] [Ac]
play4uron: bets $6
F1l1p3: calls $6
*** RIVER *** [3c 8h Qd Ac] [4c]
play4uron: bets $6
F1l1p3: calls $6
*** SHOW DOWN ***
play4uron: shows [Qc 7s] (a pair of Queens)
F1l1p3: mucks hand
play4uron collected $35.50 from pot
*** SUMMARY ***
Total pot $36 | Rake $0.50
Board [3c 8h Qd Ac 4c]
Seat 4: F1l1p3 (button) (small blind) mucked
Seat 6: play4uron (big blind) showed [Qc 7s] and won ($35.50) with a pair of Queens


PokerStars Hand #162645634419:  Hold'em Limit ($3/$6 USD) - 2016/12/08 22:46:44 ET
Table 'Attila' 6-max Seat #6 is the button
Seat 4: F1l1p3 ($58.81 in chips)
Seat 6: play4uron ($158.88 in chips)
play4uron: posts small blind $1
F1l1p3: posts big blind $3
*** HOLE CARDS ***
play4uron: raises $3 to $6
F1l1p3: calls $3
*** FLOP *** [8s 5d 8d]
F1l1p3: checks
play4uron: bets $3
F1l1p3: calls $3
*** TURN *** [8s 5d 8d] [4h]
F1l1p3: checks
play4uron: bets $6
F1l1p3: calls $6
*** RIVER *** [8s 5d 8d 4h] [2c]
F1l1p3: checks
play4uron: bets $6
F1l1p3: calls $6
*** SHOW DOWN ***
play4uron: shows [7d 8h] (three of a kind, Eights)
F1l1p3: mucks hand
play4uron collected $41.50 from pot
*** SUMMARY ***
Total pot $42 | Rake $0.50
Board [8s 5d 8d 4h 2c]
Seat 4: F1l1p3 (big blind) mucked
Seat 6: play4uron (button) (small blind) showed [7d 8h] and won ($41.50) with three of a kind, Eights


PokerStars Hand #162645643741:  Hold'em Limit ($3/$6 USD) - 2016/12/08 22:47:10 ET
Table 'Attila' 6-max Seat #4 is the button
Seat 4: F1l1p3 ($37.81 in chips)
Seat 6: play4uron ($179.38 in chips)
F1l1p3: posts small blind $1
play4uron: posts big blind $3
*** HOLE CARDS ***
F1l1p3: raises $3 to $6
play4uron: raises $3 to $9
F1l1p3: calls $3
*** FLOP *** [As Kh Th]
play4uron: bets $3
F1l1p3: calls $3
*** TURN *** [As Kh Th] [7c]
play4uron: bets $6
F1l1p3: raises $6 to $12
play4uron: calls $6
*** RIVER *** [As Kh Th 7c] [Jd]
play4uron: bets $6
F1l1p3: calls $6
*** SHOW DOWN ***
play4uron: shows [Ac Js] (two pair, Aces and Jacks)
F1l1p3: mucks hand
play4uron collected $59.50 from pot
F1l1p3 leaves the table
*** SUMMARY ***
Total pot $60 | Rake $0.50
Board [As Kh Th 7c Jd]
Seat 4: F1l1p3 (button) (small blind) mucked
Seat 6: play4uron (big blind) showed [Ac Js] and won ($59.50) with two pair, Aces and Jacks


