PokerStars Hand #171335742153:  Hold'em Limit ($3/$6 USD) - 2017/06/04 12:52:29 ET
Table 'Augeias' 6-max Seat #3 is the button
Seat 3: Lee2k5 ($221.70 in chips)
Seat 5: belik555 ($224.93 in chips)
Chessnok will be allowed to play after the button
Lee2k5: posts small blind $1
belik555: posts big blind $3
*** HOLE CARDS ***
magonegro leaves the table
Lee2k5: folds
Uncalled bet ($2) returned to belik555
belik555 collected $2 from pot
belik555: doesn't show hand
*** SUMMARY ***
Total pot $2 | Rake $0
Seat 3: Lee2k5 (button) (small blind) folded before Flop
Seat 5: belik555 (big blind) collected ($2)


PokerStars Hand #171335778121:  Hold'em Limit ($3/$6 USD) - 2017/06/04 12:53:15 ET
Table 'Augeias' 6-max Seat #2 is the button
Seat 2: Chessnok ($117 in chips)
Seat 5: belik555 ($210.93 in chips)
Chessnok: posts small blind $1
Lee2k5: is sitting out
belik555: posts big blind $3
*** HOLE CARDS ***
Chessnok: raises $3 to $6
Lee2k5 leaves the table
belik555: calls $3
*** FLOP *** [9s 9h Kd]
belik555: checks
Chessnok: bets $3
belik555: folds
Uncalled bet ($3) returned to Chessnok
Chessnok collected $11.76 from pot
Chessnok: doesn't show hand
*** SUMMARY ***
Total pot $12 | Rake $0.24
Board [9s 9h Kd]
Seat 2: Chessnok (button) (small blind) collected ($11.76)
Seat 5: belik555 (big blind) folded on the Flop


