PokerStars Hand #153717154755:  Hold'em Limit ($3/$6 USD) - 2016/05/23 3:27:16 ET
Table 'Augeias' 6-max Seat #6 is the button
Seat 4: Agrotait ($72 in chips)
Seat 6: 19woody58 ($178.70 in chips)
19woody58: posts small blind $1
Agrotait: posts big blind $3
*** HOLE CARDS ***
19woody58: calls $2
Agrotait: raises $3 to $6
19woody58: calls $3
*** FLOP *** [Th 8d 9h]
Agrotait: checks
19woody58: checks
*** TURN *** [Th 8d 9h] [Tc]
Agrotait: bets $6
19woody58: folds
Uncalled bet ($6) returned to Agrotait
Agrotait collected $11.76 from pot
Agrotait: doesn't show hand
*** SUMMARY ***
Total pot $12 | Rake $0.24
Board [Th 8d 9h Tc]
Seat 4: Agrotait (big blind) collected ($11.76)
Seat 6: 19woody58 (button) (small blind) folded on the Turn


PokerStars Hand #153717161755:  Hold'em Limit ($3/$6 USD) - 2016/05/23 3:27:42 ET
Table 'Augeias' 6-max Seat #4 is the button
Seat 4: Agrotait ($77.76 in chips)
Seat 6: 19woody58 ($172.70 in chips)
Agrotait: posts small blind $1
19woody58: posts big blind $3
*** HOLE CARDS ***
Agrotait: raises $3 to $6
19woody58: calls $3
*** FLOP *** [8d 9d Qc]
19woody58: checks
Agrotait: bets $3
19woody58: calls $3
*** TURN *** [8d 9d Qc] [9s]
19woody58: checks
Agrotait: bets $6
19woody58: calls $6
*** RIVER *** [8d 9d Qc 9s] [Jc]
19woody58: checks
Agrotait: checks
*** SHOW DOWN ***
19woody58: shows [5s 5h] (two pair, Nines and Fives)
Agrotait: mucks hand
19woody58 collected $29.50 from pot
*** SUMMARY ***
Total pot $30 | Rake $0.50
Board [8d 9d Qc 9s Jc]
Seat 4: Agrotait (button) (small blind) mucked
Seat 6: 19woody58 (big blind) showed [5s 5h] and won ($29.50) with two pair, Nines and Fives


PokerStars Hand #153717169333:  Hold'em Limit ($3/$6 USD) - 2016/05/23 3:28:10 ET
Table 'Augeias' 6-max Seat #6 is the button
Seat 4: Agrotait ($62.76 in chips)
Seat 6: 19woody58 ($187.20 in chips)
19woody58: posts small blind $1
Agrotait: posts big blind $3
*** HOLE CARDS ***
19woody58: calls $2
Agrotait: raises $3 to $6
19woody58: calls $3
*** FLOP *** [Qs Qc 8h]
Agrotait: bets $3
19woody58: calls $3
*** TURN *** [Qs Qc 8h] [5h]
Ag3r0n joins the table at seat #1
Agrotait: checks
19woody58: bets $6
Agrotait: calls $6
*** RIVER *** [Qs Qc 8h 5h] [8s]
Agrotait: checks
19woody58: bets $6
Agrotait: calls $6
*** SHOW DOWN ***
19woody58: shows [8d Jc] (a full house, Eights full of Queens)
Agrotait: mucks hand
19woody58 collected $41.50 from pot
*** SUMMARY ***
Total pot $42 | Rake $0.50
Board [Qs Qc 8h 5h 8s]
Seat 4: Agrotait (big blind) mucked
Seat 6: 19woody58 (button) (small blind) showed [8d Jc] and won ($41.50) with a full house, Eights full of Queens


PokerStars Hand #153717187518:  Hold'em Limit ($3/$6 USD) - 2016/05/23 3:29:19 ET
Table 'Augeias' 6-max Seat #4 is the button
Seat 4: Agrotait ($72 in chips)
Seat 6: 19woody58 ($207.70 in chips)
Agrotait: posts small blind $1
19woody58: posts big blind $3
*** HOLE CARDS ***
Agrotait: raises $3 to $6
19woody58: calls $3
*** FLOP *** [Ad 8c 7c]
19woody58: checks
Agrotait: bets $3
19woody58: calls $3
*** TURN *** [Ad 8c 7c] [3c]
19woody58: checks
Agrotait: checks
*** RIVER *** [Ad 8c 7c 3c] [7s]
19woody58: bets $6
Agrotait: folds
Uncalled bet ($6) returned to 19woody58
19woody58 collected $17.64 from pot
*** SUMMARY ***
Total pot $18 | Rake $0.36
Board [Ad 8c 7c 3c 7s]
Seat 4: Agrotait (button) (small blind) folded on the River
Seat 6: 19woody58 (big blind) collected ($17.64)


PokerStars Hand #153721143469:  Hold'em Limit ($3/$6 USD) - 2016/05/23 6:42:08 ET
Table 'Augeias' 6-max Seat #3 is the button
Seat 2: Runner130 ($193.98 in chips)
Seat 3: TopDJTex ($162.54 in chips)
TopDJTex: posts small blind $1
VolkovDmitri: is sitting out
derdex: is sitting out
tomte999: is sitting out
Runner130: posts big blind $3
*** HOLE CARDS ***
VolkovDmitri leaves the table
TopDJTex: folds
Uncalled bet ($2) returned to Runner130
Runner130 collected $2 from pot
tomte999 leaves the table
*** SUMMARY ***
Total pot $2 | Rake $0
Seat 2: Runner130 (big blind) collected ($2)
Seat 3: TopDJTex (button) (small blind) folded before Flop


