PokerStars Hand #156087989076:  Hold'em Limit ($3/$6 USD) - 2016/07/17 12:52:15 ET
Table 'Augeias II' 6-max Seat #4 is the button
Seat 4: AzureCaper ($73 in chips)
Seat 5: diamont flus ($80 in chips)
AzureCaper: posts small blind $1
diamont flus: posts big blind $3
*** HOLE CARDS ***
AzureCaper: folds
Uncalled bet ($2) returned to diamont flus
diamont flus collected $2 from pot
*** SUMMARY ***
Total pot $2 | Rake $0
Seat 4: AzureCaper (button) (small blind) folded before Flop
Seat 5: diamont flus (big blind) collected ($2)


PokerStars Hand #156088040547:  Hold'em Limit ($3/$6 USD) - 2016/07/17 12:53:13 ET
Table 'Augeias II' 6-max Seat #4 is the button
Seat 4: AzureCaper ($96.50 in chips)
Seat 5: diamont flus ($56 in chips)
AzureCaper: posts small blind $1
diamont flus: posts big blind $3
*** HOLE CARDS ***
AzureCaper: folds
Uncalled bet ($2) returned to diamont flus
diamont flus collected $2 from pot
*** SUMMARY ***
Total pot $2 | Rake $0
Seat 4: AzureCaper (button) (small blind) folded before Flop
Seat 5: diamont flus (big blind) collected ($2)


PokerStars Hand #156088012001:  Hold'em Limit ($3/$6 USD) - 2016/07/17 12:52:41 ET
Table 'Augeias II' 6-max Seat #5 is the button
Seat 4: AzureCaper ($76 in chips)
Seat 5: diamont flus ($77 in chips)
diamont flus: posts small blind $1
AzureCaper: posts big blind $3
*** HOLE CARDS ***
diamont flus: raises $3 to $6
AzureCaper: calls $3
*** FLOP *** [6c 2s Jc]
AzureCaper: checks
FaStBluff joins the table at seat #3
diamont flus: bets $3
Perumov joins the table at seat #6
AzureCaper: calls $3
*** TURN *** [6c 2s Jc] [Th]
AzureCaper: checks
diamont flus: bets $6
AzureCaper: calls $6
*** RIVER *** [6c 2s Jc Th] [Jh]
AzureCaper: checks
diamont flus: bets $6
AzureCaper: calls $6
*** SHOW DOWN ***
diamont flus: shows [5h 3h] (a pair of Jacks)
AzureCaper: shows [9c 6s] (two pair, Jacks and Sixes)
AzureCaper collected $41.50 from pot
*** SUMMARY ***
Total pot $42 | Rake $0.50
Board [6c 2s Jc Th Jh]
Seat 4: AzureCaper (big blind) showed [9c 6s] and won ($41.50) with two pair, Jacks and Sixes
Seat 5: diamont flus (button) (small blind) showed [5h 3h] and lost with a pair of Jacks


PokerStars Hand #156087997293:  Hold'em Limit ($3/$6 USD) - 2016/07/17 12:52:24 ET
Table 'Augeias II' 6-max Seat #4 is the button
Seat 4: AzureCaper ($73 in chips)
Seat 5: diamont flus ($80 in chips)
AzureCaper: posts small blind $1
diamont flus: posts big blind $3
*** HOLE CARDS ***
AzureCaper: folds
Uncalled bet ($2) returned to diamont flus
diamont flus collected $2 from pot
*** SUMMARY ***
Total pot $2 | Rake $0
Seat 4: AzureCaper (button) (small blind) folded before Flop
Seat 5: diamont flus (big blind) collected ($2)


PokerStars Hand #156087993106:  Hold'em Limit ($3/$6 USD) - 2016/07/17 12:52:19 ET
Table 'Augeias II' 6-max Seat #5 is the button
Seat 4: AzureCaper ($72 in chips)
Seat 5: diamont flus ($81 in chips)
diamont flus: posts small blind $1
AzureCaper: posts big blind $3
*** HOLE CARDS ***
diamont flus: folds
Uncalled bet ($2) returned to AzureCaper
AzureCaper collected $2 from pot
AzureCaper: doesn't show hand
*** SUMMARY ***
Total pot $2 | Rake $0
Seat 4: AzureCaper (big blind) collected ($2)
Seat 5: diamont flus (button) (small blind) folded before Flop


PokerStars Hand #156088006731:  Hold'em Limit ($3/$6 USD) - 2016/07/17 12:52:35 ET
Table 'Augeias II' 6-max Seat #4 is the button
Seat 4: AzureCaper ($73 in chips)
Seat 5: diamont flus ($80 in chips)
AzureCaper: posts small blind $1
diamont flus: posts big blind $3
*** HOLE CARDS ***
AzureCaper: raises $3 to $6
diamont flus: folds
Uncalled bet ($3) returned to AzureCaper
AzureCaper collected $6 from pot
AzureCaper: doesn't show hand
*** SUMMARY ***
Total pot $6 | Rake $0
Seat 4: AzureCaper (button) (small blind) collected ($6)
Seat 5: diamont flus (big blind) folded before Flop


PokerStars Hand #156088002395:  Hold'em Limit ($3/$6 USD) - 2016/07/17 12:52:30 ET
Table 'Augeias II' 6-max Seat #5 is the button
Seat 4: AzureCaper ($72 in chips)
Seat 5: diamont flus ($81 in chips)
diamont flus: posts small blind $1
AzureCaper: posts big blind $3
*** HOLE CARDS ***
diamont flus: folds
Uncalled bet ($2) returned to AzureCaper
AzureCaper collected $2 from pot
AzureCaper: doesn't show hand
*** SUMMARY ***
Total pot $2 | Rake $0
Seat 4: AzureCaper (big blind) collected ($2)
Seat 5: diamont flus (button) (small blind) folded before Flop


PokerStars Hand #156093598200:  Hold'em Limit ($3/$6 USD) - 2016/07/17 14:36:04 ET
Table 'Augeias II' 6-max Seat #5 is the button
Seat 3: LolDnkaments ($93.68 in chips)
Seat 5: TinaTurner72 ($162 in chips)
TinaTurner72: posts small blind $1
LolDnkaments: posts big blind $3
*** HOLE CARDS ***
TinaTurner72: raises $3 to $6
Jigorek1989 leaves the table
LolDnkaments: raises $3 to $9
TinaTurner72: calls $3
*** FLOP *** [Ad 2d Tc]
LolDnkaments: bets $3
TinaTurner72: calls $3
*** TURN *** [Ad 2d Tc] [3h]
LolDnkaments: bets $6
TinaTurner72: calls $6
*** RIVER *** [Ad 2d Tc 3h] [Jh]
LolDnkaments: bets $6
TinaTurner72: calls $6
*** SHOW DOWN ***
LolDnkaments: shows [As 9h] (a pair of Aces)
TinaTurner72: mucks hand
LolDnkaments collected $47.50 from pot
*** SUMMARY ***
Total pot $48 | Rake $0.50
Board [Ad 2d Tc 3h Jh]
Seat 3: LolDnkaments (big blind) showed [As 9h] and won ($47.50) with a pair of Aces
Seat 5: TinaTurner72 (button) (small blind) mucked


