PokerStars Hand #172174623732:  Hold'em Limit ($3/$6 USD) - 2017/06/24 8:52:35 ET
Table 'Aunus' 6-max Seat #3 is the button
Seat 2: 19woody58 ($122.76 in chips)
Seat 3: AzureCaper ($72 in chips)
AzureCaper: posts small blind $1
19woody58: posts big blind $3
*** HOLE CARDS ***
AzureCaper: raises $3 to $6
19woody58: folds
Uncalled bet ($3) returned to AzureCaper
AzureCaper collected $6 from pot
AzureCaper: doesn't show hand
*** SUMMARY ***
Total pot $6 | Rake $0
Seat 2: 19woody58 (big blind) folded before Flop
Seat 3: AzureCaper (button) (small blind) collected ($6)


PokerStars Hand #172174616015:  Hold'em Limit ($3/$6 USD) - 2017/06/24 8:52:19 ET
Table 'Aunus' 6-max Seat #2 is the button
Seat 2: 19woody58 ($117 in chips)
Seat 3: AzureCaper ($75 in chips)
19woody58: posts small blind $1
AzureCaper: posts big blind $3
*** HOLE CARDS ***
19woody58: raises $3 to $6
AzureCaper: calls $3
*** FLOP *** [7c As Jc]
AzureCaper: checks
19woody58: bets $3
AzureCaper: folds
Uncalled bet ($3) returned to 19woody58
19woody58 collected $11.76 from pot
*** SUMMARY ***
Total pot $12 | Rake $0.24
Board [7c As Jc]
Seat 2: 19woody58 (button) (small blind) collected ($11.76)
Seat 3: AzureCaper (big blind) folded on the Flop


PokerStars Hand #172174609803:  Hold'em Limit ($3/$6 USD) - 2017/06/24 8:52:07 ET
Table 'Aunus' 6-max Seat #3 is the button
Seat 2: 19woody58 ($120 in chips)
Seat 3: AzureCaper ($72 in chips)
AzureCaper: posts small blind $1
Agrotait: is sitting out
19woody58: posts big blind $3
*** HOLE CARDS ***
AzureCaper: raises $3 to $6
19woody58: folds
Uncalled bet ($3) returned to AzureCaper
AzureCaper collected $6 from pot
AzureCaper: doesn't show hand
*** SUMMARY ***
Total pot $6 | Rake $0
Seat 2: 19woody58 (big blind) folded before Flop
Seat 3: AzureCaper (button) (small blind) collected ($6)


PokerStars Hand #172174626889:  Hold'em Limit ($3/$6 USD) - 2017/06/24 8:52:41 ET
Table 'Aunus' 6-max Seat #2 is the button
Seat 2: 19woody58 ($119.76 in chips)
Seat 3: AzureCaper ($75 in chips)
19woody58: posts small blind $1
AzureCaper: posts big blind $3
*** HOLE CARDS ***
19woody58: raises $3 to $6
AzureCaper: calls $3
*** FLOP *** [4s 2d 5d]
AzureCaper: checks
19woody58: bets $3
AzureCaper: calls $3
*** TURN *** [4s 2d 5d] [7d]
AzureCaper: bets $6
19woody58: calls $6
*** RIVER *** [4s 2d 5d 7d] [Jc]
AzureCaper: bets $6
19woody58: calls $6
*** SHOW DOWN ***
AzureCaper: shows [6h 7c] (a pair of Sevens)
19woody58: shows [6c 8c] (a straight, Four to Eight)
19woody58 collected $41.50 from pot
*** SUMMARY ***
Total pot $42 | Rake $0.50
Board [4s 2d 5d 7d Jc]
Seat 2: 19woody58 (button) (small blind) showed [6c 8c] and won ($41.50) with a straight, Four to Eight
Seat 3: AzureCaper (big blind) showed [6h 7c] and lost with a pair of Sevens


PokerStars Hand #172174643846:  Hold'em Limit ($3/$6 USD) - 2017/06/24 8:53:15 ET
Table 'Aunus' 6-max Seat #3 is the button
Seat 2: 19woody58 ($144.26 in chips)
Seat 3: AzureCaper ($72 in chips)
AzureCaper: posts small blind $1
19woody58: posts big blind $3
*** HOLE CARDS ***
AzureCaper: raises $3 to $6
19woody58: calls $3
*** FLOP *** [4h 9s Qd]
19woody58: checks
AzureCaper: bets $3
19woody58: calls $3
*** TURN *** [4h 9s Qd] [3d]
19woody58: checks
AzureCaper: checks
*** RIVER *** [4h 9s Qd 3d] [Qc]
19woody58: checks
AzureCaper: checks
*** SHOW DOWN ***
19woody58: shows [8s Ts] (a pair of Queens)
AzureCaper: shows [Jd 7s] (a pair of Queens - Jack kicker)
AzureCaper collected $17.64 from pot
*** SUMMARY ***
Total pot $18 | Rake $0.36
Board [4h 9s Qd 3d Qc]
Seat 2: 19woody58 (big blind) showed [8s Ts] and lost with a pair of Queens
Seat 3: AzureCaper (button) (small blind) showed [Jd 7s] and won ($17.64) with a pair of Queens


PokerStars Hand #172174638082:  Hold'em Limit ($3/$6 USD) - 2017/06/24 8:53:04 ET
Table 'Aunus' 6-max Seat #3 is the button
Seat 2: 19woody58 ($140.26 in chips)
Seat 3: AzureCaper ($72 in chips)
AzureCaper: posts small blind $1
19woody58: posts big blind $3
*** HOLE CARDS ***
AzureCaper: folds
Uncalled bet ($2) returned to 19woody58
19woody58 collected $2 from pot
*** SUMMARY ***
Total pot $2 | Rake $0
Seat 2: 19woody58 (big blind) collected ($2)
Seat 3: AzureCaper (button) (small blind) folded before Flop


PokerStars Hand #172174655099:  Hold'em Limit ($3/$6 USD) - 2017/06/24 8:53:38 ET
Table 'Aunus' 6-max Seat #2 is the button
Seat 2: 19woody58 ($135.26 in chips)
Seat 3: AzureCaper ($80.64 in chips)
19woody58: posts small blind $1
AzureCaper: posts big blind $3
*** HOLE CARDS ***
19woody58: raises $3 to $6
AzureCaper: folds
Uncalled bet ($3) returned to 19woody58
19woody58 collected $6 from pot
*** SUMMARY ***
Total pot $6 | Rake $0
Seat 2: 19woody58 (button) (small blind) collected ($6)
Seat 3: AzureCaper (big blind) folded before Flop


PokerStars Hand #172174665414:  Hold'em Limit ($3/$6 USD) - 2017/06/24 8:53:58 ET
Table 'Aunus' 6-max Seat #2 is the button
Seat 2: 19woody58 ($132.26 in chips)
Seat 3: AzureCaper ($83.40 in chips)
19woody58: posts small blind $1
AzureCaper: posts big blind $3
*** HOLE CARDS ***
19woody58: folds
Uncalled bet ($2) returned to AzureCaper
Agrotait leaves the table
AzureCaper collected $2 from pot
AzureCaper: doesn't show hand
*** SUMMARY ***
Total pot $2 | Rake $0
Seat 2: 19woody58 (button) (small blind) folded before Flop
Seat 3: AzureCaper (big blind) collected ($2)


PokerStars Hand #172174659306:  Hold'em Limit ($3/$6 USD) - 2017/06/24 8:53:46 ET
Table 'Aunus' 6-max Seat #3 is the button
Seat 2: 19woody58 ($138.26 in chips)
Seat 3: AzureCaper ($77.64 in chips)
AzureCaper: posts small blind $1
19woody58: posts big blind $3
*** HOLE CARDS ***
AzureCaper: raises $3 to $6
19woody58: calls $3
*** FLOP *** [2s 4s 2h]
19woody58: checks
AzureCaper: bets $3
19woody58: folds
Uncalled bet ($3) returned to AzureCaper
AzureCaper collected $11.76 from pot
AzureCaper: doesn't show hand
*** SUMMARY ***
Total pot $12 | Rake $0.24
Board [2s 4s 2h]
Seat 2: 19woody58 (big blind) folded on the Flop
Seat 3: AzureCaper (button) (small blind) collected ($11.76)


PokerStars Hand #172174640242:  Hold'em Limit ($3/$6 USD) - 2017/06/24 8:53:08 ET
Table 'Aunus' 6-max Seat #2 is the button
Seat 2: 19woody58 ($141.26 in chips)
Seat 3: AzureCaper ($72 in chips)
19woody58: posts small blind $1
AzureCaper: posts big blind $3
*** HOLE CARDS ***
19woody58: raises $3 to $6
AzureCaper: folds
Uncalled bet ($3) returned to 19woody58
19woody58 collected $6 from pot
*** SUMMARY ***
Total pot $6 | Rake $0
Seat 2: 19woody58 (button) (small blind) collected ($6)
Seat 3: AzureCaper (big blind) folded before Flop


PokerStars Hand #172174668009:  Hold'em Limit ($3/$6 USD) - 2017/06/24 8:54:03 ET
Table 'Aunus' 6-max Seat #3 is the button
Seat 2: 19woody58 ($131.26 in chips)
Seat 3: AzureCaper ($84.40 in chips)
AzureCaper: posts small blind $1
19woody58: posts big blind $3
*** HOLE CARDS ***
AzureCaper: raises $3 to $6
19woody58: calls $3
*** FLOP *** [Kh 3c Jc]
19woody58: checks
AzureCaper: bets $3
19woody58: folds
Uncalled bet ($3) returned to AzureCaper
AzureCaper collected $11.76 from pot
AzureCaper: doesn't show hand
*** SUMMARY ***
Total pot $12 | Rake $0.24
Board [Kh 3c Jc]
Seat 2: 19woody58 (big blind) folded on the Flop
Seat 3: AzureCaper (button) (small blind) collected ($11.76)


PokerStars Hand #172174682560:  Hold'em Limit ($3/$6 USD) - 2017/06/24 8:54:32 ET
Table 'Aunus' 6-max Seat #3 is the button
Seat 2: 19woody58 ($133.90 in chips)
Seat 3: AzureCaper ($81.16 in chips)
AzureCaper: posts small blind $1
19woody58: posts big blind $3
*** HOLE CARDS ***
AzureCaper: raises $3 to $6
19woody58: calls $3
*** FLOP *** [9s 5h Qc]
19woody58: checks
AzureCaper: bets $3
19woody58: calls $3
*** TURN *** [9s 5h Qc] [Ah]
19woody58: checks
AzureCaper: bets $6
19woody58: calls $6
*** RIVER *** [9s 5h Qc Ah] [8s]
19woody58: checks
AzureCaper: checks
*** SHOW DOWN ***
19woody58: shows [Jd Kc] (high card Ace)
AzureCaper: shows [3d 9d] (a pair of Nines)
AzureCaper collected $29.50 from pot
*** SUMMARY ***
Total pot $30 | Rake $0.50
Board [9s 5h Qc Ah 8s]
Seat 2: 19woody58 (big blind) showed [Jd Kc] and lost with high card Ace
Seat 3: AzureCaper (button) (small blind) showed [3d 9d] and won ($29.50) with a pair of Nines


PokerStars Hand #172174673247:  Hold'em Limit ($3/$6 USD) - 2017/06/24 8:54:14 ET
Table 'Aunus' 6-max Seat #2 is the button
Seat 2: 19woody58 ($125.26 in chips)
Seat 3: AzureCaper ($90.16 in chips)
19woody58: posts small blind $1
AzureCaper: posts big blind $3
*** HOLE CARDS ***
19woody58: raises $3 to $6
AzureCaper: calls $3
*** FLOP *** [Qc 8s 3h]
AzureCaper: checks
19woody58: bets $3
AzureCaper: calls $3
*** TURN *** [Qc 8s 3h] [Kh]
AzureCaper: checks
19woody58: bets $6
AzureCaper: folds
Uncalled bet ($6) returned to 19woody58
19woody58 collected $17.64 from pot
*** SUMMARY ***
Total pot $18 | Rake $0.36
Board [Qc 8s 3h Kh]
Seat 2: 19woody58 (button) (small blind) collected ($17.64)
Seat 3: AzureCaper (big blind) folded on the Turn


PokerStars Hand #172174711242:  Hold'em Limit ($3/$6 USD) - 2017/06/24 8:55:33 ET
Table 'Aunus' 6-max Seat #2 is the button
Seat 2: 19woody58 ($114.90 in chips)
Seat 3: AzureCaper ($99.30 in chips)
19woody58: posts small blind $1
AzureCaper: posts big blind $3
*** HOLE CARDS ***
19woody58: raises $3 to $6
AzureCaper: calls $3
*** FLOP *** [9s Qc 4d]
AzureCaper: checks
19woody58: checks
*** TURN *** [9s Qc 4d] [Kd]
AzureCaper: checks
19woody58: bets $6
AzureCaper: calls $6
*** RIVER *** [9s Qc 4d Kd] [4c]
AzureCaper: checks
19woody58: checks
*** SHOW DOWN ***
AzureCaper: shows [Td 9h] (two pair, Nines and Fours)
19woody58: mucks hand
AzureCaper collected $23.52 from pot
*** SUMMARY ***
Total pot $24 | Rake $0.48
Board [9s Qc 4d Kd 4c]
Seat 2: 19woody58 (button) (small blind) mucked
Seat 3: AzureCaper (big blind) showed [Td 9h] and won ($23.52) with two pair, Nines and Fours


PokerStars Hand #172174704647:  Hold'em Limit ($3/$6 USD) - 2017/06/24 8:55:18 ET
Table 'Aunus' 6-max Seat #3 is the button
Seat 2: 19woody58 ($109.90 in chips)
Seat 3: AzureCaper ($104.30 in chips)
AzureCaper: posts small blind $1
19woody58: posts big blind $3
*** HOLE CARDS ***
AzureCaper: folds
Uncalled bet ($2) returned to 19woody58
19woody58 collected $2 from pot
*** SUMMARY ***
Total pot $2 | Rake $0
Seat 2: 19woody58 (big blind) collected ($2)
Seat 3: AzureCaper (button) (small blind) folded before Flop


PokerStars Hand #172174702369:  Hold'em Limit ($3/$6 USD) - 2017/06/24 8:55:13 ET
Table 'Aunus' 6-max Seat #2 is the button
Seat 2: 19woody58 ($110.90 in chips)
Seat 3: AzureCaper ($103.30 in chips)
19woody58: posts small blind $1
AzureCaper: posts big blind $3
*** HOLE CARDS ***
19woody58: folds
Uncalled bet ($2) returned to AzureCaper
AzureCaper collected $2 from pot
AzureCaper: doesn't show hand
*** SUMMARY ***
Total pot $2 | Rake $0
Seat 2: 19woody58 (button) (small blind) folded before Flop
Seat 3: AzureCaper (big blind) collected ($2)


PokerStars Hand #172174709222:  Hold'em Limit ($3/$6 USD) - 2017/06/24 8:55:28 ET
Table 'Aunus' 6-max Seat #3 is the button
Seat 2: 19woody58 ($113.90 in chips)
Seat 3: AzureCaper ($100.30 in chips)
AzureCaper: posts small blind $1
19woody58: posts big blind $3
*** HOLE CARDS ***
AzureCaper: folds
Uncalled bet ($2) returned to 19woody58
19woody58 collected $2 from pot
*** SUMMARY ***
Total pot $2 | Rake $0
Seat 2: 19woody58 (big blind) collected ($2)
Seat 3: AzureCaper (button) (small blind) folded before Flop


PokerStars Hand #172174706663:  Hold'em Limit ($3/$6 USD) - 2017/06/24 8:55:23 ET
Table 'Aunus' 6-max Seat #2 is the button
Seat 2: 19woody58 ($110.90 in chips)
Seat 3: AzureCaper ($103.30 in chips)
19woody58: posts small blind $1
AzureCaper: posts big blind $3
*** HOLE CARDS ***
19woody58: raises $3 to $6
AzureCaper: folds
Uncalled bet ($3) returned to 19woody58
19woody58 collected $6 from pot
*** SUMMARY ***
Total pot $6 | Rake $0
Seat 2: 19woody58 (button) (small blind) collected ($6)
Seat 3: AzureCaper (big blind) folded before Flop


PokerStars Hand #172174720606:  Hold'em Limit ($3/$6 USD) - 2017/06/24 8:55:55 ET
Table 'Aunus' 6-max Seat #2 is the button
Seat 2: 19woody58 ($103.90 in chips)
Seat 3: AzureCaper ($109.82 in chips)
19woody58: posts small blind $1
AzureCaper: posts big blind $3
*** HOLE CARDS ***
19woody58: folds
Uncalled bet ($2) returned to AzureCaper
AzureCaper collected $2 from pot
AzureCaper: doesn't show hand
*** SUMMARY ***
Total pot $2 | Rake $0
Seat 2: 19woody58 (button) (small blind) folded before Flop
Seat 3: AzureCaper (big blind) collected ($2)


PokerStars Hand #172174718505:  Hold'em Limit ($3/$6 USD) - 2017/06/24 8:55:50 ET
Table 'Aunus' 6-max Seat #3 is the button
Seat 2: 19woody58 ($102.90 in chips)
Seat 3: AzureCaper ($110.82 in chips)
AzureCaper: posts small blind $1
19woody58: posts big blind $3
*** HOLE CARDS ***
AzureCaper: folds
Uncalled bet ($2) returned to 19woody58
19woody58 collected $2 from pot
*** SUMMARY ***
Total pot $2 | Rake $0
Seat 2: 19woody58 (big blind) collected ($2)
Seat 3: AzureCaper (button) (small blind) folded before Flop


PokerStars Hand #172174700284:  Hold'em Limit ($3/$6 USD) - 2017/06/24 8:55:08 ET
Table 'Aunus' 6-max Seat #3 is the button
Seat 2: 19woody58 ($109.90 in chips)
Seat 3: AzureCaper ($104.30 in chips)
AzureCaper: posts small blind $1
19woody58: posts big blind $3
*** HOLE CARDS ***
AzureCaper: folds
Uncalled bet ($2) returned to 19woody58
19woody58 collected $2 from pot
*** SUMMARY ***
Total pot $2 | Rake $0
Seat 2: 19woody58 (big blind) collected ($2)
Seat 3: AzureCaper (button) (small blind) folded before Flop


PokerStars Hand #172174692199:  Hold'em Limit ($3/$6 USD) - 2017/06/24 8:54:51 ET
Table 'Aunus' 6-max Seat #2 is the button
Seat 2: 19woody58 ($118.90 in chips)
Seat 3: AzureCaper ($95.66 in chips)
19woody58: posts small blind $1
AzureCaper: posts big blind $3
*** HOLE CARDS ***
19woody58: raises $3 to $6
AzureCaper: calls $3
*** FLOP *** [Kd 9h 9c]
AzureCaper: checks
19woody58: bets $3
AzureCaper: calls $3
*** TURN *** [Kd 9h 9c] [3c]
AzureCaper: checks
19woody58: checks
*** RIVER *** [Kd 9h 9c 3c] [6d]
AzureCaper: bets $6
19woody58: folds
Uncalled bet ($6) returned to AzureCaper
AzureCaper collected $17.64 from pot
AzureCaper: doesn't show hand
*** SUMMARY ***
Total pot $18 | Rake $0.36
Board [Kd 9h 9c 3c 6d]
Seat 2: 19woody58 (button) (small blind) folded on the River
Seat 3: AzureCaper (big blind) collected ($17.64)


PokerStars Hand #172174738623:  Hold'em Limit ($3/$6 USD) - 2017/06/24 8:56:36 ET
Table 'Aunus' 6-max Seat #3 is the button
Seat 2: 19woody58 ($99.90 in chips)
Seat 3: AzureCaper ($113.58 in chips)
AzureCaper: posts small blind $1
19woody58: posts big blind $3
*** HOLE CARDS ***
AzureCaper: folds
Uncalled bet ($2) returned to 19woody58
19woody58 collected $2 from pot
*** SUMMARY ***
Total pot $2 | Rake $0
Seat 2: 19woody58 (big blind) collected ($2)
Seat 3: AzureCaper (button) (small blind) folded before Flop


PokerStars Hand #172174735672:  Hold'em Limit ($3/$6 USD) - 2017/06/24 8:56:29 ET
Table 'Aunus' 6-max Seat #2 is the button
Seat 2: 19woody58 ($96.90 in chips)
Seat 3: AzureCaper ($116.58 in chips)
19woody58: posts small blind $1
AzureCaper: posts big blind $3
*** HOLE CARDS ***
19woody58: raises $3 to $6
AzureCaper: folds
Uncalled bet ($3) returned to 19woody58
19woody58 collected $6 from pot
*** SUMMARY ***
Total pot $6 | Rake $0
Seat 2: 19woody58 (button) (small blind) collected ($6)
Seat 3: AzureCaper (big blind) folded before Flop


PokerStars Hand #172174744237:  Hold'em Limit ($3/$6 USD) - 2017/06/24 8:56:49 ET
Table 'Aunus' 6-max Seat #3 is the button
Seat 2: 19woody58 ($99.90 in chips)
Seat 3: AzureCaper ($113.58 in chips)
AzureCaper: posts small blind $1
19woody58: posts big blind $3
*** HOLE CARDS ***
AzureCaper: folds
Uncalled bet ($2) returned to 19woody58
19woody58 collected $2 from pot
*** SUMMARY ***
Total pot $2 | Rake $0
Seat 2: 19woody58 (big blind) collected ($2)
Seat 3: AzureCaper (button) (small blind) folded before Flop


PokerStars Hand #172174740716:  Hold'em Limit ($3/$6 USD) - 2017/06/24 8:56:41 ET
Table 'Aunus' 6-max Seat #2 is the button
Seat 2: 19woody58 ($100.90 in chips)
Seat 3: AzureCaper ($112.58 in chips)
19woody58: posts small blind $1
AzureCaper: posts big blind $3
*** HOLE CARDS ***
19woody58: folds
Uncalled bet ($2) returned to AzureCaper
AzureCaper collected $2 from pot
AzureCaper: doesn't show hand
*** SUMMARY ***
Total pot $2 | Rake $0
Seat 2: 19woody58 (button) (small blind) folded before Flop
Seat 3: AzureCaper (big blind) collected ($2)


PokerStars Hand #172174722933:  Hold'em Limit ($3/$6 USD) - 2017/06/24 8:56:00 ET
Table 'Aunus' 6-max Seat #3 is the button
Seat 2: 19woody58 ($102.90 in chips)
Seat 3: AzureCaper ($110.82 in chips)
AzureCaper: posts small blind $1
19woody58: posts big blind $3
*** HOLE CARDS ***
AzureCaper: raises $3 to $6
19woody58: calls $3
*** FLOP *** [Th Ac 6h]
19woody58: checks
AzureCaper: bets $3
19woody58: folds
Uncalled bet ($3) returned to AzureCaper
AzureCaper collected $11.76 from pot
AzureCaper: doesn't show hand
*** SUMMARY ***
Total pot $12 | Rake $0.24
Board [Th Ac 6h]
Seat 2: 19woody58 (big blind) folded on the Flop
Seat 3: AzureCaper (button) (small blind) collected ($11.76)


PokerStars Hand #172174733697:  Hold'em Limit ($3/$6 USD) - 2017/06/24 8:56:25 ET
Table 'Aunus' 6-max Seat #3 is the button
Seat 2: 19woody58 ($95.90 in chips)
Seat 3: AzureCaper ($117.58 in chips)
AzureCaper: posts small blind $1
19woody58: posts big blind $3
*** HOLE CARDS ***
AzureCaper: folds
Uncalled bet ($2) returned to 19woody58
19woody58 collected $2 from pot
*** SUMMARY ***
Total pot $2 | Rake $0
Seat 2: 19woody58 (big blind) collected ($2)
Seat 3: AzureCaper (button) (small blind) folded before Flop


PokerStars Hand #172174731033:  Hold'em Limit ($3/$6 USD) - 2017/06/24 8:56:19 ET
Table 'Aunus' 6-max Seat #2 is the button
Seat 2: 19woody58 ($96.90 in chips)
Seat 3: AzureCaper ($116.58 in chips)
19woody58: posts small blind $1
AzureCaper: posts big blind $3
*** HOLE CARDS ***
19woody58: folds
Uncalled bet ($2) returned to AzureCaper
AzureCaper collected $2 from pot
AzureCaper: doesn't show hand
*** SUMMARY ***
Total pot $2 | Rake $0
Seat 2: 19woody58 (button) (small blind) folded before Flop
Seat 3: AzureCaper (big blind) collected ($2)


PokerStars Hand #172174754890:  Hold'em Limit ($3/$6 USD) - 2017/06/24 8:57:13 ET
Table 'Aunus' 6-max Seat #2 is the button
Seat 2: 19woody58 ($88.90 in chips)
Seat 3: AzureCaper ($124.22 in chips)
19woody58: posts small blind $1
AzureCaper: posts big blind $3
*** HOLE CARDS ***
19woody58: raises $3 to $6
AzureCaper: folds
Uncalled bet ($3) returned to 19woody58
19woody58 collected $6 from pot
*** SUMMARY ***
Total pot $6 | Rake $0
Seat 2: 19woody58 (button) (small blind) collected ($6)
Seat 3: AzureCaper (big blind) folded before Flop


PokerStars Hand #172174758383:  Hold'em Limit ($3/$6 USD) - 2017/06/24 8:57:21 ET
Table 'Aunus' 6-max Seat #3 is the button
Seat 2: 19woody58 ($91.90 in chips)
Seat 3: AzureCaper ($121.22 in chips)
AzureCaper: posts small blind $1
19woody58: posts big blind $3
*** HOLE CARDS ***
AzureCaper: raises $3 to $6
19woody58: folds
Uncalled bet ($3) returned to AzureCaper
AzureCaper collected $6 from pot
AzureCaper: doesn't show hand
*** SUMMARY ***
Total pot $6 | Rake $0
Seat 2: 19woody58 (big blind) folded before Flop
Seat 3: AzureCaper (button) (small blind) collected ($6)


PokerStars Hand #172174771021:  Hold'em Limit ($3/$6 USD) - 2017/06/24 8:57:50 ET
Table 'Aunus' 6-max Seat #3 is the button
Seat 2: 19woody58 ($73.90 in chips)
Seat 3: AzureCaper ($138.72 in chips)
AzureCaper: posts small blind $1
19woody58: posts big blind $3
*** HOLE CARDS ***
AzureCaper: folds
Uncalled bet ($2) returned to 19woody58
19woody58 collected $2 from pot
*** SUMMARY ***
Total pot $2 | Rake $0
Seat 2: 19woody58 (big blind) collected ($2)
Seat 3: AzureCaper (button) (small blind) folded before Flop


PokerStars Hand #172174761089:  Hold'em Limit ($3/$6 USD) - 2017/06/24 8:57:27 ET
Table 'Aunus' 6-max Seat #2 is the button
Seat 2: 19woody58 ($88.90 in chips)
Seat 3: AzureCaper ($124.22 in chips)
19woody58: posts small blind $1
AzureCaper: posts big blind $3
*** HOLE CARDS ***
19woody58: raises $3 to $6
AzureCaper: calls $3
*** FLOP *** [9s Kh Qs]
AzureCaper: bets $3
19woody58: calls $3
*** TURN *** [9s Kh Qs] [Ad]
AzureCaper: checks
19woody58: checks
*** RIVER *** [9s Kh Qs Ad] [7h]
AzureCaper: bets $6
19woody58: calls $6
*** SHOW DOWN ***
AzureCaper: shows [4h Ks] (a pair of Kings)
19woody58: mucks hand
AzureCaper collected $29.50 from pot
*** SUMMARY ***
Total pot $30 | Rake $0.50
Board [9s Kh Qs Ad 7h]
Seat 2: 19woody58 (button) (small blind) mucked
Seat 3: AzureCaper (big blind) showed [4h Ks] and won ($29.50) with a pair of Kings


PokerStars Hand #172174752285:  Hold'em Limit ($3/$6 USD) - 2017/06/24 8:57:07 ET
Table 'Aunus' 6-max Seat #3 is the button
Seat 2: 19woody58 ($91.90 in chips)
Seat 3: AzureCaper ($121.22 in chips)
AzureCaper: posts small blind $1
19woody58: posts big blind $3
*** HOLE CARDS ***
AzureCaper: raises $3 to $6
19woody58: folds
Uncalled bet ($3) returned to AzureCaper
AzureCaper collected $6 from pot
AzureCaper: doesn't show hand
*** SUMMARY ***
Total pot $6 | Rake $0
Seat 2: 19woody58 (big blind) folded before Flop
Seat 3: AzureCaper (button) (small blind) collected ($6)


PokerStars Hand #172174746276:  Hold'em Limit ($3/$6 USD) - 2017/06/24 8:56:54 ET
Table 'Aunus' 6-max Seat #2 is the button
Seat 2: 19woody58 ($100.90 in chips)
Seat 3: AzureCaper ($112.58 in chips)
19woody58: posts small blind $1
AzureCaper: posts big blind $3
*** HOLE CARDS ***
19woody58: raises $3 to $6
AzureCaper: raises $3 to $9
19woody58: calls $3
*** FLOP *** [As 4s Th]
AzureCaper: bets $3
19woody58: folds
Uncalled bet ($3) returned to AzureCaper
AzureCaper collected $17.64 from pot
AzureCaper: doesn't show hand
*** SUMMARY ***
Total pot $18 | Rake $0.36
Board [As 4s Th]
Seat 2: 19woody58 (button) (small blind) folded on the Flop
Seat 3: AzureCaper (big blind) collected ($17.64)


PokerStars Hand #172174773149:  Hold'em Limit ($3/$6 USD) - 2017/06/24 8:57:55 ET
Table 'Aunus' 6-max Seat #2 is the button
Seat 2: 19woody58 ($74.90 in chips)
Seat 3: AzureCaper ($137.72 in chips)
19woody58: posts small blind $1
AzureCaper: posts big blind $3
*** HOLE CARDS ***
19woody58: raises $3 to $6
AzureCaper: calls $3
*** FLOP *** [4h Td 8d]
AzureCaper: checks
19woody58: bets $3
AzureCaper: raises $3 to $6
19woody58: calls $3
*** TURN *** [4h Td 8d] [Ad]
AzureCaper: checks
19woody58: bets $6
AzureCaper: folds
Uncalled bet ($6) returned to 19woody58
19woody58 collected $23.52 from pot
*** SUMMARY ***
Total pot $24 | Rake $0.48
Board [4h Td 8d Ad]
Seat 2: 19woody58 (button) (small blind) collected ($23.52)
Seat 3: AzureCaper (big blind) folded on the Turn


PokerStars Hand #172174788555:  Hold'em Limit ($3/$6 USD) - 2017/06/24 8:58:29 ET
Table 'Aunus' 6-max Seat #2 is the button
Seat 2: 19woody58 ($77.42 in chips)
Seat 3: AzureCaper ($134.36 in chips)
19woody58: posts small blind $1
AzureCaper: posts big blind $3
*** HOLE CARDS ***
19woody58: folds
Uncalled bet ($2) returned to AzureCaper
AzureCaper collected $2 from pot
AzureCaper: doesn't show hand
*** SUMMARY ***
Total pot $2 | Rake $0
Seat 2: 19woody58 (button) (small blind) folded before Flop
Seat 3: AzureCaper (big blind) collected ($2)


PokerStars Hand #172174781575:  Hold'em Limit ($3/$6 USD) - 2017/06/24 8:58:13 ET
Table 'Aunus' 6-max Seat #3 is the button
Seat 2: 19woody58 ($86.42 in chips)
Seat 3: AzureCaper ($125.72 in chips)
AzureCaper: posts small blind $1
19woody58: posts big blind $3
*** HOLE CARDS ***
AzureCaper: raises $3 to $6
19woody58: calls $3
*** FLOP *** [5s Qh Qd]
19woody58: checks
AzureCaper: bets $3
19woody58: calls $3
*** TURN *** [5s Qh Qd] [Th]
19woody58: checks
AzureCaper: bets $6
19woody58: folds
Uncalled bet ($6) returned to AzureCaper
AzureCaper collected $17.64 from pot
AzureCaper: doesn't show hand
*** SUMMARY ***
Total pot $18 | Rake $0.36
Board [5s Qh Qd Th]
Seat 2: 19woody58 (big blind) folded on the Turn
Seat 3: AzureCaper (button) (small blind) collected ($17.64)


PokerStars Hand #172174800886:  Hold'em Limit ($3/$6 USD) - 2017/06/24 8:58:56 ET
Table 'Aunus' 6-max Seat #2 is the button
Seat 2: 19woody58 ($90.92 in chips)
Seat 3: AzureCaper ($120.36 in chips)
19woody58: posts small blind $1
AzureCaper: posts big blind $3
*** HOLE CARDS ***
19woody58: folds
Uncalled bet ($2) returned to AzureCaper
AzureCaper collected $2 from pot
AzureCaper: doesn't show hand
*** SUMMARY ***
Total pot $2 | Rake $0
Seat 2: 19woody58 (button) (small blind) folded before Flop
Seat 3: AzureCaper (big blind) collected ($2)


PokerStars Hand #172174790764:  Hold'em Limit ($3/$6 USD) - 2017/06/24 8:58:34 ET
Table 'Aunus' 6-max Seat #3 is the button
Seat 2: 19woody58 ($76.42 in chips)
Seat 3: AzureCaper ($135.36 in chips)
AzureCaper: posts small blind $1
19woody58: posts big blind $3
*** HOLE CARDS ***
AzureCaper: raises $3 to $6
19woody58: calls $3
*** FLOP *** [Ac 4c 3d]
19woody58: checks
AzureCaper: bets $3
19woody58: calls $3
*** TURN *** [Ac 4c 3d] [Tc]
19woody58: checks
AzureCaper: bets $6
19woody58: calls $6
*** RIVER *** [Ac 4c 3d Tc] [6c]
19woody58: checks
AzureCaper: checks
*** SHOW DOWN ***
19woody58: shows [Jc Td] (a flush, Ace high)
AzureCaper: mucks hand
19woody58 collected $29.50 from pot
*** SUMMARY ***
Total pot $30 | Rake $0.50
Board [Ac 4c 3d Tc 6c]
Seat 2: 19woody58 (big blind) showed [Jc Td] and won ($29.50) with a flush, Ace high
Seat 3: AzureCaper (button) (small blind) mucked


PokerStars Hand #172174802962:  Hold'em Limit ($3/$6 USD) - 2017/06/24 8:59:01 ET
Table 'Aunus' 6-max Seat #3 is the button
Seat 2: 19woody58 ($89.92 in chips)
Seat 3: AzureCaper ($121.36 in chips)
AzureCaper: posts small blind $1
19woody58: posts big blind $3
*** HOLE CARDS ***
AzureCaper: raises $3 to $6
19woody58: calls $3
*** FLOP *** [6c 8s 5s]
19woody58: checks
AzureCaper: bets $3
19woody58: calls $3
*** TURN *** [6c 8s 5s] [Ts]
19woody58: checks
AzureCaper: bets $6
19woody58: calls $6
*** RIVER *** [6c 8s 5s Ts] [Qd]
19woody58: checks
AzureCaper: checks
*** SHOW DOWN ***
19woody58: shows [As 9d] (high card Ace)
AzureCaper: shows [4d 4s] (a pair of Fours)
AzureCaper collected $29.50 from pot
*** SUMMARY ***
Total pot $30 | Rake $0.50
Board [6c 8s 5s Ts Qd]
Seat 2: 19woody58 (big blind) showed [As 9d] and lost with high card Ace
Seat 3: AzureCaper (button) (small blind) showed [4d 4s] and won ($29.50) with a pair of Fours


PokerStars Hand #172174817249:  Hold'em Limit ($3/$6 USD) - 2017/06/24 8:59:33 ET
Table 'Aunus' 6-max Seat #3 is the button
Seat 2: 19woody58 ($65.92 in chips)
Seat 3: AzureCaper ($144.50 in chips)
AzureCaper: posts small blind $1
19woody58: posts big blind $3
*** HOLE CARDS ***
AzureCaper: raises $3 to $6
19woody58: calls $3
*** FLOP *** [5c 4s Kd]
19woody58: checks
AzureCaper: bets $3
19woody58: calls $3
*** TURN *** [5c 4s Kd] [4c]
19woody58: checks
AzureCaper: checks
*** RIVER *** [5c 4s Kd 4c] [7s]
19woody58: bets $6
AzureCaper: folds
Uncalled bet ($6) returned to 19woody58
19woody58 collected $17.64 from pot
*** SUMMARY ***
Total pot $18 | Rake $0.36
Board [5c 4s Kd 4c 7s]
Seat 2: 19woody58 (big blind) collected ($17.64)
Seat 3: AzureCaper (button) (small blind) folded on the River


PokerStars Hand #172174812610:  Hold'em Limit ($3/$6 USD) - 2017/06/24 8:59:23 ET
Table 'Aunus' 6-max Seat #2 is the button
Seat 2: 19woody58 ($74.92 in chips)
Seat 3: AzureCaper ($135.86 in chips)
19woody58: posts small blind $1
AzureCaper: posts big blind $3
*** HOLE CARDS ***
19woody58: raises $3 to $6
AzureCaper: raises $3 to $9
19woody58: calls $3
*** FLOP *** [9c 3c Kc]
AzureCaper: bets $3
19woody58: folds
Uncalled bet ($3) returned to AzureCaper
AzureCaper collected $17.64 from pot
AzureCaper: doesn't show hand
*** SUMMARY ***
Total pot $18 | Rake $0.36
Board [9c 3c Kc]
Seat 2: 19woody58 (button) (small blind) folded on the Flop
Seat 3: AzureCaper (big blind) collected ($17.64)


PokerStars Hand #172174833016:  Hold'em Limit ($3/$6 USD) - 2017/06/24 9:00:09 ET
Table 'Aunus' 6-max Seat #3 is the button
Seat 2: 19woody58 ($98.06 in chips)
Seat 3: AzureCaper ($111.50 in chips)
AzureCaper: posts small blind $1
19woody58: posts big blind $3
*** HOLE CARDS ***
AzureCaper: raises $3 to $6
19woody58: folds
Uncalled bet ($3) returned to AzureCaper
AzureCaper collected $6 from pot
AzureCaper: doesn't show hand
*** SUMMARY ***
Total pot $6 | Rake $0
Seat 2: 19woody58 (big blind) folded before Flop
Seat 3: AzureCaper (button) (small blind) collected ($6)


PokerStars Hand #172174824826:  Hold'em Limit ($3/$6 USD) - 2017/06/24 8:59:50 ET
Table 'Aunus' 6-max Seat #2 is the button
Seat 2: 19woody58 ($74.56 in chips)
Seat 3: AzureCaper ($135.50 in chips)
19woody58: posts small blind $1
AzureCaper: posts big blind $3
*** HOLE CARDS ***
19woody58: raises $3 to $6
AzureCaper: raises $3 to $9
19woody58: calls $3
*** FLOP *** [2c 7s Jc]
AzureCaper: bets $3
19woody58: calls $3
*** TURN *** [2c 7s Jc] [6h]
AzureCaper: bets $6
19woody58: calls $6
*** RIVER *** [2c 7s Jc 6h] [4c]
AzureCaper: bets $6
19woody58: raises $6 to $12
AzureCaper: folds
Uncalled bet ($6) returned to 19woody58
19woody58 collected $47.50 from pot
*** SUMMARY ***
Total pot $48 | Rake $0.50
Board [2c 7s Jc 6h 4c]
Seat 2: 19woody58 (button) (small blind) collected ($47.50)
Seat 3: AzureCaper (big blind) folded on the River


PokerStars Hand #172174854338:  Hold'em Limit ($3/$6 USD) - 2017/06/24 9:00:55 ET
Table 'Aunus' 6-max Seat #3 is the button
Seat 2: 19woody58 ($109.56 in chips)
Seat 3: AzureCaper ($99.50 in chips)
AzureCaper: posts small blind $1
19woody58: posts big blind $3
*** HOLE CARDS ***
AzureCaper: folds
Uncalled bet ($2) returned to 19woody58
19woody58 collected $2 from pot
*** SUMMARY ***
Total pot $2 | Rake $0
Seat 2: 19woody58 (big blind) collected ($2)
Seat 3: AzureCaper (button) (small blind) folded before Flop


PokerStars Hand #172174844909:  Hold'em Limit ($3/$6 USD) - 2017/06/24 9:00:35 ET
Table 'Aunus' 6-max Seat #2 is the button
Seat 2: 19woody58 ($95.06 in chips)
Seat 3: AzureCaper ($114.50 in chips)
19woody58: posts small blind $1
AzureCaper: posts big blind $3
*** HOLE CARDS ***
19woody58: raises $3 to $6
AzureCaper: calls $3
*** FLOP *** [5s Jd Td]
AzureCaper: checks
19woody58: bets $3
AzureCaper: calls $3
*** TURN *** [5s Jd Td] [8h]
AzureCaper: checks
19woody58: bets $6
AzureCaper: calls $6
*** RIVER *** [5s Jd Td 8h] [As]
AzureCaper: checks
19woody58: bets $6
AzureCaper: folds
Uncalled bet ($6) returned to 19woody58
19woody58 collected $29.50 from pot
*** SUMMARY ***
Total pot $30 | Rake $0.50
Board [5s Jd Td 8h As]
Seat 2: 19woody58 (button) (small blind) collected ($29.50)
Seat 3: AzureCaper (big blind) folded on the River


PokerStars Hand #172174842813:  Hold'em Limit ($3/$6 USD) - 2017/06/24 9:00:30 ET
Table 'Aunus' 6-max Seat #3 is the button
Seat 2: 19woody58 ($94.06 in chips)
Seat 3: AzureCaper ($115.50 in chips)
AzureCaper: posts small blind $1
19woody58: posts big blind $3
*** HOLE CARDS ***
AzureCaper: folds
Uncalled bet ($2) returned to 19woody58
19woody58 collected $2 from pot
*** SUMMARY ***
Total pot $2 | Rake $0
Seat 2: 19woody58 (big blind) collected ($2)
Seat 3: AzureCaper (button) (small blind) folded before Flop


PokerStars Hand #172174840176:  Hold'em Limit ($3/$6 USD) - 2017/06/24 9:00:24 ET
Table 'Aunus' 6-max Seat #2 is the button
Seat 2: 19woody58 ($95.06 in chips)
Seat 3: AzureCaper ($114.50 in chips)
19woody58: posts small blind $1
AzureCaper: posts big blind $3
*** HOLE CARDS ***
19woody58: folds
Uncalled bet ($2) returned to AzureCaper
AzureCaper collected $2 from pot
AzureCaper: doesn't show hand
*** SUMMARY ***
Total pot $2 | Rake $0
Seat 2: 19woody58 (button) (small blind) folded before Flop
Seat 3: AzureCaper (big blind) collected ($2)


PokerStars Hand #172174838119:  Hold'em Limit ($3/$6 USD) - 2017/06/24 9:00:20 ET
Table 'Aunus' 6-max Seat #3 is the button
Seat 2: 19woody58 ($94.06 in chips)
Seat 3: AzureCaper ($115.50 in chips)
AzureCaper: posts small blind $1
19woody58: posts big blind $3
*** HOLE CARDS ***
AzureCaper: folds
Uncalled bet ($2) returned to 19woody58
19woody58 collected $2 from pot
*** SUMMARY ***
Total pot $2 | Rake $0
Seat 2: 19woody58 (big blind) collected ($2)
Seat 3: AzureCaper (button) (small blind) folded before Flop


PokerStars Hand #172174835414:  Hold'em Limit ($3/$6 USD) - 2017/06/24 9:00:14 ET
Table 'Aunus' 6-max Seat #2 is the button
Seat 2: 19woody58 ($95.06 in chips)
Seat 3: AzureCaper ($114.50 in chips)
19woody58: posts small blind $1
AzureCaper: posts big blind $3
*** HOLE CARDS ***
19woody58: folds
Uncalled bet ($2) returned to AzureCaper
AzureCaper collected $2 from pot
AzureCaper: doesn't show hand
*** SUMMARY ***
Total pot $2 | Rake $0
Seat 2: 19woody58 (button) (small blind) folded before Flop
Seat 3: AzureCaper (big blind) collected ($2)


PokerStars Hand #172174858425:  Hold'em Limit ($3/$6 USD) - 2017/06/24 9:01:04 ET
Table 'Aunus' 6-max Seat #2 is the button
Seat 2: 19woody58 ($110.56 in chips)
Seat 3: AzureCaper ($98.50 in chips)
19woody58: posts small blind $1
AzureCaper: posts big blind $3
*** HOLE CARDS ***
19woody58: raises $3 to $6
AzureCaper: calls $3
*** FLOP *** [8s 8d 2d]
AzureCaper: checks
19woody58: bets $3
AzureCaper: folds
Uncalled bet ($3) returned to 19woody58
19woody58 collected $11.76 from pot
*** SUMMARY ***
Total pot $12 | Rake $0.24
Board [8s 8d 2d]
Seat 2: 19woody58 (button) (small blind) collected ($11.76)
Seat 3: AzureCaper (big blind) folded on the Flop


PokerStars Hand #172174885856:  Hold'em Limit ($3/$6 USD) - 2017/06/24 9:01:59 ET
Table 'Aunus' 6-max Seat #3 is the button
Seat 2: 19woody58 ($124.82 in chips)
Seat 3: AzureCaper ($83.14 in chips)
AzureCaper: posts small blind $1
19woody58: posts big blind $3
*** HOLE CARDS ***
AzureCaper: folds
Uncalled bet ($2) returned to 19woody58
19woody58 collected $2 from pot
*** SUMMARY ***
Total pot $2 | Rake $0
Seat 2: 19woody58 (big blind) collected ($2)
Seat 3: AzureCaper (button) (small blind) folded before Flop


PokerStars Hand #172174871598:  Hold'em Limit ($3/$6 USD) - 2017/06/24 9:01:30 ET
Table 'Aunus' 6-max Seat #2 is the button
Seat 2: 19woody58 ($107.32 in chips)
Seat 3: AzureCaper ($101.14 in chips)
19woody58: posts small blind $1
AzureCaper: posts big blind $3
*** HOLE CARDS ***
19woody58: raises $3 to $6
AzureCaper: raises $3 to $9
19woody58: calls $3
*** FLOP *** [8d 6c 2d]
AzureCaper: bets $3
19woody58: calls $3
*** TURN *** [8d 6c 2d] [9d]
AzureCaper: checks
19woody58: checks
*** RIVER *** [8d 6c 2d 9d] [Kd]
AzureCaper: bets $6
19woody58: calls $6
*** SHOW DOWN ***
AzureCaper: shows [Qc Jc] (high card King)
19woody58: shows [As 6s] (a pair of Sixes)
19woody58 collected $35.50 from pot
*** SUMMARY ***
Total pot $36 | Rake $0.50
Board [8d 6c 2d 9d Kd]
Seat 2: 19woody58 (button) (small blind) showed [As 6s] and won ($35.50) with a pair of Sixes
Seat 3: AzureCaper (big blind) showed [Qc Jc] and lost with high card King


PokerStars Hand #172174864098:  Hold'em Limit ($3/$6 USD) - 2017/06/24 9:01:15 ET
Table 'Aunus' 6-max Seat #3 is the button
Seat 2: 19woody58 ($116.32 in chips)
Seat 3: AzureCaper ($92.50 in chips)
AzureCaper: posts small blind $1
19woody58: posts big blind $3
*** HOLE CARDS ***
AzureCaper: raises $3 to $6
19woody58: calls $3
*** FLOP *** [Td Js 9c]
19woody58: checks
AzureCaper: bets $3
19woody58: calls $3
*** TURN *** [Td Js 9c] [6c]
19woody58: checks
AzureCaper: bets $6
19woody58: folds
Uncalled bet ($6) returned to AzureCaper
AzureCaper collected $17.64 from pot
AzureCaper: doesn't show hand
*** SUMMARY ***
Total pot $18 | Rake $0.36
Board [Td Js 9c 6c]
Seat 2: 19woody58 (big blind) folded on the Turn
Seat 3: AzureCaper (button) (small blind) collected ($17.64)


PokerStars Hand #172174900903:  Hold'em Limit ($3/$6 USD) - 2017/06/24 9:02:28 ET
Table 'Aunus' 6-max Seat #3 is the button
Seat 2: 19woody58 ($127.58 in chips)
Seat 3: AzureCaper ($80.14 in chips)
AzureCaper: posts small blind $1
19woody58: posts big blind $3
*** HOLE CARDS ***
AzureCaper: raises $3 to $6
19woody58: folds
Uncalled bet ($3) returned to AzureCaper
AzureCaper collected $6 from pot
AzureCaper: doesn't show hand
*** SUMMARY ***
Total pot $6 | Rake $0
Seat 2: 19woody58 (big blind) folded before Flop
Seat 3: AzureCaper (button) (small blind) collected ($6)


PokerStars Hand #172174894921:  Hold'em Limit ($3/$6 USD) - 2017/06/24 9:02:17 ET
Table 'Aunus' 6-max Seat #2 is the button
Seat 2: 19woody58 ($121.82 in chips)
Seat 3: AzureCaper ($86.14 in chips)
19woody58: posts small blind $1
AzureCaper: posts big blind $3
*** HOLE CARDS ***
19woody58: raises $3 to $6
AzureCaper: calls $3
*** FLOP *** [8h 8c Th]
AzureCaper: checks
19woody58: bets $3
AzureCaper: folds
Uncalled bet ($3) returned to 19woody58
19woody58 collected $11.76 from pot
*** SUMMARY ***
Total pot $12 | Rake $0.24
Board [8h 8c Th]
Seat 2: 19woody58 (button) (small blind) collected ($11.76)
Seat 3: AzureCaper (big blind) folded on the Flop


PokerStars Hand #172174907233:  Hold'em Limit ($3/$6 USD) - 2017/06/24 9:02:41 ET
Table 'Aunus' 6-max Seat #3 is the button
Seat 2: 19woody58 ($127.58 in chips)
Seat 3: AzureCaper ($80.14 in chips)
AzureCaper: posts small blind $1
19woody58: posts big blind $3
*** HOLE CARDS ***
AzureCaper: folds
Uncalled bet ($2) returned to 19woody58
19woody58 collected $2 from pot
*** SUMMARY ***
Total pot $2 | Rake $0
Seat 2: 19woody58 (big blind) collected ($2)
Seat 3: AzureCaper (button) (small blind) folded before Flop


PokerStars Hand #172174903830:  Hold'em Limit ($3/$6 USD) - 2017/06/24 9:02:34 ET
Table 'Aunus' 6-max Seat #2 is the button
Seat 2: 19woody58 ($124.58 in chips)
Seat 3: AzureCaper ($83.14 in chips)
19woody58: posts small blind $1
AzureCaper: posts big blind $3
*** HOLE CARDS ***
19woody58: raises $3 to $6
AzureCaper: folds
Uncalled bet ($3) returned to 19woody58
19woody58 collected $6 from pot
*** SUMMARY ***
Total pot $6 | Rake $0
Seat 2: 19woody58 (button) (small blind) collected ($6)
Seat 3: AzureCaper (big blind) folded before Flop


PokerStars Hand #172174890794:  Hold'em Limit ($3/$6 USD) - 2017/06/24 9:02:08 ET
Table 'Aunus' 6-max Seat #3 is the button
Seat 2: 19woody58 ($124.82 in chips)
Seat 3: AzureCaper ($83.14 in chips)
AzureCaper: posts small blind $1
19woody58: posts big blind $3
*** HOLE CARDS ***
AzureCaper: raises $3 to $6
19woody58: folds
Uncalled bet ($3) returned to AzureCaper
AzureCaper collected $6 from pot
AzureCaper: doesn't show hand
*** SUMMARY ***
Total pot $6 | Rake $0
Seat 2: 19woody58 (big blind) folded before Flop
Seat 3: AzureCaper (button) (small blind) collected ($6)


PokerStars Hand #172174888388:  Hold'em Limit ($3/$6 USD) - 2017/06/24 9:02:03 ET
Table 'Aunus' 6-max Seat #2 is the button
Seat 2: 19woody58 ($125.82 in chips)
Seat 3: AzureCaper ($82.14 in chips)
19woody58: posts small blind $1
AzureCaper: posts big blind $3
*** HOLE CARDS ***
19woody58: folds
Uncalled bet ($2) returned to AzureCaper
AzureCaper collected $2 from pot
AzureCaper: doesn't show hand
*** SUMMARY ***
Total pot $2 | Rake $0
Seat 2: 19woody58 (button) (small blind) folded before Flop
Seat 3: AzureCaper (big blind) collected ($2)


PokerStars Hand #172174909712:  Hold'em Limit ($3/$6 USD) - 2017/06/24 9:02:46 ET
Table 'Aunus' 6-max Seat #2 is the button
Seat 2: 19woody58 ($128.58 in chips)
Seat 3: AzureCaper ($79.14 in chips)
19woody58: posts small blind $1
AzureCaper: posts big blind $3
*** HOLE CARDS ***
19woody58: folds
Uncalled bet ($2) returned to AzureCaper
AzureCaper collected $2 from pot
AzureCaper: doesn't show hand
*** SUMMARY ***
Total pot $2 | Rake $0
Seat 2: 19woody58 (button) (small blind) folded before Flop
Seat 3: AzureCaper (big blind) collected ($2)


PokerStars Hand #172174937196:  Hold'em Limit ($3/$6 USD) - 2017/06/24 9:03:39 ET
Table 'Aunus' 6-max Seat #2 is the button
Seat 2: 19woody58 ($118.22 in chips)
Seat 3: AzureCaper ($92.50 in chips)
19woody58: posts small blind $1
AzureCaper: posts big blind $3
*** HOLE CARDS ***
19woody58: folds
Uncalled bet ($2) returned to AzureCaper
AzureCaper collected $2 from pot
AzureCaper: doesn't show hand
*** SUMMARY ***
Total pot $2 | Rake $0
Seat 2: 19woody58 (button) (small blind) folded before Flop
Seat 3: AzureCaper (big blind) collected ($2)


PokerStars Hand #172174923623:  Hold'em Limit ($3/$6 USD) - 2017/06/24 9:03:13 ET
Table 'Aunus' 6-max Seat #3 is the button
Seat 2: 19woody58 ($139.22 in chips)
Seat 3: AzureCaper ($72 in chips)
AzureCaper: posts small blind $1
19woody58: posts big blind $3
*** HOLE CARDS ***
AzureCaper: raises $3 to $6
19woody58: calls $3
*** FLOP *** [4s 9h 2s]
19woody58: checks
AzureCaper: bets $3
19woody58: calls $3
*** TURN *** [4s 9h 2s] [6s]
19woody58: checks
AzureCaper: bets $6
19woody58: calls $6
*** RIVER *** [4s 9h 2s 6s] [Ks]
Anchig joins the table at seat #4
19woody58: checks
AzureCaper: bets $6
19woody58: calls $6
*** SHOW DOWN ***
AzureCaper: shows [Js 6c] (a flush, King high)
19woody58: mucks hand
AzureCaper collected $41.50 from pot
*** SUMMARY ***
Total pot $42 | Rake $0.50
Board [4s 9h 2s 6s Ks]
Seat 2: 19woody58 (big blind) mucked
Seat 3: AzureCaper (button) (small blind) showed [Js 6c] and won ($41.50) with a flush, King high


PokerStars Hand #172174920801:  Hold'em Limit ($3/$6 USD) - 2017/06/24 9:03:07 ET
Table 'Aunus' 6-max Seat #2 is the button
Seat 2: 19woody58 ($136.22 in chips)
Seat 3: AzureCaper ($72 in chips)
19woody58: posts small blind $1
AzureCaper: posts big blind $3
*** HOLE CARDS ***
19woody58: raises $3 to $6
AzureCaper: folds
Uncalled bet ($3) returned to 19woody58
19woody58 collected $6 from pot
*** SUMMARY ***
Total pot $6 | Rake $0
Seat 2: 19woody58 (button) (small blind) collected ($6)
Seat 3: AzureCaper (big blind) folded before Flop


PokerStars Hand #172174912539:  Hold'em Limit ($3/$6 USD) - 2017/06/24 9:02:51 ET
Table 'Aunus' 6-max Seat #3 is the button
Seat 2: 19woody58 ($127.58 in chips)
Seat 3: AzureCaper ($80.14 in chips)
AzureCaper: posts small blind $1
19woody58: posts big blind $3
*** HOLE CARDS ***
AzureCaper: raises $3 to $6
19woody58: calls $3
*** FLOP *** [Kd 9c 2h]
19woody58: checks
AzureCaper: bets $3
19woody58: calls $3
*** TURN *** [Kd 9c 2h] [Tc]
19woody58: checks
AzureCaper: checks
*** RIVER *** [Kd 9c 2h Tc] [3d]
19woody58: bets $6
AzureCaper: folds
Uncalled bet ($6) returned to 19woody58
19woody58 collected $17.64 from pot
*** SUMMARY ***
Total pot $18 | Rake $0.36
Board [Kd 9c 2h Tc 3d]
Seat 2: 19woody58 (big blind) collected ($17.64)
Seat 3: AzureCaper (button) (small blind) folded on the River


PokerStars Hand #172175025257:  Hold'em Limit ($3/$6 USD) - 2017/06/24 9:06:27 ET
Table 'Aunus' 6-max Seat #3 is the button
Seat 3: AzureCaper ($72 in chips)
Seat 4: Anchig ($115.15 in chips)
AzureCaper: posts small blind $1
Anchig: posts big blind $3
*** HOLE CARDS ***
AzureCaper: folds
Uncalled bet ($2) returned to Anchig
AzureCaper leaves the table
Anchig collected $2 from pot
Anchig: doesn't show hand
*** SUMMARY ***
Total pot $2 | Rake $0
Seat 3: AzureCaper (button) (small blind) folded before Flop
Seat 4: Anchig (big blind) collected ($2)


PokerStars Hand #172175013676:  Hold'em Limit ($3/$6 USD) - 2017/06/24 9:06:05 ET
Table 'Aunus' 6-max Seat #4 is the button
Seat 3: AzureCaper ($72 in chips)
Seat 4: Anchig ($91.65 in chips)
Anchig: posts small blind $1
AzureCaper: posts big blind $3
*** HOLE CARDS ***
19woody58 leaves the table
Anchig: raises $3 to $6
AzureCaper: calls $3
*** FLOP *** [9h 7d 8s]
AzureCaper: checks
Anchig: bets $3
AzureCaper: raises $3 to $6
Anchig: calls $3
*** TURN *** [9h 7d 8s] [Tc]
AzureCaper: checks
Anchig: bets $6
AzureCaper: calls $6
*** RIVER *** [9h 7d 8s Tc] [3h]
AzureCaper: checks
Anchig: bets $6
AzureCaper: calls $6
*** SHOW DOWN ***
Anchig: shows [Jd Qs] (a straight, Eight to Queen)
AzureCaper: mucks hand
Anchig collected $47.50 from pot
*** SUMMARY ***
Total pot $48 | Rake $0.50
Board [9h 7d 8s Tc 3h]
Seat 3: AzureCaper (big blind) mucked
Seat 4: Anchig (button) (small blind) showed [Jd Qs] and won ($47.50) with a straight, Eight to Queen


