PokerStars Hand #172155674768:  Hold'em Limit ($3/$6 USD) - 2017/06/23 18:38:35 ET
Table 'Auravictrix' 6-max Seat #3 is the button
Seat 1: Velbor107 ($323.50 in chips)
Seat 3: hassan67 ($120 in chips)
hassan67: posts small blind $1
Velbor107: posts big blind $3
*** HOLE CARDS ***
hassan67: raises $3 to $6
Velbor107: calls $3
*** FLOP *** [6c Jc 4c]
Velbor107: checks
hassan67: bets $3
Velbor107: calls $3
*** TURN *** [6c Jc 4c] [Kh]
Velbor107: checks
hassan67: bets $6
Velbor107: calls $6
*** RIVER *** [6c Jc 4c Kh] [8d]
Velbor107: bets $6
hassan67: calls $6
*** SHOW DOWN ***
Velbor107: shows [As 8h] (a pair of Eights)
hassan67: mucks hand
Velbor107 collected $41.50 from pot
*** SUMMARY ***
Total pot $42 | Rake $0.50
Board [6c Jc 4c Kh 8d]
Seat 1: Velbor107 (big blind) showed [As 8h] and won ($41.50) with a pair of Eights
Seat 3: hassan67 (button) (small blind) mucked


PokerStars Hand #172156793040:  Hold'em Limit ($3/$6 USD) - 2017/06/23 19:10:31 ET
Table 'Auravictrix' 6-max Seat #4 is the button
Seat 3: hassan67 ($103.89 in chips)
Seat 4: scorpio04 ($169.75 in chips)
scorpio04: posts small blind $1
EVBET: is sitting out
hassan67: posts big blind $3
EVBET leaves the table
*** HOLE CARDS ***
scorpio04: folds
Uncalled bet ($2) returned to hassan67
hassan67 collected $2 from pot
hassan67: doesn't show hand
*** SUMMARY ***
Total pot $2 | Rake $0
Seat 3: hassan67 (big blind) collected ($2)
Seat 4: scorpio04 (button) (small blind) folded before Flop


PokerStars Hand #172156798449:  Hold'em Limit ($3/$6 USD) - 2017/06/23 19:10:41 ET
Table 'Auravictrix' 6-max Seat #3 is the button
Seat 3: hassan67 ($104.89 in chips)
Seat 4: scorpio04 ($168.75 in chips)
hassan67: posts small blind $1
scorpio04: posts big blind $3
*** HOLE CARDS ***
hassan67: raises $3 to $6
scorpio04: calls $3
*** FLOP *** [7d Kh 5c]
scorpio04: checks
hassan67: bets $3
scorpio04: raises $3 to $6
hassan67: folds
Uncalled bet ($3) returned to scorpio04
scorpio04 collected $17.64 from pot
scorpio04: doesn't show hand
*** SUMMARY ***
Total pot $18 | Rake $0.36
Board [7d Kh 5c]
Seat 3: hassan67 (button) (small blind) folded on the Flop
Seat 4: scorpio04 (big blind) collected ($17.64)


