PokerStars Hand #162705233614:  Hold'em Limit ($3/$6 USD) - 2016/12/10 5:06:48 ET
Table 'Auravictrix' 10-max Seat #8 is the button
Seat 8: Oleg_Zhidkov ($17.64 in chips)
Seat 9: GoliafUa ($131.50 in chips)
Oleg_Zhidkov: posts small blind $1
GoliafUa: posts big blind $3
*** HOLE CARDS ***
Oleg_Zhidkov: raises $3 to $6
belik555 joins the table at seat #10
GoliafUa: folds
Uncalled bet ($3) returned to Oleg_Zhidkov
Oleg_Zhidkov collected $6 from pot
*** SUMMARY ***
Total pot $6 | Rake $0
Seat 8: Oleg_Zhidkov (button) (small blind) collected ($6)
Seat 9: GoliafUa (big blind) folded before Flop


PokerStars Hand #162705219596:  Hold'em Limit ($3/$6 USD) - 2016/12/10 5:06:17 ET
Table 'Auravictrix' 10-max Seat #8 is the button
Seat 8: Oleg_Zhidkov ($30 in chips)
Seat 9: GoliafUa ($120 in chips)
Oleg_Zhidkov: posts small blind $1
GoliafUa: posts big blind $3
*** HOLE CARDS ***
Oleg_Zhidkov: raises $3 to $6
GoliafUa: calls $3
*** FLOP *** [As 2s Jc]
GoliafUa: checks
Oleg_Zhidkov: bets $3
GoliafUa: raises $3 to $6
Oleg_Zhidkov: raises $3 to $9
GoliafUa: calls $3
*** TURN *** [As 2s Jc] [2d]
GoliafUa: checks
Oleg_Zhidkov: checks
*** RIVER *** [As 2s Jc 2d] [7s]
GoliafUa: checks
Oleg_Zhidkov: bets $6
GoliafUa: calls $6
*** SHOW DOWN ***
Oleg_Zhidkov: shows [6h 8s] (a pair of Deuces)
GoliafUa: shows [Jh Tc] (two pair, Jacks and Deuces)
GoliafUa collected $41.50 from pot
*** SUMMARY ***
Total pot $42 | Rake $0.50
Board [As 2s Jc 2d 7s]
Seat 8: Oleg_Zhidkov (button) (small blind) showed [6h 8s] and lost with a pair of Deuces
Seat 9: GoliafUa (big blind) showed [Jh Tc] and won ($41.50) with two pair, Jacks and Deuces


PokerStars Hand #162705227410:  Hold'em Limit ($3/$6 USD) - 2016/12/10 5:06:34 ET
Table 'Auravictrix' 10-max Seat #9 is the button
Seat 8: Oleg_Zhidkov ($9 in chips)
Seat 9: GoliafUa ($140.50 in chips)
GoliafUa: posts small blind $1
Oleg_Zhidkov: posts big blind $3
*** HOLE CARDS ***
GoliafUa: raises $3 to $6
Oleg_Zhidkov: calls $3
*** FLOP *** [7s Qs Ts]
Oleg_Zhidkov: checks
GoliafUa: bets $3
Oleg_Zhidkov: calls $3 and is all-in
*** TURN *** [7s Qs Ts] [4s]
*** RIVER *** [7s Qs Ts 4s] [2h]
*** SHOW DOWN ***
Oleg_Zhidkov: shows [6s 9s] (a flush, Queen high)
GoliafUa: shows [Td Kh] (a pair of Tens)
Oleg_Zhidkov collected $17.64 from pot
*** SUMMARY ***
Total pot $18 | Rake $0.36
Board [7s Qs Ts 4s 2h]
Seat 8: Oleg_Zhidkov (big blind) showed [6s 9s] and won ($17.64) with a flush, Queen high
Seat 9: GoliafUa (button) (small blind) showed [Td Kh] and lost with a pair of Tens


PokerStars Hand #162705336734:  Hold'em Limit ($3/$6 USD) - 2016/12/10 5:10:35 ET
Table 'Auravictrix' 10-max Seat #8 is the button
Seat 8: Oleg_Zhidkov ($49.94 in chips)
Seat 9: GoliafUa ($98.25 in chips)
Oleg_Zhidkov: posts small blind $1
GoliafUa: posts big blind $3
*** HOLE CARDS ***
Oleg_Zhidkov: raises $3 to $6
GoliafUa: calls $3
*** FLOP *** [Td 3d Qh]
GoliafUa: checks
Oleg_Zhidkov: bets $3
GoliafUa: calls $3
*** TURN *** [Td 3d Qh] [2d]
GoliafUa: checks
Oleg_Zhidkov: checks
*** RIVER *** [Td 3d Qh 2d] [2s]
GoliafUa: bets $6
Oleg_Zhidkov: folds
Uncalled bet ($6) returned to GoliafUa
GoliafUa collected $17.64 from pot
GoliafUa: doesn't show hand
*** SUMMARY ***
Total pot $18 | Rake $0.36
Board [Td 3d Qh 2d 2s]
Seat 8: Oleg_Zhidkov (button) (small blind) folded on the River
Seat 9: GoliafUa (big blind) collected ($17.64)


PokerStars Hand #162705324289:  Hold'em Limit ($3/$6 USD) - 2016/12/10 5:10:08 ET
Table 'Auravictrix' 10-max Seat #9 is the button
Seat 8: Oleg_Zhidkov ($32.44 in chips)
Seat 9: GoliafUa ($116.25 in chips)
GoliafUa: posts small blind $1
belik555: is sitting out
Oleg_Zhidkov: posts big blind $3
*** HOLE CARDS ***
GoliafUa: raises $3 to $6
Oleg_Zhidkov: raises $3 to $9
GoliafUa: calls $3
*** FLOP *** [Js Kh Ts]
Oleg_Zhidkov: bets $3
GoliafUa: calls $3
*** TURN *** [Js Kh Ts] [5h]
Oleg_Zhidkov: bets $6
GoliafUa: calls $6
*** RIVER *** [Js Kh Ts 5h] [8c]
Oleg_Zhidkov: checks
GoliafUa: checks
*** SHOW DOWN ***
Oleg_Zhidkov: shows [Ad 8h] (a pair of Eights)
GoliafUa: mucks hand
Oleg_Zhidkov collected $35.50 from pot
*** SUMMARY ***
Total pot $36 | Rake $0.50
Board [Js Kh Ts 5h 8c]
Seat 8: Oleg_Zhidkov (big blind) showed [Ad 8h] and won ($35.50) with a pair of Eights
Seat 9: GoliafUa (button) (small blind) mucked


