PokerStars Hand #144382860520:  Hold'em Limit ($3/$6 USD) - 2015/11/25 17:12:00 ET
Table 'Aurelia' 6-max Seat #3 is the button
Seat 3: benbb ($49.07 in chips)
Seat 4: Karpik09 ($98 in chips)
benbb: posts small blind $1
Karpik09: posts big blind $3
*** HOLE CARDS ***
benbb: folds
Uncalled bet ($2) returned to Karpik09
Karpik09 collected $2 from pot
Karpik09: doesn't show hand
*** SUMMARY ***
Total pot $2 | Rake $0
Seat 3: benbb (button) (small blind) folded before Flop
Seat 4: Karpik09 (big blind) collected ($2)


PokerStars Hand #144382853631:  Hold'em Limit ($3/$6 USD) - 2015/11/25 17:11:52 ET
Table 'Aurelia' 6-max Seat #4 is the button
Seat 3: benbb ($52.07 in chips)
Seat 4: Karpik09 ($95 in chips)
Karpik09: posts small blind $1
benbb: posts big blind $3
*** HOLE CARDS ***
Karpik09: raises $3 to $6
benbb: folds
Uncalled bet ($3) returned to Karpik09
Karpik09 collected $6 from pot
Karpik09: doesn't show hand
*** SUMMARY ***
Total pot $6 | Rake $0
Seat 3: benbb (big blind) folded before Flop
Seat 4: Karpik09 (button) (small blind) collected ($6)


PokerStars Hand #144382848562:  Hold'em Limit ($3/$6 USD) - 2015/11/25 17:11:47 ET
Table 'Aurelia' 6-max Seat #3 is the button
Seat 3: benbb ($53.07 in chips)
Seat 4: Karpik09 ($94 in chips)
benbb: posts small blind $1
Karpik09: posts big blind $3
*** HOLE CARDS ***
benbb: folds
Uncalled bet ($2) returned to Karpik09
Karpik09 collected $2 from pot
Karpik09: doesn't show hand
*** SUMMARY ***
Total pot $2 | Rake $0
Seat 3: benbb (button) (small blind) folded before Flop
Seat 4: Karpik09 (big blind) collected ($2)


PokerStars Hand #144382841935:  Hold'em Limit ($3/$6 USD) - 2015/11/25 17:11:39 ET
Table 'Aurelia' 6-max Seat #4 is the button
Seat 3: benbb ($56.07 in chips)
Seat 4: Karpik09 ($91 in chips)
Karpik09: posts small blind $1
benbb: posts big blind $3
*** HOLE CARDS ***
Karpik09: raises $3 to $6
benbb: folds
Uncalled bet ($3) returned to Karpik09
Karpik09 collected $6 from pot
Karpik09: doesn't show hand
*** SUMMARY ***
Total pot $6 | Rake $0
Seat 3: benbb (big blind) folded before Flop
Seat 4: Karpik09 (button) (small blind) collected ($6)


PokerStars Hand #144382835460:  Hold'em Limit ($3/$6 USD) - 2015/11/25 17:11:32 ET
Table 'Aurelia' 6-max Seat #3 is the button
Seat 3: benbb ($57.07 in chips)
Seat 4: Karpik09 ($90 in chips)
benbb: posts small blind $1
Karpik09: posts big blind $3
*** HOLE CARDS ***
benbb: folds
Uncalled bet ($2) returned to Karpik09
Karpik09 collected $2 from pot
Karpik09: doesn't show hand
*** SUMMARY ***
Total pot $2 | Rake $0
Seat 3: benbb (button) (small blind) folded before Flop
Seat 4: Karpik09 (big blind) collected ($2)


PokerStars Hand #144382793149:  Hold'em Limit ($3/$6 USD) - 2015/11/25 17:10:43 ET
Table 'Aurelia' 6-max Seat #4 is the button
Seat 3: benbb ($33.57 in chips)
Seat 4: Karpik09 ($95.76 in chips)
Karpik09: posts small blind $1
benbb: posts big blind $3
*** HOLE CARDS ***
Karpik09: raises $3 to $6
benbb: raises $3 to $9
Karpik09: calls $3
*** FLOP *** [Kc 8d 2d]
benbb: bets $3
Karpik09: calls $3
*** TURN *** [Kc 8d 2d] [8c]
benbb: bets $6
vestimokrec joins the table at seat #5
Karpik09: calls $6
*** RIVER *** [Kc 8d 2d 8c] [Kh]
benbb: bets $6
Karpik09: calls $6
*** SHOW DOWN ***
benbb: shows [Jd Kd] (a full house, Kings full of Eights)
Karpik09: mucks hand
benbb collected $47.50 from pot
*** SUMMARY ***
Total pot $48 | Rake $0.50
Board [Kc 8d 2d 8c Kh]
Seat 3: benbb (big blind) showed [Jd Kd] and won ($47.50) with a full house, Kings full of Eights
Seat 4: Karpik09 (button) (small blind) mucked


PokerStars Hand #144383356984:  Hold'em Limit ($3/$6 USD) - 2015/11/25 17:21:27 ET
Table 'Aurelia' 6-max Seat #3 is the button
Seat 3: oj_pimpson ($84 in chips)
Seat 6: hooverr ($212.65 in chips)
oj_pimpson: posts small blind $1
Karpik09: is sitting out
Chessnok: is sitting out
hooverr: posts big blind $3
*** HOLE CARDS ***
Karpik09 leaves the table
oj_pimpson: raises $3 to $6
hooverr: calls $3
*** FLOP *** [2s Td 7c]
hooverr: checks
oj_pimpson: bets $3
hooverr: calls $3
*** TURN *** [2s Td 7c] [2c]
hooverr: bets $6
oj_pimpson: calls $6
*** RIVER *** [2s Td 7c 2c] [Kh]
hooverr: checks
oj_pimpson: bets $6
hooverr: calls $6
*** SHOW DOWN ***
oj_pimpson: shows [8c 8h] (two pair, Eights and Deuces)
hooverr: mucks hand
oj_pimpson collected $41.50 from pot
*** SUMMARY ***
Total pot $42 | Rake $0.50
Board [2s Td 7c 2c Kh]
Seat 3: oj_pimpson (button) (small blind) showed [8c 8h] and won ($41.50) with two pair, Eights and Deuces
Seat 6: hooverr (big blind) mucked


PokerStars Hand #144383407668:  Hold'em Limit ($3/$6 USD) - 2015/11/25 17:22:26 ET
Table 'Aurelia' 6-max Seat #3 is the button
Seat 3: oj_pimpson ($86.50 in chips)
Seat 6: hooverr ($209.15 in chips)
oj_pimpson: posts small blind $1
hooverr: posts big blind $3
*** HOLE CARDS ***
oj_pimpson: folds
Uncalled bet ($2) returned to hooverr
hooverr collected $2 from pot
hooverr: doesn't show hand
*** SUMMARY ***
Total pot $2 | Rake $0
Seat 3: oj_pimpson (button) (small blind) folded before Flop
Seat 6: hooverr (big blind) collected ($2)


PokerStars Hand #144383385090:  Hold'em Limit ($3/$6 USD) - 2015/11/25 17:22:00 ET
Table 'Aurelia' 6-max Seat #6 is the button
Seat 3: oj_pimpson ($104.50 in chips)
Seat 6: hooverr ($191.65 in chips)
hooverr: posts small blind $1
oj_pimpson: posts big blind $3
*** HOLE CARDS ***
hooverr: raises $3 to $6
oj_pimpson: raises $3 to $9
hooverr: calls $3
*** FLOP *** [4c Tc 3h]
oj_pimpson: bets $3
hooverr: calls $3
*** TURN *** [4c Tc 3h] [6d]
oj_pimpson: bets $6
hooverr: calls $6
*** RIVER *** [4c Tc 3h 6d] [2c]
oj_pimpson: checks
hooverr: bets $6
oj_pimpson: folds
Uncalled bet ($6) returned to hooverr
hooverr collected $35.50 from pot
hooverr: doesn't show hand
*** SUMMARY ***
Total pot $36 | Rake $0.50
Board [4c Tc 3h 6d 2c]
Seat 3: oj_pimpson (big blind) folded on the River
Seat 6: hooverr (button) (small blind) collected ($35.50)


PokerStars Hand #144383412071:  Hold'em Limit ($3/$6 USD) - 2015/11/25 17:22:32 ET
Table 'Aurelia' 6-max Seat #6 is the button
Seat 3: oj_pimpson ($85.50 in chips)
Seat 6: hooverr ($210.15 in chips)
hooverr: posts small blind $1
oj_pimpson: posts big blind $3
*** HOLE CARDS ***
hooverr: raises $3 to $6
oj_pimpson: calls $3
*** FLOP *** [5h 5d Ac]
oj_pimpson: checks
Huitzitzilin joins the table at seat #2
hooverr: bets $3
oj_pimpson: raises $3 to $6
hooverr: calls $3
*** TURN *** [5h 5d Ac] [Ah]
oj_pimpson: bets $6
hooverr: calls $6
*** RIVER *** [5h 5d Ac Ah] [Qd]
oj_pimpson: checks
hooverr: bets $6
oj_pimpson: calls $6
*** SHOW DOWN ***
hooverr: shows [5s 7s] (a full house, Fives full of Aces)
oj_pimpson: mucks hand
hooverr collected $47.50 from pot
*** SUMMARY ***
Total pot $48 | Rake $0.50
Board [5h 5d Ac Ah Qd]
Seat 3: oj_pimpson (big blind) mucked
Seat 6: hooverr (button) (small blind) showed [5s 7s] and won ($47.50) with a full house, Fives full of Aces


PokerStars Hand #144383438308:  Hold'em Limit ($3/$6 USD) - 2015/11/25 17:23:02 ET
Table 'Aurelia' 6-max Seat #3 is the button
Seat 3: oj_pimpson ($61.50 in chips)
Seat 6: hooverr ($233.65 in chips)
oj_pimpson: posts small blind $1
hooverr: posts big blind $3
*** HOLE CARDS ***
Huitzitzilin leaves the table
oj_pimpson: raises $3 to $6
hooverr: folds
Uncalled bet ($3) returned to oj_pimpson
oj_pimpson collected $6 from pot
*** SUMMARY ***
Total pot $6 | Rake $0
Seat 3: oj_pimpson (button) (small blind) collected ($6)
Seat 6: hooverr (big blind) folded before Flop


PokerStars Hand #144383444351:  Hold'em Limit ($3/$6 USD) - 2015/11/25 17:23:09 ET
Table 'Aurelia' 6-max Seat #6 is the button
Seat 3: oj_pimpson ($64.50 in chips)
Seat 6: hooverr ($230.65 in chips)
hooverr: posts small blind $1
oj_pimpson: posts big blind $3
*** HOLE CARDS ***
hooverr: raises $3 to $6
oj_pimpson: calls $3
*** FLOP *** [Js 2h Kd]
oj_pimpson: checks
hooverr: bets $3
oj_pimpson: calls $3
*** TURN *** [Js 2h Kd] [5d]
oj_pimpson: checks
hooverr: checks
*** RIVER *** [Js 2h Kd 5d] [As]
oj_pimpson: bets $6
hooverr: raises $6 to $12
oj_pimpson: raises $6 to $18
hooverr: calls $6
*** SHOW DOWN ***
oj_pimpson: shows [5c Jc] (two pair, Jacks and Fives)
hooverr: shows [Ah 5h] (two pair, Aces and Fives)
hooverr collected $53.50 from pot
*** SUMMARY ***
Total pot $54 | Rake $0.50
Board [Js 2h Kd 5d As]
Seat 3: oj_pimpson (big blind) showed [5c Jc] and lost with two pair, Jacks and Fives
Seat 6: hooverr (button) (small blind) showed [Ah 5h] and won ($53.50) with two pair, Aces and Fives


PokerStars Hand #144383466179:  Hold'em Limit ($3/$6 USD) - 2015/11/25 17:23:34 ET
Table 'Aurelia' 6-max Seat #3 is the button
Seat 3: oj_pimpson ($37.50 in chips)
Seat 6: hooverr ($257.15 in chips)
oj_pimpson: posts small blind $1
hooverr: posts big blind $3
*** HOLE CARDS ***
oj_pimpson: raises $3 to $6
hooverr: calls $3
*** FLOP *** [5d Tc 2s]
hooverr: checks
oj_pimpson: bets $3
hooverr: calls $3
*** TURN *** [5d Tc 2s] [Qd]
hooverr: checks
oj_pimpson: bets $6
hooverr: calls $6
*** RIVER *** [5d Tc 2s Qd] [7s]
hooverr: checks
oj_pimpson: bets $6
hooverr: folds
Uncalled bet ($6) returned to oj_pimpson
oj_pimpson collected $29.50 from pot
*** SUMMARY ***
Total pot $30 | Rake $0.50
Board [5d Tc 2s Qd 7s]
Seat 3: oj_pimpson (button) (small blind) collected ($29.50)
Seat 6: hooverr (big blind) folded on the River


PokerStars Hand #144383489398:  Hold'em Limit ($3/$6 USD) - 2015/11/25 17:24:02 ET
Table 'Aurelia' 6-max Seat #6 is the button
Seat 3: oj_pimpson ($52 in chips)
Seat 6: hooverr ($242.15 in chips)
hooverr: posts small blind $1
oj_pimpson: posts big blind $3
*** HOLE CARDS ***
hooverr: raises $3 to $6
oj_pimpson: raises $3 to $9
hooverr: calls $3
*** FLOP *** [3c Qc 2h]
oj_pimpson: bets $3
hooverr: raises $3 to $6
oj_pimpson: calls $3
*** TURN *** [3c Qc 2h] [3s]
oj_pimpson: checks
hooverr: bets $6
oj_pimpson: calls $6
*** RIVER *** [3c Qc 2h 3s] [3h]
oj_pimpson: checks
hooverr: bets $6
oj_pimpson: calls $6
*** SHOW DOWN ***
hooverr: shows [As 2c] (a full house, Threes full of Deuces)
oj_pimpson: mucks hand
hooverr collected $53.50 from pot
*** SUMMARY ***
Total pot $54 | Rake $0.50
Board [3c Qc 2h 3s 3h]
Seat 3: oj_pimpson (big blind) mucked
Seat 6: hooverr (button) (small blind) showed [As 2c] and won ($53.50) with a full house, Threes full of Deuces


PokerStars Hand #144383513775:  Hold'em Limit ($3/$6 USD) - 2015/11/25 17:24:30 ET
Table 'Aurelia' 6-max Seat #3 is the button
Seat 3: oj_pimpson ($60 in chips)
Seat 6: hooverr ($268.65 in chips)
oj_pimpson: posts small blind $1
hooverr: posts big blind $3
*** HOLE CARDS ***
oj_pimpson: raises $3 to $6
hooverr: calls $3
*** FLOP *** [4h Th 5s]
hooverr: checks
oj_pimpson: bets $3
hooverr: calls $3
*** TURN *** [4h Th 5s] [Kc]
hooverr: checks
oj_pimpson: bets $6
hooverr: folds
Uncalled bet ($6) returned to oj_pimpson
oj_pimpson collected $17.64 from pot
*** SUMMARY ***
Total pot $18 | Rake $0.36
Board [4h Th 5s Kc]
Seat 3: oj_pimpson (button) (small blind) collected ($17.64)
Seat 6: hooverr (big blind) folded on the Turn


PokerStars Hand #144383535394:  Hold'em Limit ($3/$6 USD) - 2015/11/25 17:24:56 ET
Table 'Aurelia' 6-max Seat #6 is the button
Seat 3: oj_pimpson ($68.64 in chips)
Seat 6: hooverr ($259.65 in chips)
hooverr: posts small blind $1
oj_pimpson: posts big blind $3
*** HOLE CARDS ***
hooverr: folds
Uncalled bet ($2) returned to oj_pimpson
oj_pimpson collected $2 from pot
scorpio04 joins the table at seat #1
*** SUMMARY ***
Total pot $2 | Rake $0
Seat 3: oj_pimpson (big blind) collected ($2)
Seat 6: hooverr (button) (small blind) folded before Flop


PokerStars Hand #144383540648:  Hold'em Limit ($3/$6 USD) - 2015/11/25 17:25:02 ET
Table 'Aurelia' 6-max Seat #3 is the button
Seat 3: oj_pimpson ($69.64 in chips)
Seat 6: hooverr ($258.65 in chips)
oj_pimpson: posts small blind $1
hooverr: posts big blind $3
*** HOLE CARDS ***
oj_pimpson: raises $3 to $6
hooverr: folds
Uncalled bet ($3) returned to oj_pimpson
oj_pimpson collected $6 from pot
*** SUMMARY ***
Total pot $6 | Rake $0
Seat 3: oj_pimpson (button) (small blind) collected ($6)
Seat 6: hooverr (big blind) folded before Flop


PokerStars Hand #144386546515:  Hold'em Limit ($3/$6 USD) - 2015/11/25 18:28:51 ET
Table 'Aurelia' 6-max Seat #1 is the button
Seat 1: scorpio04 ($72 in chips)
Seat 6: hooverr ($124.57 in chips)
scorpio04: posts small blind $1
oj_pimpson: is sitting out
vestimokrec: is sitting out
hooverr: posts big blind $3
*** HOLE CARDS ***
scorpio04: raises $3 to $6
hooverr: folds
Uncalled bet ($3) returned to scorpio04
scorpio04 collected $6 from pot
scorpio04: doesn't show hand
vestimokrec leaves the table
*** SUMMARY ***
Total pot $6 | Rake $0
Seat 1: scorpio04 (button) (small blind) collected ($6)
Seat 6: hooverr (big blind) folded before Flop


PokerStars Hand #144386551740:  Hold'em Limit ($3/$6 USD) - 2015/11/25 18:28:58 ET
Table 'Aurelia' 6-max Seat #6 is the button
Seat 1: scorpio04 ($75 in chips)
Seat 6: hooverr ($121.57 in chips)
hooverr: posts small blind $1
scorpio04: posts big blind $3
*** HOLE CARDS ***
oj_pimpson leaves the table
7superpoker joins the table at seat #3
hooverr: folds
Uncalled bet ($2) returned to scorpio04
scorpio04 collected $2 from pot
scorpio04: doesn't show hand
*** SUMMARY ***
Total pot $2 | Rake $0
Seat 1: scorpio04 (big blind) collected ($2)
Seat 6: hooverr (button) (small blind) folded before Flop


