PokerStars Hand #147328049013:  Hold'em Limit ($3/$6 USD) - 2016/01/19 15:26:25 ET
Table 'Aurelia II' 6-max Seat #2 is the button
Seat 1: VolkovDmitri ($125.76 in chips)
Seat 2: ChicagoBull4 ($114 in chips)
ChicagoBull4: posts small blind $1
VolkovDmitri: posts big blind $3
*** HOLE CARDS ***
ChicagoBull4: folds
Uncalled bet ($2) returned to VolkovDmitri
VolkovDmitri collected $2 from pot
VolkovDmitri: doesn't show hand
*** SUMMARY ***
Total pot $2 | Rake $0
Seat 1: VolkovDmitri (big blind) collected ($2)
Seat 2: ChicagoBull4 (button) (small blind) folded before Flop


PokerStars Hand #147328054749:  Hold'em Limit ($3/$6 USD) - 2016/01/19 15:26:30 ET
Table 'Aurelia II' 6-max Seat #1 is the button
Seat 1: VolkovDmitri ($126.76 in chips)
Seat 2: ChicagoBull4 ($113 in chips)
VolkovDmitri: posts small blind $1
ChicagoBull4: posts big blind $3
*** HOLE CARDS ***
VolkovDmitri: raises $3 to $6
ChicagoBull4: raises $3 to $9
VolkovDmitri: calls $3
*** FLOP *** [3d Td 5c]
ChicagoBull4: bets $3
VolkovDmitri: calls $3
*** TURN *** [3d Td 5c] [Ts]
ChicagoBull4: bets $6
VolkovDmitri: calls $6
*** RIVER *** [3d Td 5c Ts] [3s]
ChicagoBull4: checks
VolkovDmitri: checks
*** SHOW DOWN ***
ChicagoBull4: shows [Jd 9h] (two pair, Tens and Threes)
VolkovDmitri: shows [Jh Qs] (two pair, Tens and Threes - Queen kicker)
VolkovDmitri collected $35.50 from pot
*** SUMMARY ***
Total pot $36 | Rake $0.50
Board [3d Td 5c Ts 3s]
Seat 1: VolkovDmitri (button) (small blind) showed [Jh Qs] and won ($35.50) with two pair, Tens and Threes
Seat 2: ChicagoBull4 (big blind) showed [Jd 9h] and lost with two pair, Tens and Threes


PokerStars Hand #147328100434:  Hold'em Limit ($3/$6 USD) - 2016/01/19 15:27:11 ET
Table 'Aurelia II' 6-max Seat #2 is the button
Seat 1: VolkovDmitri ($144.26 in chips)
Seat 2: ChicagoBull4 ($95 in chips)
ChicagoBull4: posts small blind $1
VolkovDmitri: posts big blind $3
*** HOLE CARDS ***
ChicagoBull4: raises $3 to $6
VolkovDmitri: calls $3
*** FLOP *** [Ts 9c 3c]
VolkovDmitri: checks
ChicagoBull4: bets $3
VolkovDmitri: raises $3 to $6
ChicagoBull4: calls $3
*** TURN *** [Ts 9c 3c] [Js]
VolkovDmitri: bets $6
ChicagoBull4: folds
Uncalled bet ($6) returned to VolkovDmitri
VolkovDmitri collected $23.52 from pot
VolkovDmitri: doesn't show hand
*** SUMMARY ***
Total pot $24 | Rake $0.48
Board [Ts 9c 3c Js]
Seat 1: VolkovDmitri (big blind) collected ($23.52)
Seat 2: ChicagoBull4 (button) (small blind) folded on the Turn


PokerStars Hand #147328138684:  Hold'em Limit ($3/$6 USD) - 2016/01/19 15:27:45 ET
Table 'Aurelia II' 6-max Seat #1 is the button
Seat 1: VolkovDmitri ($155.78 in chips)
Seat 2: ChicagoBull4 ($83 in chips)
VolkovDmitri: posts small blind $1
ChicagoBull4: posts big blind $3
*** HOLE CARDS ***
VolkovDmitri: raises $3 to $6
ChicagoBull4: calls $3
*** FLOP *** [Td Th 8d]
ChicagoBull4: checks
VolkovDmitri: checks
*** TURN *** [Td Th 8d] [6c]
ChicagoBull4: bets $6
VolkovDmitri: calls $6
*** RIVER *** [Td Th 8d 6c] [8h]
ChicagoBull4: checks
VolkovDmitri: bets $6
ChicagoBull4: calls $6
*** SHOW DOWN ***
VolkovDmitri: shows [Kh Kd] (two pair, Kings and Tens)
ChicagoBull4: mucks hand
VolkovDmitri collected $35.50 from pot
*** SUMMARY ***
Total pot $36 | Rake $0.50
Board [Td Th 8d 6c 8h]
Seat 1: VolkovDmitri (button) (small blind) showed [Kh Kd] and won ($35.50) with two pair, Kings and Tens
Seat 2: ChicagoBull4 (big blind) mucked


PokerStars Hand #147328176177:  Hold'em Limit ($3/$6 USD) - 2016/01/19 15:28:19 ET
Table 'Aurelia II' 6-max Seat #2 is the button
Seat 1: VolkovDmitri ($173.28 in chips)
Seat 2: ChicagoBull4 ($65 in chips)
ChicagoBull4: posts small blind $1
VolkovDmitri: posts big blind $3
*** HOLE CARDS ***
ChicagoBull4: raises $3 to $6
VolkovDmitri: calls $3
*** FLOP *** [5c 9d 3d]
VolkovDmitri: checks
ChicagoBull4: bets $3
VolkovDmitri: raises $3 to $6
ChicagoBull4: calls $3
*** TURN *** [5c 9d 3d] [6h]
VolkovDmitri: bets $6
ChicagoBull4: calls $6
*** RIVER *** [5c 9d 3d 6h] [8s]
VolkovDmitri: checks
ChicagoBull4: bets $6
VolkovDmitri: calls $6
*** SHOW DOWN ***
ChicagoBull4: shows [8d As] (a pair of Eights)
VolkovDmitri: shows [Kh 9h] (a pair of Nines)
VolkovDmitri collected $47.50 from pot
*** SUMMARY ***
Total pot $48 | Rake $0.50
Board [5c 9d 3d 6h 8s]
Seat 1: VolkovDmitri (big blind) showed [Kh 9h] and won ($47.50) with a pair of Nines
Seat 2: ChicagoBull4 (button) (small blind) showed [8d As] and lost with a pair of Eights


