PokerStars Hand #153125162779:  Hold'em Limit ($3/$6 USD) - 2016/05/10 14:58:10 ET
Table 'Aurelia II' 6-max Seat #3 is the button
Seat 1: Brando Jr ($108 in chips)
Seat 3: xcgxcg2005 ($131.50 in chips)
xcgxcg2005: posts small blind $1
Brando Jr: posts big blind $3
*** HOLE CARDS ***
xcgxcg2005: folds
Uncalled bet ($2) returned to Brando Jr
Brando Jr collected $2 from pot
Brando Jr: doesn't show hand
*** SUMMARY ***
Total pot $2 | Rake $0
Seat 1: Brando Jr (big blind) collected ($2)
Seat 3: xcgxcg2005 (button) (small blind) folded before Flop


PokerStars Hand #153125157623:  Hold'em Limit ($3/$6 USD) - 2016/05/10 14:58:02 ET
Table 'Aurelia II' 6-max Seat #1 is the button
Seat 1: Brando Jr ($105 in chips)
Seat 3: xcgxcg2005 ($134.50 in chips)
Brando Jr: posts small blind $1
xcgxcg2005: posts big blind $3
*** HOLE CARDS ***
Brando Jr: raises $3 to $6
xcgxcg2005: folds
Uncalled bet ($3) returned to Brando Jr
Brando Jr collected $6 from pot
Brando Jr: doesn't show hand
*** SUMMARY ***
Total pot $6 | Rake $0
Seat 1: Brando Jr (button) (small blind) collected ($6)
Seat 3: xcgxcg2005 (big blind) folded before Flop


PokerStars Hand #153125147009:  Hold'em Limit ($3/$6 USD) - 2016/05/10 14:57:47 ET
Table 'Aurelia II' 6-max Seat #3 is the button
Seat 1: Brando Jr ($123 in chips)
Seat 3: xcgxcg2005 ($117 in chips)
xcgxcg2005: posts small blind $1
Brando Jr: posts big blind $3
*** HOLE CARDS ***
xcgxcg2005: raises $3 to $6
Brando Jr: calls $3
*** FLOP *** [Jd 2c 7s]
Brando Jr: checks
xcgxcg2005: bets $3
Brando Jr: raises $3 to $6
xcgxcg2005: calls $3
*** TURN *** [Jd 2c 7s] [6h]
Brando Jr: bets $6
xcgxcg2005: raises $6 to $12
Brando Jr: folds
Uncalled bet ($6) returned to xcgxcg2005
xcgxcg2005 collected $35.50 from pot
xcgxcg2005: doesn't show hand
*** SUMMARY ***
Total pot $36 | Rake $0.50
Board [Jd 2c 7s 6h]
Seat 1: Brando Jr (big blind) folded on the Turn
Seat 3: xcgxcg2005 (button) (small blind) collected ($35.50)


PokerStars Hand #153125300119:  Hold'em Limit ($3/$6 USD) - 2016/05/10 15:01:14 ET
Table 'Aurelia II' 6-max Seat #1 is the button
Seat 1: Brando Jr ($147 in chips)
Seat 2: ABATAPP ($81 in chips)
Brando Jr: posts small blind $1
ABATAPP: posts big blind $3
*** HOLE CARDS ***
Brando Jr: raises $3 to $6
ABATAPP: calls $3
*** FLOP *** [Td As 5h]
ABATAPP: checks
Brando Jr: bets $3
ABATAPP: folds
Uncalled bet ($3) returned to Brando Jr
Brando Jr collected $11.76 from pot
Brando Jr: doesn't show hand
*** SUMMARY ***
Total pot $12 | Rake $0.24
Board [Td As 5h]
Seat 1: Brando Jr (button) (small blind) collected ($11.76)
Seat 2: ABATAPP (big blind) folded on the Flop


PokerStars Hand #153125284615:  Hold'em Limit ($3/$6 USD) - 2016/05/10 15:00:55 ET
Table 'Aurelia II' 6-max Seat #2 is the button
Seat 1: Brando Jr ($123.50 in chips)
Seat 2: ABATAPP ($105 in chips)
ABATAPP: posts small blind $1
Brando Jr: posts big blind $3
*** HOLE CARDS ***
ABATAPP: raises $3 to $6
Brando Jr: raises $3 to $9
ABATAPP: calls $3
*** FLOP *** [3h 4d 4s]
Brando Jr: bets $3
ABATAPP: calls $3
*** TURN *** [3h 4d 4s] [6c]
Brando Jr: bets $6
ABATAPP: calls $6
*** RIVER *** [3h 4d 4s 6c] [8d]
Brando Jr: bets $6
ABATAPP: calls $6
*** SHOW DOWN ***
Brando Jr: shows [5c 7c] (a straight, Four to Eight)
ABATAPP: mucks hand
Brando Jr collected $47.50 from pot
*** SUMMARY ***
Total pot $48 | Rake $0.50
Board [3h 4d 4s 6c 8d]
Seat 1: Brando Jr (big blind) showed [5c 7c] and won ($47.50) with a straight, Four to Eight
Seat 2: ABATAPP (button) (small blind) mucked


PokerStars Hand #153125267201:  Hold'em Limit ($3/$6 USD) - 2016/05/10 15:00:33 ET
Table 'Aurelia II' 6-max Seat #1 is the button
Seat 1: Brando Jr ($109 in chips)
Seat 2: ABATAPP ($120 in chips)
Brando Jr: posts small blind $1
ABATAPP: posts big blind $3
*** HOLE CARDS ***
Brando Jr: raises $3 to $6
ABATAPP: calls $3
*** FLOP *** [Kh 9h 9s]
ABATAPP: checks
Brando Jr: bets $3
ABATAPP: calls $3
*** TURN *** [Kh 9h 9s] [Ac]
ABATAPP: checks
Brando Jr: checks
*** RIVER *** [Kh 9h 9s Ac] [2c]
ABATAPP: bets $6
Brando Jr: calls $6
*** SHOW DOWN ***
ABATAPP: shows [Th Qh] (a pair of Nines)
Brando Jr: shows [7h 7s] (two pair, Nines and Sevens)
Brando Jr collected $29.50 from pot
*** SUMMARY ***
Total pot $30 | Rake $0.50
Board [Kh 9h 9s Ac 2c]
Seat 1: Brando Jr (button) (small blind) showed [7h 7s] and won ($29.50) with two pair, Nines and Sevens
Seat 2: ABATAPP (big blind) showed [Th Qh] and lost with a pair of Nines


PokerStars Hand #153125374173:  Hold'em Limit ($3/$6 USD) - 2016/05/10 15:02:36 ET
Table 'Aurelia II' 6-max Seat #1 is the button
Seat 1: Brando Jr ($198 in chips)
Seat 2: ABATAPP ($32 in chips)
Brando Jr: posts small blind $1
ABATAPP: posts big blind $3
*** HOLE CARDS ***
Brando Jr: raises $3 to $6
ABATAPP: calls $3
*** FLOP *** [Jc 6c Jd]
Monatik2016 joins the table at seat #3
ABATAPP: checks
Brando Jr: bets $3
ABATAPP: folds
Uncalled bet ($3) returned to Brando Jr
Brando Jr collected $11.76 from pot
Brando Jr: doesn't show hand
*** SUMMARY ***
Total pot $12 | Rake $0.24
Board [Jc 6c Jd]
Seat 1: Brando Jr (button) (small blind) collected ($11.76)
Seat 2: ABATAPP (big blind) folded on the Flop


PokerStars Hand #153125353402:  Hold'em Limit ($3/$6 USD) - 2016/05/10 15:02:14 ET
Table 'Aurelia II' 6-max Seat #2 is the button
Seat 1: Brando Jr ($177.50 in chips)
Seat 2: ABATAPP ($53 in chips)
ABATAPP: posts small blind $1
Brando Jr: posts big blind $3
*** HOLE CARDS ***
ABATAPP: raises $3 to $6
Brando Jr: calls $3
*** FLOP *** [Kh Kd 5d]
Brando Jr: checks
ABATAPP: bets $3
Brando Jr: calls $3
*** TURN *** [Kh Kd 5d] [3c]
Brando Jr: checks
ABATAPP: checks
*** RIVER *** [Kh Kd 5d 3c] [Js]
Brando Jr: bets $6
ABATAPP: raises $6 to $12
Brando Jr: calls $6
*** SHOW DOWN ***
ABATAPP: shows [6d 7c] (a pair of Kings)
Brando Jr: shows [Jd 9s] (two pair, Kings and Jacks)
Brando Jr collected $41.50 from pot
*** SUMMARY ***
Total pot $42 | Rake $0.50
Board [Kh Kd 5d 3c Js]
Seat 1: Brando Jr (big blind) showed [Jd 9s] and won ($41.50) with two pair, Kings and Jacks
Seat 2: ABATAPP (button) (small blind) showed [6d 7c] and lost with a pair of Kings


PokerStars Hand #153125344656:  Hold'em Limit ($3/$6 USD) - 2016/05/10 15:02:05 ET
Table 'Aurelia II' 6-max Seat #1 is the button
Seat 1: Brando Jr ($178.50 in chips)
Seat 2: ABATAPP ($52 in chips)
Brando Jr: posts small blind $1
ABATAPP: posts big blind $3
*** HOLE CARDS ***
Brando Jr: folds
Uncalled bet ($2) returned to ABATAPP
ABATAPP collected $2 from pot
ABATAPP: doesn't show hand
*** SUMMARY ***
Total pot $2 | Rake $0
Seat 1: Brando Jr (button) (small blind) folded before Flop
Seat 2: ABATAPP (big blind) collected ($2)


PokerStars Hand #153125340270:  Hold'em Limit ($3/$6 USD) - 2016/05/10 15:02:00 ET
Table 'Aurelia II' 6-max Seat #2 is the button
Seat 1: Brando Jr ($177.50 in chips)
Seat 2: ABATAPP ($53 in chips)
ABATAPP: posts small blind $1
Brando Jr: posts big blind $3
*** HOLE CARDS ***
ABATAPP: folds
Uncalled bet ($2) returned to Brando Jr
Brando Jr collected $2 from pot
Brando Jr: doesn't show hand
*** SUMMARY ***
Total pot $2 | Rake $0
Seat 1: Brando Jr (big blind) collected ($2)
Seat 2: ABATAPP (button) (small blind) folded before Flop


PokerStars Hand #153125939764:  Hold'em Limit ($3/$6 USD) - 2016/05/10 15:12:53 ET
Table 'Aurelia II' 6-max Seat #6 is the button
Seat 5: MilPopov ($122.76 in chips)
Seat 6: boarcastle ($138.80 in chips)
boarcastle: posts small blind $1
MilPopov: posts big blind $3
*** HOLE CARDS ***
boarcastle: folds
Uncalled bet ($2) returned to MilPopov
MilPopov collected $2 from pot
MilPopov: doesn't show hand
*** SUMMARY ***
Total pot $2 | Rake $0
Seat 5: MilPopov (big blind) collected ($2)
Seat 6: boarcastle (button) (small blind) folded before Flop


PokerStars Hand #153127075293:  Hold'em Limit ($3/$6 USD) - 2016/05/10 15:34:32 ET
Table 'Aurelia II' 6-max Seat #6 is the button
Seat 1: Monatik2016 ($303.50 in chips)
Seat 6: Zubasa07 ($490.76 in chips)
Zubasa07: posts small blind $1
Monatik2016: posts big blind $3
*** HOLE CARDS ***
Zubasa07: raises $3 to $6
Monatik2016: raises $3 to $9
Zubasa07: calls $3
*** FLOP *** [9s Jd Jh]
Monatik2016: checks
Zubasa07: checks
*** TURN *** [9s Jd Jh] [Ah]
Monatik2016: bets $6
Zubasa07: calls $6
*** RIVER *** [9s Jd Jh Ah] [8s]
Monatik2016: bets $6
Zubasa07: folds
Uncalled bet ($6) returned to Monatik2016
Monatik2016 collected $29.50 from pot
Monatik2016: doesn't show hand
*** SUMMARY ***
Total pot $30 | Rake $0.50
Board [9s Jd Jh Ah 8s]
Seat 1: Monatik2016 (big blind) collected ($29.50)
Seat 6: Zubasa07 (button) (small blind) folded on the River


PokerStars Hand #153127101854:  Hold'em Limit ($3/$6 USD) - 2016/05/10 15:35:06 ET
Table 'Aurelia II' 6-max Seat #1 is the button
Seat 1: Monatik2016 ($318 in chips)
Seat 6: Zubasa07 ($475.76 in chips)
Monatik2016: posts small blind $1
Zubasa07: posts big blind $3
*** HOLE CARDS ***
Monatik2016: folds
Uncalled bet ($2) returned to Zubasa07
Zubasa07 collected $2 from pot
Zubasa07: doesn't show hand
*** SUMMARY ***
Total pot $2 | Rake $0
Seat 1: Monatik2016 (button) (small blind) folded before Flop
Seat 6: Zubasa07 (big blind) collected ($2)


PokerStars Hand #153127107641:  Hold'em Limit ($3/$6 USD) - 2016/05/10 15:35:13 ET
Table 'Aurelia II' 6-max Seat #6 is the button
Seat 1: Monatik2016 ($317 in chips)
Seat 6: Zubasa07 ($476.76 in chips)
Zubasa07: posts small blind $1
Monatik2016: posts big blind $3
*** HOLE CARDS ***
Zubasa07: raises $3 to $6
Monatik2016: calls $3
*** FLOP *** [4d 4c 7h]
Monatik2016: checks
Zubasa07: bets $3
Monatik2016: calls $3
*** TURN *** [4d 4c 7h] [Jc]
Monatik2016: checks
Zubasa07: checks
*** RIVER *** [4d 4c 7h Jc] [5s]
Monatik2016: bets $6
Zubasa07: folds
Uncalled bet ($6) returned to Monatik2016
Monatik2016 collected $17.64 from pot
Monatik2016: doesn't show hand
*** SUMMARY ***
Total pot $18 | Rake $0.36
Board [4d 4c 7h Jc 5s]
Seat 1: Monatik2016 (big blind) collected ($17.64)
Seat 6: Zubasa07 (button) (small blind) folded on the River


PokerStars Hand #153127171655:  Hold'em Limit ($3/$6 USD) - 2016/05/10 15:36:33 ET
Table 'Aurelia II' 6-max Seat #6 is the button
Seat 3: kismespit ($120 in chips)
Seat 6: Zubasa07 ($487.26 in chips)
Zubasa07: posts small blind $1
kismespit: posts big blind $3
*** HOLE CARDS ***
Zubasa07: raises $3 to $6
kismespit: calls $3
*** FLOP *** [2h 5c 2c]
kismespit: checks
Zubasa07: bets $3
kismespit: calls $3
*** TURN *** [2h 5c 2c] [Qh]
kismespit: checks
Zubasa07: bets $6
kismespit: calls $6
*** RIVER *** [2h 5c 2c Qh] [Jd]
kismespit: checks
Zubasa07: checks
*** SHOW DOWN ***
kismespit: shows [Ts As] (a pair of Deuces)
Zubasa07: mucks hand
kismespit collected $29.50 from pot
*** SUMMARY ***
Total pot $30 | Rake $0.50
Board [2h 5c 2c Qh Jd]
Seat 3: kismespit (big blind) showed [Ts As] and won ($29.50) with a pair of Deuces
Seat 6: Zubasa07 (button) (small blind) mucked


PokerStars Hand #153127135016:  Hold'em Limit ($3/$6 USD) - 2016/05/10 15:35:46 ET
Table 'Aurelia II' 6-max Seat #6 is the button
Seat 1: Monatik2016 ($324.64 in chips)
Seat 6: Zubasa07 ($468.76 in chips)
Zubasa07: posts small blind $1
Monatik2016: posts big blind $3
*** HOLE CARDS ***
Zubasa07: raises $3 to $6
Monatik2016: raises $3 to $9
Zubasa07: calls $3
*** FLOP *** [4s 4d 5s]
Monatik2016: bets $3
Zubasa07: calls $3
*** TURN *** [4s 4d 5s] [Ts]
Monatik2016: checks
Zubasa07: bets $6
Monatik2016: calls $6
*** RIVER *** [4s 4d 5s Ts] [4h]
Monatik2016: checks
Zubasa07: bets $6
Monatik2016: folds
Uncalled bet ($6) returned to Zubasa07
Zubasa07 collected $35.50 from pot
Zubasa07: doesn't show hand
*** SUMMARY ***
Total pot $36 | Rake $0.50
Board [4s 4d 5s Ts 4h]
Seat 1: Monatik2016 (big blind) folded on the River
Seat 6: Zubasa07 (button) (small blind) collected ($35.50)


PokerStars Hand #153127273009:  Hold'em Limit ($3/$6 USD) - 2016/05/10 15:38:32 ET
Table 'Aurelia II' 6-max Seat #3 is the button
Seat 3: kismespit ($134.38 in chips)
Seat 6: Zubasa07 ($472.26 in chips)
kismespit: posts small blind $1
Zubasa07: posts big blind $3
*** HOLE CARDS ***
kismespit: folds
Uncalled bet ($2) returned to Zubasa07
Zubasa07 collected $2 from pot
Zubasa07: doesn't show hand
*** SUMMARY ***
Total pot $2 | Rake $0
Seat 3: kismespit (button) (small blind) folded before Flop
Seat 6: Zubasa07 (big blind) collected ($2)


PokerStars Hand #153127264290:  Hold'em Limit ($3/$6 USD) - 2016/05/10 15:38:23 ET
Table 'Aurelia II' 6-max Seat #6 is the button
Seat 3: kismespit ($137.38 in chips)
Seat 6: Zubasa07 ($469.26 in chips)
Zubasa07: posts small blind $1
kismespit: posts big blind $3
*** HOLE CARDS ***
Zubasa07: raises $3 to $6
kismespit: folds
Uncalled bet ($3) returned to Zubasa07
Zubasa07 collected $6 from pot
Zubasa07: doesn't show hand
*** SUMMARY ***
Total pot $6 | Rake $0
Seat 3: kismespit (big blind) folded before Flop
Seat 6: Zubasa07 (button) (small blind) collected ($6)


PokerStars Hand #153127245897:  Hold'em Limit ($3/$6 USD) - 2016/05/10 15:38:03 ET
Table 'Aurelia II' 6-max Seat #3 is the button
Seat 3: kismespit ($134.50 in chips)
Seat 6: Zubasa07 ($472.26 in chips)
kismespit: posts small blind $1
Zubasa07: posts big blind $3
*** HOLE CARDS ***
kismespit: calls $2
Zubasa07: checks
*** FLOP *** [8d 7s Th]
Zubasa07: checks
kismespit: bets $3
Zubasa07: folds
Uncalled bet ($3) returned to kismespit
kismespit collected $5.88 from pot
*** SUMMARY ***
Total pot $6 | Rake $0.12
Board [8d 7s Th]
Seat 3: kismespit (button) (small blind) collected ($5.88)
Seat 6: Zubasa07 (big blind) folded on the Flop


PokerStars Hand #153127278891:  Hold'em Limit ($3/$6 USD) - 2016/05/10 15:38:38 ET
Table 'Aurelia II' 6-max Seat #6 is the button
Seat 3: kismespit ($133.38 in chips)
Seat 6: Zubasa07 ($473.26 in chips)
Zubasa07: posts small blind $1
kismespit: posts big blind $3
*** HOLE CARDS ***
Zubasa07: raises $3 to $6
kismespit: calls $3
*** FLOP *** [9c As 7h]
kismespit: checks
Zubasa07: bets $3
kismespit: folds
Uncalled bet ($3) returned to Zubasa07
Zubasa07 collected $11.76 from pot
Zubasa07: doesn't show hand
*** SUMMARY ***
Total pot $12 | Rake $0.24
Board [9c As 7h]
Seat 3: kismespit (big blind) folded on the Flop
Seat 6: Zubasa07 (button) (small blind) collected ($11.76)


PokerStars Hand #153127335538:  Hold'em Limit ($3/$6 USD) - 2016/05/10 15:39:38 ET
Table 'Aurelia II' 6-max Seat #6 is the button
Seat 3: kismespit ($141.88 in chips)
Seat 6: Zubasa07 ($464.02 in chips)
Zubasa07: posts small blind $1
kismespit: posts big blind $3
*** HOLE CARDS ***
Zubasa07: raises $3 to $6
kismespit: calls $3
*** FLOP *** [Qc Js Th]
kismespit: checks
Zubasa07: bets $3
kismespit: calls $3
*** TURN *** [Qc Js Th] [Jh]
kismespit: checks
Zubasa07: bets $6
kismespit: calls $6
*** RIVER *** [Qc Js Th Jh] [Ac]
kismespit: bets $6
Zubasa07: calls $6
*** SHOW DOWN ***
kismespit: shows [Kh 5h] (a straight, Ten to Ace)
Zubasa07: mucks hand
kismespit collected $41.50 from pot
*** SUMMARY ***
Total pot $42 | Rake $0.50
Board [Qc Js Th Jh Ac]
Seat 3: kismespit (big blind) showed [Kh 5h] and won ($41.50) with a straight, Ten to Ace
Seat 6: Zubasa07 (button) (small blind) mucked


PokerStars Hand #153127298347:  Hold'em Limit ($3/$6 USD) - 2016/05/10 15:39:02 ET
Table 'Aurelia II' 6-max Seat #3 is the button
Seat 3: kismespit ($127.38 in chips)
Seat 6: Zubasa07 ($479.02 in chips)
kismespit: posts small blind $1
Zubasa07: posts big blind $3
*** HOLE CARDS ***
kismespit: raises $3 to $6
Zubasa07: calls $3
*** FLOP *** [As Ks 7s]
Zubasa07: checks
kismespit: bets $3
Zubasa07: calls $3
*** TURN *** [As Ks 7s] [Tc]
Zubasa07: checks
kismespit: bets $6
Zubasa07: calls $6
*** RIVER *** [As Ks 7s Tc] [3h]
Zubasa07: checks
kismespit: bets $6
Zubasa07: folds
Uncalled bet ($6) returned to kismespit
kismespit collected $29.50 from pot
*** SUMMARY ***
Total pot $30 | Rake $0.50
Board [As Ks 7s Tc 3h]
Seat 3: kismespit (button) (small blind) collected ($29.50)
Seat 6: Zubasa07 (big blind) folded on the River


PokerStars Hand #153127368176:  Hold'em Limit ($3/$6 USD) - 2016/05/10 15:40:12 ET
Table 'Aurelia II' 6-max Seat #3 is the button
Seat 3: kismespit ($162.38 in chips)
Seat 6: Zubasa07 ($443.02 in chips)
kismespit: posts small blind $1
Zubasa07: posts big blind $3
*** HOLE CARDS ***
kismespit: folds
Uncalled bet ($2) returned to Zubasa07
Monatik2016 joins the table at seat #1
Zubasa07 collected $2 from pot
Zubasa07: doesn't show hand
*** SUMMARY ***
Total pot $2 | Rake $0
Seat 3: kismespit (button) (small blind) folded before Flop
Seat 6: Zubasa07 (big blind) collected ($2)


PokerStars Hand #153127961120:  Hold'em Limit ($3/$6 USD) - 2016/05/10 15:50:31 ET
Table 'Aurelia II' 6-max Seat #4 is the button
Seat 4: sermyha15 ($140.47 in chips)
Seat 6: 40 ft cliff ($106.22 in chips)
sermyha15: posts small blind $1
vestimokrec: is sitting out
40 ft cliff: posts big blind $3
*** HOLE CARDS ***
sermyha15: raises $3 to $6
40 ft cliff: raises $3 to $9
sermyha15: calls $3
*** FLOP *** [5c 5h Ac]
40 ft cliff: bets $3
sermyha15: calls $3
*** TURN *** [5c 5h Ac] [8c]
40 ft cliff: bets $6
kismespit leaves the table
vestimokrec leaves the table
sermyha15: calls $6
*** RIVER *** [5c 5h Ac 8c] [4s]
40 ft cliff: bets $6
sermyha15: folds
Uncalled bet ($6) returned to 40 ft cliff
40 ft cliff collected $35.50 from pot
40 ft cliff: doesn't show hand
*** SUMMARY ***
Total pot $36 | Rake $0.50
Board [5c 5h Ac 8c 4s]
Seat 4: sermyha15 (button) (small blind) folded on the River
Seat 6: 40 ft cliff (big blind) collected ($35.50)


PokerStars Hand #153127989374:  Hold'em Limit ($3/$6 USD) - 2016/05/10 15:51:00 ET
Table 'Aurelia II' 6-max Seat #6 is the button
Seat 4: sermyha15 ($122.47 in chips)
Seat 6: 40 ft cliff ($123.72 in chips)
40 ft cliff: posts small blind $1
sermyha15: posts big blind $3
*** HOLE CARDS ***
40 ft cliff: raises $3 to $6
sermyha15: calls $3
*** FLOP *** [Th 7h Qd]
sermyha15: checks
40 ft cliff: checks
*** TURN *** [Th 7h Qd] [4s]
sermyha15: bets $6
40 ft cliff: folds
Uncalled bet ($6) returned to sermyha15
sermyha15 collected $11.76 from pot
sermyha15: doesn't show hand
*** SUMMARY ***
Total pot $12 | Rake $0.24
Board [Th 7h Qd 4s]
Seat 4: sermyha15 (big blind) collected ($11.76)
Seat 6: 40 ft cliff (button) (small blind) folded on the Turn


PokerStars Hand #153129595823:  Hold'em Limit ($3/$6 USD) - 2016/05/10 16:19:54 ET
Table 'Aurelia II' 6-max Seat #1 is the button
Seat 1: Zubasa07 ($500 in chips)
Seat 2: sigvi ($60.79 in chips)
ABATAPP joins the table at seat #3
Zubasa07: posts small blind $1
sigvi: posts big blind $3
*** HOLE CARDS ***
Zubasa07: raises $3 to $6
sigvi: calls $3
*** FLOP *** [Qd 2s 2c]
sigvi: checks
Zubasa07: bets $3
sigvi: folds
Uncalled bet ($3) returned to Zubasa07
Zubasa07 collected $11.76 from pot
Zubasa07: doesn't show hand
*** SUMMARY ***
Total pot $12 | Rake $0.24
Board [Qd 2s 2c]
Seat 1: Zubasa07 (button) (small blind) collected ($11.76)
Seat 2: sigvi (big blind) folded on the Flop


PokerStars Hand #153133626029:  Hold'em Limit ($3/$6 USD) - 2016/05/10 17:31:24 ET
Table 'Aurelia II' 6-max Seat #2 is the button
Seat 1: lin1rabbit ($139.39 in chips)
Seat 2: bentinck113 ($111 in chips)
bentinck113: posts small blind $1
ishmael930: is sitting out
ABATAPP: is sitting out
lin1rabbit: posts big blind $3
*** HOLE CARDS ***
ishmael930 leaves the table
ABATAPP leaves the table
bentinck113: raises $3 to $6
lin1rabbit: raises $3 to $9
bentinck113: calls $3
*** FLOP *** [Jc 2s 8c]
lin1rabbit: bets $3
bentinck113: raises $3 to $6
lin1rabbit: raises $3 to $9
bentinck113: raises $3 to $12
Betting is capped
lin1rabbit: calls $3
*** TURN *** [Jc 2s 8c] [Ad]
lin1rabbit: checks
bentinck113: checks
*** RIVER *** [Jc 2s 8c Ad] [3d]
lin1rabbit: checks
bentinck113: checks
*** SHOW DOWN ***
lin1rabbit: shows [8s Ks] (a pair of Eights)
bentinck113: mucks hand
lin1rabbit collected $41.50 from pot
*** SUMMARY ***
Total pot $42 | Rake $0.50
Board [Jc 2s 8c Ad 3d]
Seat 1: lin1rabbit (big blind) showed [8s Ks] and won ($41.50) with a pair of Eights
Seat 2: bentinck113 (button) (small blind) mucked


