PokerStars Hand #165512853842:  Hold'em Limit ($3/$6 USD) - 2017/02/01 12:07:52 ET
Table 'Aurelia III' 6-max Seat #6 is the button
Seat 2: tilaginous94 ($34.14 in chips)
Seat 6: orphyritic52 ($120 in chips)
orphyritic52: posts small blind $1
tilaginous94: posts big blind $3
*** HOLE CARDS ***
orphyritic52: raises $3 to $6
tilaginous94: raises $3 to $9
orphyritic52: calls $3
*** FLOP *** [Ts 4c 7h]
tilaginous94: bets $3
orphyritic52: raises $3 to $6
tilaginous94: raises $3 to $9
orphyritic52: calls $3
*** TURN *** [Ts 4c 7h] [Kh]
tilaginous94: checks
orphyritic52: bets $6
Great_Kang joins the table at seat #3
tilaginous94: calls $6
*** RIVER *** [Ts 4c 7h Kh] [Jd]
tilaginous94: checks
orphyritic52: bets $6
tilaginous94: raises $4.14 to $10.14 and is all-in
orphyritic52: folds
Uncalled bet ($4.14) returned to tilaginous94
tilaginous94 collected $59.50 from pot
tilaginous94: doesn't show hand
*** SUMMARY ***
Total pot $60 | Rake $0.50
Board [Ts 4c 7h Kh Jd]
Seat 2: tilaginous94 (big blind) collected ($59.50)
Seat 6: orphyritic52 (button) (small blind) folded on the River


PokerStars Hand #165513084707:  Hold'em Limit ($3/$6 USD) - 2017/02/01 12:12:37 ET
Table 'Aurelia III' 6-max Seat #3 is the button
Seat 3: Great_Kang ($120 in chips)
Seat 6: orphyritic52 ($135.30 in chips)
Great_Kang: posts small blind $1
orphyritic52: posts big blind $3
*** HOLE CARDS ***
Great_Kang: raises $3 to $6
orphyritic52: folds
Uncalled bet ($3) returned to Great_Kang
Great_Kang collected $6 from pot
Great_Kang: doesn't show hand
*** SUMMARY ***
Total pot $6 | Rake $0
Seat 3: Great_Kang (button) (small blind) collected ($6)
Seat 6: orphyritic52 (big blind) folded before Flop


PokerStars Hand #165513191740:  Hold'em Limit ($3/$6 USD) - 2017/02/01 12:14:49 ET
Table 'Aurelia III' 6-max Seat #3 is the button
Seat 3: Great_Kang ($147.26 in chips)
Seat 4: Icecold ($10.42 in chips)
Great_Kang: posts small blind $1
Icecold: posts big blind $3
*** HOLE CARDS ***
Great_Kang: raises $3 to $6
Icecold: raises $3 to $9
orphyritic52 leaves the table
Great_Kang: calls $3
*** FLOP *** [8d 8c Th]
Icecold: bets $1.42 and is all-in
Great_Kang: calls $1.42
*** TURN *** [8d 8c Th] [9h]
*** RIVER *** [8d 8c Th 9h] [2s]
*** SHOW DOWN ***
Icecold: shows [4s 4c] (two pair, Eights and Fours)
Great_Kang: shows [5d 7c] (a pair of Eights)
Icecold collected $20.42 from pot
*** SUMMARY ***
Total pot $20.84 | Rake $0.42
Board [8d 8c Th 9h 2s]
Seat 3: Great_Kang (button) (small blind) showed [5d 7c] and lost with a pair of Eights
Seat 4: Icecold (big blind) showed [4s 4c] and won ($20.42) with two pair, Eights and Fours


PokerStars Hand #165513177649:  Hold'em Limit ($3/$6 USD) - 2017/02/01 12:14:32 ET
Table 'Aurelia III' 6-max Seat #4 is the button
Seat 3: Great_Kang ($129.76 in chips)
Seat 4: Icecold ($28.42 in chips)
Icecold: posts small blind $1
Great_Kang: posts big blind $3
*** HOLE CARDS ***
Icecold: raises $3 to $6
Great_Kang: raises $3 to $9
Icecold: calls $3
*** FLOP *** [Jh Ad 3d]
Great_Kang: bets $3
Icecold: calls $3
*** TURN *** [Jh Ad 3d] [4s]
Great_Kang: checks
Icecold: bets $6
Great_Kang: calls $6
*** RIVER *** [Jh Ad 3d 4s] [Ts]
Great_Kang: checks
Icecold: checks
*** SHOW DOWN ***
Great_Kang: shows [Ks Js] (a pair of Jacks)
Icecold: mucks hand
Great_Kang collected $35.50 from pot
*** SUMMARY ***
Total pot $36 | Rake $0.50
Board [Jh Ad 3d 4s Ts]
Seat 3: Great_Kang (big blind) showed [Ks Js] and won ($35.50) with a pair of Jacks
Seat 4: Icecold (button) (small blind) mucked


PokerStars Hand #165513167471:  Hold'em Limit ($3/$6 USD) - 2017/02/01 12:14:19 ET
Table 'Aurelia III' 6-max Seat #3 is the button
Seat 3: Great_Kang ($124 in chips)
Seat 4: Icecold ($34.42 in chips)
Great_Kang: posts small blind $1
Icecold: posts big blind $3
*** HOLE CARDS ***
Great_Kang: raises $3 to $6
Icecold: calls $3
*** FLOP *** [Jh 8c 6d]
Icecold: checks
tilaginous94 leaves the table
Great_Kang: bets $3
Icecold: folds
Uncalled bet ($3) returned to Great_Kang
Great_Kang collected $11.76 from pot
Great_Kang: doesn't show hand
*** SUMMARY ***
Total pot $12 | Rake $0.24
Board [Jh 8c 6d]
Seat 3: Great_Kang (button) (small blind) collected ($11.76)
Seat 4: Icecold (big blind) folded on the Flop


PokerStars Hand #165513245410:  Hold'em Limit ($3/$6 USD) - 2017/02/01 12:15:55 ET
Table 'Aurelia III' 6-max Seat #3 is the button
Seat 3: Great_Kang ($120 in chips)
Seat 4: Icecold ($39.86 in chips)
Great_Kang: posts small blind $1
Icecold: posts big blind $3
*** HOLE CARDS ***
Great_Kang: folds
Uncalled bet ($2) returned to Icecold
Icecold collected $2 from pot
*** SUMMARY ***
Total pot $2 | Rake $0
Seat 3: Great_Kang (button) (small blind) folded before Flop
Seat 4: Icecold (big blind) collected ($2)


PokerStars Hand #165513229690:  Hold'em Limit ($3/$6 USD) - 2017/02/01 12:15:36 ET
Table 'Aurelia III' 6-max Seat #4 is the button
Seat 3: Great_Kang ($128.18 in chips)
Seat 4: Icecold ($28.34 in chips)
Icecold: posts small blind $1
Great_Kang: posts big blind $3
*** HOLE CARDS ***
Icecold: calls $2
Great_Kang: checks
*** FLOP *** [4s 6c 5s]
Great_Kang: bets $3
Icecold: calls $3
*** TURN *** [4s 6c 5s] [Kc]
Great_Kang: checks
Icecold: bets $6
Great_Kang: calls $6
*** RIVER *** [4s 6c 5s Kc] [7s]
Great_Kang: checks
Icecold: checks
*** SHOW DOWN ***
Great_Kang: shows [5d 2s] (a pair of Fives)
Icecold: shows [Ks 2c] (a pair of Kings)
Icecold collected $23.52 from pot
*** SUMMARY ***
Total pot $24 | Rake $0.48
Board [4s 6c 5s Kc 7s]
Seat 3: Great_Kang (big blind) showed [5d 2s] and lost with a pair of Fives
Seat 4: Icecold (button) (small blind) showed [Ks 2c] and won ($23.52) with a pair of Kings


PokerStars Hand #165513216539:  Hold'em Limit ($3/$6 USD) - 2017/02/01 12:15:20 ET
Table 'Aurelia III' 6-max Seat #3 is the button
Seat 3: Great_Kang ($142.60 in chips)
Seat 4: Icecold ($14.42 in chips)
Great_Kang: posts small blind $1
Icecold: posts big blind $3
*** HOLE CARDS ***
Great_Kang: raises $3 to $6
Icecold: raises $3 to $9
Great_Kang: calls $3
*** FLOP *** [2d Ks 6c]
Icecold: bets $3
Great_Kang: calls $3
*** TURN *** [2d Ks 6c] [7h]
Icecold: bets $2.42 and is all-in
Great_Kang: calls $2.42
*** RIVER *** [2d Ks 6c 7h] [Ah]
*** SHOW DOWN ***
Icecold: shows [Th Ts] (a pair of Tens)
Great_Kang: shows [6d 5d] (a pair of Sixes)
Icecold collected $28.34 from pot
*** SUMMARY ***
Total pot $28.84 | Rake $0.50
Board [2d Ks 6c 7h Ah]
Seat 3: Great_Kang (button) (small blind) showed [6d 5d] and lost with a pair of Sixes
Seat 4: Icecold (big blind) showed [Th Ts] and won ($28.34) with a pair of Tens


PokerStars Hand #165513203564:  Hold'em Limit ($3/$6 USD) - 2017/02/01 12:15:04 ET
Table 'Aurelia III' 6-max Seat #4 is the button
Seat 3: Great_Kang ($136.84 in chips)
Seat 4: Icecold ($20.42 in chips)
Icecold: posts small blind $1
Great_Kang: posts big blind $3
*** HOLE CARDS ***
Icecold: calls $2
Great_Kang: checks
*** FLOP *** [2d 3c 4h]
Great_Kang: bets $3
Icecold: calls $3
*** TURN *** [2d 3c 4h] [Td]
Great_Kang: bets $6
Icecold: folds
Uncalled bet ($6) returned to Great_Kang
Great_Kang collected $11.76 from pot
Great_Kang: doesn't show hand
*** SUMMARY ***
Total pot $12 | Rake $0.24
Board [2d 3c 4h Td]
Seat 3: Great_Kang (big blind) collected ($11.76)
Seat 4: Icecold (button) (small blind) folded on the Turn


PokerStars Hand #165513295622:  Hold'em Limit ($3/$6 USD) - 2017/02/01 12:16:57 ET
Table 'Aurelia III' 6-max Seat #3 is the button
Seat 3: Great_Kang ($120 in chips)
Seat 4: Icecold ($57.88 in chips)
Great_Kang: posts small blind $1
Icecold: posts big blind $3
*** HOLE CARDS ***
Great_Kang: raises $3 to $6
Icecold: folds
Uncalled bet ($3) returned to Great_Kang
Great_Kang collected $6 from pot
Great_Kang: doesn't show hand
*** SUMMARY ***
Total pot $6 | Rake $0
Seat 3: Great_Kang (button) (small blind) collected ($6)
Seat 4: Icecold (big blind) folded before Flop


PokerStars Hand #165513281506:  Hold'em Limit ($3/$6 USD) - 2017/02/01 12:16:40 ET
Table 'Aurelia III' 6-max Seat #4 is the button
Seat 3: Great_Kang ($120 in chips)
Seat 4: Icecold ($46.36 in chips)
Icecold: posts small blind $1
Great_Kang: posts big blind $3
*** HOLE CARDS ***
Icecold: calls $2
Great_Kang: checks
*** FLOP *** [Jh Kd 5c]
Great_Kang: bets $3
Icecold: calls $3
*** TURN *** [Jh Kd 5c] [7d]
Great_Kang: bets $6
Icecold: calls $6
*** RIVER *** [Jh Kd 5c 7d] [Ad]
Great_Kang: checks
Icecold: checks
*** SHOW DOWN ***
Great_Kang: shows [6d Js] (a pair of Jacks)
Icecold: shows [Ks 2d] (a pair of Kings)
Icecold collected $23.52 from pot
*** SUMMARY ***
Total pot $24 | Rake $0.48
Board [Jh Kd 5c 7d Ad]
Seat 3: Great_Kang (big blind) showed [6d Js] and lost with a pair of Jacks
Seat 4: Icecold (button) (small blind) showed [Ks 2d] and won ($23.52) with a pair of Kings


PokerStars Hand #165513266904:  Hold'em Limit ($3/$6 USD) - 2017/02/01 12:16:22 ET
Table 'Aurelia III' 6-max Seat #3 is the button
Seat 3: Great_Kang ($131.52 in chips)
Seat 4: Icecold ($28.86 in chips)
Great_Kang: posts small blind $1
Icecold: posts big blind $3
*** HOLE CARDS ***
Great_Kang: raises $3 to $6
Icecold: calls $3
*** FLOP *** [Kd 4d Tc]
Icecold: checks
Great_Kang: bets $3
Icecold: raises $3 to $6
Great_Kang: calls $3
*** TURN *** [Kd 4d Tc] [2c]
Icecold: bets $6
Great_Kang: calls $6
*** RIVER *** [Kd 4d Tc 2c] [3d]
Icecold: bets $6
Great_Kang: folds
Uncalled bet ($6) returned to Icecold
Icecold collected $35.50 from pot
*** SUMMARY ***
Total pot $36 | Rake $0.50
Board [Kd 4d Tc 2c 3d]
Seat 3: Great_Kang (button) (small blind) folded on the River
Seat 4: Icecold (big blind) collected ($35.50)


PokerStars Hand #165513249328:  Hold'em Limit ($3/$6 USD) - 2017/02/01 12:16:00 ET
Table 'Aurelia III' 6-max Seat #4 is the button
Seat 3: Great_Kang ($120 in chips)
Seat 4: Icecold ($40.86 in chips)
Icecold: posts small blind $1
Great_Kang: posts big blind $3
*** HOLE CARDS ***
Icecold: calls $2
Great_Kang: checks
*** FLOP *** [9h Ts 5h]
Great_Kang: bets $3
Icecold: calls $3
*** TURN *** [9h Ts 5h] [9d]
Great_Kang: bets $6
Icecold: calls $6
*** RIVER *** [9h Ts 5h 9d] [5d]
Great_Kang: bets $6
Icecold: folds
Uncalled bet ($6) returned to Great_Kang
Great_Kang collected $23.52 from pot
Great_Kang: doesn't show hand
*** SUMMARY ***
Total pot $24 | Rake $0.48
Board [9h Ts 5h 9d 5d]
Seat 3: Great_Kang (big blind) collected ($23.52)
Seat 4: Icecold (button) (small blind) folded on the River


PokerStars Hand #165513339569:  Hold'em Limit ($3/$6 USD) - 2017/02/01 12:17:51 ET
Table 'Aurelia III' 6-max Seat #4 is the button
Seat 3: Great_Kang ($120 in chips)
Seat 4: Icecold ($66.40 in chips)
Icecold: posts small blind $1
Great_Kang: posts big blind $3
*** HOLE CARDS ***
Icecold: calls $2
Great_Kang: raises $3 to $6
Icecold: calls $3
*** FLOP *** [9h 2h Qh]
Great_Kang: bets $3
Icecold: folds
Uncalled bet ($3) returned to Great_Kang
Great_Kang collected $11.76 from pot
Great_Kang: doesn't show hand
*** SUMMARY ***
Total pot $12 | Rake $0.24
Board [9h 2h Qh]
Seat 3: Great_Kang (big blind) collected ($11.76)
Seat 4: Icecold (button) (small blind) folded on the Flop


PokerStars Hand #165513312307:  Hold'em Limit ($3/$6 USD) - 2017/02/01 12:17:18 ET
Table 'Aurelia III' 6-max Seat #3 is the button
Seat 3: Great_Kang ($120 in chips)
Seat 4: Icecold ($57.76 in chips)
Great_Kang: posts small blind $1
Icecold: posts big blind $3
*** HOLE CARDS ***
Great_Kang: raises $3 to $6
Icecold: calls $3
*** FLOP *** [Kh 2c Js]
Icecold: checks
Great_Kang: bets $3
Icecold: calls $3
*** TURN *** [Kh 2c Js] [3c]
Icecold: checks
Great_Kang: checks
*** RIVER *** [Kh 2c Js 3c] [Ks]
Icecold: checks
Great_Kang: checks
*** SHOW DOWN ***
Icecold: shows [Th 7h] (a pair of Kings)
Great_Kang: mucks hand
Icecold collected $17.64 from pot
*** SUMMARY ***
Total pot $18 | Rake $0.36
Board [Kh 2c Js 3c Ks]
Seat 3: Great_Kang (button) (small blind) mucked
Seat 4: Icecold (big blind) showed [Th 7h] and won ($17.64) with a pair of Kings


PokerStars Hand #165513301545:  Hold'em Limit ($3/$6 USD) - 2017/02/01 12:17:05 ET
Table 'Aurelia III' 6-max Seat #4 is the button
Seat 3: Great_Kang ($123 in chips)
Seat 4: Icecold ($54.88 in chips)
Icecold: posts small blind $1
Great_Kang: posts big blind $3
*** HOLE CARDS ***
Icecold: calls $2
Great_Kang: checks
*** FLOP *** [8d 3d 4d]
Great_Kang: checks
Icecold: bets $3
Great_Kang: folds
Uncalled bet ($3) returned to Icecold
Icecold collected $5.88 from pot
*** SUMMARY ***
Total pot $6 | Rake $0.12
Board [8d 3d 4d]
Seat 3: Great_Kang (big blind) folded on the Flop
Seat 4: Icecold (button) (small blind) collected ($5.88)


PokerStars Hand #165513391862:  Hold'em Limit ($3/$6 USD) - 2017/02/01 12:18:55 ET
Table 'Aurelia III' 6-max Seat #4 is the button
Seat 3: Great_Kang ($135.26 in chips)
Seat 4: Icecold ($49.92 in chips)
Icecold: posts small blind $1
Great_Kang: posts big blind $3
*** HOLE CARDS ***
Icecold: raises $3 to $6
Great_Kang: folds
Uncalled bet ($3) returned to Icecold
Icecold collected $6 from pot
*** SUMMARY ***
Total pot $6 | Rake $0
Seat 3: Great_Kang (big blind) folded before Flop
Seat 4: Icecold (button) (small blind) collected ($6)


PokerStars Hand #165513379617:  Hold'em Limit ($3/$6 USD) - 2017/02/01 12:18:40 ET
Table 'Aurelia III' 6-max Seat #3 is the button
Seat 3: Great_Kang ($147.26 in chips)
Seat 4: Icecold ($38.40 in chips)
Great_Kang: posts small blind $1
Icecold: posts big blind $3
*** HOLE CARDS ***
Great_Kang: raises $3 to $6
Icecold: calls $3
*** FLOP *** [Ts Kc Qs]
Icecold: checks
Great_Kang: checks
*** TURN *** [Ts Kc Qs] [7s]
Icecold: bets $6
Great_Kang: calls $6
*** RIVER *** [Ts Kc Qs 7s] [Jc]
Icecold: checks
Great_Kang: checks
*** SHOW DOWN ***
Icecold: shows [Qh 9s] (a straight, Nine to King)
Great_Kang: mucks hand
Icecold collected $23.52 from pot
*** SUMMARY ***
Total pot $24 | Rake $0.48
Board [Ts Kc Qs 7s Jc]
Seat 3: Great_Kang (button) (small blind) mucked
Seat 4: Icecold (big blind) showed [Qh 9s] and won ($23.52) with a straight, Nine to King


PokerStars Hand #165513374919:  Hold'em Limit ($3/$6 USD) - 2017/02/01 12:18:34 ET
Table 'Aurelia III' 6-max Seat #4 is the button
Seat 3: Great_Kang ($146.26 in chips)
Seat 4: Icecold ($39.40 in chips)
Icecold: posts small blind $1
Great_Kang: posts big blind $3
*** HOLE CARDS ***
Icecold: folds
Uncalled bet ($2) returned to Great_Kang
Great_Kang collected $2 from pot
Great_Kang: doesn't show hand
*** SUMMARY ***
Total pot $2 | Rake $0
Seat 3: Great_Kang (big blind) collected ($2)
Seat 4: Icecold (button) (small blind) folded before Flop


PokerStars Hand #165513370605:  Hold'em Limit ($3/$6 USD) - 2017/02/01 12:18:29 ET
Table 'Aurelia III' 6-max Seat #3 is the button
Seat 3: Great_Kang ($147.26 in chips)
Seat 4: Icecold ($38.40 in chips)
Great_Kang: posts small blind $1
Icecold: posts big blind $3
*** HOLE CARDS ***
Great_Kang: folds
Uncalled bet ($2) returned to Icecold
Icecold collected $2 from pot
*** SUMMARY ***
Total pot $2 | Rake $0
Seat 3: Great_Kang (button) (small blind) folded before Flop
Seat 4: Icecold (big blind) collected ($2)


PokerStars Hand #165513366301:  Hold'em Limit ($3/$6 USD) - 2017/02/01 12:18:24 ET
Table 'Aurelia III' 6-max Seat #4 is the button
Seat 3: Great_Kang ($146.26 in chips)
Seat 4: Icecold ($39.40 in chips)
Icecold: posts small blind $1
Great_Kang: posts big blind $3
*** HOLE CARDS ***
Icecold: folds
Uncalled bet ($2) returned to Great_Kang
Great_Kang collected $2 from pot
Great_Kang: doesn't show hand
*** SUMMARY ***
Total pot $2 | Rake $0
Seat 3: Great_Kang (big blind) collected ($2)
Seat 4: Icecold (button) (small blind) folded before Flop


PokerStars Hand #165513350934:  Hold'em Limit ($3/$6 USD) - 2017/02/01 12:18:05 ET
Table 'Aurelia III' 6-max Seat #3 is the button
Seat 3: Great_Kang ($125.76 in chips)
Seat 4: Icecold ($60.40 in chips)
Great_Kang: posts small blind $1
Icecold: posts big blind $3
*** HOLE CARDS ***
Great_Kang: raises $3 to $6
Icecold: calls $3
*** FLOP *** [9d 3d 3c]
Icecold: checks
Great_Kang: bets $3
Icecold: calls $3
*** TURN *** [9d 3d 3c] [Js]
Icecold: checks
Great_Kang: bets $6
Icecold: calls $6
*** RIVER *** [9d 3d 3c Js] [7c]
Icecold: checks
Great_Kang: bets $6
Icecold: calls $6
*** SHOW DOWN ***
Great_Kang: shows [9h Jh] (two pair, Jacks and Nines)
Icecold: mucks hand
Great_Kang collected $41.50 from pot
*** SUMMARY ***
Total pot $42 | Rake $0.50
Board [9d 3d 3c Js 7c]
Seat 3: Great_Kang (button) (small blind) showed [9h Jh] and won ($41.50) with two pair, Jacks and Nines
Seat 4: Icecold (big blind) mucked


PokerStars Hand #165513439786:  Hold'em Limit ($3/$6 USD) - 2017/02/01 12:19:54 ET
Table 'Aurelia III' 6-max Seat #4 is the button
Seat 3: Great_Kang ($143.54 in chips)
Seat 4: Icecold ($40.68 in chips)
Icecold: posts small blind $1
Great_Kang: posts big blind $3
*** HOLE CARDS ***
Icecold: calls $2
Great_Kang: checks
*** FLOP *** [7c As 5h]
Great_Kang: bets $3
Icecold: folds
Uncalled bet ($3) returned to Great_Kang
Great_Kang collected $5.88 from pot
Great_Kang: doesn't show hand
*** SUMMARY ***
Total pot $6 | Rake $0.12
Board [7c As 5h]
Seat 3: Great_Kang (big blind) collected ($5.88)
Seat 4: Icecold (button) (small blind) folded on the Flop


PokerStars Hand #165513422155:  Hold'em Limit ($3/$6 USD) - 2017/02/01 12:19:32 ET
Table 'Aurelia III' 6-max Seat #3 is the button
Seat 3: Great_Kang ($134.90 in chips)
Seat 4: Icecold ($49.68 in chips)
Great_Kang: posts small blind $1
Icecold: posts big blind $3
*** HOLE CARDS ***
Great_Kang: raises $3 to $6
Icecold: calls $3
*** FLOP *** [5c Td 6s]
Icecold: checks
Great_Kang: bets $3
Icecold: calls $3
*** TURN *** [5c Td 6s] [Ad]
Icecold: checks
Great_Kang: checks
*** RIVER *** [5c Td 6s Ad] [Jc]
Icecold: checks
Great_Kang: checks
*** SHOW DOWN ***
Icecold: shows [8d 7s] (high card Ace)
Great_Kang: shows [6c Ks] (a pair of Sixes)
Great_Kang collected $17.64 from pot
*** SUMMARY ***
Total pot $18 | Rake $0.36
Board [5c Td 6s Ad Jc]
Seat 3: Great_Kang (button) (small blind) showed [6c Ks] and won ($17.64) with a pair of Sixes
Seat 4: Icecold (big blind) showed [8d 7s] and lost with high card Ace


PokerStars Hand #165513409598:  Hold'em Limit ($3/$6 USD) - 2017/02/01 12:19:17 ET
Table 'Aurelia III' 6-max Seat #4 is the button
Seat 3: Great_Kang ($140.90 in chips)
Seat 4: Icecold ($43.92 in chips)
Icecold: posts small blind $1
Great_Kang: posts big blind $3
*** HOLE CARDS ***
Icecold: raises $3 to $6
Great_Kang: calls $3
*** FLOP *** [8c Jh 6d]
Great_Kang: checks
Icecold: checks
*** TURN *** [8c Jh 6d] [Ad]
Great_Kang: checks
Icecold: bets $6
Great_Kang: folds
Uncalled bet ($6) returned to Icecold
Icecold collected $11.76 from pot
*** SUMMARY ***
Total pot $12 | Rake $0.24
Board [8c Jh 6d Ad]
Seat 3: Great_Kang (big blind) folded on the Turn
Seat 4: Icecold (button) (small blind) collected ($11.76)


PokerStars Hand #165513395938:  Hold'em Limit ($3/$6 USD) - 2017/02/01 12:19:00 ET
Table 'Aurelia III' 6-max Seat #3 is the button
Seat 3: Great_Kang ($132.26 in chips)
Seat 4: Icecold ($52.92 in chips)
Great_Kang: posts small blind $1
Icecold: posts big blind $3
*** HOLE CARDS ***
Great_Kang: raises $3 to $6
Icecold: calls $3
*** FLOP *** [8d 7c 6h]
Icecold: checks
Great_Kang: bets $3
Icecold: calls $3
*** TURN *** [8d 7c 6h] [9c]
Icecold: checks
Great_Kang: checks
*** RIVER *** [8d 7c 6h 9c] [Ks]
Icecold: checks
Great_Kang: bets $6
Icecold: folds
Uncalled bet ($6) returned to Great_Kang
Great_Kang collected $17.64 from pot
Great_Kang: doesn't show hand
*** SUMMARY ***
Total pot $18 | Rake $0.36
Board [8d 7c 6h 9c Ks]
Seat 3: Great_Kang (button) (small blind) collected ($17.64)
Seat 4: Icecold (big blind) folded on the River


PokerStars Hand #165513493280:  Hold'em Limit ($3/$6 USD) - 2017/02/01 12:20:59 ET
Table 'Aurelia III' 6-max Seat #3 is the button
Seat 3: Great_Kang ($123.42 in chips)
Seat 4: Icecold ($59.72 in chips)
Great_Kang: posts small blind $1
Icecold: posts big blind $3
*** HOLE CARDS ***
Great_Kang: raises $3 to $6
Icecold: folds
Uncalled bet ($3) returned to Great_Kang
Great_Kang collected $6 from pot
Great_Kang: doesn't show hand
*** SUMMARY ***
Total pot $6 | Rake $0
Seat 3: Great_Kang (button) (small blind) collected ($6)
Seat 4: Icecold (big blind) folded before Flop


PokerStars Hand #165513489328:  Hold'em Limit ($3/$6 USD) - 2017/02/01 12:20:54 ET
Table 'Aurelia III' 6-max Seat #4 is the button
Seat 3: Great_Kang ($122.42 in chips)
Seat 4: Icecold ($60.72 in chips)
Icecold: posts small blind $1
Great_Kang: posts big blind $3
*** HOLE CARDS ***
Icecold: folds
Uncalled bet ($2) returned to Great_Kang
Great_Kang collected $2 from pot
Great_Kang: doesn't show hand
*** SUMMARY ***
Total pot $2 | Rake $0
Seat 3: Great_Kang (big blind) collected ($2)
Seat 4: Icecold (button) (small blind) folded before Flop


PokerStars Hand #165513475128:  Hold'em Limit ($3/$6 USD) - 2017/02/01 12:20:37 ET
Table 'Aurelia III' 6-max Seat #3 is the button
Seat 3: Great_Kang ($131.42 in chips)
Seat 4: Icecold ($52.08 in chips)
Great_Kang: posts small blind $1
Icecold: posts big blind $3
*** HOLE CARDS ***
Great_Kang: raises $3 to $6
Icecold: calls $3
*** FLOP *** [Th 6c 2h]
Icecold: checks
Great_Kang: bets $3
Icecold: calls $3
*** TURN *** [Th 6c 2h] [3h]
Icecold: checks
Great_Kang: checks
*** RIVER *** [Th 6c 2h 3h] [8h]
Icecold: checks
Great_Kang: checks
*** SHOW DOWN ***
Icecold: shows [7d 9d] (a straight, Six to Ten)
Great_Kang: mucks hand
Icecold collected $17.64 from pot
*** SUMMARY ***
Total pot $18 | Rake $0.36
Board [Th 6c 2h 3h 8h]
Seat 3: Great_Kang (button) (small blind) mucked
Seat 4: Icecold (big blind) showed [7d 9d] and won ($17.64) with a straight, Six to Ten


PokerStars Hand #165513465695:  Hold'em Limit ($3/$6 USD) - 2017/02/01 12:20:25 ET
Table 'Aurelia III' 6-max Seat #4 is the button
Seat 3: Great_Kang ($137.42 in chips)
Seat 4: Icecold ($46.32 in chips)
Icecold: posts small blind $1
Great_Kang: posts big blind $3
*** HOLE CARDS ***
Icecold: raises $3 to $6
Great_Kang: calls $3
*** FLOP *** [8c Ks Kh]
Great_Kang: checks
Icecold: checks
*** TURN *** [8c Ks Kh] [Th]
Great_Kang: checks
Icecold: bets $6
Great_Kang: folds
Uncalled bet ($6) returned to Icecold
Icecold collected $11.76 from pot
*** SUMMARY ***
Total pot $12 | Rake $0.24
Board [8c Ks Kh Th]
Seat 3: Great_Kang (big blind) folded on the Turn
Seat 4: Icecold (button) (small blind) collected ($11.76)


PokerStars Hand #165513448326:  Hold'em Limit ($3/$6 USD) - 2017/02/01 12:20:04 ET
Table 'Aurelia III' 6-max Seat #3 is the button
Seat 3: Great_Kang ($146.42 in chips)
Seat 4: Icecold ($37.68 in chips)
Great_Kang: posts small blind $1
Icecold: posts big blind $3
*** HOLE CARDS ***
Great_Kang: raises $3 to $6
Icecold: calls $3
*** FLOP *** [5s 9c 9h]
Icecold: checks
Great_Kang: bets $3
Icecold: calls $3
*** TURN *** [5s 9c 9h] [Th]
Icecold: checks
Great_Kang: checks
*** RIVER *** [5s 9c 9h Th] [8c]
Icecold: bets $6
Great_Kang: folds
Uncalled bet ($6) returned to Icecold
Icecold collected $17.64 from pot
*** SUMMARY ***
Total pot $18 | Rake $0.36
Board [5s 9c 9h Th 8c]
Seat 3: Great_Kang (button) (small blind) folded on the River
Seat 4: Icecold (big blind) collected ($17.64)


PokerStars Hand #165513510963:  Hold'em Limit ($3/$6 USD) - 2017/02/01 12:21:21 ET
Table 'Aurelia III' 6-max Seat #3 is the button
Seat 3: Great_Kang ($132.18 in chips)
Seat 4: Icecold ($50.72 in chips)
Great_Kang: posts small blind $1
Icecold: posts big blind $3
*** HOLE CARDS ***
Great_Kang: raises $3 to $6
Icecold: calls $3
*** FLOP *** [3s Ts 9d]
Icecold: checks
Great_Kang: bets $3
Icecold: raises $3 to $6
Great_Kang: calls $3
*** TURN *** [3s Ts 9d] [9s]
Icecold: bets $6
Great_Kang: folds
Uncalled bet ($6) returned to Icecold
Icecold collected $23.52 from pot
*** SUMMARY ***
Total pot $24 | Rake $0.48
Board [3s Ts 9d 9s]
Seat 3: Great_Kang (button) (small blind) folded on the Turn
Seat 4: Icecold (big blind) collected ($23.52)


PokerStars Hand #165513499636:  Hold'em Limit ($3/$6 USD) - 2017/02/01 12:21:07 ET
Table 'Aurelia III' 6-max Seat #4 is the button
Seat 3: Great_Kang ($126.42 in chips)
Seat 4: Icecold ($56.72 in chips)
Icecold: posts small blind $1
Great_Kang: posts big blind $3
*** HOLE CARDS ***
Icecold: raises $3 to $6
Great_Kang: calls $3
*** FLOP *** [5s 8s 7d]
Great_Kang: checks
Icecold: checks
*** TURN *** [5s 8s 7d] [4d]
Great_Kang: bets $6
Icecold: folds
Uncalled bet ($6) returned to Great_Kang
Great_Kang collected $11.76 from pot
Great_Kang: doesn't show hand
*** SUMMARY ***
Total pot $12 | Rake $0.24
Board [5s 8s 7d 4d]
Seat 3: Great_Kang (big blind) collected ($11.76)
Seat 4: Icecold (button) (small blind) folded on the Turn


PokerStars Hand #165513531363:  Hold'em Limit ($3/$6 USD) - 2017/02/01 12:21:46 ET
Table 'Aurelia III' 6-max Seat #4 is the button
Seat 3: Great_Kang ($120.18 in chips)
Seat 4: Icecold ($62.24 in chips)
Icecold: posts small blind $1
Great_Kang: posts big blind $3
*** HOLE CARDS ***
Icecold: calls $2
Great_Kang: raises $3 to $6
Icecold: calls $3
*** FLOP *** [4s 9s Th]
Great_Kang: bets $3
Icecold: calls $3
*** TURN *** [4s 9s Th] [As]
Great_Kang: bets $6
Icecold: raises $6 to $12
Great_Kang: raises $6 to $18
Icecold: calls $6
*** RIVER *** [4s 9s Th As] [Jh]
Great_Kang: bets $6
Icecold: calls $6
*** SHOW DOWN ***
Great_Kang: shows [Tc Ts] (three of a kind, Tens)
Icecold: shows [5s 7s] (a flush, Ace high)
Icecold collected $65.50 from pot
*** SUMMARY ***
Total pot $66 | Rake $0.50
Board [4s 9s Th As Jh]
Seat 3: Great_Kang (big blind) showed [Tc Ts] and lost with three of a kind, Tens
Seat 4: Icecold (button) (small blind) showed [5s 7s] and won ($65.50) with a flush, Ace high


PokerStars Hand #165513573084:  Hold'em Limit ($3/$6 USD) - 2017/02/01 12:22:36 ET
Table 'Aurelia III' 6-max Seat #4 is the button
Seat 3: Great_Kang ($120 in chips)
Seat 4: Icecold ($121.24 in chips)
Icecold: posts small blind $1
Great_Kang: posts big blind $3
*** HOLE CARDS ***
Icecold: folds
Uncalled bet ($2) returned to Great_Kang
Great_Kang collected $2 from pot
Great_Kang: doesn't show hand
*** SUMMARY ***
Total pot $2 | Rake $0
Seat 3: Great_Kang (big blind) collected ($2)
Seat 4: Icecold (button) (small blind) folded before Flop


PokerStars Hand #165513554041:  Hold'em Limit ($3/$6 USD) - 2017/02/01 12:22:13 ET
Table 'Aurelia III' 6-max Seat #3 is the button
Seat 3: Great_Kang ($120 in chips)
Seat 4: Icecold ($94.74 in chips)
Great_Kang: posts small blind $1
Icecold: posts big blind $3
*** HOLE CARDS ***
Great_Kang: raises $3 to $6
Icecold: calls $3
*** FLOP *** [Ts 6d 3c]
Icecold: checks
Great_Kang: bets $3
Icecold: calls $3
*** TURN *** [Ts 6d 3c] [2h]
Icecold: checks
Great_Kang: bets $6
Icecold: raises $6 to $12
Great_Kang: calls $6
*** RIVER *** [Ts 6d 3c 2h] [9c]
Icecold: bets $6
Great_Kang: calls $6
*** SHOW DOWN ***
Icecold: shows [6h 6s] (three of a kind, Sixes)
Great_Kang: mucks hand
Icecold collected $53.50 from pot
*** SUMMARY ***
Total pot $54 | Rake $0.50
Board [Ts 6d 3c 2h 9c]
Seat 3: Great_Kang (button) (small blind) mucked
Seat 4: Icecold (big blind) showed [6h 6s] and won ($53.50) with three of a kind, Sixes


PokerStars Hand #165513577158:  Hold'em Limit ($3/$6 USD) - 2017/02/01 12:22:41 ET
Table 'Aurelia III' 6-max Seat #3 is the button
Seat 3: Great_Kang ($121 in chips)
Seat 4: Icecold ($120.24 in chips)
Great_Kang: posts small blind $1
Icecold: posts big blind $3
*** HOLE CARDS ***
Great_Kang: raises $3 to $6
Icecold: calls $3
*** FLOP *** [9h Ts Qd]
Icecold: checks
Great_Kang: bets $3
Icecold: folds
Uncalled bet ($3) returned to Great_Kang
Great_Kang collected $11.76 from pot
Great_Kang: doesn't show hand
*** SUMMARY ***
Total pot $12 | Rake $0.24
Board [9h Ts Qd]
Seat 3: Great_Kang (button) (small blind) collected ($11.76)
Seat 4: Icecold (big blind) folded on the Flop


PokerStars Hand #165513586815:  Hold'em Limit ($3/$6 USD) - 2017/02/01 12:22:53 ET
Table 'Aurelia III' 6-max Seat #4 is the button
Seat 3: Great_Kang ($126.76 in chips)
Seat 4: Icecold ($114.24 in chips)
Icecold: posts small blind $1
Great_Kang: posts big blind $3
*** HOLE CARDS ***
Icecold: raises $3 to $6
Great_Kang: calls $3
*** FLOP *** [4s Kh 8c]
Great_Kang: checks
Icecold: bets $3
pokerborge51 joins the table at seat #2
Great_Kang: raises $3 to $6
Icecold: calls $3
*** TURN *** [4s Kh 8c] [9c]
Great_Kang: bets $6
Icecold: calls $6
*** RIVER *** [4s Kh 8c 9c] [Ac]
Great_Kang: bets $6
Icecold: calls $6
*** SHOW DOWN ***
Great_Kang: shows [6c 4c] (a flush, Ace high)
Icecold: mucks hand
Great_Kang collected $47.50 from pot
*** SUMMARY ***
Total pot $48 | Rake $0.50
Board [4s Kh 8c 9c Ac]
Seat 3: Great_Kang (big blind) showed [6c 4c] and won ($47.50) with a flush, Ace high
Seat 4: Icecold (button) (small blind) mucked


PokerStars Hand #165513678739:  Hold'em Limit ($3/$6 USD) - 2017/02/01 12:24:44 ET
Table 'Aurelia III' 6-max Seat #4 is the button
Seat 3: Great_Kang ($192.05 in chips)
Seat 4: Icecold ($41.34 in chips)
Icecold: posts small blind $1
Great_Kang: posts big blind $3
*** HOLE CARDS ***
Icecold: raises $3 to $6
Great_Kang: calls $3
*** FLOP *** [Jh 8d 6c]
Great_Kang: checks
Icecold: bets $3
Great_Kang: folds
Uncalled bet ($3) returned to Icecold
Icecold collected $11.76 from pot
*** SUMMARY ***
Total pot $12 | Rake $0.24
Board [Jh 8d 6c]
Seat 3: Great_Kang (big blind) folded on the Flop
Seat 4: Icecold (button) (small blind) collected ($11.76)


PokerStars Hand #165513684829:  Hold'em Limit ($3/$6 USD) - 2017/02/01 12:24:51 ET
Table 'Aurelia III' 6-max Seat #3 is the button
Seat 3: Great_Kang ($186.05 in chips)
Seat 4: Icecold ($47.10 in chips)
Great_Kang: posts small blind $1
Icecold: posts big blind $3
*** HOLE CARDS ***
Great_Kang: raises $3 to $6
Icecold: calls $3
*** FLOP *** [Jh 2c Ts]
Icecold: checks
Great_Kang: checks
*** TURN *** [Jh 2c Ts] [3d]
Icecold: checks
Great_Kang: checks
*** RIVER *** [Jh 2c Ts 3d] [4d]
Icecold: bets $6
Great_Kang: folds
Uncalled bet ($6) returned to Icecold
Icecold collected $11.76 from pot
*** SUMMARY ***
Total pot $12 | Rake $0.24
Board [Jh 2c Ts 3d 4d]
Seat 3: Great_Kang (button) (small blind) folded on the River
Seat 4: Icecold (big blind) collected ($11.76)


PokerStars Hand #165513694536:  Hold'em Limit ($3/$6 USD) - 2017/02/01 12:25:03 ET
Table 'Aurelia III' 6-max Seat #4 is the button
Seat 3: Great_Kang ($180.05 in chips)
Seat 4: Icecold ($52.86 in chips)
Icecold: posts small blind $1
Great_Kang: posts big blind $3
*** HOLE CARDS ***
Icecold: raises $3 to $6
Great_Kang: calls $3
*** FLOP *** [Th 5c Tc]
Great_Kang: checks
Icecold: bets $3
Great_Kang: folds
Uncalled bet ($3) returned to Icecold
Icecold collected $11.76 from pot
*** SUMMARY ***
Total pot $12 | Rake $0.24
Board [Th 5c Tc]
Seat 3: Great_Kang (big blind) folded on the Flop
Seat 4: Icecold (button) (small blind) collected ($11.76)


PokerStars Hand #165513705435:  Hold'em Limit ($3/$6 USD) - 2017/02/01 12:25:16 ET
Table 'Aurelia III' 6-max Seat #3 is the button
Seat 3: Great_Kang ($174.05 in chips)
Seat 4: Icecold ($58.62 in chips)
Great_Kang: posts small blind $1
Icecold: posts big blind $3
*** HOLE CARDS ***
Great_Kang: raises $3 to $6
Icecold: raises $3 to $9
Great_Kang: calls $3
*** FLOP *** [Qd 7c 8h]
Icecold: bets $3
Great_Kang: calls $3
*** TURN *** [Qd 7c 8h] [Ad]
Icecold: bets $6
Great_Kang: raises $6 to $12
Icecold: calls $6
*** RIVER *** [Qd 7c 8h Ad] [5s]
Icecold: checks
apertens joins the table at seat #6
Great_Kang: bets $6
Icecold: calls $6
*** SHOW DOWN ***
Great_Kang: shows [7h Qh] (two pair, Queens and Sevens)
Icecold: mucks hand
Great_Kang collected $59.50 from pot
*** SUMMARY ***
Total pot $60 | Rake $0.50
Board [Qd 7c 8h Ad 5s]
Seat 3: Great_Kang (button) (small blind) showed [7h Qh] and won ($59.50) with two pair, Queens and Sevens
Seat 4: Icecold (big blind) mucked


PokerStars Hand #165513732176:  Hold'em Limit ($3/$6 USD) - 2017/02/01 12:25:48 ET
Table 'Aurelia III' 6-max Seat #6 is the button
Seat 3: Great_Kang ($203.55 in chips)
Seat 6: apertens ($55.38 in chips)
apertens: posts small blind $1
Great_Kang: posts big blind $3
*** HOLE CARDS ***
apertens: raises $3 to $6
Great_Kang: raises $3 to $9
Icecold leaves the table
apertens: calls $3
*** FLOP *** [9h Tc 7c]
Great_Kang: bets $3
apertens: raises $3 to $6
Great_Kang: calls $3
*** TURN *** [9h Tc 7c] [7s]
Great_Kang: checks
apertens: checks
*** RIVER *** [9h Tc 7c 7s] [8c]
Great_Kang: checks
apertens: bets $6
Great_Kang: calls $6
*** SHOW DOWN ***
apertens: shows [Jc 9c] (a straight flush, Seven to Jack)
Great_Kang: mucks hand
apertens collected $41.50 from pot
*** SUMMARY ***
Total pot $42 | Rake $0.50
Board [9h Tc 7c 7s 8c]
Seat 3: Great_Kang (big blind) mucked
Seat 6: apertens (button) (small blind) showed [Jc 9c] and won ($41.50) with a straight flush, Seven to Jack


PokerStars Hand #165513748935:  Hold'em Limit ($3/$6 USD) - 2017/02/01 12:26:09 ET
Table 'Aurelia III' 6-max Seat #3 is the button
Seat 3: Great_Kang ($182.55 in chips)
Seat 6: apertens ($75.88 in chips)
Great_Kang: posts small blind $1
apertens: posts big blind $3
*** HOLE CARDS ***
Great_Kang: raises $3 to $6
apertens: calls $3
*** FLOP *** [6h 4s Ts]
apertens: checks
Great_Kang: bets $3
apertens: raises $3 to $6
Great_Kang: calls $3
*** TURN *** [6h 4s Ts] [7c]
apertens: bets $6
Great_Kang: calls $6
*** RIVER *** [6h 4s Ts 7c] [2s]
apertens: checks
Great_Kang: checks
*** SHOW DOWN ***
apertens: shows [9s 6d] (a pair of Sixes)
Great_Kang: shows [6s Kd] (a pair of Sixes - King kicker)
Great_Kang collected $35.50 from pot
*** SUMMARY ***
Total pot $36 | Rake $0.50
Board [6h 4s Ts 7c 2s]
Seat 3: Great_Kang (button) (small blind) showed [6s Kd] and won ($35.50) with a pair of Sixes
Seat 6: apertens (big blind) showed [9s 6d] and lost with a pair of Sixes


PokerStars Hand #165513762036:  Hold'em Limit ($3/$6 USD) - 2017/02/01 12:26:25 ET
Table 'Aurelia III' 6-max Seat #6 is the button
Seat 3: Great_Kang ($200.05 in chips)
Seat 6: apertens ($57.88 in chips)
apertens: posts small blind $1
Great_Kang: posts big blind $3
*** HOLE CARDS ***
apertens: raises $3 to $6
Great_Kang: calls $3
*** FLOP *** [Qs Jc 7c]
Great_Kang: checks
apertens: bets $3
Great_Kang: calls $3
*** TURN *** [Qs Jc 7c] [8s]
Great_Kang: checks
apertens: bets $6
Great_Kang: calls $6
*** RIVER *** [Qs Jc 7c 8s] [9s]
Great_Kang: bets $6
apertens: calls $6
*** SHOW DOWN ***
Great_Kang: shows [8d Th] (a straight, Eight to Queen)
apertens: mucks hand
Great_Kang collected $41.50 from pot
*** SUMMARY ***
Total pot $42 | Rake $0.50
Board [Qs Jc 7c 8s 9s]
Seat 3: Great_Kang (big blind) showed [8d Th] and won ($41.50) with a straight, Eight to Queen
Seat 6: apertens (button) (small blind) mucked


PokerStars Hand #165513775776:  Hold'em Limit ($3/$6 USD) - 2017/02/01 12:26:41 ET
Table 'Aurelia III' 6-max Seat #3 is the button
Seat 3: Great_Kang ($220.55 in chips)
Seat 6: apertens ($36.88 in chips)
Great_Kang: posts small blind $1
apertens: posts big blind $3
*** HOLE CARDS ***
Great_Kang: raises $3 to $6
apertens: raises $3 to $9
Great_Kang: calls $3
*** FLOP *** [Jd Kc 9s]
apertens: checks
Great_Kang: checks
*** TURN *** [Jd Kc 9s] [Jc]
apertens: bets $6
Great_Kang: calls $6
*** RIVER *** [Jd Kc 9s Jc] [7s]
apertens: bets $6
Great_Kang: calls $6
*** SHOW DOWN ***
apertens: shows [Qh Td] (a straight, Nine to King)
Great_Kang: mucks hand
apertens collected $41.50 from pot
*** SUMMARY ***
Total pot $42 | Rake $0.50
Board [Jd Kc 9s Jc 7s]
Seat 3: Great_Kang (button) (small blind) mucked
Seat 6: apertens (big blind) showed [Qh Td] and won ($41.50) with a straight, Nine to King


PokerStars Hand #165513790862:  Hold'em Limit ($3/$6 USD) - 2017/02/01 12:26:59 ET
Table 'Aurelia III' 6-max Seat #6 is the button
Seat 3: Great_Kang ($199.55 in chips)
Seat 6: apertens ($57.38 in chips)
apertens: posts small blind $1
Great_Kang: posts big blind $3
*** HOLE CARDS ***
apertens: folds
Uncalled bet ($2) returned to Great_Kang
Great_Kang collected $2 from pot
Great_Kang: doesn't show hand
*** SUMMARY ***
Total pot $2 | Rake $0
Seat 3: Great_Kang (big blind) collected ($2)
Seat 6: apertens (button) (small blind) folded before Flop


PokerStars Hand #165513795076:  Hold'em Limit ($3/$6 USD) - 2017/02/01 12:27:04 ET
Table 'Aurelia III' 6-max Seat #3 is the button
Seat 3: Great_Kang ($200.55 in chips)
Seat 6: apertens ($56.38 in chips)
Great_Kang: posts small blind $1
apertens: posts big blind $3
*** HOLE CARDS ***
Great_Kang: raises $3 to $6
apertens: calls $3
*** FLOP *** [8s 6h 5c]
apertens: bets $3
Great_Kang: folds
Uncalled bet ($3) returned to apertens
apertens collected $11.76 from pot
apertens: doesn't show hand
*** SUMMARY ***
Total pot $12 | Rake $0.24
Board [8s 6h 5c]
Seat 3: Great_Kang (button) (small blind) folded on the Flop
Seat 6: apertens (big blind) collected ($11.76)


PokerStars Hand #165513820014:  Hold'em Limit ($3/$6 USD) - 2017/02/01 12:27:35 ET
Table 'Aurelia III' 6-max Seat #3 is the button
Seat 3: Great_Kang ($206.07 in chips)
Seat 6: apertens ($50.14 in chips)
Great_Kang: posts small blind $1
apertens: posts big blind $3
*** HOLE CARDS ***
Great_Kang: folds
Uncalled bet ($2) returned to apertens
apertens collected $2 from pot
apertens: doesn't show hand
*** SUMMARY ***
Total pot $2 | Rake $0
Seat 3: Great_Kang (button) (small blind) folded before Flop
Seat 6: apertens (big blind) collected ($2)


PokerStars Hand #165513806820:  Hold'em Limit ($3/$6 USD) - 2017/02/01 12:27:19 ET
Table 'Aurelia III' 6-max Seat #6 is the button
Seat 3: Great_Kang ($194.55 in chips)
Seat 6: apertens ($62.14 in chips)
apertens: posts small blind $1
Great_Kang: posts big blind $3
*** HOLE CARDS ***
apertens: raises $3 to $6
Great_Kang: calls $3
*** FLOP *** [7h 4h 6d]
Great_Kang: checks
apertens: checks
*** TURN *** [7h 4h 6d] [8s]
Great_Kang: checks
apertens: checks
*** RIVER *** [7h 4h 6d 8s] [9h]
Great_Kang: bets $6
apertens: calls $6
perten joins the table at seat #1
*** SHOW DOWN ***
Great_Kang: shows [6h Td] (a straight, Six to Ten)
apertens: mucks hand
Great_Kang collected $23.52 from pot
*** SUMMARY ***
Total pot $24 | Rake $0.48
Board [7h 4h 6d 8s 9h]
Seat 3: Great_Kang (big blind) showed [6h Td] and won ($23.52) with a straight, Six to Ten
Seat 6: apertens (button) (small blind) mucked


PokerStars Hand #165514101071:  Hold'em Limit ($3/$6 USD) - 2017/02/01 12:33:13 ET
Table 'Aurelia III' 6-max Seat #3 is the button
Seat 1: perten ($102.34 in chips)
Seat 3: Great_Kang ($198.88 in chips)
kolaz03 will be allowed to play after the button
Great_Kang: posts small blind $1
perten: posts big blind $3
*** HOLE CARDS ***
Great_Kang: raises $3 to $6
perten: calls $3
*** FLOP *** [Ts 8d 5d]
perten: bets $3
Great_Kang: calls $3
*** TURN *** [Ts 8d 5d] [Kd]
perten: bets $6
Great_Kang: raises $6 to $12
perten: raises $6 to $18
Great_Kang: calls $6
*** RIVER *** [Ts 8d 5d Kd] [5h]
perten: bets $6
Great_Kang: calls $6
*** SHOW DOWN ***
perten: shows [Td 9d] (a flush, King high)
Great_Kang: mucks hand
perten collected $65.50 from pot
*** SUMMARY ***
Total pot $66 | Rake $0.50
Board [Ts 8d 5d Kd 5h]
Seat 1: perten (big blind) showed [Td 9d] and won ($65.50) with a flush, King high
Seat 3: Great_Kang (button) (small blind) mucked


PokerStars Hand #165514142910:  Hold'em Limit ($3/$6 USD) - 2017/02/01 12:34:05 ET
Table 'Aurelia III' 6-max Seat #2 is the button
Seat 1: perten ($110.84 in chips)
Seat 2: kolaz03 ($72 in chips)
kolaz03: posts small blind $1
Great_Kang: is sitting out
perten: posts big blind $3
*** HOLE CARDS ***
kolaz03: raises $3 to $6
perten: calls $3
*** FLOP *** [5h Qd Jc]
Great_Kang leaves the table
perten: checks
kolaz03: bets $3
perten: folds
Uncalled bet ($3) returned to kolaz03
kolaz03 collected $11.76 from pot
kolaz03: doesn't show hand
*** SUMMARY ***
Total pot $12 | Rake $0.24
Board [5h Qd Jc]
Seat 1: perten (big blind) folded on the Flop
Seat 2: kolaz03 (button) (small blind) collected ($11.76)


