PokerStars Hand #172647219745:  Hold'em Limit ($3/$6 USD) - 2017/07/05 15:27:38 ET
Table 'Auricula' 6-max Seat #3 is the button
Seat 3: Alim340 ($326.03 in chips)
Seat 6: MIBondiola ($190.27 in chips)
Alim340: posts small blind $1
MIBondiola: posts big blind $3
*** HOLE CARDS ***
Alim340: calls $2
MIBondiola: raises $3 to $6
Alim340: calls $3
*** FLOP *** [Jh 6c 8c]
MIBondiola: bets $3
Alim340: calls $3
*** TURN *** [Jh 6c 8c] [4s]
MIBondiola: bets $6
cabopino boy joins the table at seat #1
Alim340: folds
Uncalled bet ($6) returned to MIBondiola
MIBondiola collected $17.64 from pot
*** SUMMARY ***
Total pot $18 | Rake $0.36
Board [Jh 6c 8c 4s]
Seat 3: Alim340 (button) (small blind) folded on the Turn
Seat 6: MIBondiola (big blind) collected ($17.64)


PokerStars Hand #172647290060:  Hold'em Limit ($3/$6 USD) - 2017/07/05 15:29:07 ET
Table 'Auricula' 6-max Seat #1 is the button
Seat 1: cabopino boy ($241.58 in chips)
Seat 6: MIBondiola ($204.55 in chips)
cabopino boy: posts small blind $1
MIBondiola: posts big blind $3
*** HOLE CARDS ***
cabopino boy: raises $3 to $6
MIBondiola: calls $3
*** FLOP *** [As 8s Th]
MIBondiola: checks
cabopino boy: bets $3
MIBondiola: calls $3
*** TURN *** [As 8s Th] [5c]
MIBondiola: checks
cabopino boy: bets $6
MIBondiola: calls $6
*** RIVER *** [As 8s Th 5c] [6s]
MIBondiola: checks
cabopino boy: checks
*** SHOW DOWN ***
MIBondiola: shows [Jc Ts] (a pair of Tens)
cabopino boy: shows [Ah Jd] (a pair of Aces)
cabopino boy collected $29.50 from pot
*** SUMMARY ***
Total pot $30 | Rake $0.50
Board [As 8s Th 5c 6s]
Seat 1: cabopino boy (button) (small blind) showed [Ah Jd] and won ($29.50) with a pair of Aces
Seat 6: MIBondiola (big blind) showed [Jc Ts] and lost with a pair of Tens


PokerStars Hand #172647373142:  Hold'em Limit ($3/$6 USD) - 2017/07/05 15:30:53 ET
Table 'Auricula' 6-max Seat #6 is the button
Seat 1: cabopino boy ($281.58 in chips)
Seat 6: MIBondiola ($163.55 in chips)
MIBondiola: posts small blind $1
cabopino boy: posts big blind $3
*** HOLE CARDS ***
MIBondiola: raises $3 to $6
cabopino boy: calls $3
*** FLOP *** [7h Qd Ad]
cabopino boy: checks
MIBondiola: bets $3
cabopino boy: calls $3
*** TURN *** [7h Qd Ad] [4h]
cabopino boy: checks
MIBondiola: bets $6
cabopino boy: folds
Uncalled bet ($6) returned to MIBondiola
MIBondiola collected $17.64 from pot
*** SUMMARY ***
Total pot $18 | Rake $0.36
Board [7h Qd Ad 4h]
Seat 1: cabopino boy (big blind) folded on the Turn
Seat 6: MIBondiola (button) (small blind) collected ($17.64)


PokerStars Hand #172647331355:  Hold'em Limit ($3/$6 USD) - 2017/07/05 15:30:00 ET
Table 'Auricula' 6-max Seat #6 is the button
Seat 1: cabopino boy ($256.08 in chips)
Seat 6: MIBondiola ($189.55 in chips)
MIBondiola: posts small blind $1
cabopino boy: posts big blind $3
*** HOLE CARDS ***
MIBondiola: raises $3 to $6
cabopino boy: calls $3
*** FLOP *** [4h 7h 7s]
cabopino boy: checks
MIBondiola: bets $3
cabopino boy: calls $3
*** TURN *** [4h 7h 7s] [Jc]
cabopino boy: checks
MIBondiola: bets $6
cabopino boy: raises $6 to $12
MIBondiola: calls $6
*** RIVER *** [4h 7h 7s Jc] [6s]
cabopino boy: bets $6
MIBondiola: calls $6
*** SHOW DOWN ***
cabopino boy: shows [Jh 7c] (a full house, Sevens full of Jacks)
MIBondiola: mucks hand
cabopino boy collected $53.50 from pot
*** SUMMARY ***
Total pot $54 | Rake $0.50
Board [4h 7h 7s Jc 6s]
Seat 1: cabopino boy (big blind) showed [Jh 7c] and won ($53.50) with a full house, Sevens full of Jacks
Seat 6: MIBondiola (button) (small blind) mucked


PokerStars Hand #172647405306:  Hold'em Limit ($3/$6 USD) - 2017/07/05 15:31:33 ET
Table 'Auricula' 6-max Seat #6 is the button
Seat 1: cabopino boy ($271.58 in chips)
Seat 6: MIBondiola ($173.19 in chips)
MIBondiola: posts small blind $1
cabopino boy: posts big blind $3
*** HOLE CARDS ***
MIBondiola: raises $3 to $6
cabopino boy: calls $3
*** FLOP *** [6s Th As]
cabopino boy: checks
MIBondiola: bets $3
cabopino boy: folds
Uncalled bet ($3) returned to MIBondiola
MIBondiola collected $11.76 from pot
*** SUMMARY ***
Total pot $12 | Rake $0.24
Board [6s Th As]
Seat 1: cabopino boy (big blind) folded on the Flop
Seat 6: MIBondiola (button) (small blind) collected ($11.76)


PokerStars Hand #172647475500:  Hold'em Limit ($3/$6 USD) - 2017/07/05 15:33:02 ET
Table 'Auricula' 6-max Seat #1 is the button
Seat 1: cabopino boy ($268.10 in chips)
Seat 6: MIBondiola ($175.59 in chips)
cabopino boy: posts small blind $1
MIBondiola: posts big blind $3
*** HOLE CARDS ***
cabopino boy: folds
Uncalled bet ($2) returned to MIBondiola
MIBondiola collected $2 from pot
*** SUMMARY ***
Total pot $2 | Rake $0
Seat 1: cabopino boy (button) (small blind) folded before Flop
Seat 6: MIBondiola (big blind) collected ($2)


PokerStars Hand #172647446783:  Hold'em Limit ($3/$6 USD) - 2017/07/05 15:32:26 ET
Table 'Auricula' 6-max Seat #6 is the button
Seat 1: cabopino boy ($256.58 in chips)
Seat 6: MIBondiola ($187.59 in chips)
MIBondiola: posts small blind $1
cabopino boy: posts big blind $3
*** HOLE CARDS ***
MIBondiola: raises $3 to $6
cabopino boy: raises $3 to $9
MIBondiola: calls $3
*** FLOP *** [Th 3c 8d]
cabopino boy: bets $3
MIBondiola: calls $3
*** TURN *** [Th 3c 8d] [7d]
cabopino boy: bets $6
MIBondiola: folds
Uncalled bet ($6) returned to cabopino boy
cabopino boy collected $23.52 from pot
*** SUMMARY ***
Total pot $24 | Rake $0.48
Board [Th 3c 8d 7d]
Seat 1: cabopino boy (big blind) collected ($23.52)
Seat 6: MIBondiola (button) (small blind) folded on the Turn


PokerStars Hand #172647480246:  Hold'em Limit ($3/$6 USD) - 2017/07/05 15:33:08 ET
Table 'Auricula' 6-max Seat #6 is the button
Seat 1: cabopino boy ($267.10 in chips)
Seat 6: MIBondiola ($176.59 in chips)
MIBondiola: posts small blind $1
cabopino boy: posts big blind $3
*** HOLE CARDS ***
MIBondiola: raises $3 to $6
cabopino boy: calls $3
*** FLOP *** [5d 2c Js]
cabopino boy: checks
MIBondiola: bets $3
cabopino boy: folds
Uncalled bet ($3) returned to MIBondiola
MIBondiola collected $11.76 from pot
*** SUMMARY ***
Total pot $12 | Rake $0.24
Board [5d 2c Js]
Seat 1: cabopino boy (big blind) folded on the Flop
Seat 6: MIBondiola (button) (small blind) collected ($11.76)


PokerStars Hand #172647492839:  Hold'em Limit ($3/$6 USD) - 2017/07/05 15:33:24 ET
Table 'Auricula' 6-max Seat #1 is the button
Seat 1: cabopino boy ($261.10 in chips)
Seat 6: MIBondiola ($182.35 in chips)
cabopino boy: posts small blind $1
MIBondiola: posts big blind $3
*** HOLE CARDS ***
cabopino boy: calls $2
MIBondiola: checks
*** FLOP *** [Ad 3h 6s]
MIBondiola: checks
cabopino boy: bets $3
MIBondiola: calls $3
*** TURN *** [Ad 3h 6s] [2h]
MIBondiola: checks
cabopino boy: bets $6
MIBondiola: calls $6
*** RIVER *** [Ad 3h 6s 2h] [8s]
MIBondiola: checks
cabopino boy: checks
*** SHOW DOWN ***
MIBondiola: shows [3d Ks] (a pair of Threes)
cabopino boy: mucks hand
MIBondiola collected $23.52 from pot
*** SUMMARY ***
Total pot $24 | Rake $0.48
Board [Ad 3h 6s 2h 8s]
Seat 1: cabopino boy (button) (small blind) mucked
Seat 6: MIBondiola (big blind) showed [3d Ks] and won ($23.52) with a pair of Threes


PokerStars Hand #172647589003:  Hold'em Limit ($3/$6 USD) - 2017/07/05 15:35:25 ET
Table 'Auricula' 6-max Seat #1 is the button
Seat 1: cabopino boy ($233.74 in chips)
Seat 6: MIBondiola ($208.37 in chips)
cabopino boy: posts small blind $1
MIBondiola: posts big blind $3
*** HOLE CARDS ***
cabopino boy: folds
Uncalled bet ($2) returned to MIBondiola
MIBondiola collected $2 from pot
*** SUMMARY ***
Total pot $2 | Rake $0
Seat 1: cabopino boy (button) (small blind) folded before Flop
Seat 6: MIBondiola (big blind) collected ($2)


PokerStars Hand #172647561518:  Hold'em Limit ($3/$6 USD) - 2017/07/05 15:34:50 ET
Table 'Auricula' 6-max Seat #6 is the button
Seat 1: cabopino boy ($260.74 in chips)
Seat 6: MIBondiola ($181.87 in chips)
MIBondiola: posts small blind $1
cabopino boy: posts big blind $3
*** HOLE CARDS ***
MIBondiola: raises $3 to $6
cabopino boy: raises $3 to $9
MIBondiola: calls $3
*** FLOP *** [2c 7h 3c]
cabopino boy: checks
MIBondiola: bets $3
cabopino boy: raises $3 to $6
MIBondiola: calls $3
*** TURN *** [2c 7h 3c] [9s]
cabopino boy: checks
MIBondiola: checks
*** RIVER *** [2c 7h 3c 9s] [3s]
cabopino boy: bets $6
MIBondiola: raises $6 to $12
cabopino boy: calls $6
*** SHOW DOWN ***
MIBondiola: shows [Ad 3d] (three of a kind, Threes)
cabopino boy: mucks hand
MIBondiola collected $53.50 from pot
*** SUMMARY ***
Total pot $54 | Rake $0.50
Board [2c 7h 3c 9s 3s]
Seat 1: cabopino boy (big blind) mucked
Seat 6: MIBondiola (button) (small blind) showed [Ad 3d] and won ($53.50) with three of a kind, Threes


PokerStars Hand #172647554688:  Hold'em Limit ($3/$6 USD) - 2017/07/05 15:34:42 ET
Table 'Auricula' 6-max Seat #1 is the button
Seat 1: cabopino boy ($257.74 in chips)
Seat 6: MIBondiola ($184.87 in chips)
cabopino boy: posts small blind $1
MIBondiola: posts big blind $3
*** HOLE CARDS ***
cabopino boy: raises $3 to $6
MIBondiola: folds
Uncalled bet ($3) returned to cabopino boy
cabopino boy collected $6 from pot
*** SUMMARY ***
Total pot $6 | Rake $0
Seat 1: cabopino boy (button) (small blind) collected ($6)
Seat 6: MIBondiola (big blind) folded before Flop


PokerStars Hand #172647523110:  Hold'em Limit ($3/$6 USD) - 2017/07/05 15:34:02 ET
Table 'Auricula' 6-max Seat #6 is the button
Seat 1: cabopino boy ($249.10 in chips)
Seat 6: MIBondiola ($193.87 in chips)
MIBondiola: posts small blind $1
cabopino boy: posts big blind $3
*** HOLE CARDS ***
MIBondiola: raises $3 to $6
cabopino boy: calls $3
*** FLOP *** [7h 5d Kc]
cabopino boy: checks
MIBondiola: bets $3
cabopino boy: calls $3
*** TURN *** [7h 5d Kc] [5c]
cabopino boy: checks
MIBondiola: checks
*** RIVER *** [7h 5d Kc 5c] [Ac]
cabopino boy: bets $6
MIBondiola: folds
Uncalled bet ($6) returned to cabopino boy
cabopino boy collected $17.64 from pot
*** SUMMARY ***
Total pot $18 | Rake $0.36
Board [7h 5d Kc 5c Ac]
Seat 1: cabopino boy (big blind) collected ($17.64)
Seat 6: MIBondiola (button) (small blind) folded on the River


PokerStars Hand #172647598536:  Hold'em Limit ($3/$6 USD) - 2017/07/05 15:35:37 ET
Table 'Auricula' 6-max Seat #1 is the button
Seat 1: cabopino boy ($233.74 in chips)
Seat 6: MIBondiola ($208.37 in chips)
cabopino boy: posts small blind $1
MIBondiola: posts big blind $3
*** HOLE CARDS ***
cabopino boy: raises $3 to $6
MIBondiola: raises $3 to $9
cabopino boy: calls $3
*** FLOP *** [4s 3h Js]
MIBondiola: checks
cabopino boy: bets $3
MIBondiola: raises $3 to $6
cabopino boy: calls $3
*** TURN *** [4s 3h Js] [7c]
MIBondiola: bets $6
cabopino boy: calls $6
*** RIVER *** [4s 3h Js 7c] [As]
MIBondiola: bets $6
cabopino boy: calls $6
*** SHOW DOWN ***
MIBondiola: shows [2h Ac] (a pair of Aces)
cabopino boy: mucks hand
MIBondiola collected $53.50 from pot
*** SUMMARY ***
Total pot $54 | Rake $0.50
Board [4s 3h Js 7c As]
Seat 1: cabopino boy (button) (small blind) mucked
Seat 6: MIBondiola (big blind) showed [2h Ac] and won ($53.50) with a pair of Aces


PokerStars Hand #172647634647:  Hold'em Limit ($3/$6 USD) - 2017/07/05 15:36:22 ET
Table 'Auricula' 6-max Seat #6 is the button
Seat 1: cabopino boy ($206.74 in chips)
Seat 6: MIBondiola ($234.87 in chips)
MIBondiola: posts small blind $1
cabopino boy: posts big blind $3
*** HOLE CARDS ***
MIBondiola: raises $3 to $6
cabopino boy: calls $3
*** FLOP *** [Js 9c 5h]
cabopino boy: checks
MIBondiola: bets $3
cabopino boy: folds
Uncalled bet ($3) returned to MIBondiola
MIBondiola collected $11.76 from pot
*** SUMMARY ***
Total pot $12 | Rake $0.24
Board [Js 9c 5h]
Seat 1: cabopino boy (big blind) folded on the Flop
Seat 6: MIBondiola (button) (small blind) collected ($11.76)


PokerStars Hand #172647671839:  Hold'em Limit ($3/$6 USD) - 2017/07/05 15:37:09 ET
Table 'Auricula' 6-max Seat #6 is the button
Seat 1: cabopino boy ($212.26 in chips)
Seat 6: MIBondiola ($228.63 in chips)
MIBondiola: posts small blind $1
cabopino boy: posts big blind $3
*** HOLE CARDS ***
MIBondiola: raises $3 to $6
cabopino boy: calls $3
*** FLOP *** [Kd 9c Jd]
cabopino boy: checks
MIBondiola: bets $3
cabopino boy: calls $3
*** TURN *** [Kd 9c Jd] [Ac]
cabopino boy: checks
MIBondiola: bets $6
cabopino boy: folds
Uncalled bet ($6) returned to MIBondiola
MIBondiola collected $17.64 from pot
*** SUMMARY ***
Total pot $18 | Rake $0.36
Board [Kd 9c Jd Ac]
Seat 1: cabopino boy (big blind) folded on the Turn
Seat 6: MIBondiola (button) (small blind) collected ($17.64)


PokerStars Hand #172647649976:  Hold'em Limit ($3/$6 USD) - 2017/07/05 15:36:41 ET
Table 'Auricula' 6-max Seat #1 is the button
Seat 1: cabopino boy ($200.74 in chips)
Seat 6: MIBondiola ($240.63 in chips)
cabopino boy: posts small blind $1
MIBondiola: posts big blind $3
*** HOLE CARDS ***
cabopino boy: raises $3 to $6
MIBondiola: raises $3 to $9
cabopino boy: calls $3
*** FLOP *** [6c Tc 3h]
MIBondiola: bets $3
cabopino boy: calls $3
*** TURN *** [6c Tc 3h] [Jh]
MIBondiola: checks
cabopino boy: checks
*** RIVER *** [6c Tc 3h Jh] [8h]
Apanage joins the table at seat #2
MIBondiola: checks
cabopino boy: checks
*** SHOW DOWN ***
MIBondiola: shows [As Kd] (high card Ace)
cabopino boy: shows [3s 7d] (a pair of Threes)
cabopino boy collected $23.52 from pot
*** SUMMARY ***
Total pot $24 | Rake $0.48
Board [6c Tc 3h Jh 8h]
Seat 1: cabopino boy (button) (small blind) showed [3s 7d] and won ($23.52) with a pair of Threes
Seat 6: MIBondiola (big blind) showed [As Kd] and lost with high card Ace


PokerStars Hand #172647867022:  Hold'em Limit ($3/$6 USD) - 2017/07/05 15:41:17 ET
Table 'Auricula' 6-max Seat #2 is the button
Seat 1: cabopino boy ($176.07 in chips)
Seat 2: Apanage ($127.32 in chips)
Apanage: posts small blind $1
cabopino boy: posts big blind $3
*** HOLE CARDS ***
Apanage: raises $3 to $6
cabopino boy: calls $3
*** FLOP *** [Qs 8h Ad]
cabopino boy: checks
Apanage: bets $3
cabopino boy: folds
Uncalled bet ($3) returned to Apanage
Apanage collected $11.76 from pot
Apanage: doesn't show hand
*** SUMMARY ***
Total pot $12 | Rake $0.24
Board [Qs 8h Ad]
Seat 1: cabopino boy (big blind) folded on the Flop
Seat 2: Apanage (button) (small blind) collected ($11.76)


PokerStars Hand #172647861582:  Hold'em Limit ($3/$6 USD) - 2017/07/05 15:41:10 ET
Table 'Auricula' 6-max Seat #1 is the button
Seat 1: cabopino boy ($177.07 in chips)
Seat 2: Apanage ($126.32 in chips)
cabopino boy: posts small blind $1
Apanage: posts big blind $3
*** HOLE CARDS ***
cabopino boy: folds
Uncalled bet ($2) returned to Apanage
Apanage collected $2 from pot
Apanage: doesn't show hand
*** SUMMARY ***
Total pot $2 | Rake $0
Seat 1: cabopino boy (button) (small blind) folded before Flop
Seat 2: Apanage (big blind) collected ($2)


PokerStars Hand #172647839141:  Hold'em Limit ($3/$6 USD) - 2017/07/05 15:40:41 ET
Table 'Auricula' 6-max Seat #2 is the button
Seat 1: cabopino boy ($207.07 in chips)
Seat 2: Apanage ($96.82 in chips)
Apanage: posts small blind $1
cabopino boy: posts big blind $3
*** HOLE CARDS ***
Apanage: raises $3 to $6
cabopino boy: calls $3
*** FLOP *** [7c Js Tc]
cabopino boy: bets $3
Apanage: raises $3 to $6
cabopino boy: calls $3
*** TURN *** [7c Js Tc] [8d]
cabopino boy: bets $6
Apanage: raises $6 to $12
cabopino boy: calls $6
*** RIVER *** [7c Js Tc 8d] [3h]
cabopino boy: checks
Apanage: bets $6
cabopino boy: calls $6
*** SHOW DOWN ***
Apanage: shows [Ac 9c] (a straight, Seven to Jack)
cabopino boy: mucks hand
Apanage collected $59.50 from pot
*** SUMMARY ***
Total pot $60 | Rake $0.50
Board [7c Js Tc 8d 3h]
Seat 1: cabopino boy (big blind) mucked
Seat 2: Apanage (button) (small blind) showed [Ac 9c] and won ($59.50) with a straight, Seven to Jack


PokerStars Hand #172647889895:  Hold'em Limit ($3/$6 USD) - 2017/07/05 15:41:46 ET
Table 'Auricula' 6-max Seat #2 is the button
Seat 1: cabopino boy ($158.07 in chips)
Seat 2: Apanage ($144.60 in chips)
Apanage: posts small blind $1
cabopino boy: posts big blind $3
*** HOLE CARDS ***
Apanage: raises $3 to $6
cabopino boy: raises $3 to $9
Apanage: calls $3
*** FLOP *** [Qs Tc Ad]
cabopino boy: checks
Apanage: checks
*** TURN *** [Qs Tc Ad] [8s]
cabopino boy: bets $6
Apanage: folds
Uncalled bet ($6) returned to cabopino boy
cabopino boy collected $17.64 from pot
*** SUMMARY ***
Total pot $18 | Rake $0.36
Board [Qs Tc Ad 8s]
Seat 1: cabopino boy (big blind) collected ($17.64)
Seat 2: Apanage (button) (small blind) folded on the Turn


PokerStars Hand #172647903029:  Hold'em Limit ($3/$6 USD) - 2017/07/05 15:42:02 ET
Table 'Auricula' 6-max Seat #1 is the button
Seat 1: cabopino boy ($166.71 in chips)
Seat 2: Apanage ($135.60 in chips)
cabopino boy: posts small blind $1
Apanage: posts big blind $3
*** HOLE CARDS ***
cabopino boy: raises $3 to $6
Apanage: calls $3
*** FLOP *** [6h 9d 7s]
Apanage: checks
cabopino boy: checks
*** TURN *** [6h 9d 7s] [3d]
Apanage: bets $6
cabopino boy: calls $6
*** RIVER *** [6h 9d 7s 3d] [Kc]
Apanage: bets $6
cabopino boy: folds
Uncalled bet ($6) returned to Apanage
Apanage collected $23.52 from pot
Apanage: doesn't show hand
*** SUMMARY ***
Total pot $24 | Rake $0.48
Board [6h 9d 7s 3d Kc]
Seat 1: cabopino boy (button) (small blind) folded on the River
Seat 2: Apanage (big blind) collected ($23.52)


PokerStars Hand #172647875153:  Hold'em Limit ($3/$6 USD) - 2017/07/05 15:41:27 ET
Table 'Auricula' 6-max Seat #1 is the button
Seat 1: cabopino boy ($170.07 in chips)
Seat 2: Apanage ($133.08 in chips)
cabopino boy: posts small blind $1
Apanage: posts big blind $3
*** HOLE CARDS ***
cabopino boy: raises $3 to $6
Apanage: calls $3
*** FLOP *** [7d 6d 4h]
Apanage: checks
cabopino boy: bets $3
Apanage: raises $3 to $6
cabopino boy: calls $3
*** TURN *** [7d 6d 4h] [8d]
Apanage: bets $6
cabopino boy: folds
Uncalled bet ($6) returned to Apanage
Apanage collected $23.52 from pot
Apanage: doesn't show hand
*** SUMMARY ***
Total pot $24 | Rake $0.48
Board [7d 6d 4h 8d]
Seat 1: cabopino boy (button) (small blind) folded on the Turn
Seat 2: Apanage (big blind) collected ($23.52)


PokerStars Hand #172647941850:  Hold'em Limit ($3/$6 USD) - 2017/07/05 15:42:51 ET
Table 'Auricula' 6-max Seat #1 is the button
Seat 1: cabopino boy ($163.35 in chips)
Seat 2: Apanage ($138.12 in chips)
cabopino boy: posts small blind $1
Apanage: posts big blind $3
*** HOLE CARDS ***
cabopino boy: raises $3 to $6
Apanage: folds
Uncalled bet ($3) returned to cabopino boy
cabopino boy collected $6 from pot
*** SUMMARY ***
Total pot $6 | Rake $0
Seat 1: cabopino boy (button) (small blind) collected ($6)
Seat 2: Apanage (big blind) folded before Flop


PokerStars Hand #172647974287:  Hold'em Limit ($3/$6 USD) - 2017/07/05 15:43:32 ET
Table 'Auricula' 6-max Seat #1 is the button
Seat 1: cabopino boy ($174.99 in chips)
Seat 2: Apanage ($126.12 in chips)
cabopino boy: posts small blind $1
Apanage: posts big blind $3
*** HOLE CARDS ***
cabopino boy: folds
Uncalled bet ($2) returned to Apanage
Apanage collected $2 from pot
Apanage: doesn't show hand
*** SUMMARY ***
Total pot $2 | Rake $0
Seat 1: cabopino boy (button) (small blind) folded before Flop
Seat 2: Apanage (big blind) collected ($2)


PokerStars Hand #172647951315:  Hold'em Limit ($3/$6 USD) - 2017/07/05 15:43:03 ET
Table 'Auricula' 6-max Seat #2 is the button
Seat 1: cabopino boy ($166.35 in chips)
Seat 2: Apanage ($135.12 in chips)
Apanage: posts small blind $1
cabopino boy: posts big blind $3
*** HOLE CARDS ***
Apanage: raises $3 to $6
cabopino boy: calls $3
*** FLOP *** [4d Th 7c]
cabopino boy: checks
Apanage: bets $3
cabopino boy: calls $3
*** TURN *** [4d Th 7c] [7h]
cabopino boy: checks
Apanage: checks
*** RIVER *** [4d Th 7c 7h] [8d]
cabopino boy: checks
Apanage: checks
*** SHOW DOWN ***
cabopino boy: shows [6s Ah] (a pair of Sevens)
Apanage: mucks hand
cabopino boy collected $17.64 from pot
*** SUMMARY ***
Total pot $18 | Rake $0.36
Board [4d Th 7c 7h 8d]
Seat 1: cabopino boy (big blind) showed [6s Ah] and won ($17.64) with a pair of Sevens
Seat 2: Apanage (button) (small blind) mucked


PokerStars Hand #172647923000:  Hold'em Limit ($3/$6 USD) - 2017/07/05 15:42:27 ET
Table 'Auricula' 6-max Seat #2 is the button
Seat 1: cabopino boy ($154.71 in chips)
Seat 2: Apanage ($147.12 in chips)
Apanage: posts small blind $1
cabopino boy: posts big blind $3
*** HOLE CARDS ***
Apanage: raises $3 to $6
cabopino boy: calls $3
*** FLOP *** [3c 5s Jh]
cabopino boy: checks
Apanage: bets $3
cabopino boy: calls $3
*** TURN *** [3c 5s Jh] [7c]
cabopino boy: checks
Apanage: checks
*** RIVER *** [3c 5s Jh 7c] [9s]
cabopino boy: checks
Apanage: checks
*** SHOW DOWN ***
cabopino boy: shows [6s Ah] (high card Ace)
Apanage: mucks hand
cabopino boy collected $17.64 from pot
*** SUMMARY ***
Total pot $18 | Rake $0.36
Board [3c 5s Jh 7c 9s]
Seat 1: cabopino boy (big blind) showed [6s Ah] and won ($17.64) with high card Ace
Seat 2: Apanage (button) (small blind) mucked


PokerStars Hand #172647988717:  Hold'em Limit ($3/$6 USD) - 2017/07/05 15:43:50 ET
Table 'Auricula' 6-max Seat #1 is the button
Seat 1: cabopino boy ($182.63 in chips)
Seat 2: Apanage ($118.12 in chips)
cabopino boy: posts small blind $1
Apanage: posts big blind $3
*** HOLE CARDS ***
cabopino boy: raises $3 to $6
Apanage: folds
Uncalled bet ($3) returned to cabopino boy
cabopino boy collected $6 from pot
*** SUMMARY ***
Total pot $6 | Rake $0
Seat 1: cabopino boy (button) (small blind) collected ($6)
Seat 2: Apanage (big blind) folded before Flop


PokerStars Hand #172647978900:  Hold'em Limit ($3/$6 USD) - 2017/07/05 15:43:38 ET
Table 'Auricula' 6-max Seat #2 is the button
Seat 1: cabopino boy ($173.99 in chips)
Seat 2: Apanage ($127.12 in chips)
Apanage: posts small blind $1
cabopino boy: posts big blind $3
*** HOLE CARDS ***
Apanage: raises $3 to $6
cabopino boy: raises $3 to $9
Apanage: calls $3
*** FLOP *** [Tc 9s 2h]
cabopino boy: bets $3
Apanage: folds
Uncalled bet ($3) returned to cabopino boy
cabopino boy collected $17.64 from pot
*** SUMMARY ***
Total pot $18 | Rake $0.36
Board [Tc 9s 2h]
Seat 1: cabopino boy (big blind) collected ($17.64)
Seat 2: Apanage (button) (small blind) folded on the Flop


PokerStars Hand #172647993795:  Hold'em Limit ($3/$6 USD) - 2017/07/05 15:43:56 ET
Table 'Auricula' 6-max Seat #2 is the button
Seat 1: cabopino boy ($185.63 in chips)
Seat 2: Apanage ($115.12 in chips)
Apanage: posts small blind $1
cabopino boy: posts big blind $3
*** HOLE CARDS ***
Apanage: raises $3 to $6
cabopino boy: raises $3 to $9
Apanage: calls $3
*** FLOP *** [Jc 7c Td]
cabopino boy: bets $3
Apanage: calls $3
*** TURN *** [Jc 7c Td] [8h]
cabopino boy: checks
Apanage: bets $6
cabopino boy: raises $6 to $12
Apanage: calls $6
*** RIVER *** [Jc 7c Td 8h] [6d]
cabopino boy: bets $6
Apanage: raises $6 to $12
cabopino boy: raises $6 to $18
Apanage: calls $6
*** SHOW DOWN ***
cabopino boy: shows [8c 9c] (a straight, Seven to Jack)
Apanage: shows [9s 3s] (a straight, Seven to Jack)
cabopino boy collected $41.75 from pot
Apanage collected $41.75 from pot
*** SUMMARY ***
Total pot $84 | Rake $0.50
Board [Jc 7c Td 8h 6d]
Seat 1: cabopino boy (big blind) showed [8c 9c] and won ($41.75) with a straight, Seven to Jack
Seat 2: Apanage (button) (small blind) showed [9s 3s] and won ($41.75) with a straight, Seven to Jack


PokerStars Hand #172648030545:  Hold'em Limit ($3/$6 USD) - 2017/07/05 15:44:43 ET
Table 'Auricula' 6-max Seat #1 is the button
Seat 1: cabopino boy ($185.38 in chips)
Seat 2: Apanage ($114.87 in chips)
cabopino boy: posts small blind $1
Apanage: posts big blind $3
*** HOLE CARDS ***
cabopino boy: calls $2
belik555 joins the table at seat #3
Apanage: checks
*** FLOP *** [8h 2c 3s]
Apanage: checks
cabopino boy: bets $3
Apanage: raises $3 to $6
cabopino boy: calls $3
*** TURN *** [8h 2c 3s] [Ac]
Apanage: bets $6
cabopino boy: folds
Uncalled bet ($6) returned to Apanage
Apanage collected $17.64 from pot
Apanage: doesn't show hand
*** SUMMARY ***
Total pot $18 | Rake $0.36
Board [8h 2c 3s Ac]
Seat 1: cabopino boy (button) (small blind) folded on the Turn
Seat 2: Apanage (big blind) collected ($17.64)


PokerStars Hand #172648402702:  Hold'em Limit ($3/$6 USD) - 2017/07/05 15:52:29 ET
Table 'Auricula' 6-max Seat #1 is the button
Seat 1: cabopino boy ($232.03 in chips)
Seat 3: belik555 ($90 in chips)
tedros404 will be allowed to play after the button
SLK500 will be allowed to play after the button
cabopino boy: posts small blind $1
Apanage: is sitting out
belik555: posts big blind $3
*** HOLE CARDS ***
cabopino boy: raises $3 to $6
belik555: calls $3
*** FLOP *** [Qd 7c 7s]
Apanage leaves the table
belik555: checks
cabopino boy: bets $3
belik555: calls $3
*** TURN *** [Qd 7c 7s] [5c]
belik555: checks
cabopino boy: checks
*** RIVER *** [Qd 7c 7s 5c] [Qh]
belik555: bets $6
cabopino boy: folds
Uncalled bet ($6) returned to belik555
belik555 collected $17.64 from pot
belik555: doesn't show hand
*** SUMMARY ***
Total pot $18 | Rake $0.36
Board [Qd 7c 7s 5c Qh]
Seat 1: cabopino boy (button) (small blind) folded on the River
Seat 3: belik555 (big blind) collected ($17.64)


