PokerStars Hand #173041678352:  Hold'em Limit ($3/$6 USD) - 2017/07/14 19:54:17 ET
Table 'Auriga' 6-max Seat #3 is the button
Seat 3: GRA312 ($128.64 in chips)
Seat 6: scorpio04 ($150 in chips)
GRA312: posts small blind $1
scorpio04: posts big blind $3
*** HOLE CARDS ***
GRA312: folds
Uncalled bet ($2) returned to scorpio04
scorpio04 collected $2 from pot
scorpio04: doesn't show hand
*** SUMMARY ***
Total pot $2 | Rake $0
Seat 3: GRA312 (button) (small blind) folded before Flop
Seat 6: scorpio04 (big blind) collected ($2)


PokerStars Hand #173041657726:  Hold'em Limit ($3/$6 USD) - 2017/07/14 19:53:38 ET
Table 'Auriga' 6-max Seat #6 is the button
Seat 3: GRA312 ($120 in chips)
Seat 6: scorpio04 ($150 in chips)
scorpio04: posts small blind $1
GRA312: posts big blind $3
*** HOLE CARDS ***
scorpio04: raises $3 to $6
GRA312: calls $3
*** FLOP *** [7h Kc Kd]
GRA312: checks
scorpio04: bets $3
GRA312: calls $3
*** TURN *** [7h Kc Kd] [Jc]
GRA312: checks
scorpio04: checks
*** RIVER *** [7h Kc Kd Jc] [Tc]
GRA312: checks
scorpio04: checks
*** SHOW DOWN ***
GRA312: shows [7d Qd] (two pair, Kings and Sevens)
scorpio04: mucks hand
GRA312 collected $17.64 from pot
*** SUMMARY ***
Total pot $18 | Rake $0.36
Board [7h Kc Kd Jc Tc]
Seat 3: GRA312 (big blind) showed [7d Qd] and won ($17.64) with two pair, Kings and Sevens
Seat 6: scorpio04 (button) (small blind) mucked


PokerStars Hand #173041702983:  Hold'em Limit ($3/$6 USD) - 2017/07/14 19:55:04 ET
Table 'Auriga' 6-max Seat #6 is the button
Seat 3: GRA312 ($106.64 in chips)
Seat 6: scorpio04 ($171.26 in chips)
scorpio04: posts small blind $1
GRA312: posts big blind $3
*** HOLE CARDS ***
scorpio04: raises $3 to $6
GRA312: folds
Uncalled bet ($3) returned to scorpio04
scorpio04 collected $6 from pot
scorpio04: doesn't show hand
*** SUMMARY ***
Total pot $6 | Rake $0
Seat 3: GRA312 (big blind) folded before Flop
Seat 6: scorpio04 (button) (small blind) collected ($6)


PokerStars Hand #173041687953:  Hold'em Limit ($3/$6 USD) - 2017/07/14 19:54:35 ET
Table 'Auriga' 6-max Seat #3 is the button
Seat 3: GRA312 ($121.64 in chips)
Seat 6: scorpio04 ($156.76 in chips)
GRA312: posts small blind $1
scorpio04: posts big blind $3
*** HOLE CARDS ***
GRA312: raises $3 to $6
scorpio04: calls $3
*** FLOP *** [7h Jd Ac]
scorpio04: checks
GRA312: bets $3
scorpio04: calls $3
*** TURN *** [7h Jd Ac] [7c]
scorpio04: checks
GRA312: bets $6
scorpio04: calls $6
*** RIVER *** [7h Jd Ac 7c] [Qc]
scorpio04: checks
GRA312: checks
*** SHOW DOWN ***
scorpio04: shows [3c Jc] (a flush, Ace high)
GRA312: mucks hand
scorpio04 collected $29.50 from pot
*** SUMMARY ***
Total pot $30 | Rake $0.50
Board [7h Jd Ac 7c Qc]
Seat 3: GRA312 (button) (small blind) mucked
Seat 6: scorpio04 (big blind) showed [3c Jc] and won ($29.50) with a flush, Ace high


PokerStars Hand #173041680862:  Hold'em Limit ($3/$6 USD) - 2017/07/14 19:54:21 ET
Table 'Auriga' 6-max Seat #6 is the button
Seat 3: GRA312 ($127.64 in chips)
Seat 6: scorpio04 ($151 in chips)
scorpio04: posts small blind $1
GRA312: posts big blind $3
*** HOLE CARDS ***
scorpio04: raises $3 to $6
GRA312: calls $3
*** FLOP *** [4d Th 7h]
GRA312: checks
scorpio04: bets $3
GRA312: folds
Uncalled bet ($3) returned to scorpio04
scorpio04 collected $11.76 from pot
scorpio04: doesn't show hand
*** SUMMARY ***
Total pot $12 | Rake $0.24
Board [4d Th 7h]
Seat 3: GRA312 (big blind) folded on the Flop
Seat 6: scorpio04 (button) (small blind) collected ($11.76)


PokerStars Hand #173041728890:  Hold'em Limit ($3/$6 USD) - 2017/07/14 19:56:00 ET
Table 'Auriga' 6-max Seat #3 is the button
Seat 3: GRA312 ($156.64 in chips)
Seat 6: scorpio04 ($150 in chips)
GRA312: posts small blind $1
scorpio04: posts big blind $3
*** HOLE CARDS ***
GRA312: folds
Uncalled bet ($2) returned to scorpio04
scorpio04 collected $2 from pot
scorpio04: doesn't show hand
*** SUMMARY ***
Total pot $2 | Rake $0
Seat 3: GRA312 (button) (small blind) folded before Flop
Seat 6: scorpio04 (big blind) collected ($2)


PokerStars Hand #173041716227:  Hold'em Limit ($3/$6 USD) - 2017/07/14 19:55:32 ET
Table 'Auriga' 6-max Seat #6 is the button
Seat 3: GRA312 ($127.14 in chips)
Seat 6: scorpio04 ($150.26 in chips)
scorpio04: posts small blind $1
GRA312: posts big blind $3
*** HOLE CARDS ***
scorpio04: raises $3 to $6
GRA312: raises $3 to $9
scorpio04: calls $3
*** FLOP *** [9c 2d 3c]
GRA312: bets $3
scorpio04: calls $3
*** TURN *** [9c 2d 3c] [5s]
GRA312: bets $6
scorpio04: raises $6 to $12
GRA312: calls $6
*** RIVER *** [9c 2d 3c 5s] [Ah]
GRA312: bets $6
scorpio04: calls $6
*** SHOW DOWN ***
GRA312: shows [Ac Jd] (a pair of Aces)
scorpio04: mucks hand
GRA312 collected $59.50 from pot
*** SUMMARY ***
Total pot $60 | Rake $0.50
Board [9c 2d 3c 5s Ah]
Seat 3: GRA312 (big blind) showed [Ac Jd] and won ($59.50) with a pair of Aces
Seat 6: scorpio04 (button) (small blind) mucked


PokerStars Hand #173041706825:  Hold'em Limit ($3/$6 USD) - 2017/07/14 19:55:11 ET
Table 'Auriga' 6-max Seat #3 is the button
Seat 3: GRA312 ($103.64 in chips)
Seat 6: scorpio04 ($174.26 in chips)
GRA312: posts small blind $1
scorpio04: posts big blind $3
*** HOLE CARDS ***
GRA312: raises $3 to $6
scorpio04: raises $3 to $9
GRA312: calls $3
*** FLOP *** [4s Qc 8s]
scorpio04: bets $3
GRA312: calls $3
*** TURN *** [4s Qc 8s] [6d]
scorpio04: bets $6
GRA312: raises $6 to $12
scorpio04: calls $6
*** RIVER *** [4s Qc 8s 6d] [2s]
scorpio04: checks
GRA312: checks
*** SHOW DOWN ***
scorpio04: shows [Td Jc] (high card Queen)
GRA312: shows [Ac 8c] (a pair of Eights)
GRA312 collected $47.50 from pot
*** SUMMARY ***
Total pot $48 | Rake $0.50
Board [4s Qc 8s 6d 2s]
Seat 3: GRA312 (button) (small blind) showed [Ac 8c] and won ($47.50) with a pair of Eights
Seat 6: scorpio04 (big blind) showed [Td Jc] and lost with high card Queen


PokerStars Hand #173041762514:  Hold'em Limit ($3/$6 USD) - 2017/07/14 19:57:14 ET
Table 'Auriga' 6-max Seat #3 is the button
Seat 3: GRA312 ($131.64 in chips)
Seat 6: scorpio04 ($174.50 in chips)
GRA312: posts small blind $1
scorpio04: posts big blind $3
*** HOLE CARDS ***
GRA312: folds
Uncalled bet ($2) returned to scorpio04
scorpio04 collected $2 from pot
scorpio04: doesn't show hand
*** SUMMARY ***
Total pot $2 | Rake $0
Seat 3: GRA312 (button) (small blind) folded before Flop
Seat 6: scorpio04 (big blind) collected ($2)


PokerStars Hand #173041731060:  Hold'em Limit ($3/$6 USD) - 2017/07/14 19:56:05 ET
Table 'Auriga' 6-max Seat #6 is the button
Seat 3: GRA312 ($155.64 in chips)
Seat 6: scorpio04 ($151 in chips)
scorpio04: posts small blind $1
GRA312: posts big blind $3
*** HOLE CARDS ***
scorpio04: raises $3 to $6
GRA312: raises $3 to $9
scorpio04: calls $3
*** FLOP *** [Qc 6s Jc]
GRA312: bets $3
scorpio04: calls $3
*** TURN *** [Qc 6s Jc] [8d]
GRA312: bets $6
scorpio04: calls $6
*** RIVER *** [Qc 6s Jc 8d] [9d]
GRA312: checks
scorpio04: bets $6
GRA312: calls $6
*** SHOW DOWN ***
scorpio04: shows [9s 8h] (two pair, Nines and Eights)
GRA312: mucks hand
scorpio04 collected $47.50 from pot
*** SUMMARY ***
Total pot $48 | Rake $0.50
Board [Qc 6s Jc 8d 9d]
Seat 3: GRA312 (big blind) mucked
Seat 6: scorpio04 (button) (small blind) showed [9s 8h] and won ($47.50) with two pair, Nines and Eights


PokerStars Hand #173041789007:  Hold'em Limit ($3/$6 USD) - 2017/07/14 19:58:13 ET
Table 'Auriga' 6-max Seat #6 is the button
Seat 3: GRA312 ($138.28 in chips)
Seat 6: scorpio04 ($167.50 in chips)
scorpio04: posts small blind $1
GRA312: posts big blind $3
*** HOLE CARDS ***
scorpio04: raises $3 to $6
GRA312: folds
Uncalled bet ($3) returned to scorpio04
scorpio04 collected $6 from pot
scorpio04: doesn't show hand
*** SUMMARY ***
Total pot $6 | Rake $0
Seat 3: GRA312 (big blind) folded before Flop
Seat 6: scorpio04 (button) (small blind) collected ($6)


PokerStars Hand #173041786836:  Hold'em Limit ($3/$6 USD) - 2017/07/14 19:58:08 ET
Table 'Auriga' 6-max Seat #3 is the button
Seat 3: GRA312 ($139.28 in chips)
Seat 6: scorpio04 ($166.50 in chips)
GRA312: posts small blind $1
scorpio04: posts big blind $3
*** HOLE CARDS ***
GRA312: folds
Uncalled bet ($2) returned to scorpio04
scorpio04 collected $2 from pot
scorpio04: doesn't show hand
*** SUMMARY ***
Total pot $2 | Rake $0
Seat 3: GRA312 (button) (small blind) folded before Flop
Seat 6: scorpio04 (big blind) collected ($2)


PokerStars Hand #173041764612:  Hold'em Limit ($3/$6 USD) - 2017/07/14 19:57:19 ET
Table 'Auriga' 6-max Seat #6 is the button
Seat 3: GRA312 ($130.64 in chips)
Seat 6: scorpio04 ($175.50 in chips)
scorpio04: posts small blind $1
GRA312: posts big blind $3
*** HOLE CARDS ***
scorpio04: raises $3 to $6
GRA312: calls $3
*** FLOP *** [Ad 6s 4d]
GRA312: checks
scorpio04: bets $3
GRA312: calls $3
*** TURN *** [Ad 6s 4d] [2s]
GRA312: checks
scorpio04: checks
*** RIVER *** [Ad 6s 4d 2s] [Ks]
GRA312: bets $6
scorpio04: folds
Uncalled bet ($6) returned to GRA312
GRA312 collected $17.64 from pot
*** SUMMARY ***
Total pot $18 | Rake $0.36
Board [Ad 6s 4d 2s Ks]
Seat 3: GRA312 (big blind) collected ($17.64)
Seat 6: scorpio04 (button) (small blind) folded on the River


PokerStars Hand #173041791934:  Hold'em Limit ($3/$6 USD) - 2017/07/14 19:58:19 ET
Table 'Auriga' 6-max Seat #3 is the button
Seat 3: GRA312 ($135.28 in chips)
Seat 6: scorpio04 ($170.50 in chips)
GRA312: posts small blind $1
scorpio04: posts big blind $3
*** HOLE CARDS ***
GRA312: raises $3 to $6
scorpio04: raises $3 to $9
GRA312: raises $3 to $12
Betting is capped
scorpio04: calls $3
*** FLOP *** [2s 3d 9s]
scorpio04: checks
GRA312: bets $3
scorpio04: calls $3
*** TURN *** [2s 3d 9s] [3h]
scorpio04: checks
GRA312: bets $6
scorpio04: calls $6
*** RIVER *** [2s 3d 9s 3h] [2c]
scorpio04: checks
GRA312: bets $6
scorpio04: calls $6
*** SHOW DOWN ***
GRA312: shows [As Tc] (two pair, Threes and Deuces)
scorpio04: mucks hand
GRA312 collected $53.50 from pot
*** SUMMARY ***
Total pot $54 | Rake $0.50
Board [2s 3d 9s 3h 2c]
Seat 3: GRA312 (button) (small blind) showed [As Tc] and won ($53.50) with two pair, Threes and Deuces
Seat 6: scorpio04 (big blind) mucked


