PokerStars Hand #145341402451:  Hold'em Limit ($3/$6 USD) - 2015/12/14 14:03:10 ET
Table 'Auriga II' 6-max Seat #3 is the button
Seat 1: Velbor107 ($299 in chips)
Seat 3: jellina_10 ($301 in chips)
jellina_10: posts small blind $1
Velbor107: posts big blind $3
*** HOLE CARDS ***
jellina_10: folds
Uncalled bet ($2) returned to Velbor107
Velbor107 collected $2 from pot
*** SUMMARY ***
Total pot $2 | Rake $0
Seat 1: Velbor107 (big blind) collected ($2)
Seat 3: jellina_10 (button) (small blind) folded before Flop


PokerStars Hand #145341421276:  Hold'em Limit ($3/$6 USD) - 2015/12/14 14:03:29 ET
Table 'Auriga II' 6-max Seat #1 is the button
Seat 1: Velbor107 ($300 in chips)
Seat 3: jellina_10 ($300 in chips)
Velbor107: posts small blind $1
jellina_10: posts big blind $3
*** HOLE CARDS ***
SashaYuvelir joins the table at seat #5
Velbor107: folds
Uncalled bet ($2) returned to jellina_10
jellina_10 collected $2 from pot
*** SUMMARY ***
Total pot $2 | Rake $0
Seat 1: Velbor107 (button) (small blind) folded before Flop
Seat 3: jellina_10 (big blind) collected ($2)


PokerStars Hand #145344942957:  Hold'em Limit ($3/$6 USD) - 2015/12/14 15:03:18 ET
Table 'Auriga II' 6-max Seat #2 is the button
Seat 1: Velbor107 ($213.23 in chips)
Seat 2: veterankwu ($33.76 in chips)
veterankwu: posts small blind $1
pompier40: is sitting out
Velbor107: posts big blind $3
*** HOLE CARDS ***
veterankwu: raises $3 to $6
Velbor107: calls $3
*** FLOP *** [Jc 5d 5h]
Velbor107: checks
veterankwu: bets $3
Velbor107: folds
Uncalled bet ($3) returned to veterankwu
veterankwu collected $11.76 from pot
*** SUMMARY ***
Total pot $12 | Rake $0.24
Board [Jc 5d 5h]
Seat 1: Velbor107 (big blind) folded on the Flop
Seat 2: veterankwu (button) (small blind) collected ($11.76)


