PokerStars Hand #165927145751:  Hold'em Limit ($3/$6 USD) - 2017/02/09 6:58:35 ET
Table 'Aurora' 6-max Seat #3 is the button
Seat 3: sim5sim5 ($72 in chips)
Seat 4: macca04 ($37.07 in chips)
sim5sim5: posts small blind $1
macca04: posts big blind $3
*** HOLE CARDS ***
sim5sim5: folds
Uncalled bet ($2) returned to macca04
macca04 collected $2 from pot
*** SUMMARY ***
Total pot $2 | Rake $0
Seat 3: sim5sim5 (button) (small blind) folded before Flop
Seat 4: macca04 (big blind) collected ($2)


PokerStars Hand #165927170406:  Hold'em Limit ($3/$6 USD) - 2017/02/09 6:59:28 ET
Table 'Aurora' 6-max Seat #4 is the button
Seat 3: sim5sim5 ($72 in chips)
Seat 4: macca04 ($45.71 in chips)
macca04: posts small blind $1
sim5sim5: posts big blind $3
*** HOLE CARDS ***
macca04: raises $3 to $6
sim5sim5: calls $3
*** FLOP *** [5s 3s 8s]
sim5sim5: checks
macca04: bets $3
sim5sim5: calls $3
*** TURN *** [5s 3s 8s] [Ah]
sim5sim5: checks
macca04: checks
*** RIVER *** [5s 3s 8s Ah] [7s]
belik555 joins the table at seat #5
sim5sim5: checks
macca04: bets $6
sim5sim5: folds
Uncalled bet ($6) returned to macca04
macca04 collected $17.64 from pot
macca04: doesn't show hand
*** SUMMARY ***
Total pot $18 | Rake $0.36
Board [5s 3s 8s Ah 7s]
Seat 3: sim5sim5 (big blind) folded on the River
Seat 4: macca04 (button) (small blind) collected ($17.64)


PokerStars Hand #165927153779:  Hold'em Limit ($3/$6 USD) - 2017/02/09 6:58:53 ET
Table 'Aurora' 6-max Seat #3 is the button
Seat 3: sim5sim5 ($73 in chips)
Seat 4: macca04 ($37.07 in chips)
sim5sim5: posts small blind $1
macca04: posts big blind $3
*** HOLE CARDS ***
sim5sim5: raises $3 to $6
macca04: calls $3
*** FLOP *** [6s Qc Jd]
macca04: checks
sim5sim5: bets $3
macca04: calls $3
*** TURN *** [6s Qc Jd] [Kh]
macca04: checks
sim5sim5: checks
*** RIVER *** [6s Qc Jd Kh] [Jh]
macca04: bets $6
sim5sim5: folds
Uncalled bet ($6) returned to macca04
macca04 collected $17.64 from pot
macca04: doesn't show hand
*** SUMMARY ***
Total pot $18 | Rake $0.36
Board [6s Qc Jd Kh Jh]
Seat 3: sim5sim5 (button) (small blind) folded on the River
Seat 4: macca04 (big blind) collected ($17.64)


PokerStars Hand #165927189773:  Hold'em Limit ($3/$6 USD) - 2017/02/09 7:00:10 ET
Table 'Aurora' 6-max Seat #3 is the button
Seat 3: sim5sim5 ($72 in chips)
Seat 4: macca04 ($54.35 in chips)
sim5sim5: posts small blind $1
macca04: posts big blind $3
*** HOLE CARDS ***
NoVebra joins the table at seat #6
sim5sim5: folds
Uncalled bet ($2) returned to macca04
macca04 collected $2 from pot
macca04: doesn't show hand
*** SUMMARY ***
Total pot $2 | Rake $0
Seat 3: sim5sim5 (button) (small blind) folded before Flop
Seat 4: macca04 (big blind) collected ($2)


PokerStars Hand #165927266105:  Hold'em Limit ($3/$6 USD) - 2017/02/09 7:02:42 ET
Table 'Aurora' 6-max Seat #1 is the button
Seat 1: tamnt10549 ($29.74 in chips)
Seat 6: NoVebra ($120 in chips)
tamnt10549: posts small blind $1
belik555: is sitting out
NoVebra: posts big blind $3
*** HOLE CARDS ***
tamnt10549: raises $3 to $6
belik555 leaves the table
NoVebra: folds
Uncalled bet ($3) returned to tamnt10549
tamnt10549 collected $6 from pot
tamnt10549: doesn't show hand
*** SUMMARY ***
Total pot $6 | Rake $0
Seat 1: tamnt10549 (button) (small blind) collected ($6)
Seat 6: NoVebra (big blind) folded before Flop


PokerStars Hand #165927270781:  Hold'em Limit ($3/$6 USD) - 2017/02/09 7:02:51 ET
Table 'Aurora' 6-max Seat #6 is the button
Seat 1: tamnt10549 ($32.74 in chips)
Seat 6: NoVebra ($120 in chips)
NoVebra: posts small blind $1
tamnt10549: posts big blind $3
*** HOLE CARDS ***
NoVebra: raises $3 to $6
tamnt10549: calls $3
*** FLOP *** [6h 2s 4d]
tamnt10549: checks
NoVebra: bets $3
tamnt10549: calls $3
*** TURN *** [6h 2s 4d] [2d]
tamnt10549: checks
NoVebra: bets $6
tamnt10549: folds
Uncalled bet ($6) returned to NoVebra
NoVebra collected $17.64 from pot
NoVebra: doesn't show hand
*** SUMMARY ***
Total pot $18 | Rake $0.36
Board [6h 2s 4d 2d]
Seat 1: tamnt10549 (big blind) folded on the Turn
Seat 6: NoVebra (button) (small blind) collected ($17.64)


PokerStars Hand #165927289347:  Hold'em Limit ($3/$6 USD) - 2017/02/09 7:03:26 ET
Table 'Aurora' 6-max Seat #6 is the button
Seat 1: tamnt10549 ($29.50 in chips)
Seat 6: NoVebra ($122.64 in chips)
NoVebra: posts small blind $1
tamnt10549: posts big blind $3
*** HOLE CARDS ***
NoVebra: folds
Uncalled bet ($2) returned to tamnt10549
tamnt10549 collected $2 from pot
tamnt10549: doesn't show hand
*** SUMMARY ***
Total pot $2 | Rake $0
Seat 1: tamnt10549 (big blind) collected ($2)
Seat 6: NoVebra (button) (small blind) folded before Flop


PokerStars Hand #165927282326:  Hold'em Limit ($3/$6 USD) - 2017/02/09 7:03:13 ET
Table 'Aurora' 6-max Seat #1 is the button
Seat 1: tamnt10549 ($23.74 in chips)
Seat 6: NoVebra ($128.64 in chips)
tamnt10549: posts small blind $1
NoVebra: posts big blind $3
*** HOLE CARDS ***
tamnt10549: raises $3 to $6
NoVebra: calls $3
*** FLOP *** [Ac Th 7c]
NoVebra: checks
tamnt10549: bets $3
NoVebra: folds
Uncalled bet ($3) returned to tamnt10549
tamnt10549 collected $11.76 from pot
tamnt10549: doesn't show hand
*** SUMMARY ***
Total pot $12 | Rake $0.24
Board [Ac Th 7c]
Seat 1: tamnt10549 (button) (small blind) collected ($11.76)
Seat 6: NoVebra (big blind) folded on the Flop


PokerStars Hand #165927299879:  Hold'em Limit ($3/$6 USD) - 2017/02/09 7:03:46 ET
Table 'Aurora' 6-max Seat #6 is the button
Seat 1: tamnt10549 ($36.26 in chips)
Seat 6: NoVebra ($120 in chips)
NoVebra: posts small blind $1
tamnt10549: posts big blind $3
*** HOLE CARDS ***
NoVebra: folds
Uncalled bet ($2) returned to tamnt10549
tamnt10549 collected $2 from pot
tamnt10549: doesn't show hand
*** SUMMARY ***
Total pot $2 | Rake $0
Seat 1: tamnt10549 (big blind) collected ($2)
Seat 6: NoVebra (button) (small blind) folded before Flop


PokerStars Hand #165927291615:  Hold'em Limit ($3/$6 USD) - 2017/02/09 7:03:31 ET
Table 'Aurora' 6-max Seat #1 is the button
Seat 1: tamnt10549 ($30.50 in chips)
Seat 6: NoVebra ($121.64 in chips)
tamnt10549: posts small blind $1
NoVebra: posts big blind $3
*** HOLE CARDS ***
tamnt10549: raises $3 to $6
NoVebra: calls $3
*** FLOP *** [3h 2h 7s]
NoVebra: checks
tamnt10549: bets $3
NoVebra: folds
Uncalled bet ($3) returned to tamnt10549
tamnt10549 collected $11.76 from pot
tamnt10549: doesn't show hand
*** SUMMARY ***
Total pot $12 | Rake $0.24
Board [3h 2h 7s]
Seat 1: tamnt10549 (button) (small blind) collected ($11.76)
Seat 6: NoVebra (big blind) folded on the Flop


PokerStars Hand #165927306832:  Hold'em Limit ($3/$6 USD) - 2017/02/09 7:04:00 ET
Table 'Aurora' 6-max Seat #6 is the button
Seat 1: tamnt10549 ($40.26 in chips)
Seat 6: NoVebra ($120 in chips)
NoVebra: posts small blind $1
tamnt10549: posts big blind $3
*** HOLE CARDS ***
NoVebra: raises $3 to $6
tamnt10549: folds
Uncalled bet ($3) returned to NoVebra
NoVebra collected $6 from pot
NoVebra: doesn't show hand
*** SUMMARY ***
Total pot $6 | Rake $0
Seat 1: tamnt10549 (big blind) folded before Flop
Seat 6: NoVebra (button) (small blind) collected ($6)


PokerStars Hand #165927302686:  Hold'em Limit ($3/$6 USD) - 2017/02/09 7:03:52 ET
Table 'Aurora' 6-max Seat #1 is the button
Seat 1: tamnt10549 ($37.26 in chips)
Seat 6: NoVebra ($120 in chips)
tamnt10549: posts small blind $1
NoVebra: posts big blind $3
*** HOLE CARDS ***
tamnt10549: raises $3 to $6
NoVebra: folds
Uncalled bet ($3) returned to tamnt10549
tamnt10549 collected $6 from pot
tamnt10549: doesn't show hand
*** SUMMARY ***
Total pot $6 | Rake $0
Seat 1: tamnt10549 (button) (small blind) collected ($6)
Seat 6: NoVebra (big blind) folded before Flop


PokerStars Hand #165927310060:  Hold'em Limit ($3/$6 USD) - 2017/02/09 7:04:06 ET
Table 'Aurora' 6-max Seat #1 is the button
Seat 1: tamnt10549 ($37.26 in chips)
Seat 6: NoVebra ($123 in chips)
tamnt10549: posts small blind $1
NoVebra: posts big blind $3
*** HOLE CARDS ***
tamnt10549: folds
Uncalled bet ($2) returned to NoVebra
NoVebra collected $2 from pot
NoVebra: doesn't show hand
*** SUMMARY ***
Total pot $2 | Rake $0
Seat 1: tamnt10549 (button) (small blind) folded before Flop
Seat 6: NoVebra (big blind) collected ($2)


PokerStars Hand #165927313284:  Hold'em Limit ($3/$6 USD) - 2017/02/09 7:04:12 ET
Table 'Aurora' 6-max Seat #6 is the button
Seat 1: tamnt10549 ($36.26 in chips)
Seat 6: NoVebra ($124 in chips)
NoVebra: posts small blind $1
tamnt10549: posts big blind $3
*** HOLE CARDS ***
NoVebra: raises $3 to $6
tamnt10549: calls $3
*** FLOP *** [2s 6c Qh]
tamnt10549: checks
NoVebra: bets $3
tamnt10549: raises $3 to $6
NoVebra: calls $3
*** TURN *** [2s 6c Qh] [Js]
tamnt10549: checks
NoVebra: checks
*** RIVER *** [2s 6c Qh Js] [Kd]
tamnt10549: checks
NoVebra: checks
*** SHOW DOWN ***
tamnt10549: shows [Td 8c] (high card King)
NoVebra: shows [5d 6d] (a pair of Sixes)
NoVebra collected $23.52 from pot
*** SUMMARY ***
Total pot $24 | Rake $0.48
Board [2s 6c Qh Js Kd]
Seat 1: tamnt10549 (big blind) showed [Td 8c] and lost with high card King
Seat 6: NoVebra (button) (small blind) showed [5d 6d] and won ($23.52) with a pair of Sixes


PokerStars Hand #165927328121:  Hold'em Limit ($3/$6 USD) - 2017/02/09 7:04:40 ET
Table 'Aurora' 6-max Seat #1 is the button
Seat 1: tamnt10549 ($24.26 in chips)
Seat 6: NoVebra ($135.52 in chips)
tamnt10549: posts small blind $1
NoVebra: posts big blind $3
*** HOLE CARDS ***
tamnt10549: raises $3 to $6
NoVebra: calls $3
*** FLOP *** [8c 3s 2h]
NoVebra: checks
tamnt10549: bets $3
NoVebra: folds
Uncalled bet ($3) returned to tamnt10549
tamnt10549 collected $11.76 from pot
tamnt10549: doesn't show hand
*** SUMMARY ***
Total pot $12 | Rake $0.24
Board [8c 3s 2h]
Seat 1: tamnt10549 (button) (small blind) collected ($11.76)
Seat 6: NoVebra (big blind) folded on the Flop


PokerStars Hand #165927337782:  Hold'em Limit ($3/$6 USD) - 2017/02/09 7:04:59 ET
Table 'Aurora' 6-max Seat #1 is the button
Seat 1: tamnt10549 ($27.02 in chips)
Seat 6: NoVebra ($132.52 in chips)
tamnt10549: posts small blind $1
NoVebra: posts big blind $3
*** HOLE CARDS ***
tamnt10549: folds
Uncalled bet ($2) returned to NoVebra
NoVebra collected $2 from pot
NoVebra: doesn't show hand
*** SUMMARY ***
Total pot $2 | Rake $0
Seat 1: tamnt10549 (button) (small blind) folded before Flop
Seat 6: NoVebra (big blind) collected ($2)


PokerStars Hand #165927334852:  Hold'em Limit ($3/$6 USD) - 2017/02/09 7:04:53 ET
Table 'Aurora' 6-max Seat #6 is the button
Seat 1: tamnt10549 ($30.02 in chips)
Seat 6: NoVebra ($129.52 in chips)
NoVebra: posts small blind $1
tamnt10549: posts big blind $3
*** HOLE CARDS ***
NoVebra: raises $3 to $6
tamnt10549: folds
Uncalled bet ($3) returned to NoVebra
NoVebra collected $6 from pot
NoVebra: doesn't show hand
*** SUMMARY ***
Total pot $6 | Rake $0
Seat 1: tamnt10549 (big blind) folded before Flop
Seat 6: NoVebra (button) (small blind) collected ($6)


PokerStars Hand #165927348440:  Hold'em Limit ($3/$6 USD) - 2017/02/09 7:05:19 ET
Table 'Aurora' 6-max Seat #1 is the button
Seat 1: tamnt10549 ($34.66 in chips)
Seat 6: NoVebra ($124.52 in chips)
tamnt10549: posts small blind $1
NoVebra: posts big blind $3
*** HOLE CARDS ***
tamnt10549: folds
Uncalled bet ($2) returned to NoVebra
NoVebra collected $2 from pot
NoVebra: doesn't show hand
*** SUMMARY ***
Total pot $2 | Rake $0
Seat 1: tamnt10549 (button) (small blind) folded before Flop
Seat 6: NoVebra (big blind) collected ($2)


PokerStars Hand #165927340833:  Hold'em Limit ($3/$6 USD) - 2017/02/09 7:05:04 ET
Table 'Aurora' 6-max Seat #6 is the button
Seat 1: tamnt10549 ($26.02 in chips)
Seat 6: NoVebra ($133.52 in chips)
NoVebra: posts small blind $1
tamnt10549: posts big blind $3
*** HOLE CARDS ***
NoVebra: raises $3 to $6
tamnt10549: calls $3
*** FLOP *** [8c 2c 5d]
tamnt10549: checks
NoVebra: bets $3
tamnt10549: raises $3 to $6
NoVebra: folds
Uncalled bet ($3) returned to tamnt10549
tamnt10549 collected $17.64 from pot
tamnt10549: doesn't show hand
*** SUMMARY ***
Total pot $18 | Rake $0.36
Board [8c 2c 5d]
Seat 1: tamnt10549 (big blind) collected ($17.64)
Seat 6: NoVebra (button) (small blind) folded on the Flop


PokerStars Hand #165927351266:  Hold'em Limit ($3/$6 USD) - 2017/02/09 7:05:24 ET
Table 'Aurora' 6-max Seat #6 is the button
Seat 1: tamnt10549 ($33.66 in chips)
Seat 6: NoVebra ($125.52 in chips)
NoVebra: posts small blind $1
tamnt10549: posts big blind $3
*** HOLE CARDS ***
NoVebra: raises $3 to $6
tamnt10549: calls $3
*** FLOP *** [6h 2s 3c]
tamnt10549: checks
NoVebra: bets $3
tamnt10549: raises $3 to $6
NoVebra: raises $3 to $9
tamnt10549: calls $3
*** TURN *** [6h 2s 3c] [2h]
tamnt10549: checks
NoVebra: bets $6
tamnt10549: calls $6
*** RIVER *** [6h 2s 3c 2h] [7d]
tamnt10549: checks
NoVebra: bets $6
tamnt10549: calls $6
*** SHOW DOWN ***
NoVebra: shows [7s 6s] (two pair, Sevens and Sixes)
tamnt10549: shows [6c 7c] (two pair, Sevens and Sixes)
tamnt10549 collected $26.75 from pot
NoVebra collected $26.75 from pot
*** SUMMARY ***
Total pot $54 | Rake $0.50
Board [6h 2s 3c 2h 7d]
Seat 1: tamnt10549 (big blind) showed [6c 7c] and won ($26.75) with two pair, Sevens and Sixes
Seat 6: NoVebra (button) (small blind) showed [7s 6s] and won ($26.75) with two pair, Sevens and Sixes


PokerStars Hand #165927366098:  Hold'em Limit ($3/$6 USD) - 2017/02/09 7:05:52 ET
Table 'Aurora' 6-max Seat #1 is the button
Seat 1: tamnt10549 ($33.41 in chips)
Seat 6: NoVebra ($125.27 in chips)
tamnt10549: posts small blind $1
NoVebra: posts big blind $3
*** HOLE CARDS ***
tamnt10549: folds
Uncalled bet ($2) returned to NoVebra
NoVebra collected $2 from pot
NoVebra: doesn't show hand
*** SUMMARY ***
Total pot $2 | Rake $0
Seat 1: tamnt10549 (button) (small blind) folded before Flop
Seat 6: NoVebra (big blind) collected ($2)


PokerStars Hand #165927368832:  Hold'em Limit ($3/$6 USD) - 2017/02/09 7:05:58 ET
Table 'Aurora' 6-max Seat #6 is the button
Seat 1: tamnt10549 ($32.41 in chips)
Seat 6: NoVebra ($126.27 in chips)
NoVebra: posts small blind $1
tamnt10549: posts big blind $3
*** HOLE CARDS ***
NoVebra: raises $3 to $6
tamnt10549: calls $3
*** FLOP *** [Tc 5d Ah]
tamnt10549: checks
NoVebra: bets $3
tamnt10549: raises $3 to $6
NoVebra: folds
Uncalled bet ($3) returned to tamnt10549
tamnt10549 collected $17.64 from pot
tamnt10549: doesn't show hand
*** SUMMARY ***
Total pot $18 | Rake $0.36
Board [Tc 5d Ah]
Seat 1: tamnt10549 (big blind) collected ($17.64)
Seat 6: NoVebra (button) (small blind) folded on the Flop


PokerStars Hand #165927375845:  Hold'em Limit ($3/$6 USD) - 2017/02/09 7:06:11 ET
Table 'Aurora' 6-max Seat #1 is the button
Seat 1: tamnt10549 ($41.05 in chips)
Seat 6: NoVebra ($120 in chips)
tamnt10549: posts small blind $1
NoVebra: posts big blind $3
*** HOLE CARDS ***
tamnt10549: folds
Uncalled bet ($2) returned to NoVebra
NoVebra collected $2 from pot
NoVebra: doesn't show hand
*** SUMMARY ***
Total pot $2 | Rake $0
Seat 1: tamnt10549 (button) (small blind) folded before Flop
Seat 6: NoVebra (big blind) collected ($2)


PokerStars Hand #165927385704:  Hold'em Limit ($3/$6 USD) - 2017/02/09 7:06:30 ET
Table 'Aurora' 6-max Seat #1 is the button
Seat 1: tamnt10549 ($34.05 in chips)
Seat 6: NoVebra ($126.76 in chips)
tamnt10549: posts small blind $1
NoVebra: posts big blind $3
*** HOLE CARDS ***
tamnt10549: folds
Uncalled bet ($2) returned to NoVebra
NoVebra collected $2 from pot
NoVebra: doesn't show hand
*** SUMMARY ***
Total pot $2 | Rake $0
Seat 1: tamnt10549 (button) (small blind) folded before Flop
Seat 6: NoVebra (big blind) collected ($2)


PokerStars Hand #165927379536:  Hold'em Limit ($3/$6 USD) - 2017/02/09 7:06:18 ET
Table 'Aurora' 6-max Seat #6 is the button
Seat 1: tamnt10549 ($40.05 in chips)
Seat 6: NoVebra ($121 in chips)
NoVebra: posts small blind $1
tamnt10549: posts big blind $3
*** HOLE CARDS ***
NoVebra: raises $3 to $6
tamnt10549: calls $3
*** FLOP *** [Ac 2d 5s]
tamnt10549: checks
NoVebra: bets $3
tamnt10549: folds
Uncalled bet ($3) returned to NoVebra
NoVebra collected $11.76 from pot
NoVebra: doesn't show hand
*** SUMMARY ***
Total pot $12 | Rake $0.24
Board [Ac 2d 5s]
Seat 1: tamnt10549 (big blind) folded on the Flop
Seat 6: NoVebra (button) (small blind) collected ($11.76)


PokerStars Hand #165927388639:  Hold'em Limit ($3/$6 USD) - 2017/02/09 7:06:35 ET
Table 'Aurora' 6-max Seat #6 is the button
Seat 1: tamnt10549 ($33.05 in chips)
Seat 6: NoVebra ($127.76 in chips)
NoVebra: posts small blind $1
tamnt10549: posts big blind $3
*** HOLE CARDS ***
NoVebra: folds
Uncalled bet ($2) returned to tamnt10549
tamnt10549 collected $2 from pot
tamnt10549: doesn't show hand
*** SUMMARY ***
Total pot $2 | Rake $0
Seat 1: tamnt10549 (big blind) collected ($2)
Seat 6: NoVebra (button) (small blind) folded before Flop


PokerStars Hand #165927394621:  Hold'em Limit ($3/$6 USD) - 2017/02/09 7:06:47 ET
Table 'Aurora' 6-max Seat #6 is the button
Seat 1: tamnt10549 ($33.05 in chips)
Seat 6: NoVebra ($127.76 in chips)
NoVebra: posts small blind $1
tamnt10549: posts big blind $3
*** HOLE CARDS ***
NoVebra: folds
Uncalled bet ($2) returned to tamnt10549
tamnt10549 collected $2 from pot
tamnt10549: doesn't show hand
*** SUMMARY ***
Total pot $2 | Rake $0
Seat 1: tamnt10549 (big blind) collected ($2)
Seat 6: NoVebra (button) (small blind) folded before Flop


PokerStars Hand #165927391222:  Hold'em Limit ($3/$6 USD) - 2017/02/09 7:06:40 ET
Table 'Aurora' 6-max Seat #1 is the button
Seat 1: tamnt10549 ($34.05 in chips)
Seat 6: NoVebra ($126.76 in chips)
tamnt10549: posts small blind $1
NoVebra: posts big blind $3
*** HOLE CARDS ***
tamnt10549: folds
Uncalled bet ($2) returned to NoVebra
NoVebra collected $2 from pot
NoVebra: doesn't show hand
*** SUMMARY ***
Total pot $2 | Rake $0
Seat 1: tamnt10549 (button) (small blind) folded before Flop
Seat 6: NoVebra (big blind) collected ($2)


PokerStars Hand #165927397063:  Hold'em Limit ($3/$6 USD) - 2017/02/09 7:06:51 ET
Table 'Aurora' 6-max Seat #1 is the button
Seat 1: tamnt10549 ($34.05 in chips)
Seat 6: NoVebra ($126.76 in chips)
tamnt10549: posts small blind $1
NoVebra: posts big blind $3
*** HOLE CARDS ***
tamnt10549: raises $3 to $6
NoVebra: calls $3
*** FLOP *** [Ks As Js]
NoVebra: checks
tamnt10549: bets $3
NoVebra: calls $3
*** TURN *** [Ks As Js] [8c]
NoVebra: checks
tamnt10549: bets $6
NoVebra: calls $6
*** RIVER *** [Ks As Js 8c] [9d]
NoVebra: checks
tamnt10549: bets $6
NoVebra: folds
Uncalled bet ($6) returned to tamnt10549
tamnt10549 collected $29.50 from pot
tamnt10549: doesn't show hand
*** SUMMARY ***
Total pot $30 | Rake $0.50
Board [Ks As Js 8c 9d]
Seat 1: tamnt10549 (button) (small blind) collected ($29.50)
Seat 6: NoVebra (big blind) folded on the River


PokerStars Hand #165927407474:  Hold'em Limit ($3/$6 USD) - 2017/02/09 7:07:11 ET
Table 'Aurora' 6-max Seat #6 is the button
Seat 1: tamnt10549 ($48.55 in chips)
Seat 6: NoVebra ($120 in chips)
NoVebra: posts small blind $1
tamnt10549: posts big blind $3
*** HOLE CARDS ***
NoVebra: raises $3 to $6
tamnt10549: raises $3 to $9
NoVebra: calls $3
*** FLOP *** [8d 9s Ts]
tamnt10549: bets $3
NoVebra: calls $3
*** TURN *** [8d 9s Ts] [5s]
tamnt10549: bets $6
NoVebra: calls $6
*** RIVER *** [8d 9s Ts 5s] [5d]
tamnt10549: checks
NoVebra: checks
*** SHOW DOWN ***
tamnt10549: shows [Qc Kh] (a pair of Fives)
NoVebra: shows [2h 2s] (two pair, Fives and Deuces)
NoVebra collected $35.50 from pot
*** SUMMARY ***
Total pot $36 | Rake $0.50
Board [8d 9s Ts 5s 5d]
Seat 1: tamnt10549 (big blind) showed [Qc Kh] and lost with a pair of Fives
Seat 6: NoVebra (button) (small blind) showed [2h 2s] and won ($35.50) with two pair, Fives and Deuces


PokerStars Hand #165927428686:  Hold'em Limit ($3/$6 USD) - 2017/02/09 7:07:52 ET
Table 'Aurora' 6-max Seat #6 is the button
Seat 1: tamnt10549 ($39.19 in chips)
Seat 6: NoVebra ($128.50 in chips)
NoVebra: posts small blind $1
tamnt10549: posts big blind $3
*** HOLE CARDS ***
NoVebra: folds
Uncalled bet ($2) returned to tamnt10549
tamnt10549 collected $2 from pot
tamnt10549: doesn't show hand
*** SUMMARY ***
Total pot $2 | Rake $0
Seat 1: tamnt10549 (big blind) collected ($2)
Seat 6: NoVebra (button) (small blind) folded before Flop


PokerStars Hand #165927418398:  Hold'em Limit ($3/$6 USD) - 2017/02/09 7:07:32 ET
Table 'Aurora' 6-max Seat #1 is the button
Seat 1: tamnt10549 ($30.55 in chips)
Seat 6: NoVebra ($137.50 in chips)
tamnt10549: posts small blind $1
NoVebra: posts big blind $3
*** HOLE CARDS ***
tamnt10549: raises $3 to $6
NoVebra: calls $3
*** FLOP *** [Jh Ac Ah]
NoVebra: checks
tamnt10549: bets $3
NoVebra: calls $3
*** TURN *** [Jh Ac Ah] [Ks]
NoVebra: checks
tamnt10549: checks
*** RIVER *** [Jh Ac Ah Ks] [9d]
NoVebra: checks
tamnt10549: bets $6
NoVebra: folds
Uncalled bet ($6) returned to tamnt10549
tamnt10549 collected $17.64 from pot
tamnt10549: doesn't show hand
*** SUMMARY ***
Total pot $18 | Rake $0.36
Board [Jh Ac Ah Ks 9d]
Seat 1: tamnt10549 (button) (small blind) collected ($17.64)
Seat 6: NoVebra (big blind) folded on the River


PokerStars Hand #165927431128:  Hold'em Limit ($3/$6 USD) - 2017/02/09 7:07:56 ET
Table 'Aurora' 6-max Seat #1 is the button
Seat 1: tamnt10549 ($40.19 in chips)
Seat 6: NoVebra ($127.50 in chips)
tamnt10549: posts small blind $1
NoVebra: posts big blind $3
*** HOLE CARDS ***
tamnt10549: raises $3 to $6
NoVebra: folds
Uncalled bet ($3) returned to tamnt10549
tamnt10549 collected $6 from pot
tamnt10549: doesn't show hand
*** SUMMARY ***
Total pot $6 | Rake $0
Seat 1: tamnt10549 (button) (small blind) collected ($6)
Seat 6: NoVebra (big blind) folded before Flop


PokerStars Hand #165927442501:  Hold'em Limit ($3/$6 USD) - 2017/02/09 7:08:18 ET
Table 'Aurora' 6-max Seat #1 is the button
Seat 1: tamnt10549 ($51.83 in chips)
Seat 6: NoVebra ($120 in chips)
tamnt10549: posts small blind $1
NoVebra: posts big blind $3
*** HOLE CARDS ***
tamnt10549: folds
Uncalled bet ($2) returned to NoVebra
NoVebra collected $2 from pot
NoVebra: doesn't show hand
*** SUMMARY ***
Total pot $2 | Rake $0
Seat 1: tamnt10549 (button) (small blind) folded before Flop
Seat 6: NoVebra (big blind) collected ($2)


PokerStars Hand #165927434747:  Hold'em Limit ($3/$6 USD) - 2017/02/09 7:08:03 ET
Table 'Aurora' 6-max Seat #6 is the button
Seat 1: tamnt10549 ($43.19 in chips)
Seat 6: NoVebra ($124.50 in chips)
NoVebra: posts small blind $1
tamnt10549: posts big blind $3
*** HOLE CARDS ***
NoVebra: raises $3 to $6
tamnt10549: calls $3
*** FLOP *** [Kc 8h 4s]
tamnt10549: checks
NoVebra: bets $3
tamnt10549: raises $3 to $6
NoVebra: folds
Uncalled bet ($3) returned to tamnt10549
tamnt10549 collected $17.64 from pot
tamnt10549: doesn't show hand
*** SUMMARY ***
Total pot $18 | Rake $0.36
Board [Kc 8h 4s]
Seat 1: tamnt10549 (big blind) collected ($17.64)
Seat 6: NoVebra (button) (small blind) folded on the Flop


PokerStars Hand #165927445425:  Hold'em Limit ($3/$6 USD) - 2017/02/09 7:08:24 ET
Table 'Aurora' 6-max Seat #6 is the button
Seat 1: tamnt10549 ($50.83 in chips)
Seat 6: NoVebra ($121 in chips)
NoVebra: posts small blind $1
tamnt10549: posts big blind $3
*** HOLE CARDS ***
NoVebra: raises $3 to $6
tamnt10549: calls $3
*** FLOP *** [Qh 9h Jd]
tamnt10549: checks
NoVebra: bets $3
tamnt10549: raises $3 to $6
NoVebra: folds
Uncalled bet ($3) returned to tamnt10549
tamnt10549 collected $17.64 from pot
tamnt10549: doesn't show hand
*** SUMMARY ***
Total pot $18 | Rake $0.36
Board [Qh 9h Jd]
Seat 1: tamnt10549 (big blind) collected ($17.64)
Seat 6: NoVebra (button) (small blind) folded on the Flop


PokerStars Hand #165927452351:  Hold'em Limit ($3/$6 USD) - 2017/02/09 7:08:37 ET
Table 'Aurora' 6-max Seat #1 is the button
Seat 1: tamnt10549 ($59.47 in chips)
Seat 6: NoVebra ($120 in chips)
tamnt10549: posts small blind $1
NoVebra: posts big blind $3
*** HOLE CARDS ***
tamnt10549: folds
Uncalled bet ($2) returned to NoVebra
NoVebra collected $2 from pot
NoVebra: doesn't show hand
*** SUMMARY ***
Total pot $2 | Rake $0
Seat 1: tamnt10549 (button) (small blind) folded before Flop
Seat 6: NoVebra (big blind) collected ($2)


PokerStars Hand #165927455290:  Hold'em Limit ($3/$6 USD) - 2017/02/09 7:08:42 ET
Table 'Aurora' 6-max Seat #6 is the button
Seat 1: tamnt10549 ($58.47 in chips)
Seat 6: NoVebra ($121 in chips)
NoVebra: posts small blind $1
tamnt10549: posts big blind $3
*** HOLE CARDS ***
NoVebra: raises $3 to $6
tamnt10549: calls $3
*** FLOP *** [8s 2s Td]
tamnt10549: checks
NoVebra: bets $3
tamnt10549: calls $3
*** TURN *** [8s 2s Td] [Ac]
tamnt10549: checks
NoVebra: checks
*** RIVER *** [8s 2s Td Ac] [6c]
tamnt10549: checks
NoVebra: checks
*** SHOW DOWN ***
tamnt10549: shows [7s 6h] (a pair of Sixes)
NoVebra: mucks hand
tamnt10549 collected $17.64 from pot
*** SUMMARY ***
Total pot $18 | Rake $0.36
Board [8s 2s Td Ac 6c]
Seat 1: tamnt10549 (big blind) showed [7s 6h] and won ($17.64) with a pair of Sixes
Seat 6: NoVebra (button) (small blind) mucked


PokerStars Hand #165927474360:  Hold'em Limit ($3/$6 USD) - 2017/02/09 7:09:18 ET
Table 'Aurora' 6-max Seat #6 is the button
Seat 1: tamnt10549 ($66.11 in chips)
Seat 6: NoVebra ($121 in chips)
NoVebra: posts small blind $1
tamnt10549: posts big blind $3
*** HOLE CARDS ***
NoVebra: folds
Uncalled bet ($2) returned to tamnt10549
tamnt10549 collected $2 from pot
tamnt10549: doesn't show hand
*** SUMMARY ***
Total pot $2 | Rake $0
Seat 1: tamnt10549 (big blind) collected ($2)
Seat 6: NoVebra (button) (small blind) folded before Flop


PokerStars Hand #165927471693:  Hold'em Limit ($3/$6 USD) - 2017/02/09 7:09:13 ET
Table 'Aurora' 6-max Seat #1 is the button
Seat 1: tamnt10549 ($67.11 in chips)
Seat 6: NoVebra ($120 in chips)
tamnt10549: posts small blind $1
NoVebra: posts big blind $3
*** HOLE CARDS ***
tamnt10549: folds
Uncalled bet ($2) returned to NoVebra
NoVebra collected $2 from pot
NoVebra: doesn't show hand
*** SUMMARY ***
Total pot $2 | Rake $0
Seat 1: tamnt10549 (button) (small blind) folded before Flop
Seat 6: NoVebra (big blind) collected ($2)


PokerStars Hand #165927476762:  Hold'em Limit ($3/$6 USD) - 2017/02/09 7:09:23 ET
Table 'Aurora' 6-max Seat #1 is the button
Seat 1: tamnt10549 ($67.11 in chips)
Seat 6: NoVebra ($120 in chips)
tamnt10549: posts small blind $1
NoVebra: posts big blind $3
*** HOLE CARDS ***
tamnt10549: raises $3 to $6
NoVebra: folds
Uncalled bet ($3) returned to tamnt10549
tamnt10549 collected $6 from pot
tamnt10549: doesn't show hand
*** SUMMARY ***
Total pot $6 | Rake $0
Seat 1: tamnt10549 (button) (small blind) collected ($6)
Seat 6: NoVebra (big blind) folded before Flop


PokerStars Hand #165927486110:  Hold'em Limit ($3/$6 USD) - 2017/02/09 7:09:41 ET
Table 'Aurora' 6-max Seat #1 is the button
Seat 1: tamnt10549 ($64.11 in chips)
Seat 6: NoVebra ($125.76 in chips)
tamnt10549: posts small blind $1
NoVebra: posts big blind $3
*** HOLE CARDS ***
tamnt10549: folds
Uncalled bet ($2) returned to NoVebra
NoVebra collected $2 from pot
NoVebra: doesn't show hand
*** SUMMARY ***
Total pot $2 | Rake $0
Seat 1: tamnt10549 (button) (small blind) folded before Flop
Seat 6: NoVebra (big blind) collected ($2)


PokerStars Hand #165927480284:  Hold'em Limit ($3/$6 USD) - 2017/02/09 7:09:30 ET
Table 'Aurora' 6-max Seat #6 is the button
Seat 1: tamnt10549 ($70.11 in chips)
Seat 6: NoVebra ($120 in chips)
NoVebra: posts small blind $1
tamnt10549: posts big blind $3
*** HOLE CARDS ***
NoVebra: raises $3 to $6
tamnt10549: calls $3
*** FLOP *** [2h 7h Kd]
tamnt10549: checks
NoVebra: bets $3
tamnt10549: folds
Uncalled bet ($3) returned to NoVebra
NoVebra collected $11.76 from pot
NoVebra: doesn't show hand
*** SUMMARY ***
Total pot $12 | Rake $0.24
Board [2h 7h Kd]
Seat 1: tamnt10549 (big blind) folded on the Flop
Seat 6: NoVebra (button) (small blind) collected ($11.76)


PokerStars Hand #165927488941:  Hold'em Limit ($3/$6 USD) - 2017/02/09 7:09:46 ET
Table 'Aurora' 6-max Seat #6 is the button
Seat 1: tamnt10549 ($63.11 in chips)
Seat 6: NoVebra ($126.76 in chips)
NoVebra: posts small blind $1
tamnt10549: posts big blind $3
*** HOLE CARDS ***
NoVebra: raises $3 to $6
tamnt10549: calls $3
*** FLOP *** [7s Qd Qs]
tamnt10549: checks
NoVebra: bets $3
tamnt10549: raises $3 to $6
NoVebra: calls $3
*** TURN *** [7s Qd Qs] [8d]
tamnt10549: checks
NoVebra: bets $6
tamnt10549: folds
Uncalled bet ($6) returned to NoVebra
NoVebra collected $23.52 from pot
NoVebra: doesn't show hand
*** SUMMARY ***
Total pot $24 | Rake $0.48
Board [7s Qd Qs 8d]
Seat 1: tamnt10549 (big blind) folded on the Turn
Seat 6: NoVebra (button) (small blind) collected ($23.52)


PokerStars Hand #165927500056:  Hold'em Limit ($3/$6 USD) - 2017/02/09 7:10:07 ET
Table 'Aurora' 6-max Seat #1 is the button
Seat 1: tamnt10549 ($51.11 in chips)
Seat 6: NoVebra ($138.28 in chips)
tamnt10549: posts small blind $1
NoVebra: posts big blind $3
*** HOLE CARDS ***
tamnt10549: folds
Uncalled bet ($2) returned to NoVebra
NoVebra collected $2 from pot
NoVebra: doesn't show hand
*** SUMMARY ***
Total pot $2 | Rake $0
Seat 1: tamnt10549 (button) (small blind) folded before Flop
Seat 6: NoVebra (big blind) collected ($2)


PokerStars Hand #165927502872:  Hold'em Limit ($3/$6 USD) - 2017/02/09 7:10:12 ET
Table 'Aurora' 6-max Seat #6 is the button
Seat 1: tamnt10549 ($50.11 in chips)
Seat 6: NoVebra ($139.28 in chips)
NoVebra: posts small blind $1
tamnt10549: posts big blind $3
*** HOLE CARDS ***
NoVebra: raises $3 to $6
tamnt10549: calls $3
*** FLOP *** [8c Qh 6s]
tamnt10549: checks
NoVebra: bets $3
tamnt10549: calls $3
*** TURN *** [8c Qh 6s] [9c]
tamnt10549: checks
NoVebra: bets $6
tamnt10549: calls $6
*** RIVER *** [8c Qh 6s 9c] [Kh]
tamnt10549: checks
NoVebra: bets $6
tamnt10549: calls $6
*** SHOW DOWN ***
NoVebra: shows [Jc 7h] (high card King)
tamnt10549: shows [Js 9d] (a pair of Nines)
tamnt10549 collected $41.50 from pot
*** SUMMARY ***
Total pot $42 | Rake $0.50
Board [8c Qh 6s 9c Kh]
Seat 1: tamnt10549 (big blind) showed [Js 9d] and won ($41.50) with a pair of Nines
Seat 6: NoVebra (button) (small blind) showed [Jc 7h] and lost with high card King


PokerStars Hand #165927514238:  Hold'em Limit ($3/$6 USD) - 2017/02/09 7:10:34 ET
Table 'Aurora' 6-max Seat #1 is the button
Seat 1: tamnt10549 ($70.61 in chips)
Seat 6: NoVebra ($120 in chips)
tamnt10549: posts small blind $1
NoVebra: posts big blind $3
*** HOLE CARDS ***
tamnt10549: folds
Uncalled bet ($2) returned to NoVebra
NoVebra collected $2 from pot
laubes04 joins the table at seat #2
NoVebra: doesn't show hand
*** SUMMARY ***
Total pot $2 | Rake $0
Seat 1: tamnt10549 (button) (small blind) folded before Flop
Seat 6: NoVebra (big blind) collected ($2)


PokerStars Hand #165927516867:  Hold'em Limit ($3/$6 USD) - 2017/02/09 7:10:39 ET
Table 'Aurora' 6-max Seat #6 is the button
Seat 1: tamnt10549 ($69.61 in chips)
Seat 6: NoVebra ($121 in chips)
NoVebra: posts small blind $1
tamnt10549: posts big blind $3
*** HOLE CARDS ***
NoVebra: raises $3 to $6
tamnt10549: raises $3 to $9
NoVebra: calls $3
*** FLOP *** [6h 5c As]
tamnt10549: bets $3
NoVebra: calls $3
*** TURN *** [6h 5c As] [Ts]
tamnt10549: checks
NoVebra: checks
*** RIVER *** [6h 5c As Ts] [5s]
tamnt10549: bets $6
NoVebra: calls $6
*** SHOW DOWN ***
tamnt10549: shows [Js Ad] (two pair, Aces and Fives)
NoVebra: mucks hand
tamnt10549 collected $35.50 from pot
*** SUMMARY ***
Total pot $36 | Rake $0.50
Board [6h 5c As Ts 5s]
Seat 1: tamnt10549 (big blind) showed [Js Ad] and won ($35.50) with two pair, Aces and Fives
Seat 6: NoVebra (button) (small blind) mucked


PokerStars Hand #165927628282:  Hold'em Limit ($3/$6 USD) - 2017/02/09 7:14:12 ET
Table 'Aurora' 6-max Seat #6 is the button
Seat 2: laubes04 ($205.32 in chips)
Seat 6: NoVebra ($153.57 in chips)
NoVebra: posts small blind $1
laubes04: posts big blind $3
*** HOLE CARDS ***
NoVebra: raises $3 to $6
laubes04: calls $3
*** FLOP *** [Ks 6d 6h]
laubes04: checks
tamnt10549 is disconnected
NoVebra: bets $3
laubes04: calls $3
*** TURN *** [Ks 6d 6h] [2d]
laubes04: checks
NoVebra: bets $6
laubes04: folds
Uncalled bet ($6) returned to NoVebra
NoVebra collected $17.64 from pot
NoVebra: doesn't show hand
*** SUMMARY ***
Total pot $18 | Rake $0.36
Board [Ks 6d 6h 2d]
Seat 2: laubes04 (big blind) folded on the Turn
Seat 6: NoVebra (button) (small blind) collected ($17.64)


