PokerStars Hand #155481672215:  Hold'em Limit ($3/$6 USD) - 2016/07/02 17:08:45 ET
Table 'Aurora' 10-max Seat #4 is the button
Seat 4: Fantomet ($88.77 in chips)
Seat 5: simper11 ($120 in chips)
Fantomet: posts small blind $1
simper11: posts big blind $3
*** HOLE CARDS ***
Fantomet: raises $3 to $6
simper11: calls $3
*** FLOP *** [8s Kh Jc]
simper11: checks
Fantomet: bets $3
simper11: folds
Uncalled bet ($3) returned to Fantomet
Fantomet collected $11.76 from pot
*** SUMMARY ***
Total pot $12 | Rake $0.24
Board [8s Kh Jc]
Seat 4: Fantomet (button) (small blind) collected ($11.76)
Seat 5: simper11 (big blind) folded on the Flop


PokerStars Hand #155481690304:  Hold'em Limit ($3/$6 USD) - 2016/07/02 17:09:16 ET
Table 'Aurora' 10-max Seat #4 is the button
Seat 4: Fantomet ($112.03 in chips)
Seat 5: simper11 ($120 in chips)
Fantomet: posts small blind $1
simper11: posts big blind $3
*** HOLE CARDS ***
Fantomet: raises $3 to $6
simper11: calls $3
*** FLOP *** [6d 4c 4h]
simper11: checks
Fantomet: bets $3
simper11: calls $3
*** TURN *** [6d 4c 4h] [9c]
simper11: checks
Fantomet: bets $6
simper11: calls $6
*** RIVER *** [6d 4c 4h 9c] [Qs]
simper11: checks
Fantomet: checks
*** SHOW DOWN ***
simper11: shows [8h 5d] (a pair of Fours)
Fantomet: shows [As Kc] (a pair of Fours - Ace kicker)
Fantomet collected $29.50 from pot
*** SUMMARY ***
Total pot $30 | Rake $0.50
Board [6d 4c 4h 9c Qs]
Seat 4: Fantomet (button) (small blind) showed [As Kc] and won ($29.50) with a pair of Fours
Seat 5: simper11 (big blind) showed [8h 5d] and lost with a pair of Fours


PokerStars Hand #155481680801:  Hold'em Limit ($3/$6 USD) - 2016/07/02 17:08:59 ET
Table 'Aurora' 10-max Seat #5 is the button
Seat 4: Fantomet ($94.53 in chips)
Seat 5: simper11 ($120 in chips)
simper11: posts small blind $1
Fantomet: posts big blind $3
*** HOLE CARDS ***
simper11: raises $3 to $6
Fantomet: raises $3 to $9
simper11: calls $3
*** FLOP *** [Jc Qs 6c]
Fantomet: bets $3
simper11: calls $3
*** TURN *** [Jc Qs 6c] [Qh]
Fantomet: bets $6
simper11: calls $6
*** RIVER *** [Jc Qs 6c Qh] [9d]
Fantomet: checks
simper11: checks
*** SHOW DOWN ***
Fantomet: shows [7d Ad] (a pair of Queens)
simper11: mucks hand
Fantomet collected $35.50 from pot
*** SUMMARY ***
Total pot $36 | Rake $0.50
Board [Jc Qs 6c Qh 9d]
Seat 4: Fantomet (big blind) showed [7d Ad] and won ($35.50) with a pair of Queens
Seat 5: simper11 (button) (small blind) mucked


PokerStars Hand #155481719320:  Hold'em Limit ($3/$6 USD) - 2016/07/02 17:10:06 ET
Table 'Aurora' 10-max Seat #4 is the button
Seat 4: Fantomet ($141.03 in chips)
Seat 5: simper11 ($120 in chips)
Fantomet: posts small blind $1
simper11: posts big blind $3
*** HOLE CARDS ***
Fantomet: folds
Uncalled bet ($2) returned to simper11
simper11 collected $2 from pot
simper11: doesn't show hand
*** SUMMARY ***
Total pot $2 | Rake $0
Seat 4: Fantomet (button) (small blind) folded before Flop
Seat 5: simper11 (big blind) collected ($2)


PokerStars Hand #155481706740:  Hold'em Limit ($3/$6 USD) - 2016/07/02 17:09:44 ET
Table 'Aurora' 10-max Seat #5 is the button
Seat 4: Fantomet ($126.53 in chips)
Seat 5: simper11 ($120 in chips)
simper11: posts small blind $1
Fantomet: posts big blind $3
*** HOLE CARDS ***
simper11: raises $3 to $6
Fantomet: calls $3
*** FLOP *** [6h Kh Ah]
Fantomet: checks
simper11: bets $3
Fantomet: calls $3
*** TURN *** [6h Kh Ah] [6c]
Fantomet: checks
simper11: bets $6
Fantomet: raises $6 to $12
simper11: folds
Uncalled bet ($6) returned to Fantomet
Fantomet collected $29.50 from pot
Fantomet: shows [As 6d] (a full house, Sixes full of Aces)
*** SUMMARY ***
Total pot $30 | Rake $0.50
Board [6h Kh Ah 6c]
Seat 4: Fantomet (big blind) collected ($29.50)
Seat 5: simper11 (button) (small blind) folded on the Turn


