PokerStars Hand #155136615362:  Hold'em Limit ($3/$6 USD) - 2016/06/24 9:20:34 ET
Table 'Aurora III' 6-max Seat #3 is the button
Seat 3: Evgeniy2989 ($60 in chips)
Seat 4: TbIP-TbIP 88 ($72 in chips)
Evgeniy2989: posts small blind $1
TbIP-TbIP 88: posts big blind $3
*** HOLE CARDS ***
Evgeniy2989: folds
Uncalled bet ($2) returned to TbIP-TbIP 88
TbIP-TbIP 88 collected $2 from pot
TbIP-TbIP 88: doesn't show hand
*** SUMMARY ***
Total pot $2 | Rake $0
Seat 3: Evgeniy2989 (button) (small blind) folded before Flop
Seat 4: TbIP-TbIP 88 (big blind) collected ($2)


PokerStars Hand #155136619595:  Hold'em Limit ($3/$6 USD) - 2016/06/24 9:20:43 ET
Table 'Aurora III' 6-max Seat #4 is the button
Seat 3: Evgeniy2989 ($59 in chips)
Seat 4: TbIP-TbIP 88 ($73 in chips)
TbIP-TbIP 88: posts small blind $1
Evgeniy2989: posts big blind $3
*** HOLE CARDS ***
TbIP-TbIP 88: raises $3 to $6
Evgeniy2989: calls $3
*** FLOP *** [Ks Qc Ad]
Evgeniy2989: checks
TbIP-TbIP 88: bets $3
Evgeniy2989: calls $3
*** TURN *** [Ks Qc Ad] [Jd]
Evgeniy2989: checks
TbIP-TbIP 88: checks
*** RIVER *** [Ks Qc Ad Jd] [6s]
Evgeniy2989: bets $6
TbIP-TbIP 88: folds
Uncalled bet ($6) returned to Evgeniy2989
Evgeniy2989 collected $17.64 from pot
*** SUMMARY ***
Total pot $18 | Rake $0.36
Board [Ks Qc Ad Jd 6s]
Seat 3: Evgeniy2989 (big blind) collected ($17.64)
Seat 4: TbIP-TbIP 88 (button) (small blind) folded on the River


PokerStars Hand #155136631502:  Hold'em Limit ($3/$6 USD) - 2016/06/24 9:21:07 ET
Table 'Aurora III' 6-max Seat #3 is the button
Seat 3: Evgeniy2989 ($67.64 in chips)
Seat 4: TbIP-TbIP 88 ($72 in chips)
Evgeniy2989: posts small blind $1
TbIP-TbIP 88: posts big blind $3
*** HOLE CARDS ***
Evgeniy2989: raises $3 to $6
TbIP-TbIP 88: calls $3
*** FLOP *** [7c Th Jh]
TbIP-TbIP 88: checks
Evgeniy2989: checks
*** TURN *** [7c Th Jh] [Qc]
TbIP-TbIP 88: checks
Evgeniy2989: bets $6
TbIP-TbIP 88: folds
Uncalled bet ($6) returned to Evgeniy2989
Evgeniy2989 collected $11.76 from pot
*** SUMMARY ***
Total pot $12 | Rake $0.24
Board [7c Th Jh Qc]
Seat 3: Evgeniy2989 (button) (small blind) collected ($11.76)
Seat 4: TbIP-TbIP 88 (big blind) folded on the Turn


PokerStars Hand #155136640291:  Hold'em Limit ($3/$6 USD) - 2016/06/24 9:21:25 ET
Table 'Aurora III' 6-max Seat #4 is the button
Seat 3: Evgeniy2989 ($73.40 in chips)
Seat 4: TbIP-TbIP 88 ($72 in chips)
TbIP-TbIP 88: posts small blind $1
Evgeniy2989: posts big blind $3
*** HOLE CARDS ***
TbIP-TbIP 88: folds
Uncalled bet ($2) returned to Evgeniy2989
Evgeniy2989 collected $2 from pot
*** SUMMARY ***
Total pot $2 | Rake $0
Seat 3: Evgeniy2989 (big blind) collected ($2)
Seat 4: TbIP-TbIP 88 (button) (small blind) folded before Flop


PokerStars Hand #155136648858:  Hold'em Limit ($3/$6 USD) - 2016/06/24 9:21:42 ET
Table 'Aurora III' 6-max Seat #3 is the button
Seat 3: Evgeniy2989 ($74.40 in chips)
Seat 4: TbIP-TbIP 88 ($72 in chips)
Evgeniy2989: posts small blind $1
TbIP-TbIP 88: posts big blind $3
*** HOLE CARDS ***
Evgeniy2989: calls $2
TbIP-TbIP 88: checks
*** FLOP *** [7d 2d 3h]
TbIP-TbIP 88: bets $3
Evgeniy2989: calls $3
*** TURN *** [7d 2d 3h] [9h]
TbIP-TbIP 88: bets $6
Evgeniy2989: calls $6
*** RIVER *** [7d 2d 3h 9h] [5h]
TbIP-TbIP 88: bets $6
B_loJkl joins the table at seat #5
Evgeniy2989: raises $6 to $12
TbIP-TbIP 88: calls $6
*** SHOW DOWN ***
Evgeniy2989: shows [7c 8h] (a pair of Sevens)
TbIP-TbIP 88: shows [3c 9c] (two pair, Nines and Threes)
TbIP-TbIP 88 collected $47.50 from pot
*** SUMMARY ***
Total pot $48 | Rake $0.50
Board [7d 2d 3h 9h 5h]
Seat 3: Evgeniy2989 (button) (small blind) showed [7c 8h] and lost with a pair of Sevens
Seat 4: TbIP-TbIP 88 (big blind) showed [3c 9c] and won ($47.50) with two pair, Nines and Threes


PokerStars Hand #155136970570:  Hold'em Limit ($3/$6 USD) - 2016/06/24 9:32:25 ET
Table 'Aurora III' 6-max Seat #6 is the button
Seat 1: Ale4o ($150.48 in chips)
Seat 6: Vaboss63 ($23.66 in chips)
Vaboss63: posts small blind $1
Ale4o: posts big blind $3
*** HOLE CARDS ***
Vaboss63: folds
Uncalled bet ($2) returned to Ale4o
Ale4o collected $2 from pot
Ale4o: doesn't show hand
*** SUMMARY ***
Total pot $2 | Rake $0
Seat 1: Ale4o (big blind) collected ($2)
Seat 6: Vaboss63 (button) (small blind) folded before Flop


PokerStars Hand #155136965377:  Hold'em Limit ($3/$6 USD) - 2016/06/24 9:32:14 ET
Table 'Aurora III' 6-max Seat #1 is the button
Seat 1: Ale4o ($144.72 in chips)
Seat 6: Vaboss63 ($29.66 in chips)
Ale4o: posts small blind $1
Chessnok: is sitting out
Vaboss63: posts big blind $3
*** HOLE CARDS ***
Ale4o: raises $3 to $6
Vaboss63: calls $3
*** FLOP *** [2h 6c Kc]
Vaboss63: checks
Ale4o: bets $3
Vaboss63: folds
Uncalled bet ($3) returned to Ale4o
Ale4o collected $11.76 from pot
Ale4o: doesn't show hand
*** SUMMARY ***
Total pot $12 | Rake $0.24
Board [2h 6c Kc]
Seat 1: Ale4o (button) (small blind) collected ($11.76)
Seat 6: Vaboss63 (big blind) folded on the Flop


PokerStars Hand #155137000902:  Hold'em Limit ($3/$6 USD) - 2016/06/24 9:33:26 ET
Table 'Aurora III' 6-max Seat #6 is the button
Seat 1: Ale4o ($138.98 in chips)
Seat 6: Vaboss63 ($33.66 in chips)
Vaboss63: posts small blind $1
Ale4o: posts big blind $3
*** HOLE CARDS ***
Vaboss63: calls $2
Ale4o: checks
*** FLOP *** [Tc Ad As]
Ale4o: checks
Vaboss63: checks
*** TURN *** [Tc Ad As] [Qs]
Ale4o: checks
Vaboss63: bets $6
Ale4o: folds
Uncalled bet ($6) returned to Vaboss63
Vaboss63 collected $5.88 from pot
Vaboss63: doesn't show hand
*** SUMMARY ***
Total pot $6 | Rake $0.12
Board [Tc Ad As Qs]
Seat 1: Ale4o (big blind) folded on the Turn
Seat 6: Vaboss63 (button) (small blind) collected ($5.88)


PokerStars Hand #155136982721:  Hold'em Limit ($3/$6 USD) - 2016/06/24 9:32:49 ET
Table 'Aurora III' 6-max Seat #6 is the button
Seat 1: Ale4o ($133.48 in chips)
Seat 6: Vaboss63 ($40.16 in chips)
Vaboss63: posts small blind $1
Ale4o: posts big blind $3
*** HOLE CARDS ***
Vaboss63: calls $2
Ale4o: raises $3 to $6
Vaboss63: calls $3
*** FLOP *** [5s Td 2h]
Ale4o: bets $3
Vaboss63: calls $3
*** TURN *** [5s Td 2h] [Qd]
Ale4o: bets $6
Vaboss63: calls $6
*** RIVER *** [5s Td 2h Qd] [Kh]
Ale4o: checks
Vaboss63: bets $6
Ale4o: folds
Uncalled bet ($6) returned to Vaboss63
Vaboss63 collected $29.50 from pot
Vaboss63: doesn't show hand
*** SUMMARY ***
Total pot $30 | Rake $0.50
Board [5s Td 2h Qd Kh]
Seat 1: Ale4o (big blind) folded on the River
Seat 6: Vaboss63 (button) (small blind) collected ($29.50)


PokerStars Hand #155136990890:  Hold'em Limit ($3/$6 USD) - 2016/06/24 9:33:05 ET
Table 'Aurora III' 6-max Seat #1 is the button
Seat 1: Ale4o ($118.48 in chips)
Seat 6: Vaboss63 ($54.66 in chips)
Ale4o: posts small blind $1
Vaboss63: posts big blind $3
*** HOLE CARDS ***
Ale4o: raises $3 to $6
Vaboss63: calls $3
*** FLOP *** [3d 5d 3c]
Vaboss63: bets $3
Ale4o: calls $3
*** TURN *** [3d 5d 3c] [Ac]
Vaboss63: checks
Ale4o: bets $6
Vaboss63: calls $6
*** RIVER *** [3d 5d 3c Ac] [Qh]
Vaboss63: checks
Ale4o: bets $6
Vaboss63: calls $6
*** SHOW DOWN ***
Ale4o: shows [3s Js] (three of a kind, Threes)
Vaboss63: mucks hand
Ale4o collected $41.50 from pot
*** SUMMARY ***
Total pot $42 | Rake $0.50
Board [3d 5d 3c Ac Qh]
Seat 1: Ale4o (button) (small blind) showed [3s Js] and won ($41.50) with three of a kind, Threes
Seat 6: Vaboss63 (big blind) mucked


PokerStars Hand #155136972806:  Hold'em Limit ($3/$6 USD) - 2016/06/24 9:32:29 ET
Table 'Aurora III' 6-max Seat #1 is the button
Seat 1: Ale4o ($151.48 in chips)
Seat 6: Vaboss63 ($22.66 in chips)
Ale4o: posts small blind $1
Vaboss63: posts big blind $3
*** HOLE CARDS ***
Ale4o: raises $3 to $6
Vaboss63: calls $3
*** FLOP *** [Jc Th Ah]
Vaboss63: checks
Ale4o: bets $3
Vaboss63: raises $3 to $6
Ale4o: calls $3
*** TURN *** [Jc Th Ah] [7s]
Vaboss63: bets $6
Ale4o: calls $6
*** RIVER *** [Jc Th Ah 7s] [4h]
Vaboss63: bets $4.66 and is all-in
Ale4o: folds
Uncalled bet ($4.66) returned to Vaboss63
Vaboss63 collected $35.50 from pot
Vaboss63: doesn't show hand
*** SUMMARY ***
Total pot $36 | Rake $0.50
Board [Jc Th Ah 7s 4h]
Seat 1: Ale4o (button) (small blind) folded on the River
Seat 6: Vaboss63 (big blind) collected ($35.50)


PokerStars Hand #155137024595:  Hold'em Limit ($3/$6 USD) - 2016/06/24 9:34:14 ET
Table 'Aurora III' 6-max Seat #1 is the button
Seat 1: Ale4o ($126.98 in chips)
Seat 6: Vaboss63 ($45.18 in chips)
Ale4o: posts small blind $1
Vaboss63: posts big blind $3
*** HOLE CARDS ***
Ale4o: raises $3 to $6
Vaboss63: calls $3
*** FLOP *** [5h 9s 3d]
Vaboss63: checks
Ale4o: bets $3
Vaboss63: calls $3
*** TURN *** [5h 9s 3d] [4c]
Vaboss63: checks
Ale4o: bets $6
Vaboss63: folds
Uncalled bet ($6) returned to Ale4o
Ale4o collected $17.64 from pot
Ale4o: doesn't show hand
*** SUMMARY ***
Total pot $18 | Rake $0.36
Board [5h 9s 3d 4c]
Seat 1: Ale4o (button) (small blind) collected ($17.64)
Seat 6: Vaboss63 (big blind) folded on the Turn


PokerStars Hand #155137013249:  Hold'em Limit ($3/$6 USD) - 2016/06/24 9:33:51 ET
Table 'Aurora III' 6-max Seat #6 is the button
Seat 1: Ale4o ($129.98 in chips)
Seat 6: Vaboss63 ($42.30 in chips)
Vaboss63: posts small blind $1
Ale4o: posts big blind $3
*** HOLE CARDS ***
Vaboss63: calls $2
Ale4o: checks
*** FLOP *** [Qh Td 7h]
Ale4o: checks
Vaboss63: bets $3
Ale4o: folds
Uncalled bet ($3) returned to Vaboss63
Vaboss63 collected $5.88 from pot
Vaboss63: doesn't show hand
*** SUMMARY ***
Total pot $6 | Rake $0.12
Board [Qh Td 7h]
Seat 1: Ale4o (big blind) folded on the Flop
Seat 6: Vaboss63 (button) (small blind) collected ($5.88)


PokerStars Hand #155137006841:  Hold'em Limit ($3/$6 USD) - 2016/06/24 9:33:38 ET
Table 'Aurora III' 6-max Seat #1 is the button
Seat 1: Ale4o ($135.98 in chips)
Seat 6: Vaboss63 ($36.54 in chips)
Ale4o: posts small blind $1
Vaboss63: posts big blind $3
*** HOLE CARDS ***
Ale4o: raises $3 to $6
Vaboss63: calls $3
*** FLOP *** [Ts Js Jc]
Vaboss63: checks
Ale4o: checks
*** TURN *** [Ts Js Jc] [3s]
Vaboss63: bets $6
Ale4o: folds
Uncalled bet ($6) returned to Vaboss63
Vaboss63 collected $11.76 from pot
Vaboss63: doesn't show hand
*** SUMMARY ***
Total pot $12 | Rake $0.24
Board [Ts Js Jc 3s]
Seat 1: Ale4o (button) (small blind) folded on the Turn
Seat 6: Vaboss63 (big blind) collected ($11.76)


PokerStars Hand #155137037594:  Hold'em Limit ($3/$6 USD) - 2016/06/24 9:34:40 ET
Table 'Aurora III' 6-max Seat #1 is the button
Seat 1: Ale4o ($136.62 in chips)
Seat 6: Vaboss63 ($35.18 in chips)
Ale4o: posts small blind $1
Vaboss63: posts big blind $3
*** HOLE CARDS ***
Ale4o: raises $3 to $6
Vaboss63: calls $3
*** FLOP *** [Td Js 4s]
Vaboss63: bets $3
Ale4o: folds
Uncalled bet ($3) returned to Vaboss63
Vaboss63 collected $11.76 from pot
Vaboss63: doesn't show hand
*** SUMMARY ***
Total pot $12 | Rake $0.24
Board [Td Js 4s]
Seat 1: Ale4o (button) (small blind) folded on the Flop
Seat 6: Vaboss63 (big blind) collected ($11.76)


PokerStars Hand #155137035192:  Hold'em Limit ($3/$6 USD) - 2016/06/24 9:34:35 ET
Table 'Aurora III' 6-max Seat #6 is the button
Seat 1: Ale4o ($135.62 in chips)
Seat 6: Vaboss63 ($36.18 in chips)
Vaboss63: posts small blind $1
Ale4o: posts big blind $3
*** HOLE CARDS ***
Vaboss63: folds
Uncalled bet ($2) returned to Ale4o
Ale4o collected $2 from pot
Ale4o: doesn't show hand
*** SUMMARY ***
Total pot $2 | Rake $0
Seat 1: Ale4o (big blind) collected ($2)
Seat 6: Vaboss63 (button) (small blind) folded before Flop


PokerStars Hand #155137056476:  Hold'em Limit ($3/$6 USD) - 2016/06/24 9:35:18 ET
Table 'Aurora III' 6-max Seat #6 is the button
Seat 1: Ale4o ($120.62 in chips)
Seat 6: Vaboss63 ($50.58 in chips)
Vaboss63: posts small blind $1
Ale4o: posts big blind $3
*** HOLE CARDS ***
Vaboss63: calls $2
Ale4o: raises $3 to $6
Vaboss63: calls $3
*** FLOP *** [2s 8d 8h]
Ale4o: bets $3
Vaboss63: calls $3
*** TURN *** [2s 8d 8h] [Ah]
Ale4o: bets $6
Vaboss63: folds
Uncalled bet ($6) returned to Ale4o
Ale4o collected $17.64 from pot
Ale4o: doesn't show hand
*** SUMMARY ***
Total pot $18 | Rake $0.36
Board [2s 8d 8h Ah]
Seat 1: Ale4o (big blind) collected ($17.64)
Seat 6: Vaboss63 (button) (small blind) folded on the Turn


PokerStars Hand #155137053589:  Hold'em Limit ($3/$6 USD) - 2016/06/24 9:35:12 ET
Table 'Aurora III' 6-max Seat #1 is the button
Seat 1: Ale4o ($121.62 in chips)
Seat 6: Vaboss63 ($49.58 in chips)
Ale4o: posts small blind $1
Vaboss63: posts big blind $3
*** HOLE CARDS ***
Ale4o: folds
Uncalled bet ($2) returned to Vaboss63
Vaboss63 collected $2 from pot
Vaboss63: doesn't show hand
*** SUMMARY ***
Total pot $2 | Rake $0
Seat 1: Ale4o (button) (small blind) folded before Flop
Seat 6: Vaboss63 (big blind) collected ($2)


PokerStars Hand #155137041945:  Hold'em Limit ($3/$6 USD) - 2016/06/24 9:34:49 ET
Table 'Aurora III' 6-max Seat #6 is the button
Seat 1: Ale4o ($130.62 in chips)
Seat 6: Vaboss63 ($40.94 in chips)
Vaboss63: posts small blind $1
Ale4o: posts big blind $3
*** HOLE CARDS ***
Vaboss63: calls $2
Ale4o: raises $3 to $6
Vaboss63: raises $3 to $9
Ale4o: calls $3
*** FLOP *** [Kh 9d Jh]
Ale4o: checks
Vaboss63: checks
*** TURN *** [Kh 9d Jh] [Ad]
Ale4o: checks
Vaboss63: checks
*** RIVER *** [Kh 9d Jh Ad] [5c]
Ale4o: checks
Vaboss63: checks
*** SHOW DOWN ***
Ale4o: shows [Jd Qd] (a pair of Jacks)
Vaboss63: shows [Qc Qs] (a pair of Queens)
Vaboss63 collected $17.64 from pot
*** SUMMARY ***
Total pot $18 | Rake $0.36
Board [Kh 9d Jh Ad 5c]
Seat 1: Ale4o (big blind) showed [Jd Qd] and lost with a pair of Jacks
Seat 6: Vaboss63 (button) (small blind) showed [Qc Qs] and won ($17.64) with a pair of Queens


PokerStars Hand #155137087620:  Hold'em Limit ($3/$6 USD) - 2016/06/24 9:36:21 ET
Table 'Aurora III' 6-max Seat #6 is the button
Seat 1: Ale4o ($125.76 in chips)
Seat 6: Vaboss63 ($44.08 in chips)
Vaboss63: posts small blind $1
Ale4o: posts big blind $3
*** HOLE CARDS ***
Vaboss63: raises $3 to $6
Ale4o: folds
Uncalled bet ($3) returned to Vaboss63
Vaboss63 collected $6 from pot
Vaboss63: doesn't show hand
*** SUMMARY ***
Total pot $6 | Rake $0
Seat 1: Ale4o (big blind) folded before Flop
Seat 6: Vaboss63 (button) (small blind) collected ($6)


PokerStars Hand #155137085080:  Hold'em Limit ($3/$6 USD) - 2016/06/24 9:36:16 ET
Table 'Aurora III' 6-max Seat #1 is the button
Seat 1: Ale4o ($122.76 in chips)
Seat 6: Vaboss63 ($47.08 in chips)
Ale4o: posts small blind $1
Vaboss63: posts big blind $3
*** HOLE CARDS ***
Ale4o: raises $3 to $6
Vaboss63: folds
Uncalled bet ($3) returned to Ale4o
Ale4o collected $6 from pot
Ale4o: doesn't show hand
*** SUMMARY ***
Total pot $6 | Rake $0
Seat 1: Ale4o (button) (small blind) collected ($6)
Seat 6: Vaboss63 (big blind) folded before Flop


PokerStars Hand #155137072855:  Hold'em Limit ($3/$6 USD) - 2016/06/24 9:35:51 ET
Table 'Aurora III' 6-max Seat #6 is the button
Seat 1: Ale4o ($143.76 in chips)
Seat 6: Vaboss63 ($26.58 in chips)
Vaboss63: posts small blind $1
Ale4o: posts big blind $3
*** HOLE CARDS ***
Vaboss63: raises $3 to $6
Ale4o: raises $3 to $9
Vaboss63: calls $3
*** FLOP *** [8s 7d Jc]
Ale4o: bets $3
Vaboss63: raises $3 to $6
Ale4o: calls $3
*** TURN *** [8s 7d Jc] [4s]
Ale4o: checks
Vaboss63: bets $6
Ale4o: calls $6
*** RIVER *** [8s 7d Jc 4s] [9s]
Ale4o: checks
Vaboss63: bets $5.58 and is all-in
Ale4o: folds
Uncalled bet ($5.58) returned to Vaboss63
Vaboss63 collected $41.50 from pot
Vaboss63: doesn't show hand
*** SUMMARY ***
Total pot $42 | Rake $0.50
Board [8s 7d Jc 4s 9s]
Seat 1: Ale4o (big blind) folded on the River
Seat 6: Vaboss63 (button) (small blind) collected ($41.50)


PokerStars Hand #155137063406:  Hold'em Limit ($3/$6 USD) - 2016/06/24 9:35:32 ET
Table 'Aurora III' 6-max Seat #1 is the button
Seat 1: Ale4o ($129.26 in chips)
Seat 6: Vaboss63 ($41.58 in chips)
Ale4o: posts small blind $1
Vaboss63: posts big blind $3
*** HOLE CARDS ***
Ale4o: raises $3 to $6
Vaboss63: calls $3
*** FLOP *** [6h 7c 5c]
Vaboss63: checks
Ale4o: bets $3
Vaboss63: calls $3
*** TURN *** [6h 7c 5c] [2c]
Vaboss63: checks
Ale4o: bets $6
Vaboss63: calls $6
*** RIVER *** [6h 7c 5c 2c] [3h]
Vaboss63: checks
Ale4o: bets $6
Vaboss63: folds
Uncalled bet ($6) returned to Ale4o
Ale4o collected $29.50 from pot
Ale4o: doesn't show hand
*** SUMMARY ***
Total pot $30 | Rake $0.50
Board [6h 7c 5c 2c 3h]
Seat 1: Ale4o (button) (small blind) collected ($29.50)
Seat 6: Vaboss63 (big blind) folded on the River


PokerStars Hand #155137097791:  Hold'em Limit ($3/$6 USD) - 2016/06/24 9:36:42 ET
Table 'Aurora III' 6-max Seat #6 is the button
Seat 1: Ale4o ($113.76 in chips)
Seat 6: Vaboss63 ($55.72 in chips)
Vaboss63: posts small blind $1
Ale4o: posts big blind $3
*** HOLE CARDS ***
Vaboss63: folds
Uncalled bet ($2) returned to Ale4o
Ale4o collected $2 from pot
Ale4o: doesn't show hand
*** SUMMARY ***
Total pot $2 | Rake $0
Seat 1: Ale4o (big blind) collected ($2)
Seat 6: Vaboss63 (button) (small blind) folded before Flop


PokerStars Hand #155137090653:  Hold'em Limit ($3/$6 USD) - 2016/06/24 9:36:28 ET
Table 'Aurora III' 6-max Seat #1 is the button
Seat 1: Ale4o ($122.76 in chips)
Seat 6: Vaboss63 ($47.08 in chips)
Ale4o: posts small blind $1
Vaboss63: posts big blind $3
*** HOLE CARDS ***
Ale4o: raises $3 to $6
Vaboss63: raises $3 to $9
Ale4o: calls $3
*** FLOP *** [Qd 5s 2c]
Vaboss63: checks
Ale4o: checks
*** TURN *** [Qd 5s 2c] [6s]
Vaboss63: bets $6
Ale4o: folds
Uncalled bet ($6) returned to Vaboss63
Vaboss63 collected $17.64 from pot
Vaboss63: doesn't show hand
*** SUMMARY ***
Total pot $18 | Rake $0.36
Board [Qd 5s 2c 6s]
Seat 1: Ale4o (button) (small blind) folded on the Turn
Seat 6: Vaboss63 (big blind) collected ($17.64)


PokerStars Hand #155137107196:  Hold'em Limit ($3/$6 USD) - 2016/06/24 9:37:01 ET
Table 'Aurora III' 6-max Seat #1 is the button
Seat 1: Ale4o ($121.52 in chips)
Seat 6: Vaboss63 ($47.72 in chips)
Ale4o: posts small blind $1
Vaboss63: posts big blind $3
*** HOLE CARDS ***
Ale4o: raises $3 to $6
Vaboss63: calls $3
*** FLOP *** [7d 4s Js]
Vaboss63: checks
Ale4o: bets $3
Vaboss63: folds
Uncalled bet ($3) returned to Ale4o
Ale4o collected $11.76 from pot
Ale4o: doesn't show hand
*** SUMMARY ***
Total pot $12 | Rake $0.24
Board [7d 4s Js]
Seat 1: Ale4o (button) (small blind) collected ($11.76)
Seat 6: Vaboss63 (big blind) folded on the Flop


PokerStars Hand #155137111619:  Hold'em Limit ($3/$6 USD) - 2016/06/24 9:37:10 ET
Table 'Aurora III' 6-max Seat #6 is the button
Seat 1: Ale4o ($127.28 in chips)
Seat 6: Vaboss63 ($41.72 in chips)
Vaboss63: posts small blind $1
Ale4o: posts big blind $3
*** HOLE CARDS ***
Vaboss63: calls $2
Ale4o: checks
*** FLOP *** [8s 9h 5d]
Ale4o: checks
Vaboss63: bets $3
Ale4o: calls $3
*** TURN *** [8s 9h 5d] [Ks]
Ale4o: checks
Vaboss63: checks
*** RIVER *** [8s 9h 5d Ks] [8c]
Ale4o: checks
Vaboss63: checks
*** SHOW DOWN ***
Ale4o: shows [7d Qc] (a pair of Eights)
Vaboss63: mucks hand
Ale4o collected $11.76 from pot
*** SUMMARY ***
Total pot $12 | Rake $0.24
Board [8s 9h 5d Ks 8c]
Seat 1: Ale4o (big blind) showed [7d Qc] and won ($11.76) with a pair of Eights
Seat 6: Vaboss63 (button) (small blind) mucked


PokerStars Hand #155137099934:  Hold'em Limit ($3/$6 USD) - 2016/06/24 9:36:46 ET
Table 'Aurora III' 6-max Seat #1 is the button
Seat 1: Ale4o ($114.76 in chips)
Seat 6: Vaboss63 ($54.72 in chips)
Ale4o: posts small blind $1
Vaboss63: posts big blind $3
*** HOLE CARDS ***
Ale4o: raises $3 to $6
Vaboss63: calls $3
*** FLOP *** [8h Kc Qd]
Vaboss63: checks
Ale4o: bets $3
Vaboss63: folds
Uncalled bet ($3) returned to Ale4o
Ale4o collected $11.76 from pot
Ale4o: doesn't show hand
*** SUMMARY ***
Total pot $12 | Rake $0.24
Board [8h Kc Qd]
Seat 1: Ale4o (button) (small blind) collected ($11.76)
Seat 6: Vaboss63 (big blind) folded on the Flop


PokerStars Hand #155137104929:  Hold'em Limit ($3/$6 USD) - 2016/06/24 9:36:56 ET
Table 'Aurora III' 6-max Seat #6 is the button
Seat 1: Ale4o ($120.52 in chips)
Seat 6: Vaboss63 ($48.72 in chips)
Vaboss63: posts small blind $1
Ale4o: posts big blind $3
*** HOLE CARDS ***
Vaboss63: folds
Uncalled bet ($2) returned to Ale4o
Ale4o collected $2 from pot
Ale4o: doesn't show hand
*** SUMMARY ***
Total pot $2 | Rake $0
Seat 1: Ale4o (big blind) collected ($2)
Seat 6: Vaboss63 (button) (small blind) folded before Flop


PokerStars Hand #155137119036:  Hold'em Limit ($3/$6 USD) - 2016/06/24 9:37:25 ET
Table 'Aurora III' 6-max Seat #1 is the button
Seat 1: Ale4o ($133.04 in chips)
Seat 6: Vaboss63 ($35.72 in chips)
Ale4o: posts small blind $1
Vaboss63: posts big blind $3
*** HOLE CARDS ***
Ale4o: raises $3 to $6
Vaboss63: calls $3
*** FLOP *** [6d 4s 5c]
Vaboss63: bets $3
Ale4o: raises $3 to $6
Vaboss63: calls $3
*** TURN *** [6d 4s 5c] [2c]
Vaboss63: checks
Ale4o: checks
*** RIVER *** [6d 4s 5c 2c] [5d]
Vaboss63: checks
Chessnok leaves the table
Ale4o: checks
*** SHOW DOWN ***
Vaboss63: shows [6s Jd] (two pair, Sixes and Fives)
Ale4o: mucks hand
Vaboss63 collected $23.52 from pot
*** SUMMARY ***
Total pot $24 | Rake $0.48
Board [6d 4s 5c 2c 5d]
Seat 1: Ale4o (button) (small blind) mucked
Seat 6: Vaboss63 (big blind) showed [6s Jd] and won ($23.52) with two pair, Sixes and Fives


PokerStars Hand #155137132192:  Hold'em Limit ($3/$6 USD) - 2016/06/24 9:37:52 ET
Table 'Aurora III' 6-max Seat #6 is the button
Seat 1: Ale4o ($121.04 in chips)
Seat 6: Vaboss63 ($47.24 in chips)
Vaboss63: posts small blind $1
Ale4o: posts big blind $3
*** HOLE CARDS ***
Vaboss63: calls $2
Ale4o: checks
*** FLOP *** [5s Kd 3h]
Ale4o: bets $3
Vaboss63: folds
Uncalled bet ($3) returned to Ale4o
Ale4o collected $5.88 from pot
Ale4o: doesn't show hand
*** SUMMARY ***
Total pot $6 | Rake $0.12
Board [5s Kd 3h]
Seat 1: Ale4o (big blind) collected ($5.88)
Seat 6: Vaboss63 (button) (small blind) folded on the Flop


PokerStars Hand #155137139792:  Hold'em Limit ($3/$6 USD) - 2016/06/24 9:38:07 ET
Table 'Aurora III' 6-max Seat #1 is the button
Seat 1: Ale4o ($123.92 in chips)
Seat 6: Vaboss63 ($44.24 in chips)
Ale4o: posts small blind $1
Vaboss63: posts big blind $3
*** HOLE CARDS ***
Ale4o: raises $3 to $6
Vaboss63: calls $3
*** FLOP *** [9h 6s 7s]
Vaboss63: checks
Ale4o: bets $3
Vaboss63: calls $3
*** TURN *** [9h 6s 7s] [4h]
B_loJkl joins the table at seat #2
Vaboss63: checks
Ale4o: bets $6
Vaboss63: calls $6
*** RIVER *** [9h 6s 7s 4h] [4c]
Vaboss63: checks
Ale4o: checks
*** SHOW DOWN ***
Vaboss63: shows [7h 5d] (two pair, Sevens and Fours)
Ale4o: mucks hand
Vaboss63 collected $29.50 from pot
*** SUMMARY ***
Total pot $30 | Rake $0.50
Board [9h 6s 7s 4h 4c]
Seat 1: Ale4o (button) (small blind) mucked
Seat 6: Vaboss63 (big blind) showed [7h 5d] and won ($29.50) with two pair, Sevens and Fours


PokerStars Hand #155137152507:  Hold'em Limit ($3/$6 USD) - 2016/06/24 9:38:32 ET
Table 'Aurora III' 6-max Seat #6 is the button
Seat 1: Ale4o ($108.92 in chips)
Seat 6: Vaboss63 ($58.74 in chips)
Vaboss63: posts small blind $1
Ale4o: posts big blind $3
*** HOLE CARDS ***
Vaboss63: calls $2
Ale4o: checks
*** FLOP *** [Qc Td 9c]
Ale4o: checks
Vaboss63: bets $3
Ale4o: raises $3 to $6
Vaboss63: calls $3
*** TURN *** [Qc Td 9c] [Tc]
Ale4o: bets $6
Vaboss63: calls $6
*** RIVER *** [Qc Td 9c Tc] [9s]
Ale4o: checks
Vaboss63: bets $6
Ale4o: calls $6
*** SHOW DOWN ***
Vaboss63: shows [As Th] (a full house, Tens full of Nines)
Ale4o: mucks hand
Vaboss63 collected $41.50 from pot
*** SUMMARY ***
Total pot $42 | Rake $0.50
Board [Qc Td 9c Tc 9s]
Seat 1: Ale4o (big blind) mucked
Seat 6: Vaboss63 (button) (small blind) showed [As Th] and won ($41.50) with a full house, Tens full of Nines


