PokerStars Hand #148616475751:  Hold'em Limit ($3/$6 USD) - 2016/02/11 10:17:10 ET
Table 'Aurora III' 6-max Seat #6 is the button
Seat 1: B_loJkl ($129 in chips)
Seat 6: jaguar943 ($64.71 in chips)
jaguar943: posts small blind $1
B_loJkl: posts big blind $3
*** HOLE CARDS ***
jaguar943: calls $2
B_loJkl: checks
*** FLOP *** [4h 5h Ah]
B_loJkl: bets $3
jaguar943: folds
Uncalled bet ($3) returned to B_loJkl
B_loJkl collected $5.88 from pot
B_loJkl: doesn't show hand
*** SUMMARY ***
Total pot $6 | Rake $0.12
Board [4h 5h Ah]
Seat 1: B_loJkl (big blind) collected ($5.88)
Seat 6: jaguar943 (button) (small blind) folded on the Flop


PokerStars Hand #148616440622:  Hold'em Limit ($3/$6 USD) - 2016/02/11 10:16:25 ET
Table 'Aurora III' 6-max Seat #1 is the button
Seat 1: B_loJkl ($150 in chips)
Seat 6: jaguar943 ($44.21 in chips)
TbIP-TbIP 88: is sitting out
TbIP-TbIP 88 leaves the table
B_loJkl: posts small blind $1
jaguar943: posts big blind $3
*** HOLE CARDS ***
B_loJkl: raises $3 to $6
jaguar943: calls $3
*** FLOP *** [7d Ac 8h]
jaguar943: checks
B_loJkl: bets $3
jaguar943: calls $3
*** TURN *** [7d Ac 8h] [Td]
jaguar943: bets $6
B_loJkl: calls $6
*** RIVER *** [7d Ac 8h Td] [Tc]
jaguar943: bets $6
B_loJkl: calls $6
*** SHOW DOWN ***
jaguar943: shows [4d 7c] (two pair, Tens and Sevens)
B_loJkl: mucks hand
jaguar943 collected $41.50 from pot
*** SUMMARY ***
Total pot $42 | Rake $0.50
Board [7d Ac 8h Td Tc]
Seat 1: B_loJkl (button) (small blind) mucked
Seat 6: jaguar943 (big blind) showed [4d 7c] and won ($41.50) with two pair, Tens and Sevens


PokerStars Hand #148616511619:  Hold'em Limit ($3/$6 USD) - 2016/02/11 10:17:56 ET
Table 'Aurora III' 6-max Seat #6 is the button
Seat 1: B_loJkl ($137.64 in chips)
Seat 6: jaguar943 ($55.71 in chips)
jaguar943: posts small blind $1
B_loJkl: posts big blind $3
*** HOLE CARDS ***
jaguar943: calls $2
B_loJkl: raises $3 to $6
jaguar943: calls $3
*** FLOP *** [3s 5h 6c]
B_loJkl: bets $3
jaguar943: calls $3
*** TURN *** [3s 5h 6c] [Ad]
B_loJkl: bets $6
jaguar943: folds
Uncalled bet ($6) returned to B_loJkl
B_loJkl collected $17.64 from pot
B_loJkl: doesn't show hand
*** SUMMARY ***
Total pot $18 | Rake $0.36
Board [3s 5h 6c Ad]
Seat 1: B_loJkl (big blind) collected ($17.64)
Seat 6: jaguar943 (button) (small blind) folded on the Turn


PokerStars Hand #148616507321:  Hold'em Limit ($3/$6 USD) - 2016/02/11 10:17:50 ET
Table 'Aurora III' 6-max Seat #1 is the button
Seat 1: B_loJkl ($138.64 in chips)
Seat 6: jaguar943 ($54.71 in chips)
B_loJkl: posts small blind $1
jaguar943: posts big blind $3
*** HOLE CARDS ***
B_loJkl: folds
Uncalled bet ($2) returned to jaguar943
jaguar943 collected $2 from pot
jaguar943: doesn't show hand
*** SUMMARY ***
Total pot $2 | Rake $0
Seat 1: B_loJkl (button) (small blind) folded before Flop
Seat 6: jaguar943 (big blind) collected ($2)


PokerStars Hand #148616502222:  Hold'em Limit ($3/$6 USD) - 2016/02/11 10:17:44 ET
Table 'Aurora III' 6-max Seat #6 is the button
Seat 1: B_loJkl ($137.64 in chips)
Seat 6: jaguar943 ($55.71 in chips)
jaguar943: posts small blind $1
B_loJkl: posts big blind $3
*** HOLE CARDS ***
jaguar943: folds
Uncalled bet ($2) returned to B_loJkl
B_loJkl collected $2 from pot
B_loJkl: doesn't show hand
*** SUMMARY ***
Total pot $2 | Rake $0
Seat 1: B_loJkl (big blind) collected ($2)
Seat 6: jaguar943 (button) (small blind) folded before Flop


PokerStars Hand #148616489018:  Hold'em Limit ($3/$6 USD) - 2016/02/11 10:17:27 ET
Table 'Aurora III' 6-max Seat #1 is the button
Seat 1: B_loJkl ($131.88 in chips)
Seat 6: jaguar943 ($61.71 in chips)
B_loJkl: posts small blind $1
jaguar943: posts big blind $3
*** HOLE CARDS ***
B_loJkl: raises $3 to $6
jaguar943: calls $3
*** FLOP *** [2d 6d Ah]
jaguar943: checks
B_loJkl: bets $3
jaguar943: folds
Uncalled bet ($3) returned to B_loJkl
B_loJkl collected $11.76 from pot
B_loJkl: doesn't show hand
*** SUMMARY ***
Total pot $12 | Rake $0.24
Board [2d 6d Ah]
Seat 1: B_loJkl (button) (small blind) collected ($11.76)
Seat 6: jaguar943 (big blind) folded on the Flop


PokerStars Hand #148616538343:  Hold'em Limit ($3/$6 USD) - 2016/02/11 10:18:29 ET
Table 'Aurora III' 6-max Seat #1 is the button
Seat 1: B_loJkl ($146.28 in chips)
Seat 6: jaguar943 ($46.71 in chips)
B_loJkl: posts small blind $1
jaguar943: posts big blind $3
*** HOLE CARDS ***
B_loJkl: raises $3 to $6
jaguar943: calls $3
*** FLOP *** [Ts 4s 6d]
jaguar943: checks
B_loJkl: bets $3
jaguar943: calls $3
*** TURN *** [Ts 4s 6d] [Qc]
jaguar943: bets $6
B_loJkl: calls $6
*** RIVER *** [Ts 4s 6d Qc] [2c]
jaguar943: bets $6
B_loJkl: folds
Uncalled bet ($6) returned to jaguar943
jaguar943 collected $29.50 from pot
jaguar943: doesn't show hand
*** SUMMARY ***
Total pot $30 | Rake $0.50
Board [Ts 4s 6d Qc 2c]
Seat 1: B_loJkl (button) (small blind) folded on the River
Seat 6: jaguar943 (big blind) collected ($29.50)


PokerStars Hand #148616607968:  Hold'em Limit ($3/$6 USD) - 2016/02/11 10:19:58 ET
Table 'Aurora III' 6-max Seat #6 is the button
Seat 1: B_loJkl ($157.54 in chips)
Seat 6: jaguar943 ($34.21 in chips)
jaguar943: posts small blind $1
B_loJkl: posts big blind $3
*** HOLE CARDS ***
jaguar943: calls $2
B_loJkl: checks
*** FLOP *** [7c 2s 5h]
B_loJkl: checks
jaguar943: bets $3
B_loJkl: folds
Uncalled bet ($3) returned to jaguar943
jaguar943 collected $5.88 from pot
jaguar943: doesn't show hand
*** SUMMARY ***
Total pot $6 | Rake $0.12
Board [7c 2s 5h]
Seat 1: B_loJkl (big blind) folded on the Flop
Seat 6: jaguar943 (button) (small blind) collected ($5.88)


PokerStars Hand #148616594574:  Hold'em Limit ($3/$6 USD) - 2016/02/11 10:19:41 ET
Table 'Aurora III' 6-max Seat #1 is the button
Seat 1: B_loJkl ($151.78 in chips)
Seat 6: jaguar943 ($40.21 in chips)
B_loJkl: posts small blind $1
jaguar943: posts big blind $3
*** HOLE CARDS ***
B_loJkl: raises $3 to $6
jaguar943: calls $3
*** FLOP *** [7h 6h Ks]
jaguar943: checks
B_loJkl: bets $3
jaguar943: folds
Uncalled bet ($3) returned to B_loJkl
B_loJkl collected $11.76 from pot
B_loJkl: doesn't show hand
*** SUMMARY ***
Total pot $12 | Rake $0.24
Board [7h 6h Ks]
Seat 1: B_loJkl (button) (small blind) collected ($11.76)
Seat 6: jaguar943 (big blind) folded on the Flop


PokerStars Hand #148616570084:  Hold'em Limit ($3/$6 USD) - 2016/02/11 10:19:10 ET
Table 'Aurora III' 6-max Seat #6 is the button
Seat 1: B_loJkl ($131.28 in chips)
Seat 6: jaguar943 ($61.21 in chips)
jaguar943: posts small blind $1
B_loJkl: posts big blind $3
*** HOLE CARDS ***
jaguar943: calls $2
B_loJkl: raises $3 to $6
jaguar943: calls $3
*** FLOP *** [6h 3c 8h]
B_loJkl: bets $3
jaguar943: calls $3
*** TURN *** [6h 3c 8h] [Jd]
B_loJkl: bets $6
jaguar943: calls $6
*** RIVER *** [6h 3c 8h Jd] [Ts]
B_loJkl: bets $6
jaguar943: calls $6
*** SHOW DOWN ***
B_loJkl: shows [Tc 9d] (a pair of Tens)
jaguar943: mucks hand
B_loJkl collected $41.50 from pot
*** SUMMARY ***
Total pot $42 | Rake $0.50
Board [6h 3c 8h Jd Ts]
Seat 1: B_loJkl (big blind) showed [Tc 9d] and won ($41.50) with a pair of Tens
Seat 6: jaguar943 (button) (small blind) mucked


PokerStars Hand #148616652657:  Hold'em Limit ($3/$6 USD) - 2016/02/11 10:20:55 ET
Table 'Aurora III' 6-max Seat #6 is the button
Seat 1: B_loJkl ($148.54 in chips)
Seat 6: jaguar943 ($42.85 in chips)
jaguar943: posts small blind $1
B_loJkl: posts big blind $3
*** HOLE CARDS ***
jaguar943: calls $2
B_loJkl: raises $3 to $6
jaguar943: calls $3
*** FLOP *** [9c 2h Kh]
B_loJkl: bets $3
jaguar943: raises $3 to $6
B_loJkl: raises $3 to $9
jaguar943: calls $3
*** TURN *** [9c 2h Kh] [3d]
B_loJkl: bets $6
jaguar943: calls $6
*** RIVER *** [9c 2h Kh 3d] [4h]
B_loJkl: bets $6
jaguar943: calls $6
*** SHOW DOWN ***
B_loJkl: shows [Ad As] (a pair of Aces)
jaguar943: mucks hand
B_loJkl collected $53.50 from pot
*** SUMMARY ***
Total pot $54 | Rake $0.50
Board [9c 2h Kh 3d 4h]
Seat 1: B_loJkl (big blind) showed [Ad As] and won ($53.50) with a pair of Aces
Seat 6: jaguar943 (button) (small blind) mucked


PokerStars Hand #148616628547:  Hold'em Limit ($3/$6 USD) - 2016/02/11 10:20:24 ET
Table 'Aurora III' 6-max Seat #1 is the button
Seat 1: B_loJkl ($154.54 in chips)
Seat 6: jaguar943 ($37.09 in chips)
B_loJkl: posts small blind $1
jaguar943: posts big blind $3
*** HOLE CARDS ***
B_loJkl: raises $3 to $6
jaguar943: calls $3
*** FLOP *** [9h 6d Kd]
jaguar943: bets $3
gazzzzzza joins the table at seat #3
B_loJkl: folds
Uncalled bet ($3) returned to jaguar943
jaguar943 collected $11.76 from pot
jaguar943: doesn't show hand
*** SUMMARY ***
Total pot $12 | Rake $0.24
Board [9h 6d Kd]
Seat 1: B_loJkl (button) (small blind) folded on the Flop
Seat 6: jaguar943 (big blind) collected ($11.76)


PokerStars Hand #148617503048:  Hold'em Limit ($3/$6 USD) - 2016/02/11 10:38:47 ET
Table 'Aurora III' 6-max Seat #1 is the button
Seat 1: B_loJkl ($242.14 in chips)
Seat 4: Fabulous108 ($95.27 in chips)
B_loJkl: posts small blind $1
Fabulous108: posts big blind $3
*** HOLE CARDS ***
B_loJkl: raises $3 to $6
Fabulous108: calls $3
*** FLOP *** [4h Th 2h]
Fabulous108: checks
B_loJkl: checks
*** TURN *** [4h Th 2h] [5h]
Fabulous108: bets $6
B_loJkl: calls $6
*** RIVER *** [4h Th 2h 5h] [6s]
Fabulous108: bets $6
B_loJkl: calls $6
*** SHOW DOWN ***
Fabulous108: shows [9d Ks] (high card King)
B_loJkl: shows [Kd 8h] (a flush, Ten high)
B_loJkl collected $35.50 from pot
*** SUMMARY ***
Total pot $36 | Rake $0.50
Board [4h Th 2h 5h 6s]
Seat 1: B_loJkl (button) (small blind) showed [Kd 8h] and won ($35.50) with a flush, Ten high
Seat 4: Fabulous108 (big blind) showed [9d Ks] and lost with high card King


PokerStars Hand #148617516192:  Hold'em Limit ($3/$6 USD) - 2016/02/11 10:39:04 ET
Table 'Aurora III' 6-max Seat #4 is the button
Seat 1: B_loJkl ($259.64 in chips)
Seat 4: Fabulous108 ($77.27 in chips)
Fabulous108: posts small blind $1
B_loJkl: posts big blind $3
*** HOLE CARDS ***
Fabulous108: folds
Uncalled bet ($2) returned to B_loJkl
B_loJkl collected $2 from pot
B_loJkl: doesn't show hand
krossguard leaves the table
*** SUMMARY ***
Total pot $2 | Rake $0
Seat 1: B_loJkl (big blind) collected ($2)
Seat 4: Fabulous108 (button) (small blind) folded before Flop


PokerStars Hand #148619068931:  Hold'em Limit ($3/$6 USD) - 2016/02/11 11:11:17 ET
Table 'Aurora III' 6-max Seat #1 is the button
Seat 1: ChOfW ($66 in chips)
Seat 3: Zahhar555 ($115.71 in chips)
ChOfW: posts small blind $1
Zahhar555: posts big blind $3
*** HOLE CARDS ***
ChOfW: folds
Uncalled bet ($2) returned to Zahhar555
Zahhar555 collected $2 from pot
Zahhar555: doesn't show hand
*** SUMMARY ***
Total pot $2 | Rake $0
Seat 1: ChOfW (button) (small blind) folded before Flop
Seat 3: Zahhar555 (big blind) collected ($2)


PokerStars Hand #148619072688:  Hold'em Limit ($3/$6 USD) - 2016/02/11 11:11:21 ET
Table 'Aurora III' 6-max Seat #3 is the button
Seat 1: ChOfW ($66 in chips)
Seat 3: Zahhar555 ($116.71 in chips)
Zahhar555: posts small blind $1
ChOfW: posts big blind $3
*** HOLE CARDS ***
Zahhar555: calls $2
ChOfW: raises $3 to $6
Zahhar555: calls $3
*** FLOP *** [3d 3c Qd]
ChOfW: bets $3
Zahhar555: folds
Uncalled bet ($3) returned to ChOfW
ChOfW collected $11.76 from pot
ChOfW: doesn't show hand
*** SUMMARY ***
Total pot $12 | Rake $0.24
Board [3d 3c Qd]
Seat 1: ChOfW (big blind) collected ($11.76)
Seat 3: Zahhar555 (button) (small blind) folded on the Flop


PokerStars Hand #148619097784:  Hold'em Limit ($3/$6 USD) - 2016/02/11 11:11:52 ET
Table 'Aurora III' 6-max Seat #3 is the button
Seat 1: ChOfW ($77.52 in chips)
Seat 3: Zahhar555 ($104.71 in chips)
Zahhar555: posts small blind $1
ChOfW: posts big blind $3
*** HOLE CARDS ***
Zahhar555: calls $2
ChOfW: checks
*** FLOP *** [Qh 9c 8c]
ChOfW: checks
Zahhar555: bets $3
ChOfW: folds
Uncalled bet ($3) returned to Zahhar555
Zahhar555 collected $5.88 from pot
Zahhar555: doesn't show hand
*** SUMMARY ***
Total pot $6 | Rake $0.12
Board [Qh 9c 8c]
Seat 1: ChOfW (big blind) folded on the Flop
Seat 3: Zahhar555 (button) (small blind) collected ($5.88)


PokerStars Hand #148619107541:  Hold'em Limit ($3/$6 USD) - 2016/02/11 11:12:04 ET
Table 'Aurora III' 6-max Seat #1 is the button
Seat 1: ChOfW ($74.52 in chips)
Seat 3: Zahhar555 ($107.59 in chips)
ChOfW: posts small blind $1
Zahhar555: posts big blind $3
*** HOLE CARDS ***
ChOfW: raises $3 to $6
Zahhar555: folds
Uncalled bet ($3) returned to ChOfW
ChOfW collected $6 from pot
ChOfW: doesn't show hand
*** SUMMARY ***
Total pot $6 | Rake $0
Seat 1: ChOfW (button) (small blind) collected ($6)
Seat 3: Zahhar555 (big blind) folded before Flop


PokerStars Hand #148619081258:  Hold'em Limit ($3/$6 USD) - 2016/02/11 11:11:32 ET
Table 'Aurora III' 6-max Seat #1 is the button
Seat 1: ChOfW ($71.76 in chips)
Seat 3: Zahhar555 ($110.71 in chips)
ChOfW: posts small blind $1
Zahhar555: posts big blind $3
*** HOLE CARDS ***
ChOfW: raises $3 to $6
Zahhar555: calls $3
*** FLOP *** [Ks 6d Th]
Zahhar555: checks
ChOfW: bets $3
Zahhar555: folds
Uncalled bet ($3) returned to ChOfW
ChOfW collected $11.76 from pot
ChOfW: doesn't show hand
*** SUMMARY ***
Total pot $12 | Rake $0.24
Board [Ks 6d Th]
Seat 1: ChOfW (button) (small blind) collected ($11.76)
Seat 3: Zahhar555 (big blind) folded on the Flop


