PokerStars Hand #149116895622:  Hold'em Limit ($3/$6 USD) - 2016/02/20 9:26:40 ET
Table 'Ausonia II' 6-max Seat #4 is the button
Seat 2: B_loJkl ($66.46 in chips)
Seat 4: pecs680 ($135.74 in chips)
pecs680: posts small blind $1
giorkis27: is sitting out
leavila2006: is sitting out
B_loJkl: posts big blind $3
*** HOLE CARDS ***
giorkis27 leaves the table
RockKillerTY leaves the table
pecs680: raises $3 to $6
B_loJkl: raises $3 to $9
pecs680: calls $3
*** FLOP *** [8c 8h 7s]
B_loJkl: bets $3
pecs680: folds
Uncalled bet ($3) returned to B_loJkl
B_loJkl collected $17.64 from pot
B_loJkl: doesn't show hand
*** SUMMARY ***
Total pot $18 | Rake $0.36
Board [8c 8h 7s]
Seat 2: B_loJkl (big blind) collected ($17.64)
Seat 4: pecs680 (button) (small blind) folded on the Flop


PokerStars Hand #149116930448:  Hold'em Limit ($3/$6 USD) - 2016/02/20 9:27:24 ET
Table 'Ausonia II' 6-max Seat #2 is the button
Seat 2: B_loJkl ($75.10 in chips)
Seat 3: Puzanchik 11 ($55 in chips)
B_loJkl: posts small blind $1
Puzanchik 11: posts big blind $3
*** HOLE CARDS ***
Hadart joins the table at seat #4
B_loJkl: folds
Uncalled bet ($2) returned to Puzanchik 11
Puzanchik 11 collected $2 from pot
*** SUMMARY ***
Total pot $2 | Rake $0
Seat 2: B_loJkl (button) (small blind) folded before Flop
Seat 3: Puzanchik 11 (big blind) collected ($2)


PokerStars Hand #149117022359:  Hold'em Limit ($3/$6 USD) - 2016/02/20 9:29:22 ET
Table 'Ausonia II' 6-max Seat #2 is the button
Seat 2: B_loJkl ($86.32 in chips)
Seat 4: Hadart ($160.03 in chips)
HAL9QQQ will be allowed to play after the button
leavila2006 will be allowed to play after the button
B_loJkl: posts small blind $1
Hadart: posts big blind $3
*** HOLE CARDS ***
B_loJkl: raises $3 to $6
Hadart: calls $3
*** FLOP *** [Ts Jd 7s]
Puzanchik 11 leaves the table
Hadart: checks
B_loJkl: bets $3
Hadart: calls $3
*** TURN *** [Ts Jd 7s] [Qs]
Hadart: checks
B_loJkl: bets $6
Hadart: calls $6
*** RIVER *** [Ts Jd 7s Qs] [4c]
Hadart: checks
B_loJkl: checks
*** SHOW DOWN ***
Hadart: shows [Kc 8s] (high card King)
B_loJkl: shows [Th 9h] (a pair of Tens)
B_loJkl collected $29.50 from pot
*** SUMMARY ***
Total pot $30 | Rake $0.50
Board [Ts Jd 7s Qs 4c]
Seat 2: B_loJkl (button) (small blind) showed [Th 9h] and won ($29.50) with a pair of Tens
Seat 4: Hadart (big blind) showed [Kc 8s] and lost with high card King


PokerStars Hand #149117143846:  Hold'em Limit ($3/$6 USD) - 2016/02/20 9:31:56 ET
Table 'Ausonia II' 6-max Seat #2 is the button
Seat 2: B_loJkl ($114.20 in chips)
Seat 6: leavila2006 ($47.68 in chips)
B_loJkl: posts small blind $1
HAL9QQQ: is sitting out
leavila2006: posts big blind $3
*** HOLE CARDS ***
B_loJkl: raises $3 to $6
leavila2006: calls $3
*** FLOP *** [6c Kc 7h]
leavila2006: checks
B_loJkl: bets $3
leavila2006: folds
Uncalled bet ($3) returned to B_loJkl
B_loJkl collected $11.76 from pot
B_loJkl: doesn't show hand
*** SUMMARY ***
Total pot $12 | Rake $0.24
Board [6c Kc 7h]
Seat 2: B_loJkl (button) (small blind) collected ($11.76)
Seat 6: leavila2006 (big blind) folded on the Flop


PokerStars Hand #149117159360:  Hold'em Limit ($3/$6 USD) - 2016/02/20 9:32:16 ET
Table 'Ausonia II' 6-max Seat #6 is the button
Seat 2: B_loJkl ($119.96 in chips)
Seat 6: leavila2006 ($41.68 in chips)
leavila2006: posts small blind $1
B_loJkl: posts big blind $3
*** HOLE CARDS ***
leavila2006: raises $3 to $6
B_loJkl: calls $3
*** FLOP *** [7h Jh 9h]
B_loJkl: checks
leavila2006: bets $3
B_loJkl: calls $3
*** TURN *** [7h Jh 9h] [8h]
B_loJkl: checks
leavila2006: checks
*** RIVER *** [7h Jh 9h 8h] [4s]
B_loJkl: bets $6
leavila2006: calls $6
*** SHOW DOWN ***
B_loJkl: shows [6h 4d] (a flush, Jack high)
leavila2006: mucks hand
B_loJkl collected $29.50 from pot
*** SUMMARY ***
Total pot $30 | Rake $0.50
Board [7h Jh 9h 8h 4s]
Seat 2: B_loJkl (big blind) showed [6h 4d] and won ($29.50) with a flush, Jack high
Seat 6: leavila2006 (button) (small blind) mucked


PokerStars Hand #149117194071:  Hold'em Limit ($3/$6 USD) - 2016/02/20 9:33:00 ET
Table 'Ausonia II' 6-max Seat #2 is the button
Seat 2: B_loJkl ($134.46 in chips)
Seat 6: leavila2006 ($26.68 in chips)
B_loJkl: posts small blind $1
leavila2006: posts big blind $3
*** HOLE CARDS ***
B_loJkl: raises $3 to $6
leavila2006: folds
Uncalled bet ($3) returned to B_loJkl
B_loJkl collected $6 from pot
B_loJkl: doesn't show hand
*** SUMMARY ***
Total pot $6 | Rake $0
Seat 2: B_loJkl (button) (small blind) collected ($6)
Seat 6: leavila2006 (big blind) folded before Flop


PokerStars Hand #149117205209:  Hold'em Limit ($3/$6 USD) - 2016/02/20 9:33:14 ET
Table 'Ausonia II' 6-max Seat #6 is the button
Seat 2: B_loJkl ($137.46 in chips)
Seat 6: leavila2006 ($23.68 in chips)
leavila2006: posts small blind $1
B_loJkl: posts big blind $3
*** HOLE CARDS ***
leavila2006: raises $3 to $6
B_loJkl: calls $3
*** FLOP *** [4h Js 6c]
HaekJiu joins the table at seat #3
B_loJkl: checks
leavila2006: bets $3
B_loJkl: calls $3
*** TURN *** [4h Js 6c] [8s]
B_loJkl: checks
leavila2006: bets $6
B_loJkl: folds
Uncalled bet ($6) returned to leavila2006
leavila2006 collected $17.64 from pot
leavila2006: doesn't show hand
*** SUMMARY ***
Total pot $18 | Rake $0.36
Board [4h Js 6c 8s]
Seat 2: B_loJkl (big blind) folded on the Turn
Seat 6: leavila2006 (button) (small blind) collected ($17.64)


PokerStars Hand #149117298843:  Hold'em Limit ($3/$6 USD) - 2016/02/20 9:35:11 ET
Table 'Ausonia II' 6-max Seat #6 is the button
Seat 3: HaekJiu ($99.28 in chips)
Seat 6: leavila2006 ($39.06 in chips)
leavila2006: posts small blind $1
B_loJkl: is sitting out
HaekJiu: posts big blind $3
*** HOLE CARDS ***
B_loJkl leaves the table
leavila2006: calls $2
B_loJkl joins the table at seat #1
HaekJiu: raises $3 to $6
leavila2006: calls $3
*** FLOP *** [Jd 8s 4d]
HaekJiu: bets $3
leavila2006: raises $3 to $6
HaekJiu: calls $3
*** TURN *** [Jd 8s 4d] [Kd]
HaekJiu: checks
leavila2006: bets $6
HaekJiu: calls $6
*** RIVER *** [Jd 8s 4d Kd] [Jh]
HaekJiu: checks
leavila2006: bets $6
HaekJiu: folds
Uncalled bet ($6) returned to leavila2006
leavila2006 collected $35.50 from pot
leavila2006: doesn't show hand
*** SUMMARY ***
Total pot $36 | Rake $0.50
Board [Jd 8s 4d Kd Jh]
Seat 3: HaekJiu (big blind) folded on the River
Seat 6: leavila2006 (button) (small blind) collected ($35.50)


PokerStars Hand #149117328969:  Hold'em Limit ($3/$6 USD) - 2016/02/20 9:35:49 ET
Table 'Ausonia II' 6-max Seat #3 is the button
Seat 3: HaekJiu ($81.28 in chips)
Seat 6: leavila2006 ($56.56 in chips)
HaekJiu: posts small blind $1
leavila2006: posts big blind $3
*** HOLE CARDS ***
HaekJiu: raises $3 to $6
leavila2006: calls $3
*** FLOP *** [9d 7d 6c]
leavila2006: bets $3
HaekJiu: calls $3
*** TURN *** [9d 7d 6c] [2s]
leavila2006: bets $6
HaekJiu: calls $6
*** RIVER *** [9d 7d 6c 2s] [8d]
leavila2006: checks
HaekJiu: checks
*** SHOW DOWN ***
leavila2006: shows [9c Jc] (a pair of Nines)
HaekJiu: mucks hand
leavila2006 collected $29.50 from pot
*** SUMMARY ***
Total pot $30 | Rake $0.50
Board [9d 7d 6c 2s 8d]
Seat 3: HaekJiu (button) (small blind) mucked
Seat 6: leavila2006 (big blind) showed [9c Jc] and won ($29.50) with a pair of Nines


PokerStars Hand #149118421225:  Hold'em Limit ($3/$6 USD) - 2016/02/20 9:58:31 ET
Table 'Ausonia II' 6-max Seat #3 is the button
Seat 2: Kartll11 ($97.86 in chips)
Seat 3: Agrotait ($73 in chips)
Agrotait: posts small blind $1
B_loJkl: is sitting out
Kartll11: posts big blind $3
*** HOLE CARDS ***
Agrotait: raises $3 to $6
Kartll11: raises $3 to $9
Agrotait: calls $3
*** FLOP *** [Jd Ad 9h]
Kartll11: bets $3
Agrotait: calls $3
*** TURN *** [Jd Ad 9h] [8c]
Kartll11: bets $6
Agrotait: calls $6
*** RIVER *** [Jd Ad 9h 8c] [3s]
Kartll11: bets $6
Agrotait: calls $6
*** SHOW DOWN ***
Kartll11: shows [8h Qh] (a pair of Eights)
Agrotait: shows [Jh Kh] (a pair of Jacks)
Agrotait collected $47.50 from pot
*** SUMMARY ***
Total pot $48 | Rake $0.50
Board [Jd Ad 9h 8c 3s]
Seat 2: Kartll11 (big blind) showed [8h Qh] and lost with a pair of Eights
Seat 3: Agrotait (button) (small blind) showed [Jh Kh] and won ($47.50) with a pair of Jacks


PokerStars Hand #149118438074:  Hold'em Limit ($3/$6 USD) - 2016/02/20 9:58:51 ET
Table 'Ausonia II' 6-max Seat #2 is the button
Seat 2: Kartll11 ($73.86 in chips)
Seat 3: Agrotait ($96.50 in chips)
Kartll11: posts small blind $1
Agrotait: posts big blind $3
*** HOLE CARDS ***
Kartll11: raises $3 to $6
Agrotait: calls $3
*** FLOP *** [2s Qd 7d]
Agrotait: checks
Kartll11: bets $3
Agrotait: calls $3
*** TURN *** [2s Qd 7d] [5c]
Agrotait: checks
Kartll11: bets $6
Agrotait: folds
Uncalled bet ($6) returned to Kartll11
Kartll11 collected $17.64 from pot
Kartll11: doesn't show hand
*** SUMMARY ***
Total pot $18 | Rake $0.36
Board [2s Qd 7d 5c]
Seat 2: Kartll11 (button) (small blind) collected ($17.64)
Seat 3: Agrotait (big blind) folded on the Turn


PokerStars Hand #149118460097:  Hold'em Limit ($3/$6 USD) - 2016/02/20 9:59:22 ET
Table 'Ausonia II' 6-max Seat #3 is the button
Seat 2: Kartll11 ($82.50 in chips)
Seat 3: Agrotait ($87.50 in chips)
Agrotait: posts small blind $1
Kartll11: posts big blind $3
*** HOLE CARDS ***
Agrotait: raises $3 to $6
Kartll11: calls $3
*** FLOP *** [9c Kh 4c]
Kartll11: checks
Agrotait: checks
*** TURN *** [9c Kh 4c] [2h]
Kartll11: checks
Agrotait: checks
*** RIVER *** [9c Kh 4c 2h] [Ks]
Kartll11: checks
Agrotait: bets $6
Kartll11: folds
Uncalled bet ($6) returned to Agrotait
Agrotait collected $11.76 from pot
Agrotait: doesn't show hand
*** SUMMARY ***
Total pot $12 | Rake $0.24
Board [9c Kh 4c 2h Ks]
Seat 2: Kartll11 (big blind) folded on the River
Seat 3: Agrotait (button) (small blind) collected ($11.76)


PokerStars Hand #149118470762:  Hold'em Limit ($3/$6 USD) - 2016/02/20 9:59:38 ET
Table 'Ausonia II' 6-max Seat #2 is the button
Seat 2: Kartll11 ($76.50 in chips)
Seat 3: Agrotait ($93.26 in chips)
Kartll11: posts small blind $1
Agrotait: posts big blind $3
*** HOLE CARDS ***
Kartll11: raises $3 to $6
Agrotait: folds
Uncalled bet ($3) returned to Kartll11
Kartll11 collected $6 from pot
Kartll11: doesn't show hand
*** SUMMARY ***
Total pot $6 | Rake $0
Seat 2: Kartll11 (button) (small blind) collected ($6)
Seat 3: Agrotait (big blind) folded before Flop


PokerStars Hand #149118474983:  Hold'em Limit ($3/$6 USD) - 2016/02/20 9:59:44 ET
Table 'Ausonia II' 6-max Seat #3 is the button
Seat 2: Kartll11 ($79.50 in chips)
Seat 3: Agrotait ($90.26 in chips)
Agrotait: posts small blind $1
Kartll11: posts big blind $3
*** HOLE CARDS ***
Agrotait: raises $3 to $6
Kartll11: raises $3 to $9
Agrotait: raises $3 to $12
Betting is capped
Kartll11: calls $3
*** FLOP *** [8h Kd 9h]
Kartll11: checks
Agrotait: bets $3
Kartll11: calls $3
*** TURN *** [8h Kd 9h] [7d]
Kartll11: checks
Agrotait: bets $6
Kartll11: calls $6
*** RIVER *** [8h Kd 9h 7d] [Tc]
Kartll11: checks
Agrotait: bets $6
Kartll11: calls $6
*** SHOW DOWN ***
Agrotait: shows [Ks As] (a pair of Kings)
Kartll11: mucks hand
Agrotait collected $53.50 from pot
*** SUMMARY ***
Total pot $54 | Rake $0.50
Board [8h Kd 9h 7d Tc]
Seat 2: Kartll11 (big blind) mucked
Seat 3: Agrotait (button) (small blind) showed [Ks As] and won ($53.50) with a pair of Kings


PokerStars Hand #149118492731:  Hold'em Limit ($3/$6 USD) - 2016/02/20 10:00:10 ET
Table 'Ausonia II' 6-max Seat #2 is the button
Seat 2: Kartll11 ($52.50 in chips)
Seat 3: Agrotait ($116.76 in chips)
Kartll11: posts small blind $1
Agrotait: posts big blind $3
*** HOLE CARDS ***
Kartll11: raises $3 to $6
Agrotait: calls $3
*** FLOP *** [6d Kc 9s]
Agrotait: checks
Kartll11: bets $3
Agrotait: folds
Uncalled bet ($3) returned to Kartll11
Kartll11 collected $11.76 from pot
Kartll11: doesn't show hand
*** SUMMARY ***
Total pot $12 | Rake $0.24
Board [6d Kc 9s]
Seat 2: Kartll11 (button) (small blind) collected ($11.76)
Seat 3: Agrotait (big blind) folded on the Flop


PokerStars Hand #149118519356:  Hold'em Limit ($3/$6 USD) - 2016/02/20 10:00:48 ET
Table 'Ausonia II' 6-max Seat #2 is the button
Seat 2: Kartll11 ($58.01 in chips)
Seat 3: Agrotait ($110.51 in chips)
Kartll11: posts small blind $1
Agrotait: posts big blind $3
*** HOLE CARDS ***
Kartll11: folds
Uncalled bet ($2) returned to Agrotait
Agrotait collected $2 from pot
Agrotait: doesn't show hand
*** SUMMARY ***
Total pot $2 | Rake $0
Seat 2: Kartll11 (button) (small blind) folded before Flop
Seat 3: Agrotait (big blind) collected ($2)


PokerStars Hand #149118504510:  Hold'em Limit ($3/$6 USD) - 2016/02/20 10:00:27 ET
Table 'Ausonia II' 6-max Seat #3 is the button
Seat 2: Kartll11 ($58.26 in chips)
Seat 3: Agrotait ($110.76 in chips)
Agrotait: posts small blind $1
Kartll11: posts big blind $3
*** HOLE CARDS ***
Agrotait: raises $3 to $6
Kartll11: calls $3
*** FLOP *** [7h 5c Ks]
Kartll11: checks
Agrotait: bets $3
Kartll11: calls $3
*** TURN *** [7h 5c Ks] [Kd]
Kartll11: checks
Agrotait: bets $6
Kartll11: calls $6
*** RIVER *** [7h 5c Ks Kd] [Jd]
Kartll11: checks
Agrotait: bets $6
Kartll11: calls $6
*** SHOW DOWN ***
Agrotait: shows [8h 5s] (two pair, Kings and Fives)
Kartll11: shows [5h Th] (two pair, Kings and Fives)
Kartll11 collected $20.75 from pot
Agrotait collected $20.75 from pot
*** SUMMARY ***
Total pot $42 | Rake $0.50
Board [7h 5c Ks Kd Jd]
Seat 2: Kartll11 (big blind) showed [5h Th] and won ($20.75) with two pair, Kings and Fives
Seat 3: Agrotait (button) (small blind) showed [8h 5s] and won ($20.75) with two pair, Kings and Fives


