PokerStars Hand #174963481889:  Hold'em Limit ($3/$6 USD) - 2017/08/29 19:57:07 ET
Table 'Ausonia' 6-max Seat #3 is the button
Seat 3: ELSUPREMO999 ($120 in chips)
Seat 4: Actionni13 ($150 in chips)
ELSUPREMO999: posts small blind $1
Actionni13: posts big blind $3
*** HOLE CARDS ***
ELSUPREMO999: calls $2
Actionni13: raises $3 to $6
ELSUPREMO999: calls $3
*** FLOP *** [6h Th Ah]
Actionni13: bets $3
ELSUPREMO999: calls $3
*** TURN *** [6h Th Ah] [Jh]
Actionni13: checks
ELSUPREMO999: bets $6
Actionni13: folds
Uncalled bet ($6) returned to ELSUPREMO999
ELSUPREMO999 collected $17.64 from pot
ELSUPREMO999: doesn't show hand
*** SUMMARY ***
Total pot $18 | Rake $0.36
Board [6h Th Ah Jh]
Seat 3: ELSUPREMO999 (button) (small blind) collected ($17.64)
Seat 4: Actionni13 (big blind) folded on the Turn


PokerStars Hand #174963503268:  Hold'em Limit ($3/$6 USD) - 2017/08/29 19:57:56 ET
Table 'Ausonia' 6-max Seat #3 is the button
Seat 3: ELSUPREMO999 ($113.64 in chips)
Seat 4: Actionni13 ($164.50 in chips)
ELSUPREMO999: posts small blind $1
Actionni13: posts big blind $3
*** HOLE CARDS ***
ELSUPREMO999: raises $3 to $6
Actionni13: folds
Uncalled bet ($3) returned to ELSUPREMO999
ELSUPREMO999 collected $6 from pot
ELSUPREMO999: doesn't show hand
*** SUMMARY ***
Total pot $6 | Rake $0
Seat 3: ELSUPREMO999 (button) (small blind) collected ($6)
Seat 4: Actionni13 (big blind) folded before Flop


PokerStars Hand #174963490974:  Hold'em Limit ($3/$6 USD) - 2017/08/29 19:57:28 ET
Table 'Ausonia' 6-max Seat #4 is the button
Seat 3: ELSUPREMO999 ($128.64 in chips)
Seat 4: Actionni13 ($150 in chips)
Actionni13: posts small blind $1
ELSUPREMO999: posts big blind $3
*** HOLE CARDS ***
Actionni13: raises $3 to $6
ELSUPREMO999: calls $3
*** FLOP *** [2d 8h 9c]
ELSUPREMO999: checks
Actionni13: bets $3
ELSUPREMO999: calls $3
*** TURN *** [2d 8h 9c] [3d]
ELSUPREMO999: checks
mistere3 joins the table at seat #6
Actionni13: checks
*** RIVER *** [2d 8h 9c 3d] [Tc]
ELSUPREMO999: bets $6
Actionni13: calls $6
*** SHOW DOWN ***
ELSUPREMO999: shows [7d 9s] (a pair of Nines)
Actionni13: shows [Ts Qd] (a pair of Tens)
Actionni13 collected $29.50 from pot
*** SUMMARY ***
Total pot $30 | Rake $0.50
Board [2d 8h 9c 3d Tc]
Seat 3: ELSUPREMO999 (big blind) showed [7d 9s] and lost with a pair of Nines
Seat 4: Actionni13 (button) (small blind) showed [Ts Qd] and won ($29.50) with a pair of Tens


