PokerStars Hand #147148854115:  Hold'em Limit ($3/$6 USD) - 2016/01/16 14:02:58 ET
Table 'Austrasia' 6-max Seat #2 is the button
Seat 2: PelonCabelao ($126.91 in chips)
Seat 4: RUNNINGMAN70 ($77.25 in chips)
PelonCabelao: posts small blind $1
RUNNINGMAN70: posts big blind $3
*** HOLE CARDS ***
PelonCabelao: raises $3 to $6
RUNNINGMAN70: calls $3
*** FLOP *** [4s 3d Th]
RUNNINGMAN70: checks
PelonCabelao: bets $3
RUNNINGMAN70: calls $3
*** TURN *** [4s 3d Th] [Jh]
RUNNINGMAN70: checks
PelonCabelao: bets $6
RUNNINGMAN70: calls $6
*** RIVER *** [4s 3d Th Jh] [8h]
RUNNINGMAN70: checks
PelonCabelao: bets $6
RUNNINGMAN70: folds
Uncalled bet ($6) returned to PelonCabelao
PelonCabelao collected $29.50 from pot
PelonCabelao: doesn't show hand
*** SUMMARY ***
Total pot $30 | Rake $0.50
Board [4s 3d Th Jh 8h]
Seat 2: PelonCabelao (button) (small blind) collected ($29.50)
Seat 4: RUNNINGMAN70 (big blind) folded on the River


PokerStars Hand #147148891484:  Hold'em Limit ($3/$6 USD) - 2016/01/16 14:03:36 ET
Table 'Austrasia' 6-max Seat #4 is the button
Seat 2: PelonCabelao ($141.41 in chips)
Seat 4: RUNNINGMAN70 ($62.25 in chips)
RUNNINGMAN70: posts small blind $1
PelonCabelao: posts big blind $3
*** HOLE CARDS ***
RUNNINGMAN70: raises $3 to $6
PelonCabelao: calls $3
*** FLOP *** [2d Kc 6d]
PelonCabelao: checks
gabiruboy joins the table at seat #3
RUNNINGMAN70: bets $3
PelonCabelao: raises $3 to $6
RUNNINGMAN70: calls $3
*** TURN *** [2d Kc 6d] [7h]
PelonCabelao: bets $6
RUNNINGMAN70: calls $6
*** RIVER *** [2d Kc 6d 7h] [6c]
PelonCabelao: bets $6
RUNNINGMAN70: calls $6
*** SHOW DOWN ***
PelonCabelao: shows [6h 8d] (three of a kind, Sixes)
RUNNINGMAN70: mucks hand
PelonCabelao collected $47.50 from pot
*** SUMMARY ***
Total pot $48 | Rake $0.50
Board [2d Kc 6d 7h 6c]
Seat 2: PelonCabelao (big blind) showed [6h 8d] and won ($47.50) with three of a kind, Sixes
Seat 4: RUNNINGMAN70 (button) (small blind) mucked


PokerStars Hand #147148975728:  Hold'em Limit ($3/$6 USD) - 2016/01/16 14:05:00 ET
Table 'Austrasia' 6-max Seat #2 is the button
Seat 2: PelonCabelao ($163.91 in chips)
Seat 3: gabiruboy ($45.43 in chips)
Chessnok will be allowed to play after the button
PelonCabelao: posts small blind $1
gabiruboy: posts big blind $3
*** HOLE CARDS ***
PelonCabelao: raises $3 to $6
gabiruboy: calls $3
*** FLOP *** [4c Kc Qc]
gabiruboy: checks
PelonCabelao: bets $3
gabiruboy: calls $3
*** TURN *** [4c Kc Qc] [Jc]
gabiruboy: checks
PelonCabelao: bets $6
gabiruboy: folds
Uncalled bet ($6) returned to PelonCabelao
PelonCabelao collected $17.64 from pot
PelonCabelao: doesn't show hand
*** SUMMARY ***
Total pot $18 | Rake $0.36
Board [4c Kc Qc Jc]
Seat 2: PelonCabelao (button) (small blind) collected ($17.64)
Seat 3: gabiruboy (big blind) folded on the Turn


PokerStars Hand #147149045795:  Hold'em Limit ($3/$6 USD) - 2016/01/16 14:06:10 ET
Table 'Austrasia' 6-max Seat #5 is the button
Seat 3: gabiruboy ($35.43 in chips)
Seat 5: Chessnok ($135.07 in chips)
Chessnok: posts small blind $1
PelonCabelao: is sitting out
gabiruboy: posts big blind $3
*** HOLE CARDS ***
Chessnok: raises $3 to $6
gabiruboy: raises $3 to $9
Chessnok: calls $3
*** FLOP *** [3c 9h As]
gabiruboy: bets $3
Chessnok: folds
Uncalled bet ($3) returned to gabiruboy
gabiruboy collected $17.64 from pot
gabiruboy: doesn't show hand
*** SUMMARY ***
Total pot $18 | Rake $0.36
Board [3c 9h As]
Seat 3: gabiruboy (big blind) collected ($17.64)
Seat 5: Chessnok (button) (small blind) folded on the Flop


PokerStars Hand #147149058884:  Hold'em Limit ($3/$6 USD) - 2016/01/16 14:06:23 ET
Table 'Austrasia' 6-max Seat #3 is the button
Seat 3: gabiruboy ($44.07 in chips)
Seat 5: Chessnok ($126.07 in chips)
gabiruboy: posts small blind $1
Chessnok: posts big blind $3
*** HOLE CARDS ***
gabiruboy: raises $3 to $6
Chessnok: calls $3
*** FLOP *** [8d Js 7d]
Chessnok: checks
gabiruboy: checks
*** TURN *** [8d Js 7d] [4h]
Chessnok: bets $6
gabiruboy: calls $6
*** RIVER *** [8d Js 7d 4h] [Ks]
Chessnok: checks
gabiruboy: checks
*** SHOW DOWN ***
Chessnok: shows [Td 6d] (high card King)
gabiruboy: shows [6c Ac] (high card Ace)
gabiruboy collected $23.52 from pot
*** SUMMARY ***
Total pot $24 | Rake $0.48
Board [8d Js 7d 4h Ks]
Seat 3: gabiruboy (button) (small blind) showed [6c Ac] and won ($23.52) with high card Ace
Seat 5: Chessnok (big blind) showed [Td 6d] and lost with high card King


PokerStars Hand #147149109263:  Hold'em Limit ($3/$6 USD) - 2016/01/16 14:07:14 ET
Table 'Austrasia' 6-max Seat #5 is the button
Seat 3: gabiruboy ($81.85 in chips)
Seat 5: Chessnok ($87.07 in chips)
Chessnok: posts small blind $1
gabiruboy: posts big blind $3
*** HOLE CARDS ***
Chessnok: raises $3 to $6
gabiruboy: calls $3
*** FLOP *** [Jd 7d 5c]
gabiruboy: checks
Chessnok: bets $3
gabiruboy: calls $3
*** TURN *** [Jd 7d 5c] [Qh]
gabiruboy: checks
Chessnok: bets $6
gabiruboy: folds
Uncalled bet ($6) returned to Chessnok
Chessnok collected $17.64 from pot
Chessnok: doesn't show hand
*** SUMMARY ***
Total pot $18 | Rake $0.36
Board [Jd 7d 5c Qh]
Seat 3: gabiruboy (big blind) folded on the Turn
Seat 5: Chessnok (button) (small blind) collected ($17.64)


PokerStars Hand #147149074536:  Hold'em Limit ($3/$6 USD) - 2016/01/16 14:06:39 ET
Table 'Austrasia' 6-max Seat #5 is the button
Seat 3: gabiruboy ($55.59 in chips)
Seat 5: Chessnok ($114.07 in chips)
Chessnok: posts small blind $1
gabiruboy: posts big blind $3
*** HOLE CARDS ***
Chessnok: raises $3 to $6
gabiruboy: calls $3
*** FLOP *** [Qc Ts 7d]
gabiruboy: checks
Chessnok: bets $3
gabiruboy: calls $3
*** TURN *** [Qc Ts 7d] [Ah]
gabiruboy: checks
Chessnok: bets $6
gabiruboy: calls $6
*** RIVER *** [Qc Ts 7d Ah] [Kd]
gabiruboy: checks
Chessnok: bets $6
gabiruboy: calls $6
*** SHOW DOWN ***
Chessnok: shows [2c 9c] (high card Ace)
gabiruboy: shows [7h Kh] (two pair, Kings and Sevens)
gabiruboy collected $41.50 from pot
*** SUMMARY ***
Total pot $42 | Rake $0.50
Board [Qc Ts 7d Ah Kd]
Seat 3: gabiruboy (big blind) showed [7h Kh] and won ($41.50) with two pair, Kings and Sevens
Seat 5: Chessnok (button) (small blind) showed [2c 9c] and lost with high card Ace


PokerStars Hand #147149096843:  Hold'em Limit ($3/$6 USD) - 2016/01/16 14:07:01 ET
Table 'Austrasia' 6-max Seat #3 is the button
Seat 3: gabiruboy ($76.09 in chips)
Seat 5: Chessnok ($93.07 in chips)
gabiruboy: posts small blind $1
Chessnok: posts big blind $3
*** HOLE CARDS ***
gabiruboy: raises $3 to $6
Chessnok: calls $3
*** FLOP *** [Kh Qh 2c]
Chessnok: checks
gabiruboy: bets $3
Chessnok: folds
Uncalled bet ($3) returned to gabiruboy
gabiruboy collected $11.76 from pot
gabiruboy: doesn't show hand
*** SUMMARY ***
Total pot $12 | Rake $0.24
Board [Kh Qh 2c]
Seat 3: gabiruboy (button) (small blind) collected ($11.76)
Seat 5: Chessnok (big blind) folded on the Flop


PokerStars Hand #147149149648:  Hold'em Limit ($3/$6 USD) - 2016/01/16 14:07:54 ET
Table 'Austrasia' 6-max Seat #5 is the button
Seat 3: gabiruboy ($96.35 in chips)
Seat 5: Chessnok ($71.71 in chips)
Chessnok: posts small blind $1
gabiruboy: posts big blind $3
*** HOLE CARDS ***
Chessnok: raises $3 to $6
gabiruboy: calls $3
*** FLOP *** [Kh Ts 7h]
gabiruboy: checks
Chessnok: bets $3
gabiruboy: folds
Uncalled bet ($3) returned to Chessnok
Chessnok collected $11.76 from pot
Chessnok: doesn't show hand
*** SUMMARY ***
Total pot $12 | Rake $0.24
Board [Kh Ts 7h]
Seat 3: gabiruboy (big blind) folded on the Flop
Seat 5: Chessnok (button) (small blind) collected ($11.76)


PokerStars Hand #147149127517:  Hold'em Limit ($3/$6 USD) - 2016/01/16 14:07:32 ET
Table 'Austrasia' 6-max Seat #3 is the button
Seat 3: gabiruboy ($72.85 in chips)
Seat 5: Chessnok ($95.71 in chips)
gabiruboy: posts small blind $1
Chessnok: posts big blind $3
*** HOLE CARDS ***
gabiruboy: raises $3 to $6
Chessnok: calls $3
*** FLOP *** [5s Jh Ks]
Chessnok: checks
gabiruboy: bets $3
Chessnok: raises $3 to $6
gabiruboy: calls $3
*** TURN *** [5s Jh Ks] [8d]
Chessnok: bets $6
gabiruboy: raises $6 to $12
Chessnok: calls $6
*** RIVER *** [5s Jh Ks 8d] [9s]
Chessnok: checks
gabiruboy: checks
*** SHOW DOWN ***
Chessnok: shows [Qc 5c] (a pair of Fives)
gabiruboy: shows [Kh 5h] (two pair, Kings and Fives)
gabiruboy collected $47.50 from pot
*** SUMMARY ***
Total pot $48 | Rake $0.50
Board [5s Jh Ks 8d 9s]
Seat 3: gabiruboy (button) (small blind) showed [Kh 5h] and won ($47.50) with two pair, Kings and Fives
Seat 5: Chessnok (big blind) showed [Qc 5c] and lost with a pair of Fives


PokerStars Hand #147149160458:  Hold'em Limit ($3/$6 USD) - 2016/01/16 14:08:05 ET
Table 'Austrasia' 6-max Seat #3 is the button
Seat 3: gabiruboy ($90.35 in chips)
Seat 5: Chessnok ($77.47 in chips)
gabiruboy: posts small blind $1
Chessnok: posts big blind $3
*** HOLE CARDS ***
gabiruboy: raises $3 to $6
Chessnok: calls $3
*** FLOP *** [Ts Td 2s]
Chessnok: checks
gabiruboy: bets $3
Chessnok: raises $3 to $6
gabiruboy: calls $3
*** TURN *** [Ts Td 2s] [Ks]
Chessnok: bets $6
gabiruboy: raises $6 to $12
Chessnok: calls $6
*** RIVER *** [Ts Td 2s Ks] [4h]
Chessnok: checks
gabiruboy: bets $6
Chessnok: calls $6
*** SHOW DOWN ***
gabiruboy: shows [7c Tc] (three of a kind, Tens)
Chessnok: shows [7s Th] (three of a kind, Tens)
Chessnok collected $29.75 from pot
gabiruboy collected $29.75 from pot
*** SUMMARY ***
Total pot $60 | Rake $0.50
Board [Ts Td 2s Ks 4h]
Seat 3: gabiruboy (button) (small blind) showed [7c Tc] and won ($29.75) with three of a kind, Tens
Seat 5: Chessnok (big blind) showed [7s Th] and won ($29.75) with three of a kind, Tens


PokerStars Hand #147149184646:  Hold'em Limit ($3/$6 USD) - 2016/01/16 14:08:30 ET
Table 'Austrasia' 6-max Seat #5 is the button
Seat 3: gabiruboy ($90.10 in chips)
Seat 5: Chessnok ($77.22 in chips)
Chessnok: posts small blind $1
gabiruboy: posts big blind $3
*** HOLE CARDS ***
ZinZar joins the table at seat #6
Chessnok: raises $3 to $6
gabiruboy: calls $3
*** FLOP *** [5d 4c 6h]
gabiruboy: checks
Chessnok: bets $3
gabiruboy: calls $3
*** TURN *** [5d 4c 6h] [Js]
gabiruboy: checks
Chessnok: bets $6
gabiruboy: calls $6
*** RIVER *** [5d 4c 6h Js] [Th]
gabiruboy: checks
Chessnok: bets $6
gabiruboy: folds
Uncalled bet ($6) returned to Chessnok
Chessnok collected $29.50 from pot
Chessnok: doesn't show hand
*** SUMMARY ***
Total pot $30 | Rake $0.50
Board [5d 4c 6h Js Th]
Seat 3: gabiruboy (big blind) folded on the River
Seat 5: Chessnok (button) (small blind) collected ($29.50)


