PokerStars Hand #152510478286:  Hold'em Limit ($3/$6 USD) - 2016/04/27 6:04:22 ET
Table 'Austrasia' 6-max Seat #2 is the button
Seat 1: MagooLips ($60 in chips)
Seat 2: Agrotait ($72 in chips)
Agrotait: posts small blind $1
TbIP-TbIP 88 has timed out
TbIP-TbIP 88: is sitting out
MagooLips: posts big blind $3
*** HOLE CARDS ***
Agrotait: raises $3 to $6
MagooLips said, "ugh"
MagooLips: calls $3
*** FLOP *** [7s Kh 9s]
MagooLips: checks
TbIP-TbIP 88 leaves the table
Agrotait: bets $3
MagooLips: raises $3 to $6
Ale4o joins the table at seat #3
Agrotait: calls $3
*** TURN *** [7s Kh 9s] [5h]
MagooLips: bets $6
Agrotait: calls $6
*** RIVER *** [7s Kh 9s 5h] [Tc]
MagooLips: checks
Agrotait: bets $6
MagooLips: calls $6
*** SHOW DOWN ***
Agrotait: shows [Ks Qc] (a pair of Kings)
MagooLips: mucks hand
Agrotait collected $47.50 from pot
*** SUMMARY ***
Total pot $48 | Rake $0.50
Board [7s Kh 9s 5h Tc]
Seat 1: MagooLips (big blind) mucked
Seat 2: Agrotait (button) (small blind) showed [Ks Qc] and won ($47.50) with a pair of Kings


