PokerStars Hand #159428558284:  Hold'em Limit ($3/$6 USD) - 2016/10/03 14:15:38 ET
Table 'Austrasia' 6-max Seat #1 is the button
Seat 1: sugarmama888 ($120 in chips)
Seat 2: Krazy90 ($120 in chips)
sugarmama888: posts small blind $1
Krazy90: posts big blind $3
*** HOLE CARDS ***
sugarmama888: raises $3 to $6
Krazy90: calls $3
*** FLOP *** [6c 9c Ts]
Krazy90: checks
sugarmama888: checks
*** TURN *** [6c 9c Ts] [3s]
Krazy90: bets $6
sugarmama888: calls $6
*** RIVER *** [6c 9c Ts 3s] [Qd]
Krazy90: checks
sugarmama888: checks
*** SHOW DOWN ***
Krazy90: shows [5s 6h] (a pair of Sixes)
sugarmama888: shows [4d 9d] (a pair of Nines)
sugarmama888 collected $23.52 from pot
*** SUMMARY ***
Total pot $24 | Rake $0.48
Board [6c 9c Ts 3s Qd]
Seat 1: sugarmama888 (button) (small blind) showed [4d 9d] and won ($23.52) with a pair of Nines
Seat 2: Krazy90 (big blind) showed [5s 6h] and lost with a pair of Sixes


PokerStars Hand #159428587829:  Hold'em Limit ($3/$6 USD) - 2016/10/03 14:16:14 ET
Table 'Austrasia' 6-max Seat #1 is the button
Seat 1: sugarmama888 ($122.52 in chips)
Seat 2: Krazy90 ($128.64 in chips)
sugarmama888: posts small blind $1
Krazy90: posts big blind $3
*** HOLE CARDS ***
sugarmama888: raises $3 to $6
Krazy90: calls $3
*** FLOP *** [7c Kh Qh]
Krazy90: checks
sugarmama888: bets $3
Krazy90: calls $3
*** TURN *** [7c Kh Qh] [6s]
Krazy90: checks
sugarmama888: bets $6
Krazy90: folds
Uncalled bet ($6) returned to sugarmama888
Zenden28 joins the table at seat #4
sugarmama888 collected $17.64 from pot
sugarmama888: doesn't show hand
*** SUMMARY ***
Total pot $18 | Rake $0.36
Board [7c Kh Qh 6s]
Seat 1: sugarmama888 (button) (small blind) collected ($17.64)
Seat 2: Krazy90 (big blind) folded on the Turn


PokerStars Hand #159428577141:  Hold'em Limit ($3/$6 USD) - 2016/10/03 14:16:01 ET
Table 'Austrasia' 6-max Seat #2 is the button
Seat 1: sugarmama888 ($131.52 in chips)
Seat 2: Krazy90 ($120 in chips)
Krazy90: posts small blind $1
sugarmama888: posts big blind $3
*** HOLE CARDS ***
Krazy90: raises $3 to $6
sugarmama888: calls $3
*** FLOP *** [6s 8s 8d]
sugarmama888: checks
Krazy90: bets $3
sugarmama888: calls $3
*** TURN *** [6s 8s 8d] [3c]
sugarmama888: checks
Krazy90: bets $6
TheU10 joins the table at seat #3
sugarmama888: folds
Uncalled bet ($6) returned to Krazy90
Krazy90 collected $17.64 from pot
Krazy90: doesn't show hand
*** SUMMARY ***
Total pot $18 | Rake $0.36
Board [6s 8s 8d 3c]
Seat 1: sugarmama888 (big blind) folded on the Turn
Seat 2: Krazy90 (button) (small blind) collected ($17.64)


PokerStars Hand #159443358821:  Hold'em Limit ($3/$6 USD) - 2016/10/03 19:25:12 ET
Table 'Austrasia' 6-max Seat #2 is the button
Seat 2: rascal_319 ($227.60 in chips)
Seat 5: ToDaFelt ($246.01 in chips)
rascal_319: posts small blind $1
ToDaFelt: posts big blind $3
*** HOLE CARDS ***
rascal_319: folds
Uncalled bet ($2) returned to ToDaFelt
ToDaFelt collected $2 from pot
ToDaFelt: doesn't show hand
*** SUMMARY ***
Total pot $2 | Rake $0
Seat 2: rascal_319 (button) (small blind) folded before Flop
Seat 5: ToDaFelt (big blind) collected ($2)


PokerStars Hand #159443345472:  Hold'em Limit ($3/$6 USD) - 2016/10/03 19:24:49 ET
Table 'Austrasia' 6-max Seat #5 is the button
Seat 2: rascal_319 ($233.60 in chips)
Seat 5: ToDaFelt ($240.25 in chips)
ToDaFelt: posts small blind $1
Great_Kang: is sitting out
AzureCaper: is sitting out
rascal_319: posts big blind $3
*** HOLE CARDS ***
ToDaFelt: raises $3 to $6
AzureCaper leaves the table
rascal_319: calls $3
*** FLOP *** [8s Kc Ad]
rascal_319: checks
ToDaFelt: bets $3
rascal_319: folds
Uncalled bet ($3) returned to ToDaFelt
ToDaFelt collected $11.76 from pot
ToDaFelt: doesn't show hand
*** SUMMARY ***
Total pot $12 | Rake $0.24
Board [8s Kc Ad]
Seat 2: rascal_319 (big blind) folded on the Flop
Seat 5: ToDaFelt (button) (small blind) collected ($11.76)


