PokerStars Hand #176811717083:  Hold'em Limit ($3/$6 USD) - 2017/10/12 7:12:26 ET
Table 'Automedon' 6-max Seat #2 is the button
Seat 1: Helseløs ($226.49 in chips)
Seat 2: AzureCaper ($72 in chips)
AzureCaper: posts small blind $1
Rus29APX: is sitting out
Helseløs: posts big blind $3
*** HOLE CARDS ***
Rus29APX leaves the table
AzureCaper: folds
Uncalled bet ($2) returned to Helseløs
Helseløs collected $2 from pot
*** SUMMARY ***
Total pot $2 | Rake $0
Seat 1: Helseløs (big blind) collected ($2)
Seat 2: AzureCaper (button) (small blind) folded before Flop


PokerStars Hand #176811745751:  Hold'em Limit ($3/$6 USD) - 2017/10/12 7:13:36 ET
Table 'Automedon' 6-max Seat #1 is the button
Seat 1: Helseløs ($230.99 in chips)
Seat 2: AzureCaper ($86.50 in chips)
Helseløs: posts small blind $1
AzureCaper: posts big blind $3
*** HOLE CARDS ***
Helseløs: folds
Uncalled bet ($2) returned to AzureCaper
AzureCaper collected $2 from pot
AzureCaper: doesn't show hand
*** SUMMARY ***
Total pot $2 | Rake $0
Seat 1: Helseløs (button) (small blind) folded before Flop
Seat 2: AzureCaper (big blind) collected ($2)


PokerStars Hand #176811738184:  Hold'em Limit ($3/$6 USD) - 2017/10/12 7:13:17 ET
Table 'Automedon' 6-max Seat #2 is the button
Seat 1: Helseløs ($245.99 in chips)
Seat 2: AzureCaper ($72 in chips)
AzureCaper: posts small blind $1
Helseløs: posts big blind $3
*** HOLE CARDS ***
AzureCaper: raises $3 to $6
Helseløs: calls $3
*** FLOP *** [3s Ah Jh]
Helseløs: checks
AzureCaper: bets $3
Helseløs: calls $3
*** TURN *** [3s Ah Jh] [4h]
Helseløs: checks
AzureCaper: bets $6
Helseløs: calls $6
*** RIVER *** [3s Ah Jh 4h] [6c]
Helseløs: checks
AzureCaper: bets $6
Helseløs: folds
Uncalled bet ($6) returned to AzureCaper
AzureCaper collected $29.50 from pot
AzureCaper: doesn't show hand
*** SUMMARY ***
Total pot $30 | Rake $0.50
Board [3s Ah Jh 4h 6c]
Seat 1: Helseløs (big blind) folded on the River
Seat 2: AzureCaper (button) (small blind) collected ($29.50)


PokerStars Hand #176811735264:  Hold'em Limit ($3/$6 USD) - 2017/10/12 7:13:11 ET
Table 'Automedon' 6-max Seat #1 is the button
Seat 1: Helseløs ($242.99 in chips)
Seat 2: AzureCaper ($72 in chips)
Helseløs: posts small blind $1
AzureCaper: posts big blind $3
*** HOLE CARDS ***
Helseløs: raises $3 to $6
AzureCaper: folds
Uncalled bet ($3) returned to Helseløs
Helseløs collected $6 from pot
*** SUMMARY ***
Total pot $6 | Rake $0
Seat 1: Helseløs (button) (small blind) collected ($6)
Seat 2: AzureCaper (big blind) folded before Flop


PokerStars Hand #176811726087:  Hold'em Limit ($3/$6 USD) - 2017/10/12 7:12:48 ET
Table 'Automedon' 6-max Seat #1 is the button
Seat 1: Helseløs ($227.49 in chips)
Seat 2: AzureCaper ($72 in chips)
Helseløs: posts small blind $1
AzureCaper: posts big blind $3
*** HOLE CARDS ***
Helseløs: raises $3 to $6
AzureCaper: calls $3
*** FLOP *** [7s 5s 2c]
AzureCaper: checks
Helseløs: bets $3
AzureCaper: calls $3
*** TURN *** [7s 5s 2c] [6h]
AzureCaper: checks
Helseløs: bets $6
AzureCaper: calls $6
*** RIVER *** [7s 5s 2c 6h] [Qd]
AzureCaper: checks
Helseløs: bets $6
AzureCaper: folds
Uncalled bet ($6) returned to Helseløs
Helseløs collected $29.50 from pot
*** SUMMARY ***
Total pot $30 | Rake $0.50
Board [7s 5s 2c 6h Qd]
Seat 1: Helseløs (button) (small blind) collected ($29.50)
Seat 2: AzureCaper (big blind) folded on the River


PokerStars Hand #176811747707:  Hold'em Limit ($3/$6 USD) - 2017/10/12 7:13:41 ET
Table 'Automedon' 6-max Seat #2 is the button
Seat 1: Helseløs ($229.99 in chips)
Seat 2: AzureCaper ($87.50 in chips)
AzureCaper: posts small blind $1
Helseløs: posts big blind $3
*** HOLE CARDS ***
AzureCaper: raises $3 to $6
Helseløs: calls $3
*** FLOP *** [Ad 5d Kc]
Helseløs: checks
AzureCaper: bets $3
Helseløs: calls $3
*** TURN *** [Ad 5d Kc] [4h]
Helseløs: checks
AzureCaper: checks
*** RIVER *** [Ad 5d Kc 4h] [3h]
Helseløs: bets $6
AzureCaper: folds
Uncalled bet ($6) returned to Helseløs
Helseløs collected $17.64 from pot
Helseløs: shows [7d 6d] (a straight, Three to Seven)
*** SUMMARY ***
Total pot $18 | Rake $0.36
Board [Ad 5d Kc 4h 3h]
Seat 1: Helseløs (big blind) collected ($17.64)
Seat 2: AzureCaper (button) (small blind) folded on the River


PokerStars Hand #176811770680:  Hold'em Limit ($3/$6 USD) - 2017/10/12 7:14:37 ET
Table 'Automedon' 6-max Seat #1 is the button
Seat 1: Helseløs ($250.13 in chips)
Seat 2: AzureCaper ($80.64 in chips)
Helseløs: posts small blind $1
AzureCaper: posts big blind $3
*** HOLE CARDS ***
Helseløs: folds
Uncalled bet ($2) returned to AzureCaper
AzureCaper collected $2 from pot
AzureCaper: doesn't show hand
*** SUMMARY ***
Total pot $2 | Rake $0
Seat 1: Helseløs (button) (small blind) folded before Flop
Seat 2: AzureCaper (big blind) collected ($2)


PokerStars Hand #176811760271:  Hold'em Limit ($3/$6 USD) - 2017/10/12 7:14:12 ET
Table 'Automedon' 6-max Seat #2 is the button
Seat 1: Helseløs ($259.13 in chips)
Seat 2: AzureCaper ($72 in chips)
AzureCaper: posts small blind $1
Helseløs: posts big blind $3
*** HOLE CARDS ***
AzureCaper: raises $3 to $6
Helseløs: calls $3
*** FLOP *** [As 4d 7c]
Helseløs: checks
AzureCaper: bets $3
Helseløs: calls $3
*** TURN *** [As 4d 7c] [Ah]
Helseløs: checks
AzureCaper: checks
*** RIVER *** [As 4d 7c Ah] [3d]
Helseløs: checks
AzureCaper: checks
*** SHOW DOWN ***
Helseløs: shows [8s 6c] (a pair of Aces)
AzureCaper: shows [Qc Td] (a pair of Aces - Queen kicker)
AzureCaper collected $17.64 from pot
*** SUMMARY ***
Total pot $18 | Rake $0.36
Board [As 4d 7c Ah 3d]
Seat 1: Helseløs (big blind) showed [8s 6c] and lost with a pair of Aces
Seat 2: AzureCaper (button) (small blind) showed [Qc Td] and won ($17.64) with a pair of Aces


PokerStars Hand #176811774932:  Hold'em Limit ($3/$6 USD) - 2017/10/12 7:14:48 ET
Table 'Automedon' 6-max Seat #1 is the button
Seat 1: Helseløs ($250.13 in chips)
Seat 2: AzureCaper ($80.64 in chips)
Helseløs: posts small blind $1
AzureCaper: posts big blind $3
*** HOLE CARDS ***
Helseløs: folds
Uncalled bet ($2) returned to AzureCaper
AzureCaper collected $2 from pot
AzureCaper: doesn't show hand
*** SUMMARY ***
Total pot $2 | Rake $0
Seat 1: Helseløs (button) (small blind) folded before Flop
Seat 2: AzureCaper (big blind) collected ($2)


PokerStars Hand #176811753648:  Hold'em Limit ($3/$6 USD) - 2017/10/12 7:13:55 ET
Table 'Automedon' 6-max Seat #1 is the button
Seat 1: Helseløs ($238.63 in chips)
Seat 2: AzureCaper ($78.50 in chips)
Helseløs: posts small blind $1
AzureCaper: posts big blind $3
*** HOLE CARDS ***
Helseløs: raises $3 to $6
AzureCaper: calls $3
*** FLOP *** [6d 4h 5c]
AzureCaper: checks
Helseløs: bets $3
AzureCaper: calls $3
*** TURN *** [6d 4h 5c] [7d]
AzureCaper: checks
Helseløs: bets $6
AzureCaper: calls $6
*** RIVER *** [6d 4h 5c 7d] [7c]
AzureCaper: checks
Helseløs: bets $6
AzureCaper: calls $6
*** SHOW DOWN ***
Helseløs: shows [Ah 4s] (two pair, Sevens and Fours)
AzureCaper: mucks hand
Helseløs collected $41.50 from pot
*** SUMMARY ***
Total pot $42 | Rake $0.50
Board [6d 4h 5c 7d 7c]
Seat 1: Helseløs (button) (small blind) showed [Ah 4s] and won ($41.50) with two pair, Sevens and Fours
Seat 2: AzureCaper (big blind) mucked


PokerStars Hand #176811783927:  Hold'em Limit ($3/$6 USD) - 2017/10/12 7:15:09 ET
Table 'Automedon' 6-max Seat #1 is the button
Seat 1: Helseløs ($250.13 in chips)
Seat 2: AzureCaper ($80.64 in chips)
Helseløs: posts small blind $1
AzureCaper: posts big blind $3
*** HOLE CARDS ***
Helseløs: raises $3 to $6
AzureCaper: calls $3
*** FLOP *** [8s Qs Kc]
AzureCaper: checks
Helseløs: bets $3
AzureCaper: folds
Uncalled bet ($3) returned to Helseløs
Helseløs collected $11.76 from pot
*** SUMMARY ***
Total pot $12 | Rake $0.24
Board [8s Qs Kc]
Seat 1: Helseløs (button) (small blind) collected ($11.76)
Seat 2: AzureCaper (big blind) folded on the Flop


PokerStars Hand #176811787569:  Hold'em Limit ($3/$6 USD) - 2017/10/12 7:15:19 ET
Table 'Automedon' 6-max Seat #2 is the button
Seat 1: Helseløs ($255.89 in chips)
Seat 2: AzureCaper ($74.64 in chips)
AzureCaper: posts small blind $1
Helseløs: posts big blind $3
*** HOLE CARDS ***
AzureCaper: raises $3 to $6
Helseløs: calls $3
*** FLOP *** [6c 2s 4d]
Helseløs: checks
AzureCaper: bets $3
Helseløs: folds
Uncalled bet ($3) returned to AzureCaper
AzureCaper collected $11.76 from pot
AzureCaper: doesn't show hand
*** SUMMARY ***
Total pot $12 | Rake $0.24
Board [6c 2s 4d]
Seat 1: Helseløs (big blind) folded on the Flop
Seat 2: AzureCaper (button) (small blind) collected ($11.76)


PokerStars Hand #176811780593:  Hold'em Limit ($3/$6 USD) - 2017/10/12 7:15:02 ET
Table 'Automedon' 6-max Seat #2 is the button
Seat 1: Helseløs ($249.13 in chips)
Seat 2: AzureCaper ($81.64 in chips)
AzureCaper: posts small blind $1
Helseløs: posts big blind $3
*** HOLE CARDS ***
AzureCaper: folds
Uncalled bet ($2) returned to Helseløs
Helseløs collected $2 from pot
*** SUMMARY ***
Total pot $2 | Rake $0
Seat 1: Helseløs (big blind) collected ($2)
Seat 2: AzureCaper (button) (small blind) folded before Flop


PokerStars Hand #176811792391:  Hold'em Limit ($3/$6 USD) - 2017/10/12 7:15:30 ET
Table 'Automedon' 6-max Seat #1 is the button
Seat 1: Helseløs ($249.89 in chips)
Seat 2: AzureCaper ($80.40 in chips)
Helseløs: posts small blind $1
AzureCaper: posts big blind $3
*** HOLE CARDS ***
Helseløs: raises $3 to $6
AzureCaper: calls $3
*** FLOP *** [7d 9s Jc]
AzureCaper: checks
Helseløs: bets $3
AzureCaper: calls $3
*** TURN *** [7d 9s Jc] [2c]
AzureCaper: checks
Helseløs: bets $6
AzureCaper: calls $6
*** RIVER *** [7d 9s Jc 2c] [4c]
AzureCaper: checks
Helseløs: bets $6
AzureCaper: folds
Uncalled bet ($6) returned to Helseløs
Helseløs collected $29.50 from pot
*** SUMMARY ***
Total pot $30 | Rake $0.50
Board [7d 9s Jc 2c 4c]
Seat 1: Helseløs (button) (small blind) collected ($29.50)
Seat 2: AzureCaper (big blind) folded on the River


PokerStars Hand #176811778698:  Hold'em Limit ($3/$6 USD) - 2017/10/12 7:14:57 ET
Table 'Automedon' 6-max Seat #1 is the button
Seat 1: Helseløs ($250.13 in chips)
Seat 2: AzureCaper ($80.64 in chips)
Helseløs: posts small blind $1
AzureCaper: posts big blind $3
*** HOLE CARDS ***
Helseløs: folds
Uncalled bet ($2) returned to AzureCaper
AzureCaper collected $2 from pot
AzureCaper: doesn't show hand
*** SUMMARY ***
Total pot $2 | Rake $0
Seat 1: Helseløs (button) (small blind) folded before Flop
Seat 2: AzureCaper (big blind) collected ($2)


PokerStars Hand #176811805499:  Hold'em Limit ($3/$6 USD) - 2017/10/12 7:16:02 ET
Table 'Automedon' 6-max Seat #1 is the button
Seat 1: Helseløs ($270.15 in chips)
Seat 2: AzureCaper ($72 in chips)
Helseløs: posts small blind $1
AzureCaper: posts big blind $3
*** HOLE CARDS ***
Helseløs: raises $3 to $6
AzureCaper: calls $3
*** FLOP *** [Qs 8d Jh]
AzureCaper: checks
Helseløs: checks
*** TURN *** [Qs 8d Jh] [5h]
AzureCaper: checks
Helseløs: bets $6
AzureCaper: folds
Uncalled bet ($6) returned to Helseløs
Helseløs collected $11.76 from pot
*** SUMMARY ***
Total pot $12 | Rake $0.24
Board [Qs 8d Jh 5h]
Seat 1: Helseløs (button) (small blind) collected ($11.76)
Seat 2: AzureCaper (big blind) folded on the Turn


PokerStars Hand #176812096309:  Hold'em Limit ($3/$6 USD) - 2017/10/12 7:27:51 ET
Table 'Automedon' 6-max Seat #4 is the button
Seat 3: ZOGI ($64.73 in chips)
Seat 4: VolkovDmitri ($120 in chips)
VolkovDmitri: posts small blind $1
ZOGI: posts big blind $3
*** HOLE CARDS ***
VolkovDmitri: raises $3 to $6
ZOGI: raises $3 to $9
VolkovDmitri: calls $3
*** FLOP *** [Ks 5c Td]
ZOGI: bets $3
VolkovDmitri: calls $3
*** TURN *** [Ks 5c Td] [2c]
ZOGI: bets $6
VolkovDmitri: calls $6
*** RIVER *** [Ks 5c Td 2c] [2d]
ZOGI: bets $6
VolkovDmitri: calls $6
*** SHOW DOWN ***
ZOGI: shows [Qh Ad] (a pair of Deuces)
VolkovDmitri: shows [8c Ts] (two pair, Tens and Deuces)
VolkovDmitri collected $47.50 from pot
*** SUMMARY ***
Total pot $48 | Rake $0.50
Board [Ks 5c Td 2c 2d]
Seat 3: ZOGI (big blind) showed [Qh Ad] and lost with a pair of Deuces
Seat 4: VolkovDmitri (button) (small blind) showed [8c Ts] and won ($47.50) with two pair, Tens and Deuces


PokerStars Hand #176812086028:  Hold'em Limit ($3/$6 USD) - 2017/10/12 7:27:26 ET
Table 'Automedon' 6-max Seat #3 is the button
Seat 3: ZOGI ($56.09 in chips)
Seat 4: VolkovDmitri ($120 in chips)
ZOGI: posts small blind $1
VolkovDmitri: posts big blind $3
*** HOLE CARDS ***
ZOGI: calls $2
VolkovDmitri: raises $3 to $6
ZOGI: calls $3
*** FLOP *** [Qd Ac 2h]
VolkovDmitri: bets $3
ZOGI: calls $3
*** TURN *** [Qd Ac 2h] [8s]
VolkovDmitri: checks
ZOGI: bets $6
VolkovDmitri: folds
Uncalled bet ($6) returned to ZOGI
ZOGI collected $17.64 from pot
*** SUMMARY ***
Total pot $18 | Rake $0.36
Board [Qd Ac 2h 8s]
Seat 3: ZOGI (button) (small blind) collected ($17.64)
Seat 4: VolkovDmitri (big blind) folded on the Turn


PokerStars Hand #176812110615:  Hold'em Limit ($3/$6 USD) - 2017/10/12 7:28:26 ET
Table 'Automedon' 6-max Seat #3 is the button
Seat 3: ZOGI ($40.73 in chips)
Seat 4: VolkovDmitri ($143.50 in chips)
ZOGI: posts small blind $1
VolkovDmitri: posts big blind $3
*** HOLE CARDS ***
AzureCaper joins the table at seat #5
ZOGI: folds
Uncalled bet ($2) returned to VolkovDmitri
VolkovDmitri collected $2 from pot
VolkovDmitri: doesn't show hand
*** SUMMARY ***
Total pot $2 | Rake $0
Seat 3: ZOGI (button) (small blind) folded before Flop
Seat 4: VolkovDmitri (big blind) collected ($2)


PokerStars Hand #176812972201:  Hold'em Limit ($3/$6 USD) - 2017/10/12 8:02:54 ET
Table 'Automedon' 6-max Seat #6 is the button
Seat 1: aade1ante ($204.47 in chips)
Seat 6: nedo1414 ($189.27 in chips)
nedo1414: posts small blind $1
aade1ante: posts big blind $3
*** HOLE CARDS ***
nedo1414: raises $3 to $6
aade1ante: calls $3
*** FLOP *** [7s Ks Qh]
aade1ante: checks
nedo1414: bets $3
aade1ante: folds
Uncalled bet ($3) returned to nedo1414
nedo1414 collected $11.76 from pot
nedo1414: doesn't show hand
*** SUMMARY ***
Total pot $12 | Rake $0.24
Board [7s Ks Qh]
Seat 1: aade1ante (big blind) folded on the Flop
Seat 6: nedo1414 (button) (small blind) collected ($11.76)


PokerStars Hand #176813006409:  Hold'em Limit ($3/$6 USD) - 2017/10/12 8:04:13 ET
Table 'Automedon' 6-max Seat #1 is the button
Seat 1: Scheubi88 ($121 in chips)
Seat 6: nedo1414 ($205.55 in chips)
Scheubi88: posts small blind $1
nedo1414: posts big blind $3
*** HOLE CARDS ***
Scheubi88: raises $3 to $6
nedo1414: raises $3 to $9
Scheubi88: calls $3
*** FLOP *** [8c 5c 6d]
nedo1414: bets $3
Scheubi88: calls $3
*** TURN *** [8c 5c 6d] [4c]
nedo1414: bets $6
Scheubi88: raises $6 to $12
nedo1414: calls $6
*** RIVER *** [8c 5c 6d 4c] [Qs]
nedo1414: checks
Scheubi88: bets $6
nedo1414: calls $6
*** SHOW DOWN ***
Scheubi88: shows [7d 4s] (a straight, Four to Eight)
nedo1414: mucks hand
Scheubi88 collected $59.50 from pot
*** SUMMARY ***
Total pot $60 | Rake $0.50
Board [8c 5c 6d 4c Qs]
Seat 1: Scheubi88 (button) (small blind) showed [7d 4s] and won ($59.50) with a straight, Four to Eight
Seat 6: nedo1414 (big blind) mucked


PokerStars Hand #176813004317:  Hold'em Limit ($3/$6 USD) - 2017/10/12 8:04:08 ET
Table 'Automedon' 6-max Seat #6 is the button
Seat 1: Scheubi88 ($120 in chips)
Seat 6: nedo1414 ($206.55 in chips)
nedo1414: posts small blind $1
Scheubi88: posts big blind $3
*** HOLE CARDS ***
nedo1414: folds
Uncalled bet ($2) returned to Scheubi88
Scheubi88 collected $2 from pot
Scheubi88: doesn't show hand
*** SUMMARY ***
Total pot $2 | Rake $0
Seat 1: Scheubi88 (big blind) collected ($2)
Seat 6: nedo1414 (button) (small blind) folded before Flop


PokerStars Hand #176812981249:  Hold'em Limit ($3/$6 USD) - 2017/10/12 8:03:14 ET
Table 'Automedon' 6-max Seat #1 is the button
Seat 1: aade1ante ($198.47 in chips)
Seat 6: nedo1414 ($195.03 in chips)
aade1ante: posts small blind $1
nedo1414: posts big blind $3
*** HOLE CARDS ***
aade1ante: raises $3 to $6
nedo1414: raises $3 to $9
aade1ante: calls $3
*** FLOP *** [2d Th Ac]
nedo1414: checks
breich90 leaves the table
aade1ante: bets $3
nedo1414: calls $3
*** TURN *** [2d Th Ac] [3d]
nedo1414: checks
aade1ante: checks
*** RIVER *** [2d Th Ac 3d] [4d]
nedo1414: bets $6
pokertriss leaves the table
aade1ante: folds
Uncalled bet ($6) returned to nedo1414
nedo1414 collected $23.52 from pot
nedo1414: doesn't show hand
*** SUMMARY ***
Total pot $24 | Rake $0.48
Board [2d Th Ac 3d 4d]
Seat 1: aade1ante (button) (small blind) folded on the River
Seat 6: nedo1414 (big blind) collected ($23.52)


PokerStars Hand #176813023882:  Hold'em Limit ($3/$6 USD) - 2017/10/12 8:04:53 ET
Table 'Automedon' 6-max Seat #6 is the button
Seat 1: Scheubi88 ($183 in chips)
Seat 6: nedo1414 ($142.55 in chips)
nedo1414: posts small blind $1
Scheubi88: posts big blind $3
*** HOLE CARDS ***
nedo1414: raises $3 to $6
Scheubi88: raises $3 to $9
nedo1414: raises $3 to $12
Betting is capped
Scheubi88: calls $3
*** FLOP *** [Jc 8s Qs]
Scheubi88: checks
nedo1414: bets $3
Scheubi88: calls $3
*** TURN *** [Jc 8s Qs] [9s]
Scheubi88: checks
nedo1414: checks
*** RIVER *** [Jc 8s Qs 9s] [4s]
Scheubi88: checks
nedo1414: checks
Robisss3 joins the table at seat #5
*** SHOW DOWN ***
Scheubi88: shows [7d Ad] (high card Ace)
nedo1414: shows [5h 5c] (a pair of Fives)
nedo1414 collected $29.50 from pot
*** SUMMARY ***
Total pot $30 | Rake $0.50
Board [Jc 8s Qs 9s 4s]
Seat 1: Scheubi88 (big blind) showed [7d Ad] and lost with high card Ace
Seat 6: nedo1414 (button) (small blind) showed [5h 5c] and won ($29.50) with a pair of Fives


PokerStars Hand #176813020849:  Hold'em Limit ($3/$6 USD) - 2017/10/12 8:04:46 ET
Table 'Automedon' 6-max Seat #1 is the button
Seat 1: Scheubi88 ($180 in chips)
Seat 6: nedo1414 ($145.55 in chips)
Scheubi88: posts small blind $1
nedo1414: posts big blind $3
*** HOLE CARDS ***
Scheubi88: raises $3 to $6
nedo1414: folds
Uncalled bet ($3) returned to Scheubi88
Scheubi88 collected $6 from pot
Scheubi88: doesn't show hand
*** SUMMARY ***
Total pot $6 | Rake $0
Seat 1: Scheubi88 (button) (small blind) collected ($6)
Seat 6: nedo1414 (big blind) folded before Flop


PokerStars Hand #176813013616:  Hold'em Limit ($3/$6 USD) - 2017/10/12 8:04:29 ET
Table 'Automedon' 6-max Seat #6 is the button
Seat 1: Scheubi88 ($150.50 in chips)
Seat 6: nedo1414 ($175.55 in chips)
nedo1414: posts small blind $1
Scheubi88: posts big blind $3
*** HOLE CARDS ***
nedo1414: raises $3 to $6
Scheubi88: raises $3 to $9
nedo1414: raises $3 to $12
Betting is capped
Scheubi88: calls $3
*** FLOP *** [As Qh Ah]
Scheubi88: checks
nedo1414: checks
*** TURN *** [As Qh Ah] [2d]
Scheubi88: checks
nedo1414: bets $6
Scheubi88: calls $6
*** RIVER *** [As Qh Ah 2d] [3d]
Scheubi88: checks
nedo1414: bets $6
Scheubi88: raises $6 to $12
nedo1414: calls $6
*** SHOW DOWN ***
Scheubi88: shows [3s 3h] (a full house, Threes full of Aces)
nedo1414: mucks hand
Scheubi88 collected $59.50 from pot
*** SUMMARY ***
Total pot $60 | Rake $0.50
Board [As Qh Ah 2d 3d]
Seat 1: Scheubi88 (big blind) showed [3s 3h] and won ($59.50) with a full house, Threes full of Aces
Seat 6: nedo1414 (button) (small blind) mucked


PokerStars Hand #176813518093:  Hold'em Limit ($3/$6 USD) - 2017/10/12 8:23:23 ET
Table 'Automedon' 6-max Seat #2 is the button
Seat 1: Scheubi88 ($89.18 in chips)
Seat 2: LouisB ($137.27 in chips)
LouisB: posts small blind $1
nedo1414: is sitting out
Scheubi88: posts big blind $3
*** HOLE CARDS ***
LouisB: folds
Uncalled bet ($2) returned to Scheubi88
Scheubi88 collected $2 from pot
Scheubi88: doesn't show hand
*** SUMMARY ***
Total pot $2 | Rake $0
Seat 1: Scheubi88 (big blind) collected ($2)
Seat 2: LouisB (button) (small blind) folded before Flop


PokerStars Hand #176813574039:  Hold'em Limit ($3/$6 USD) - 2017/10/12 8:25:26 ET
Table 'Automedon' 6-max Seat #6 is the button
Seat 1: Scheubi88 ($81.18 in chips)
Seat 6: nedo1414 ($200.20 in chips)
nedo1414: posts small blind $1
Scheubi88: posts big blind $3
*** HOLE CARDS ***
nedo1414: folds
Uncalled bet ($2) returned to Scheubi88
Scheubi88 collected $2 from pot
Scheubi88: doesn't show hand
*** SUMMARY ***
Total pot $2 | Rake $0
Seat 1: Scheubi88 (big blind) collected ($2)
Seat 6: nedo1414 (button) (small blind) folded before Flop


PokerStars Hand #176813565483:  Hold'em Limit ($3/$6 USD) - 2017/10/12 8:25:07 ET
Table 'Automedon' 6-max Seat #1 is the button
Seat 1: Scheubi88 ($90.18 in chips)
Seat 6: nedo1414 ($191.56 in chips)
Scheubi88: posts small blind $1
nedo1414: posts big blind $3
*** HOLE CARDS ***
Scheubi88: raises $3 to $6
nedo1414: calls $3
*** FLOP *** [Jh 8s Tc]
nedo1414: checks
Robisss3 is disconnected
Scheubi88: bets $3
nedo1414: calls $3
*** TURN *** [Jh 8s Tc] [4s]
nedo1414: checks
Scheubi88: checks
*** RIVER *** [Jh 8s Tc 4s] [6c]
nedo1414: bets $6
Scheubi88: folds
Uncalled bet ($6) returned to nedo1414
nedo1414 collected $17.64 from pot
nedo1414: doesn't show hand
*** SUMMARY ***
Total pot $18 | Rake $0.36
Board [Jh 8s Tc 4s 6c]
Seat 1: Scheubi88 (button) (small blind) folded on the River
Seat 6: nedo1414 (big blind) collected ($17.64)


PokerStars Hand #176813581585:  Hold'em Limit ($3/$6 USD) - 2017/10/12 8:25:42 ET
Table 'Automedon' 6-max Seat #6 is the button
Seat 1: Scheubi88 ($90.82 in chips)
Seat 6: nedo1414 ($190.20 in chips)
nedo1414: posts small blind $1
Scheubi88: posts big blind $3
*** HOLE CARDS ***
nedo1414: folds
Uncalled bet ($2) returned to Scheubi88
Scheubi88 collected $2 from pot
Scheubi88: doesn't show hand
*** SUMMARY ***
Total pot $2 | Rake $0
Seat 1: Scheubi88 (big blind) collected ($2)
Seat 6: nedo1414 (button) (small blind) folded before Flop


PokerStars Hand #176813576306:  Hold'em Limit ($3/$6 USD) - 2017/10/12 8:25:31 ET
Table 'Automedon' 6-max Seat #1 is the button
Seat 1: Scheubi88 ($82.18 in chips)
Seat 6: nedo1414 ($199.20 in chips)
Scheubi88: posts small blind $1
nedo1414: posts big blind $3
*** HOLE CARDS ***
Scheubi88: raises $3 to $6
nedo1414: calls $3
*** FLOP *** [5c 7d 3d]
nedo1414: checks
Scheubi88: bets $3
nedo1414: calls $3
*** TURN *** [5c 7d 3d] [3s]
nedo1414: checks
Scheubi88: bets $6
nedo1414: folds
Uncalled bet ($6) returned to Scheubi88
Scheubi88 collected $17.64 from pot
Scheubi88: doesn't show hand
*** SUMMARY ***
Total pot $18 | Rake $0.36
Board [5c 7d 3d 3s]
Seat 1: Scheubi88 (button) (small blind) collected ($17.64)
Seat 6: nedo1414 (big blind) folded on the Turn


PokerStars Hand #176814482893:  Hold'em Limit ($3/$6 USD) - 2017/10/12 8:58:06 ET
Table 'Automedon' 6-max Seat #1 is the button
Seat 1: Psynto ($72 in chips)
Seat 3: uglyghost101 ($168 in chips)
Psynto: posts small blind $1
uglyghost101: posts big blind $3
*** HOLE CARDS ***
WillieG777 joins the table at seat #4
Psynto: raises $3 to $6
jackRizzar joins the table at seat #5
uglyghost101: calls $3
*** FLOP *** [8d Qd Qh]
uglyghost101: checks
Psynto: bets $3
uglyghost101: calls $3
*** TURN *** [8d Qd Qh] [Ad]
uglyghost101: bets $6
Psynto: folds
Uncalled bet ($6) returned to uglyghost101
uglyghost101 collected $17.64 from pot
uglyghost101: doesn't show hand
*** SUMMARY ***
Total pot $18 | Rake $0.36
Board [8d Qd Qh Ad]
Seat 1: Psynto (button) (small blind) folded on the Turn
Seat 3: uglyghost101 (big blind) collected ($17.64)


PokerStars Hand #176815530691:  Hold'em Limit ($3/$6 USD) - 2017/10/12 9:32:54 ET
Table 'Automedon' 6-max Seat #5 is the button
Seat 3: uglyghost101 ($180.57 in chips)
Seat 5: jackRizzar ($283.37 in chips)
jackRizzar: posts small blind $1
uglyghost101: posts big blind $3
*** HOLE CARDS ***
jackRizzar: raises $3 to $6
uglyghost101: calls $3
*** FLOP *** [Tc Js Kd]
hookonhook joins the table at seat #4
uglyghost101: bets $3
jackRizzar: calls $3
*** TURN *** [Tc Js Kd] [5c]
uglyghost101: bets $6
jackRizzar: raises $6 to $12
uglyghost101: folds
Uncalled bet ($6) returned to jackRizzar
jackRizzar collected $29.50 from pot
jackRizzar: doesn't show hand
*** SUMMARY ***
Total pot $30 | Rake $0.50
Board [Tc Js Kd 5c]
Seat 3: uglyghost101 (big blind) folded on the Turn
Seat 5: jackRizzar (button) (small blind) collected ($29.50)


PokerStars Hand #176815513173:  Hold'em Limit ($3/$6 USD) - 2017/10/12 9:32:21 ET
Table 'Automedon' 6-max Seat #3 is the button
Seat 3: uglyghost101 ($204.57 in chips)
Seat 5: jackRizzar ($259.87 in chips)
uglyghost101: posts small blind $1
jackRizzar: posts big blind $3
*** HOLE CARDS ***
uglyghost101: raises $3 to $6
jackRizzar: raises $3 to $9
uglyghost101: calls $3
*** FLOP *** [Jh Th 8d]
jackRizzar: bets $3
uglyghost101: raises $3 to $6
jackRizzar: raises $3 to $9
uglyghost101: calls $3
*** TURN *** [Jh Th 8d] [6c]
jackRizzar: bets $6
uglyghost101: calls $6
*** RIVER *** [Jh Th 8d 6c] [Ks]
jackRizzar: bets $6
uglyghost101: folds
Uncalled bet ($6) returned to jackRizzar
jackRizzar collected $47.50 from pot
jackRizzar: doesn't show hand
*** SUMMARY ***
Total pot $48 | Rake $0.50
Board [Jh Th 8d 6c Ks]
Seat 3: uglyghost101 (button) (small blind) folded on the River
Seat 5: jackRizzar (big blind) collected ($47.50)


PokerStars Hand #176818653288:  Hold'em Limit ($3/$6 USD) - 2017/10/12 11:08:56 ET
Table 'Automedon' 6-max Seat #4 is the button
Seat 1: astonvilla87 ($768.23 in chips)
Seat 4: hookonhook ($102.05 in chips)
hookonhook: posts small blind $1
Pelurile: is sitting out
astonvilla87: posts big blind $3
*** HOLE CARDS ***
hookonhook: raises $3 to $6
Pelurile leaves the table
astonvilla87: raises $3 to $9
hookonhook: calls $3
*** FLOP *** [4h Ad Qh]
astonvilla87: bets $3
hookonhook: calls $3
*** TURN *** [4h Ad Qh] [8d]
astonvilla87: bets $6
hookonhook: raises $6 to $12
astonvilla87: calls $6
*** RIVER *** [4h Ad Qh 8d] [6d]
astonvilla87: checks
hookonhook: bets $6
astonvilla87: calls $6
*** SHOW DOWN ***
hookonhook: shows [8c As] (two pair, Aces and Eights)
astonvilla87: mucks hand
hookonhook collected $59.50 from pot
*** SUMMARY ***
Total pot $60 | Rake $0.50
Board [4h Ad Qh 8d 6d]
Seat 1: astonvilla87 (big blind) mucked
Seat 4: hookonhook (button) (small blind) showed [8c As] and won ($59.50) with two pair, Aces and Eights


PokerStars Hand #176820324355:  Hold'em Limit ($3/$6 USD) - 2017/10/12 11:54:35 ET
Table 'Automedon' 6-max Seat #5 is the button
Seat 3: rascal_319 ($79 in chips)
Seat 5: uglyghost101 ($111 in chips)
uglyghost101: posts small blind $1
vestimokrec: is sitting out
rascal_319: posts big blind $3
*** HOLE CARDS ***
uglyghost101: raises $3 to $6
vestimokrec leaves the table
rascal_319: folds
Uncalled bet ($3) returned to uglyghost101
uglyghost101 collected $6 from pot
uglyghost101: doesn't show hand
*** SUMMARY ***
Total pot $6 | Rake $0
Seat 3: rascal_319 (big blind) folded before Flop
Seat 5: uglyghost101 (button) (small blind) collected ($6)


PokerStars Hand #176820357477:  Hold'em Limit ($3/$6 USD) - 2017/10/12 11:55:32 ET
Table 'Automedon' 6-max Seat #5 is the button
Seat 3: rascal_319 ($84.64 in chips)
Seat 5: uglyghost101 ($105 in chips)
uglyghost101: posts small blind $1
rascal_319: posts big blind $3
*** HOLE CARDS ***
uglyghost101: raises $3 to $6
rascal_319: folds
Uncalled bet ($3) returned to uglyghost101
uglyghost101 collected $6 from pot
uglyghost101: doesn't show hand
*** SUMMARY ***
Total pot $6 | Rake $0
Seat 3: rascal_319 (big blind) folded before Flop
Seat 5: uglyghost101 (button) (small blind) collected ($6)


PokerStars Hand #176820334492:  Hold'em Limit ($3/$6 USD) - 2017/10/12 11:54:52 ET
Table 'Automedon' 6-max Seat #3 is the button
Seat 3: rascal_319 ($76 in chips)
Seat 5: uglyghost101 ($114 in chips)
rascal_319: posts small blind $1
uglyghost101: posts big blind $3
*** HOLE CARDS ***
rascal_319 is connected
rascal_319: raises $3 to $6
uglyghost101: calls $3
*** FLOP *** [Tc 7s 8c]
uglyghost101: bets $3
rascal_319: calls $3
*** TURN *** [Tc 7s 8c] [3h]
uglyghost101: checks
rascal_319: checks
*** RIVER *** [Tc 7s 8c 3h] [2c]
uglyghost101: checks
rascal_319: checks
*** SHOW DOWN ***
uglyghost101: shows [5h 9h] (high card Ten)
rascal_319: shows [6c 6h] (a pair of Sixes)
rascal_319 collected $17.64 from pot
*** SUMMARY ***
Total pot $18 | Rake $0.36
Board [Tc 7s 8c 3h 2c]
Seat 3: rascal_319 (button) (small blind) showed [6c 6h] and won ($17.64) with a pair of Sixes
Seat 5: uglyghost101 (big blind) showed [5h 9h] and lost with high card Ten


PokerStars Hand #176820361396:  Hold'em Limit ($3/$6 USD) - 2017/10/12 11:55:39 ET
Table 'Automedon' 6-max Seat #3 is the button
Seat 3: rascal_319 ($81.64 in chips)
Seat 5: uglyghost101 ($108 in chips)
rascal_319: posts small blind $1
uglyghost101: posts big blind $3
*** HOLE CARDS ***
rascal_319: raises $3 to $6
uglyghost101: calls $3
*** FLOP *** [8s Qd 4d]
uglyghost101: checks
rascal_319: bets $3
uglyghost101: raises $3 to $6
rascal_319: calls $3
*** TURN *** [8s Qd 4d] [5d]
uglyghost101: bets $6
rascal_319: calls $6
*** RIVER *** [8s Qd 4d 5d] [9c]
uglyghost101: bets $6
rascal_319: calls $6
*** SHOW DOWN ***
uglyghost101: shows [2c Qc] (a pair of Queens)
rascal_319: mucks hand
uglyghost101 collected $47.50 from pot
*** SUMMARY ***
Total pot $48 | Rake $0.50
Board [8s Qd 4d 5d 9c]
Seat 3: rascal_319 (button) (small blind) mucked
Seat 5: uglyghost101 (big blind) showed [2c Qc] and won ($47.50) with a pair of Queens


PokerStars Hand #176820374046:  Hold'em Limit ($3/$6 USD) - 2017/10/12 11:56:03 ET
Table 'Automedon' 6-max Seat #5 is the button
Seat 3: rascal_319 ($57.64 in chips)
Seat 5: uglyghost101 ($131.50 in chips)
uglyghost101: posts small blind $1
rascal_319: posts big blind $3
*** HOLE CARDS ***
uglyghost101: calls $2
rascal_319: raises $3 to $6
uglyghost101: calls $3
*** FLOP *** [9s As 6h]
rascal_319: bets $3
Pelurile leaves the table
uglyghost101: folds
Uncalled bet ($3) returned to rascal_319
rascal_319 collected $11.76 from pot
rascal_319: doesn't show hand
*** SUMMARY ***
Total pot $12 | Rake $0.24
Board [9s As 6h]
Seat 3: rascal_319 (big blind) collected ($11.76)
Seat 5: uglyghost101 (button) (small blind) folded on the Flop


