PokerStars Hand #157683515119:  Hold'em Limit ($3/$6 USD) - 2016/08/24 12:50:03 ET
Table 'Automedon' 6-max Seat #3 is the button
Seat 3: ManuelSikora ($60 in chips)
Seat 5: LifeisagameX ($47 in chips)
ManuelSikora: posts small blind $1
LifeisagameX: posts big blind $3
*** HOLE CARDS ***
ManuelSikora: raises $3 to $6
crash19867 joins the table at seat #4
Clark205 joins the table at seat #6
LifeisagameX: raises $3 to $9
ManuelSikora: calls $3
*** FLOP *** [Kc 5c 4c]
LifeisagameX: bets $3
crash19867 leaves the table
ManuelSikora: folds
Uncalled bet ($3) returned to LifeisagameX
LifeisagameX collected $17.64 from pot
LifeisagameX: doesn't show hand
*** SUMMARY ***
Total pot $18 | Rake $0.36
Board [Kc 5c 4c]
Seat 3: ManuelSikora (button) (small blind) folded on the Flop
Seat 5: LifeisagameX (big blind) collected ($17.64)


PokerStars Hand #157683571015:  Hold'em Limit ($3/$6 USD) - 2016/08/24 12:51:24 ET
Table 'Automedon' 6-max Seat #3 is the button
Seat 3: ManuelSikora ($85 in chips)
Seat 6: Clark205 ($192.39 in chips)
crash19867 will be allowed to play after the button
ManuelSikora: posts small blind $1
Clark205: posts big blind $3
*** HOLE CARDS ***
B_loJkl joins the table at seat #2
ManuelSikora: raises $3 to $6
LifeisagameX leaves the table
Clark205: raises $3 to $9
ManuelSikora: calls $3
*** FLOP *** [7d Jc 9s]
Clark205: bets $3
ManuelSikora: folds
Uncalled bet ($3) returned to Clark205
Clark205 collected $17.64 from pot
Clark205: doesn't show hand
*** SUMMARY ***
Total pot $18 | Rake $0.36
Board [7d Jc 9s]
Seat 3: ManuelSikora (button) (small blind) folded on the Flop
Seat 6: Clark205 (big blind) collected ($17.64)


PokerStars Hand #157683855726:  Hold'em Limit ($3/$6 USD) - 2016/08/24 12:59:11 ET
Table 'Automedon' 6-max Seat #3 is the button
Seat 2: B_loJkl ($187.20 in chips)
Seat 3: ManuelSikora ($234.60 in chips)
ManuelSikora: posts small blind $1
crash19867: is sitting out
B_loJkl: posts big blind $3
*** HOLE CARDS ***
ManuelSikora: folds
Uncalled bet ($2) returned to B_loJkl
crash19867 leaves the table
B_loJkl collected $2 from pot
B_loJkl: doesn't show hand
*** SUMMARY ***
Total pot $2 | Rake $0
Seat 2: B_loJkl (big blind) collected ($2)
Seat 3: ManuelSikora (button) (small blind) folded before Flop


PokerStars Hand #157683858415:  Hold'em Limit ($3/$6 USD) - 2016/08/24 12:59:16 ET
Table 'Automedon' 6-max Seat #2 is the button
Seat 2: B_loJkl ($188.20 in chips)
Seat 3: ManuelSikora ($233.60 in chips)
B_loJkl: posts small blind $1
ManuelSikora: posts big blind $3
*** HOLE CARDS ***
B_loJkl: raises $3 to $6
crash19867 joins the table at seat #4
ManuelSikora: calls $3
*** FLOP *** [8s Th 2s]
ManuelSikora: bets $3
B_loJkl: calls $3
*** TURN *** [8s Th 2s] [5h]
ManuelSikora: bets $6
B_loJkl: calls $6
*** RIVER *** [8s Th 2s 5h] [9d]
ManuelSikora: bets $6
B_loJkl: folds
Uncalled bet ($6) returned to ManuelSikora
ManuelSikora collected $29.50 from pot
ManuelSikora: doesn't show hand
*** SUMMARY ***
Total pot $30 | Rake $0.50
Board [8s Th 2s 5h 9d]
Seat 2: B_loJkl (button) (small blind) folded on the River
Seat 3: ManuelSikora (big blind) collected ($29.50)


