PokerStars Hand #146459976345:  Hold'em Limit ($3/$6 USD) - 2016/01/04 13:11:12 ET
Table 'Autonoma' 2-max Seat #1 is the button
Seat 1: BcomeSomeone ($630.31 in chips)
Seat 2: Zubasa07 ($541 in chips)
BcomeSomeone: posts small blind $1
Zubasa07: posts big blind $3
*** HOLE CARDS ***
BcomeSomeone: raises $3 to $6
Zubasa07: raises $3 to $9
BcomeSomeone: calls $3
*** FLOP *** [9c 8s 9s]
Zubasa07: bets $3
BcomeSomeone: folds
Uncalled bet ($3) returned to Zubasa07
Zubasa07 collected $17.64 from pot
Zubasa07: doesn't show hand
*** SUMMARY ***
Total pot $18 | Rake $0.36
Board [9c 8s 9s]
Seat 1: BcomeSomeone (button) (small blind) folded on the Flop
Seat 2: Zubasa07 (big blind) collected ($17.64)


PokerStars Hand #146459954430:  Hold'em Limit ($3/$6 USD) - 2016/01/04 13:10:50 ET
Table 'Autonoma' 2-max Seat #2 is the button
Seat 1: BcomeSomeone ($618.79 in chips)
Seat 2: Zubasa07 ($553 in chips)
Zubasa07: posts small blind $1
BcomeSomeone: posts big blind $3
*** HOLE CARDS ***
Zubasa07: raises $3 to $6
BcomeSomeone: calls $3
*** FLOP *** [3h Jh 9c]
BcomeSomeone: checks
Zubasa07: bets $3
BcomeSomeone: raises $3 to $6
Zubasa07: calls $3
*** TURN *** [3h Jh 9c] [Tc]
BcomeSomeone: bets $6
Zubasa07: folds
Uncalled bet ($6) returned to BcomeSomeone
BcomeSomeone collected $23.52 from pot
BcomeSomeone: doesn't show hand
*** SUMMARY ***
Total pot $24 | Rake $0.48
Board [3h Jh 9c Tc]
Seat 1: BcomeSomeone (big blind) collected ($23.52)
Seat 2: Zubasa07 (button) (small blind) folded on the Turn


PokerStars Hand #146460031860:  Hold'em Limit ($3/$6 USD) - 2016/01/04 13:12:06 ET
Table 'Autonoma' 2-max Seat #2 is the button
Seat 1: BcomeSomeone ($647.81 in chips)
Seat 2: Zubasa07 ($522.64 in chips)
Zubasa07: posts small blind $1
BcomeSomeone: posts big blind $3
*** HOLE CARDS ***
Zubasa07: raises $3 to $6
BcomeSomeone: calls $3
*** FLOP *** [Ad 7s 8c]
BcomeSomeone: checks
Zubasa07: checks
*** TURN *** [Ad 7s 8c] [Qs]
BcomeSomeone: checks
Zubasa07: checks
*** RIVER *** [Ad 7s 8c Qs] [6h]
BcomeSomeone: bets $6
Zubasa07: folds
Uncalled bet ($6) returned to BcomeSomeone
BcomeSomeone collected $11.76 from pot
BcomeSomeone: doesn't show hand
*** SUMMARY ***
Total pot $12 | Rake $0.24
Board [Ad 7s 8c Qs 6h]
Seat 1: BcomeSomeone (big blind) collected ($11.76)
Seat 2: Zubasa07 (button) (small blind) folded on the River


PokerStars Hand #146460011405:  Hold'em Limit ($3/$6 USD) - 2016/01/04 13:11:46 ET
Table 'Autonoma' 2-max Seat #1 is the button
Seat 1: BcomeSomeone ($644.81 in chips)
Seat 2: Zubasa07 ($525.64 in chips)
BcomeSomeone: posts small blind $1
Zubasa07: posts big blind $3
*** HOLE CARDS ***
BcomeSomeone: raises $3 to $6
Zubasa07: folds
Uncalled bet ($3) returned to BcomeSomeone
BcomeSomeone collected $6 from pot
BcomeSomeone: doesn't show hand
*** SUMMARY ***
Total pot $6 | Rake $0
Seat 1: BcomeSomeone (button) (small blind) collected ($6)
Seat 2: Zubasa07 (big blind) folded before Flop


PokerStars Hand #146459987474:  Hold'em Limit ($3/$6 USD) - 2016/01/04 13:11:23 ET
Table 'Autonoma' 2-max Seat #2 is the button
Seat 1: BcomeSomeone ($621.31 in chips)
Seat 2: Zubasa07 ($549.64 in chips)
Zubasa07: posts small blind $1
BcomeSomeone: posts big blind $3
*** HOLE CARDS ***
Zubasa07: raises $3 to $6
BcomeSomeone: calls $3
*** FLOP *** [Ac Tc 7h]
BcomeSomeone: checks
Zubasa07: bets $3
BcomeSomeone: raises $3 to $6
Zubasa07: calls $3
*** TURN *** [Ac Tc 7h] [Js]
BcomeSomeone: bets $6
Zubasa07: calls $6
*** RIVER *** [Ac Tc 7h Js] [4s]
BcomeSomeone: bets $6
Zubasa07: calls $6
*** SHOW DOWN ***
BcomeSomeone: shows [8h 9c] (a straight, Seven to Jack)
Zubasa07: mucks hand
BcomeSomeone collected $47.50 from pot
*** SUMMARY ***
Total pot $48 | Rake $0.50
Board [Ac Tc 7h Js 4s]
Seat 1: BcomeSomeone (big blind) showed [8h 9c] and won ($47.50) with a straight, Seven to Jack
Seat 2: Zubasa07 (button) (small blind) mucked


