PokerStars Hand #156812994695:  Hold'em Limit ($3/$6 USD) - 2016/08/03 11:33:37 ET
Table 'Autonoma' 6-max Seat #3 is the button
Seat 3: tangxueke ($65.15 in chips)
Seat 6: 125678724 ($64.73 in chips)
tangxueke: posts small blind $1
Necromadx: is sitting out
125678724: posts big blind $3
*** HOLE CARDS ***
tangxueke: folds
Uncalled bet ($2) returned to 125678724
Necromadx leaves the table
125678724 collected $2 from pot
*** SUMMARY ***
Total pot $2 | Rake $0
Seat 3: tangxueke (button) (small blind) folded before Flop
Seat 6: 125678724 (big blind) collected ($2)


PokerStars Hand #156813009202:  Hold'em Limit ($3/$6 USD) - 2016/08/03 11:34:01 ET
Table 'Autonoma' 6-max Seat #3 is the button
Seat 3: tangxueke ($69.91 in chips)
Seat 6: 125678724 ($59.73 in chips)
tangxueke: posts small blind $1
125678724: posts big blind $3
*** HOLE CARDS ***
tangxueke: raises $3 to $6
125678724: folds
Uncalled bet ($3) returned to tangxueke
tangxueke collected $6 from pot
tangxueke: doesn't show hand
Icecold joins the table at seat #2
*** SUMMARY ***
Total pot $6 | Rake $0
Seat 3: tangxueke (button) (small blind) collected ($6)
Seat 6: 125678724 (big blind) folded before Flop


PokerStars Hand #156812998177:  Hold'em Limit ($3/$6 USD) - 2016/08/03 11:33:43 ET
Table 'Autonoma' 6-max Seat #6 is the button
Seat 3: tangxueke ($64.15 in chips)
Seat 6: 125678724 ($65.73 in chips)
125678724: posts small blind $1
tangxueke: posts big blind $3
*** HOLE CARDS ***
125678724: raises $3 to $6
tangxueke: calls $3
*** FLOP *** [3h 2s Th]
tangxueke: checks
125678724: checks
*** TURN *** [3h 2s Th] [7s]
tangxueke: bets $6
125678724: folds
Uncalled bet ($6) returned to tangxueke
tangxueke collected $11.76 from pot
tangxueke: doesn't show hand
*** SUMMARY ***
Total pot $12 | Rake $0.24
Board [3h 2s Th 7s]
Seat 3: tangxueke (big blind) collected ($11.76)
Seat 6: 125678724 (button) (small blind) folded on the Turn


PokerStars Hand #156814654898:  Hold'em Limit ($3/$6 USD) - 2016/08/03 12:18:22 ET
Table 'Autonoma' 6-max Seat #4 is the button
Seat 2: Icecold ($145.36 in chips)
Seat 4: Ag3r0n ($91.92 in chips)
Ag3r0n: posts small blind $1
degal76: is sitting out
Icecold: posts big blind $3
*** HOLE CARDS ***
Ag3r0n: raises $3 to $6
Icecold: folds
Uncalled bet ($3) returned to Ag3r0n
degal76 leaves the table
Ag3r0n collected $6 from pot
*** SUMMARY ***
Total pot $6 | Rake $0
Seat 2: Icecold (big blind) folded before Flop
Seat 4: Ag3r0n (button) (small blind) collected ($6)


PokerStars Hand #156814658917:  Hold'em Limit ($3/$6 USD) - 2016/08/03 12:18:28 ET
Table 'Autonoma' 6-max Seat #2 is the button
Seat 2: Icecold ($142.36 in chips)
Seat 4: Ag3r0n ($94.92 in chips)
Icecold: posts small blind $1
Ag3r0n: posts big blind $3
*** HOLE CARDS ***
Icecold: raises $3 to $6
Ag3r0n: calls $3
*** FLOP *** [8d Jh Kd]
Ag3r0n: checks
Icecold: checks
*** TURN *** [8d Jh Kd] [9h]
Ag3r0n: checks
Icecold: checks
*** RIVER *** [8d Jh Kd 9h] [Js]
Ag3r0n: checks
Icecold: checks
*** SHOW DOWN ***
Ag3r0n: shows [5c As] (a pair of Jacks)
Icecold: shows [7d Ah] (a pair of Jacks)
Ag3r0n collected $5.88 from pot
Icecold collected $5.88 from pot
*** SUMMARY ***
Total pot $12 | Rake $0.24
Board [8d Jh Kd 9h Js]
Seat 2: Icecold (button) (small blind) showed [7d Ah] and won ($5.88) with a pair of Jacks
Seat 4: Ag3r0n (big blind) showed [5c As] and won ($5.88) with a pair of Jacks


PokerStars Hand #156814671206:  Hold'em Limit ($3/$6 USD) - 2016/08/03 12:18:47 ET
Table 'Autonoma' 6-max Seat #4 is the button
Seat 2: Icecold ($142.24 in chips)
Seat 4: Ag3r0n ($94.80 in chips)
Ag3r0n: posts small blind $1
Icecold: posts big blind $3
*** HOLE CARDS ***
Ag3r0n: raises $3 to $6
Icecold: calls $3
*** FLOP *** [9s Kc 6s]
Icecold: checks
Ag3r0n: bets $3
Icecold: calls $3
*** TURN *** [9s Kc 6s] [7c]
Icecold: checks
Ag3r0n: checks
*** RIVER *** [9s Kc 6s 7c] [5s]
Icecold: bets $6
Ag3r0n: raises $6 to $12
Icecold: calls $6
*** SHOW DOWN ***
Ag3r0n: shows [8h Ad] (a straight, Five to Nine)
Icecold: mucks hand
Ag3r0n collected $41.50 from pot
*** SUMMARY ***
Total pot $42 | Rake $0.50
Board [9s Kc 6s 7c 5s]
Seat 2: Icecold (big blind) mucked
Seat 4: Ag3r0n (button) (small blind) showed [8h Ad] and won ($41.50) with a straight, Five to Nine


PokerStars Hand #156814687519:  Hold'em Limit ($3/$6 USD) - 2016/08/03 12:19:13 ET
Table 'Autonoma' 6-max Seat #2 is the button
Seat 2: Icecold ($121.24 in chips)
Seat 4: Ag3r0n ($115.30 in chips)
Icecold: posts small blind $1
Ag3r0n: posts big blind $3
*** HOLE CARDS ***
Icecold: raises $3 to $6
Ag3r0n: raises $3 to $9
Icecold: calls $3
*** FLOP *** [3s 3d 9s]
Ag3r0n: bets $3
Icecold: calls $3
*** TURN *** [3s 3d 9s] [Kh]
Ag3r0n: bets $6
Icecold: raises $6 to $12
Ag3r0n: folds
Uncalled bet ($6) returned to Icecold
Icecold collected $35.50 from pot
*** SUMMARY ***
Total pot $36 | Rake $0.50
Board [3s 3d 9s Kh]
Seat 2: Icecold (button) (small blind) collected ($35.50)
Seat 4: Ag3r0n (big blind) folded on the Turn


PokerStars Hand #156814705848:  Hold'em Limit ($3/$6 USD) - 2016/08/03 12:19:41 ET
Table 'Autonoma' 6-max Seat #4 is the button
Seat 2: Icecold ($138.74 in chips)
Seat 4: Ag3r0n ($97.30 in chips)
Ag3r0n: posts small blind $1
Icecold: posts big blind $3
*** HOLE CARDS ***
Ag3r0n: raises $3 to $6
Icecold: calls $3
*** FLOP *** [Kh 4c 6h]
Icecold: checks
Ag3r0n: bets $3
Icecold: calls $3
*** TURN *** [Kh 4c 6h] [5h]
Icecold: checks
Ag3r0n: checks
*** RIVER *** [Kh 4c 6h 5h] [Ac]
Icecold: checks
Ag3r0n: bets $6
Icecold: calls $6
*** SHOW DOWN ***
Ag3r0n: shows [Ts 8h] (high card Ace)
Icecold: shows [Jd Kd] (a pair of Kings)
Icecold collected $29.50 from pot
*** SUMMARY ***
Total pot $30 | Rake $0.50
Board [Kh 4c 6h 5h Ac]
Seat 2: Icecold (big blind) showed [Jd Kd] and won ($29.50) with a pair of Kings
Seat 4: Ag3r0n (button) (small blind) showed [Ts 8h] and lost with high card Ace


PokerStars Hand #156814719461:  Hold'em Limit ($3/$6 USD) - 2016/08/03 12:20:02 ET
Table 'Autonoma' 6-max Seat #2 is the button
Seat 2: Icecold ($153.24 in chips)
Seat 4: Ag3r0n ($82.30 in chips)
Icecold: posts small blind $1
Ag3r0n: posts big blind $3
*** HOLE CARDS ***
Icecold: raises $3 to $6
Ag3r0n: raises $3 to $9
Icecold: calls $3
*** FLOP *** [Td 6d Qc]
Ag3r0n: bets $3
Icecold: folds
Uncalled bet ($3) returned to Ag3r0n
Ag3r0n collected $17.64 from pot
*** SUMMARY ***
Total pot $18 | Rake $0.36
Board [Td 6d Qc]
Seat 2: Icecold (button) (small blind) folded on the Flop
Seat 4: Ag3r0n (big blind) collected ($17.64)


PokerStars Hand #156814726528:  Hold'em Limit ($3/$6 USD) - 2016/08/03 12:20:13 ET
Table 'Autonoma' 6-max Seat #4 is the button
Seat 2: Icecold ($144.24 in chips)
Seat 4: Ag3r0n ($90.94 in chips)
Ag3r0n: posts small blind $1
Icecold: posts big blind $3
*** HOLE CARDS ***
Ag3r0n: raises $3 to $6
Icecold: calls $3
*** FLOP *** [Ac Qc Jc]
Icecold: checks
Ag3r0n: bets $3
Icecold: calls $3
*** TURN *** [Ac Qc Jc] [Qd]
Icecold: checks
Ag3r0n: checks
*** RIVER *** [Ac Qc Jc Qd] [9s]
Icecold: bets $6
Ag3r0n: folds
Uncalled bet ($6) returned to Icecold
Icecold collected $17.64 from pot
*** SUMMARY ***
Total pot $18 | Rake $0.36
Board [Ac Qc Jc Qd 9s]
Seat 2: Icecold (big blind) collected ($17.64)
Seat 4: Ag3r0n (button) (small blind) folded on the River


PokerStars Hand #156814757334:  Hold'em Limit ($3/$6 USD) - 2016/08/03 12:21:00 ET
Table 'Autonoma' 6-max Seat #4 is the button
Seat 2: Icecold ($170.38 in chips)
Seat 4: Ag3r0n ($72 in chips)
Ag3r0n: posts small blind $1
Icecold: posts big blind $3
*** HOLE CARDS ***
Ag3r0n: folds
Uncalled bet ($2) returned to Icecold
Icecold collected $2 from pot
*** SUMMARY ***
Total pot $2 | Rake $0
Seat 2: Icecold (big blind) collected ($2)
Seat 4: Ag3r0n (button) (small blind) folded before Flop


PokerStars Hand #156814739426:  Hold'em Limit ($3/$6 USD) - 2016/08/03 12:20:33 ET
Table 'Autonoma' 6-max Seat #2 is the button
Seat 2: Icecold ($152.88 in chips)
Seat 4: Ag3r0n ($81.94 in chips)
Icecold: posts small blind $1
Ag3r0n: posts big blind $3
*** HOLE CARDS ***
Icecold: raises $3 to $6
Ag3r0n: raises $3 to $9
Icecold: raises $3 to $12
Betting is capped
Ag3r0n: calls $3
*** FLOP *** [Tc 9s 7d]
Ag3r0n: checks
Icecold: checks
*** TURN *** [Tc 9s 7d] [Kh]
Ag3r0n: checks
Icecold: bets $6
Ag3r0n: calls $6
*** RIVER *** [Tc 9s 7d Kh] [Ah]
Ag3r0n: checks
Icecold: bets $6
Ag3r0n: folds
Uncalled bet ($6) returned to Icecold
Icecold collected $35.50 from pot
*** SUMMARY ***
Total pot $36 | Rake $0.50
Board [Tc 9s 7d Kh Ah]
Seat 2: Icecold (button) (small blind) collected ($35.50)
Seat 4: Ag3r0n (big blind) folded on the River


PokerStars Hand #156814764729:  Hold'em Limit ($3/$6 USD) - 2016/08/03 12:21:12 ET
Table 'Autonoma' 6-max Seat #4 is the button
Seat 2: Icecold ($174.38 in chips)
Seat 4: Ag3r0n ($72 in chips)
Ag3r0n: posts small blind $1
Icecold: posts big blind $3
*** HOLE CARDS ***
Ag3r0n: folds
Uncalled bet ($2) returned to Icecold
Icecold collected $2 from pot
*** SUMMARY ***
Total pot $2 | Rake $0
Seat 2: Icecold (big blind) collected ($2)
Seat 4: Ag3r0n (button) (small blind) folded before Flop


PokerStars Hand #156814760585:  Hold'em Limit ($3/$6 USD) - 2016/08/03 12:21:05 ET
Table 'Autonoma' 6-max Seat #2 is the button
Seat 2: Icecold ($171.38 in chips)
Seat 4: Ag3r0n ($72 in chips)
Icecold: posts small blind $1
Ag3r0n: posts big blind $3
*** HOLE CARDS ***
Icecold: raises $3 to $6
Ag3r0n: folds
Uncalled bet ($3) returned to Icecold
Icecold collected $6 from pot
*** SUMMARY ***
Total pot $6 | Rake $0
Seat 2: Icecold (button) (small blind) collected ($6)
Seat 4: Ag3r0n (big blind) folded before Flop


PokerStars Hand #156814767600:  Hold'em Limit ($3/$6 USD) - 2016/08/03 12:21:16 ET
Table 'Autonoma' 6-max Seat #2 is the button
Seat 2: Icecold ($175.38 in chips)
Seat 4: Ag3r0n ($72 in chips)
Icecold: posts small blind $1
Ag3r0n: posts big blind $3
*** HOLE CARDS ***
Icecold: raises $3 to $6
Ag3r0n: calls $3
*** FLOP *** [6h 9h 6d]
Ag3r0n: checks
Icecold: bets $3
Ag3r0n: folds
Uncalled bet ($3) returned to Icecold
Icecold collected $11.76 from pot
*** SUMMARY ***
Total pot $12 | Rake $0.24
Board [6h 9h 6d]
Seat 2: Icecold (button) (small blind) collected ($11.76)
Seat 4: Ag3r0n (big blind) folded on the Flop


PokerStars Hand #156814776626:  Hold'em Limit ($3/$6 USD) - 2016/08/03 12:21:30 ET
Table 'Autonoma' 6-max Seat #4 is the button
Seat 2: Icecold ($181.14 in chips)
Seat 4: Ag3r0n ($72 in chips)
Ag3r0n: posts small blind $1
Icecold: posts big blind $3
*** HOLE CARDS ***
Ag3r0n: raises $3 to $6
Icecold: raises $3 to $9
Ag3r0n: calls $3
*** FLOP *** [7h Ac 3c]
Icecold: checks
Ag3r0n: bets $3
Icecold: calls $3
*** TURN *** [7h Ac 3c] [6s]
Icecold: checks
Ag3r0n: bets $6
Icecold: calls $6
*** RIVER *** [7h Ac 3c 6s] [Td]
Icecold: checks
Ag3r0n: bets $6
Icecold: calls $6
*** SHOW DOWN ***
Ag3r0n: shows [9h 8c] (a straight, Six to Ten)
Icecold: mucks hand
Ag3r0n collected $47.50 from pot
*** SUMMARY ***
Total pot $48 | Rake $0.50
Board [7h Ac 3c 6s Td]
Seat 2: Icecold (big blind) mucked
Seat 4: Ag3r0n (button) (small blind) showed [9h 8c] and won ($47.50) with a straight, Six to Ten


PokerStars Hand #156814792518:  Hold'em Limit ($3/$6 USD) - 2016/08/03 12:21:55 ET
Table 'Autonoma' 6-max Seat #2 is the button
Seat 2: Icecold ($157.14 in chips)
Seat 4: Ag3r0n ($95.50 in chips)
Icecold: posts small blind $1
Ag3r0n: posts big blind $3
*** HOLE CARDS ***
Icecold: raises $3 to $6
Ag3r0n: folds
Uncalled bet ($3) returned to Icecold
Icecold collected $6 from pot
*** SUMMARY ***
Total pot $6 | Rake $0
Seat 2: Icecold (button) (small blind) collected ($6)
Seat 4: Ag3r0n (big blind) folded before Flop


PokerStars Hand #156814797194:  Hold'em Limit ($3/$6 USD) - 2016/08/03 12:22:02 ET
Table 'Autonoma' 6-max Seat #4 is the button
Seat 2: Icecold ($160.14 in chips)
Seat 4: Ag3r0n ($92.50 in chips)
Ag3r0n: posts small blind $1
Icecold: posts big blind $3
*** HOLE CARDS ***
Ag3r0n: raises $3 to $6
Icecold: raises $3 to $9
Ag3r0n: calls $3
*** FLOP *** [9c 6s 5c]
Icecold: checks
Ag3r0n: bets $3
Icecold: calls $3
*** TURN *** [9c 6s 5c] [5h]
Icecold: checks
Ag3r0n: bets $6
Icecold: calls $6
*** RIVER *** [9c 6s 5c 5h] [5d]
Icecold: checks
Ag3r0n: bets $6
Icecold: calls $6
*** SHOW DOWN ***
Ag3r0n: shows [Kh Kd] (a full house, Fives full of Kings)
Icecold: mucks hand
Ag3r0n collected $47.50 from pot
*** SUMMARY ***
Total pot $48 | Rake $0.50
Board [9c 6s 5c 5h 5d]
Seat 2: Icecold (big blind) mucked
Seat 4: Ag3r0n (button) (small blind) showed [Kh Kd] and won ($47.50) with a full house, Fives full of Kings


PokerStars Hand #156814811142:  Hold'em Limit ($3/$6 USD) - 2016/08/03 12:22:23 ET
Table 'Autonoma' 6-max Seat #2 is the button
Seat 2: Icecold ($136.14 in chips)
Seat 4: Ag3r0n ($116 in chips)
Icecold: posts small blind $1
Ag3r0n: posts big blind $3
*** HOLE CARDS ***
Icecold: raises $3 to $6
Ag3r0n: folds
Uncalled bet ($3) returned to Icecold
Icecold collected $6 from pot
*** SUMMARY ***
Total pot $6 | Rake $0
Seat 2: Icecold (button) (small blind) collected ($6)
Seat 4: Ag3r0n (big blind) folded before Flop


