PokerStars Hand #159857957795:  Hold'em Limit ($3/$6 USD) - 2016/10/12 21:58:53 ET
Table 'Automedon' 6-max Seat #3 is the button
Seat 3: Rooman7 ($130.83 in chips)
Seat 4: LolDnkaments ($104.38 in chips)
Rooman7: posts small blind $1
LolDnkaments: posts big blind $3
*** HOLE CARDS ***
Rooman7: calls $2
LolDnkaments: raises $3 to $6
Rooman7: calls $3
*** FLOP *** [6d Ad Jc]
LolDnkaments: bets $3
Rooman7: calls $3
*** TURN *** [6d Ad Jc] [Ks]
LolDnkaments: bets $6
Rooman7: folds
Uncalled bet ($6) returned to LolDnkaments
LolDnkaments collected $17.64 from pot
LolDnkaments: doesn't show hand
*** SUMMARY ***
Total pot $18 | Rake $0.36
Board [6d Ad Jc Ks]
Seat 3: Rooman7 (button) (small blind) folded on the Turn
Seat 4: LolDnkaments (big blind) collected ($17.64)


PokerStars Hand #159857962902:  Hold'em Limit ($3/$6 USD) - 2016/10/12 21:59:09 ET
Table 'Automedon' 6-max Seat #4 is the button
Seat 3: Rooman7 ($121.83 in chips)
Seat 4: LolDnkaments ($113.02 in chips)
LolDnkaments: posts small blind $1
Rooman7: posts big blind $3
*** HOLE CARDS ***
LolDnkaments: raises $3 to $6
Rooman7: calls $3
*** FLOP *** [5d 3c Jh]
Rooman7: checks
LolDnkaments: bets $3
Rooman7: calls $3
*** TURN *** [5d 3c Jh] [6d]
Rooman7: checks
LolDnkaments: checks
*** RIVER *** [5d 3c Jh 6d] [4s]
Rooman7: bets $6
LolDnkaments: calls $6
*** SHOW DOWN ***
Rooman7: shows [Jd 6s] (two pair, Jacks and Sixes)
LolDnkaments: shows [Qh 2s] (a straight, Deuce to Six)
LolDnkaments collected $29.50 from pot
*** SUMMARY ***
Total pot $30 | Rake $0.50
Board [5d 3c Jh 6d 4s]
Seat 3: Rooman7 (big blind) showed [Jd 6s] and lost with two pair, Jacks and Sixes
Seat 4: LolDnkaments (button) (small blind) showed [Qh 2s] and won ($29.50) with a straight, Deuce to Six


PokerStars Hand #159857972195:  Hold'em Limit ($3/$6 USD) - 2016/10/12 21:59:39 ET
Table 'Automedon' 6-max Seat #3 is the button
Seat 3: Rooman7 ($106.83 in chips)
Seat 4: LolDnkaments ($127.52 in chips)
Rooman7: posts small blind $1
LolDnkaments: posts big blind $3
*** HOLE CARDS ***
Rooman7: raises $3 to $6
LolDnkaments: calls $3
*** FLOP *** [4s 6s 7h]
LolDnkaments: checks
Rooman7: bets $3
LolDnkaments: calls $3
*** TURN *** [4s 6s 7h] [4d]
LolDnkaments: checks
Rooman7: bets $6
LolDnkaments: folds
Uncalled bet ($6) returned to Rooman7
Rooman7 collected $17.64 from pot
Rooman7: doesn't show hand
*** SUMMARY ***
Total pot $18 | Rake $0.36
Board [4s 6s 7h 4d]
Seat 3: Rooman7 (button) (small blind) collected ($17.64)
Seat 4: LolDnkaments (big blind) folded on the Turn


PokerStars Hand #159857955465:  Hold'em Limit ($3/$6 USD) - 2016/10/12 21:58:46 ET
Table 'Automedon' 6-max Seat #4 is the button
Seat 3: Rooman7 ($133.83 in chips)
Seat 4: LolDnkaments ($101.38 in chips)
LolDnkaments: posts small blind $1
Rooman7: posts big blind $3
*** HOLE CARDS ***
LolDnkaments: raises $3 to $6
Rooman7: folds
Uncalled bet ($3) returned to LolDnkaments
LolDnkaments collected $6 from pot
LolDnkaments: doesn't show hand
*** SUMMARY ***
Total pot $6 | Rake $0
Seat 3: Rooman7 (big blind) folded before Flop
Seat 4: LolDnkaments (button) (small blind) collected ($6)


PokerStars Hand #159857953975:  Hold'em Limit ($3/$6 USD) - 2016/10/12 21:58:41 ET
Table 'Automedon' 6-max Seat #3 is the button
Seat 3: Rooman7 ($134.83 in chips)
Seat 4: LolDnkaments ($100.38 in chips)
Rooman7: posts small blind $1
LolDnkaments: posts big blind $3
*** HOLE CARDS ***
Rooman7: folds
Uncalled bet ($2) returned to LolDnkaments
LolDnkaments collected $2 from pot
LolDnkaments: doesn't show hand
*** SUMMARY ***
Total pot $2 | Rake $0
Seat 3: Rooman7 (button) (small blind) folded before Flop
Seat 4: LolDnkaments (big blind) collected ($2)


PokerStars Hand #159857977809:  Hold'em Limit ($3/$6 USD) - 2016/10/12 21:59:56 ET
Table 'Automedon' 6-max Seat #4 is the button
Seat 3: Rooman7 ($115.47 in chips)
Seat 4: LolDnkaments ($118.52 in chips)
LolDnkaments: posts small blind $1
Rooman7: posts big blind $3
*** HOLE CARDS ***
LolDnkaments: raises $3 to $6
Rooman7: raises $3 to $9
LolDnkaments: calls $3
*** FLOP *** [7c Qs 4c]
Rooman7: bets $3
LolDnkaments: calls $3
*** TURN *** [7c Qs 4c] [2s]
Rooman7: bets $6
LolDnkaments: folds
Uncalled bet ($6) returned to Rooman7
Rooman7 collected $23.52 from pot
Rooman7: doesn't show hand
*** SUMMARY ***
Total pot $24 | Rake $0.48
Board [7c Qs 4c 2s]
Seat 3: Rooman7 (big blind) collected ($23.52)
Seat 4: LolDnkaments (button) (small blind) folded on the Turn


PokerStars Hand #159857992141:  Hold'em Limit ($3/$6 USD) - 2016/10/12 22:00:41 ET
Table 'Automedon' 6-max Seat #4 is the button
Seat 3: Rooman7 ($120.99 in chips)
Seat 4: LolDnkaments ($112.28 in chips)
LolDnkaments: posts small blind $1
Rooman7: posts big blind $3
*** HOLE CARDS ***
LolDnkaments: raises $3 to $6
Rooman7: calls $3
*** FLOP *** [5d 2s 4h]
Rooman7: checks
LolDnkaments: bets $3
Rooman7: calls $3
*** TURN *** [5d 2s 4h] [4d]
Rooman7: checks
LolDnkaments: bets $6
Rooman7: calls $6
*** RIVER *** [5d 2s 4h 4d] [9s]
Rooman7: checks
LolDnkaments: bets $6
Rooman7: calls $6
*** SHOW DOWN ***
LolDnkaments: shows [Qc 5c] (two pair, Fives and Fours)
Rooman7: mucks hand
LolDnkaments collected $41.50 from pot
*** SUMMARY ***
Total pot $42 | Rake $0.50
Board [5d 2s 4h 4d 9s]
Seat 3: Rooman7 (big blind) mucked
Seat 4: LolDnkaments (button) (small blind) showed [Qc 5c] and won ($41.50) with two pair, Fives and Fours


PokerStars Hand #159857986686:  Hold'em Limit ($3/$6 USD) - 2016/10/12 22:00:24 ET
Table 'Automedon' 6-max Seat #3 is the button
Seat 3: Rooman7 ($126.99 in chips)
Seat 4: LolDnkaments ($106.52 in chips)
Rooman7: posts small blind $1
LolDnkaments: posts big blind $3
*** HOLE CARDS ***
Rooman7: calls $2
LolDnkaments: raises $3 to $6
Rooman7: calls $3
*** FLOP *** [Qs 9d 8h]
LolDnkaments: bets $3
Rooman7: folds
Uncalled bet ($3) returned to LolDnkaments
LolDnkaments collected $11.76 from pot
LolDnkaments: doesn't show hand
*** SUMMARY ***
Total pot $12 | Rake $0.24
Board [Qs 9d 8h]
Seat 3: Rooman7 (button) (small blind) folded on the Flop
Seat 4: LolDnkaments (big blind) collected ($11.76)


PokerStars Hand #159858008482:  Hold'em Limit ($3/$6 USD) - 2016/10/12 22:01:28 ET
Table 'Automedon' 6-max Seat #4 is the button
Seat 3: Rooman7 ($78.99 in chips)
Seat 4: LolDnkaments ($153.28 in chips)
LolDnkaments: posts small blind $1
Rooman7: posts big blind $3
*** HOLE CARDS ***
LolDnkaments: raises $3 to $6
Rooman7: calls $3
*** FLOP *** [5s Kd 7d]
Rooman7: checks
LolDnkaments: bets $3
Rooman7: folds
Uncalled bet ($3) returned to LolDnkaments
LolDnkaments collected $11.76 from pot
LolDnkaments: doesn't show hand
*** SUMMARY ***
Total pot $12 | Rake $0.24
Board [5s Kd 7d]
Seat 3: Rooman7 (big blind) folded on the Flop
Seat 4: LolDnkaments (button) (small blind) collected ($11.76)


PokerStars Hand #159858000229:  Hold'em Limit ($3/$6 USD) - 2016/10/12 22:01:04 ET
Table 'Automedon' 6-max Seat #3 is the button
Seat 3: Rooman7 ($99.99 in chips)
Seat 4: LolDnkaments ($132.78 in chips)
Rooman7: posts small blind $1
LolDnkaments: posts big blind $3
*** HOLE CARDS ***
Rooman7: calls $2
Kasperla joins the table at seat #5
LolDnkaments: checks
*** FLOP *** [2d Tc 5s]
LolDnkaments: checks
Rooman7: bets $3
LolDnkaments: raises $3 to $6
Rooman7: calls $3
*** TURN *** [2d Tc 5s] [Ts]
LolDnkaments: bets $6
Rooman7: calls $6
*** RIVER *** [2d Tc 5s Ts] [8c]
Kasperla leaves the table
LolDnkaments: bets $6
Rooman7: calls $6
*** SHOW DOWN ***
LolDnkaments: shows [6s Td] (three of a kind, Tens)
Rooman7: mucks hand
LolDnkaments collected $41.50 from pot
*** SUMMARY ***
Total pot $42 | Rake $0.50
Board [2d Tc 5s Ts 8c]
Seat 3: Rooman7 (button) (small blind) mucked
Seat 4: LolDnkaments (big blind) showed [6s Td] and won ($41.50) with three of a kind, Tens


PokerStars Hand #159858020936:  Hold'em Limit ($3/$6 USD) - 2016/10/12 22:02:03 ET
Table 'Automedon' 6-max Seat #4 is the button
Seat 3: Rooman7 ($96.49 in chips)
Seat 4: LolDnkaments ($135.04 in chips)
LolDnkaments: posts small blind $1
Rooman7: posts big blind $3
*** HOLE CARDS ***
LolDnkaments: folds
Uncalled bet ($2) returned to Rooman7
Rooman7 collected $2 from pot
Rooman7: doesn't show hand
*** SUMMARY ***
Total pot $2 | Rake $0
Seat 3: Rooman7 (big blind) collected ($2)
Seat 4: LolDnkaments (button) (small blind) folded before Flop


PokerStars Hand #159858013352:  Hold'em Limit ($3/$6 USD) - 2016/10/12 22:01:41 ET
Table 'Automedon' 6-max Seat #3 is the button
Seat 3: Rooman7 ($72.99 in chips)
Seat 4: LolDnkaments ($159.04 in chips)
Rooman7: posts small blind $1
LolDnkaments: posts big blind $3
*** HOLE CARDS ***
Rooman7: raises $3 to $6
LolDnkaments: raises $3 to $9
Rooman7: calls $3
*** FLOP *** [8d 9c Jh]
LolDnkaments: bets $3
Rooman7: calls $3
*** TURN *** [8d 9c Jh] [5s]
LolDnkaments: bets $6
Rooman7: calls $6
*** RIVER *** [8d 9c Jh 5s] [5h]
LolDnkaments: bets $6
Rooman7: calls $6
*** SHOW DOWN ***
LolDnkaments: shows [Td Th] (two pair, Tens and Fives)
Rooman7: shows [Js 3s] (two pair, Jacks and Fives)
Rooman7 collected $47.50 from pot
*** SUMMARY ***
Total pot $48 | Rake $0.50
Board [8d 9c Jh 5s 5h]
Seat 3: Rooman7 (button) (small blind) showed [Js 3s] and won ($47.50) with two pair, Jacks and Fives
Seat 4: LolDnkaments (big blind) showed [Td Th] and lost with two pair, Tens and Fives


PokerStars Hand #159858028396:  Hold'em Limit ($3/$6 USD) - 2016/10/12 22:02:23 ET
Table 'Automedon' 6-max Seat #3 is the button
Seat 3: Rooman7 ($101.49 in chips)
Seat 4: LolDnkaments ($130.04 in chips)
Rooman7: posts small blind $1
LolDnkaments: posts big blind $3
*** HOLE CARDS ***
Rooman7: raises $3 to $6
LolDnkaments: raises $3 to $9
Rooman7: calls $3
*** FLOP *** [9h 3h 9d]
LolDnkaments: bets $3
Rooman7: calls $3
*** TURN *** [9h 3h 9d] [5h]
LolDnkaments: bets $6
Rooman7: calls $6
*** RIVER *** [9h 3h 9d 5h] [Js]
LolDnkaments: bets $6
Rooman7: folds
Uncalled bet ($6) returned to LolDnkaments
LolDnkaments collected $35.50 from pot
LolDnkaments: doesn't show hand
*** SUMMARY ***
Total pot $36 | Rake $0.50
Board [9h 3h 9d 5h Js]
Seat 3: Rooman7 (button) (small blind) folded on the River
Seat 4: LolDnkaments (big blind) collected ($35.50)


PokerStars Hand #159858026316:  Hold'em Limit ($3/$6 USD) - 2016/10/12 22:02:18 ET
Table 'Automedon' 6-max Seat #4 is the button
Seat 3: Rooman7 ($100.49 in chips)
Seat 4: LolDnkaments ($131.04 in chips)
LolDnkaments: posts small blind $1
Rooman7: posts big blind $3
*** HOLE CARDS ***
LolDnkaments: folds
Uncalled bet ($2) returned to Rooman7
Rooman7 collected $2 from pot
Rooman7: doesn't show hand
*** SUMMARY ***
Total pot $2 | Rake $0
Seat 3: Rooman7 (big blind) collected ($2)
Seat 4: LolDnkaments (button) (small blind) folded before Flop


PokerStars Hand #159858023616:  Hold'em Limit ($3/$6 USD) - 2016/10/12 22:02:10 ET
Table 'Automedon' 6-max Seat #3 is the button
Seat 3: Rooman7 ($97.49 in chips)
Seat 4: LolDnkaments ($134.04 in chips)
Rooman7: posts small blind $1
LolDnkaments: posts big blind $3
*** HOLE CARDS ***
Rooman7: raises $3 to $6
LolDnkaments: folds
Uncalled bet ($3) returned to Rooman7
Rooman7 collected $6 from pot
Rooman7: doesn't show hand
*** SUMMARY ***
Total pot $6 | Rake $0
Seat 3: Rooman7 (button) (small blind) collected ($6)
Seat 4: LolDnkaments (big blind) folded before Flop


PokerStars Hand #159858053964:  Hold'em Limit ($3/$6 USD) - 2016/10/12 22:03:35 ET
Table 'Automedon' 6-max Seat #4 is the button
Seat 3: Rooman7 ($76.99 in chips)
Seat 4: LolDnkaments ($153.04 in chips)
LolDnkaments: posts small blind $1
Rooman7: posts big blind $3
*** HOLE CARDS ***
LolDnkaments: raises $3 to $6
Rooman7: raises $3 to $9
LolDnkaments: calls $3
*** FLOP *** [5d 2c 9s]
Rooman7: bets $3
LolDnkaments: calls $3
*** TURN *** [5d 2c 9s] [8h]
Rooman7: bets $6
LolDnkaments: raises $6 to $12
Rooman7: calls $6
*** RIVER *** [5d 2c 9s 8h] [4h]
Rooman7: checks
LolDnkaments: bets $6
Rooman7: calls $6
*** SHOW DOWN ***
LolDnkaments: shows [6h 3d] (a straight, Deuce to Six)
Rooman7: mucks hand
LolDnkaments collected $59.50 from pot
*** SUMMARY ***
Total pot $60 | Rake $0.50
Board [5d 2c 9s 8h 4h]
Seat 3: Rooman7 (big blind) mucked
Seat 4: LolDnkaments (button) (small blind) showed [6h 3d] and won ($59.50) with a straight, Deuce to Six


PokerStars Hand #159858046494:  Hold'em Limit ($3/$6 USD) - 2016/10/12 22:03:14 ET
Table 'Automedon' 6-max Seat #3 is the button
Seat 3: Rooman7 ($103.99 in chips)
Seat 4: LolDnkaments ($126.54 in chips)
Rooman7: posts small blind $1
LolDnkaments: posts big blind $3
*** HOLE CARDS ***
Rooman7: raises $3 to $6
LolDnkaments: calls $3
*** FLOP *** [Qd 6h 6s]
LolDnkaments: checks
Rooman7: bets $3
LolDnkaments: calls $3
*** TURN *** [Qd 6h 6s] [9h]
LolDnkaments: checks
Rooman7: bets $6
LolDnkaments: raises $6 to $12
Rooman7: calls $6
*** RIVER *** [Qd 6h 6s 9h] [Td]
LolDnkaments: bets $6
Rooman7: calls $6
*** SHOW DOWN ***
LolDnkaments: shows [Tc 6d] (a full house, Sixes full of Tens)
Rooman7: mucks hand
LolDnkaments collected $53.50 from pot
*** SUMMARY ***
Total pot $54 | Rake $0.50
Board [Qd 6h 6s 9h Td]
Seat 3: Rooman7 (button) (small blind) mucked
Seat 4: LolDnkaments (big blind) showed [Tc 6d] and won ($53.50) with a full house, Sixes full of Tens


PokerStars Hand #159858034850:  Hold'em Limit ($3/$6 USD) - 2016/10/12 22:02:41 ET
Table 'Automedon' 6-max Seat #4 is the button
Seat 3: Rooman7 ($83.49 in chips)
Seat 4: LolDnkaments ($147.54 in chips)
LolDnkaments: posts small blind $1
Rooman7: posts big blind $3
*** HOLE CARDS ***
LolDnkaments: raises $3 to $6
Rooman7: calls $3
*** FLOP *** [8h 4h 3c]
Rooman7: checks
LolDnkaments: bets $3
Rooman7: calls $3
*** TURN *** [8h 4h 3c] [2c]
Rooman7: checks
LolDnkaments: bets $6
Rooman7: calls $6
*** RIVER *** [8h 4h 3c 2c] [3s]
Rooman7: bets $6
LolDnkaments: calls $6
*** SHOW DOWN ***
Rooman7: shows [Jh 8s] (two pair, Eights and Threes)
LolDnkaments: mucks hand
Rooman7 collected $41.50 from pot
*** SUMMARY ***
Total pot $42 | Rake $0.50
Board [8h 4h 3c 2c 3s]
Seat 3: Rooman7 (big blind) showed [Jh 8s] and won ($41.50) with two pair, Eights and Threes
Seat 4: LolDnkaments (button) (small blind) mucked


PokerStars Hand #159858067159:  Hold'em Limit ($3/$6 USD) - 2016/10/12 22:04:12 ET
Table 'Automedon' 6-max Seat #4 is the button
Seat 3: Rooman7 ($49.99 in chips)
Seat 4: LolDnkaments ($179.54 in chips)
LolDnkaments: posts small blind $1
Rooman7: posts big blind $3
*** HOLE CARDS ***
LolDnkaments: raises $3 to $6
Rooman7: raises $3 to $9
LolDnkaments: calls $3
*** FLOP *** [3d 8d Th]
Rooman7: bets $3
LolDnkaments: calls $3
*** TURN *** [3d 8d Th] [3c]
Rooman7: bets $6
LolDnkaments: folds
Uncalled bet ($6) returned to Rooman7
Rooman7 collected $23.52 from pot
Rooman7: doesn't show hand
*** SUMMARY ***
Total pot $24 | Rake $0.48
Board [3d 8d Th 3c]
Seat 3: Rooman7 (big blind) collected ($23.52)
Seat 4: LolDnkaments (button) (small blind) folded on the Turn


PokerStars Hand #159858085609:  Hold'em Limit ($3/$6 USD) - 2016/10/12 22:05:03 ET
Table 'Automedon' 6-max Seat #3 is the button
Seat 3: Rooman7 ($64.27 in chips)
Seat 4: LolDnkaments ($164.54 in chips)
Rooman7: posts small blind $1
LolDnkaments: posts big blind $3
*** HOLE CARDS ***
Rooman7: folds
Uncalled bet ($2) returned to LolDnkaments
LolDnkaments collected $2 from pot
LolDnkaments: doesn't show hand
*** SUMMARY ***
Total pot $2 | Rake $0
Seat 3: Rooman7 (button) (small blind) folded before Flop
Seat 4: LolDnkaments (big blind) collected ($2)


PokerStars Hand #159858083779:  Hold'em Limit ($3/$6 USD) - 2016/10/12 22:04:58 ET
Table 'Automedon' 6-max Seat #4 is the button
Seat 3: Rooman7 ($67.27 in chips)
Seat 4: LolDnkaments ($161.54 in chips)
LolDnkaments: posts small blind $1
Rooman7: posts big blind $3
*** HOLE CARDS ***
LolDnkaments: raises $3 to $6
Rooman7: folds
Uncalled bet ($3) returned to LolDnkaments
LolDnkaments collected $6 from pot
LolDnkaments: doesn't show hand
*** SUMMARY ***
Total pot $6 | Rake $0
Seat 3: Rooman7 (big blind) folded before Flop
Seat 4: LolDnkaments (button) (small blind) collected ($6)


PokerStars Hand #159858082012:  Hold'em Limit ($3/$6 USD) - 2016/10/12 22:04:53 ET
Table 'Automedon' 6-max Seat #3 is the button
Seat 3: Rooman7 ($68.27 in chips)
Seat 4: LolDnkaments ($160.54 in chips)
Rooman7: posts small blind $1
LolDnkaments: posts big blind $3
*** HOLE CARDS ***
Rooman7: folds
Uncalled bet ($2) returned to LolDnkaments
LolDnkaments collected $2 from pot
LolDnkaments: doesn't show hand
*** SUMMARY ***
Total pot $2 | Rake $0
Seat 3: Rooman7 (button) (small blind) folded before Flop
Seat 4: LolDnkaments (big blind) collected ($2)


PokerStars Hand #159858079351:  Hold'em Limit ($3/$6 USD) - 2016/10/12 22:04:46 ET
Table 'Automedon' 6-max Seat #4 is the button
Seat 3: Rooman7 ($67.27 in chips)
Seat 4: LolDnkaments ($161.54 in chips)
LolDnkaments: posts small blind $1
Rooman7: posts big blind $3
*** HOLE CARDS ***
LolDnkaments: folds
Uncalled bet ($2) returned to Rooman7
Rooman7 collected $2 from pot
Rooman7: doesn't show hand
*** SUMMARY ***
Total pot $2 | Rake $0
Seat 3: Rooman7 (big blind) collected ($2)
Seat 4: LolDnkaments (button) (small blind) folded before Flop


PokerStars Hand #159858074247:  Hold'em Limit ($3/$6 USD) - 2016/10/12 22:04:32 ET
Table 'Automedon' 6-max Seat #3 is the button
Seat 3: Rooman7 ($61.51 in chips)
Seat 4: LolDnkaments ($167.54 in chips)
Rooman7: posts small blind $1
LolDnkaments: posts big blind $3
*** HOLE CARDS ***
Rooman7: raises $3 to $6
LolDnkaments: calls $3
*** FLOP *** [9c 2h 7s]
LolDnkaments: checks
Rooman7: bets $3
LolDnkaments: folds
Uncalled bet ($3) returned to Rooman7
Rooman7 collected $11.76 from pot
Rooman7: doesn't show hand
*** SUMMARY ***
Total pot $12 | Rake $0.24
Board [9c 2h 7s]
Seat 3: Rooman7 (button) (small blind) collected ($11.76)
Seat 4: LolDnkaments (big blind) folded on the Flop


PokerStars Hand #159858064392:  Hold'em Limit ($3/$6 USD) - 2016/10/12 22:04:04 ET
Table 'Automedon' 6-max Seat #3 is the button
Seat 3: Rooman7 ($46.99 in chips)
Seat 4: LolDnkaments ($182.54 in chips)
Rooman7: posts small blind $1
LolDnkaments: posts big blind $3
*** HOLE CARDS ***
Rooman7: raises $3 to $6
LolDnkaments: folds
Uncalled bet ($3) returned to Rooman7
Rooman7 collected $6 from pot
Rooman7: doesn't show hand
*** SUMMARY ***
Total pot $6 | Rake $0
Seat 3: Rooman7 (button) (small blind) collected ($6)
Seat 4: LolDnkaments (big blind) folded before Flop


PokerStars Hand #159858087228:  Hold'em Limit ($3/$6 USD) - 2016/10/12 22:05:08 ET
Table 'Automedon' 6-max Seat #4 is the button
Seat 3: Rooman7 ($63.27 in chips)
Seat 4: LolDnkaments ($165.54 in chips)
LolDnkaments: posts small blind $1
Rooman7: posts big blind $3
*** HOLE CARDS ***
LolDnkaments: raises $3 to $6
Rooman7: folds
Uncalled bet ($3) returned to LolDnkaments
LolDnkaments collected $6 from pot
LolDnkaments: doesn't show hand
*** SUMMARY ***
Total pot $6 | Rake $0
Seat 3: Rooman7 (big blind) folded before Flop
Seat 4: LolDnkaments (button) (small blind) collected ($6)


PokerStars Hand #159858102887:  Hold'em Limit ($3/$6 USD) - 2016/10/12 22:05:52 ET
Table 'Automedon' 6-max Seat #4 is the button
Seat 3: Rooman7 ($77.77 in chips)
Seat 4: LolDnkaments ($150.54 in chips)
LolDnkaments: posts small blind $1
Rooman7: posts big blind $3
*** HOLE CARDS ***
LolDnkaments: raises $3 to $6
Rooman7: calls $3
*** FLOP *** [Jd Qd 2h]
Rooman7: checks
LolDnkaments: bets $3
Rooman7: folds
Uncalled bet ($3) returned to LolDnkaments
LolDnkaments collected $11.76 from pot
LolDnkaments: doesn't show hand
*** SUMMARY ***
Total pot $12 | Rake $0.24
Board [Jd Qd 2h]
Seat 3: Rooman7 (big blind) folded on the Flop
Seat 4: LolDnkaments (button) (small blind) collected ($11.76)


PokerStars Hand #159858089894:  Hold'em Limit ($3/$6 USD) - 2016/10/12 22:05:15 ET
Table 'Automedon' 6-max Seat #3 is the button
Seat 3: Rooman7 ($60.27 in chips)
Seat 4: LolDnkaments ($168.54 in chips)
Rooman7: posts small blind $1
LolDnkaments: posts big blind $3
*** HOLE CARDS ***
Rooman7: raises $3 to $6
LolDnkaments: calls $3
*** FLOP *** [5h 3h 7s]
LolDnkaments: checks
Rooman7: checks
*** TURN *** [5h 3h 7s] [Js]
LolDnkaments: bets $6
Rooman7: calls $6
*** RIVER *** [5h 3h 7s Js] [6s]
LolDnkaments: checks
Rooman7: bets $6
LolDnkaments: calls $6
*** SHOW DOWN ***
Rooman7: shows [Qs Jh] (a pair of Jacks)
LolDnkaments: mucks hand
Rooman7 collected $35.50 from pot
*** SUMMARY ***
Total pot $36 | Rake $0.50
Board [5h 3h 7s Js 6s]
Seat 3: Rooman7 (button) (small blind) showed [Qs Jh] and won ($35.50) with a pair of Jacks
Seat 4: LolDnkaments (big blind) mucked


PokerStars Hand #159858109771:  Hold'em Limit ($3/$6 USD) - 2016/10/12 22:06:11 ET
Table 'Automedon' 6-max Seat #3 is the button
Seat 3: Rooman7 ($71.77 in chips)
Seat 4: LolDnkaments ($156.30 in chips)
Rooman7: posts small blind $1
LolDnkaments: posts big blind $3
*** HOLE CARDS ***
Rooman7: calls $2
LolDnkaments: checks
*** FLOP *** [3c 2d 7d]
LolDnkaments: checks
Rooman7: checks
*** TURN *** [3c 2d 7d] [3s]
LolDnkaments: checks
xxRaizorxx joins the table at seat #5
Rooman7: checks
*** RIVER *** [3c 2d 7d 3s] [7h]
LolDnkaments: checks
Rooman7: checks
*** SHOW DOWN ***
LolDnkaments: shows [Jd 8s] (two pair, Sevens and Threes)
Rooman7: shows [Qh 5c] (two pair, Sevens and Threes - Queen kicker)
Rooman7 collected $5.88 from pot
*** SUMMARY ***
Total pot $6 | Rake $0.12
Board [3c 2d 7d 3s 7h]
Seat 3: Rooman7 (button) (small blind) showed [Qh 5c] and won ($5.88) with two pair, Sevens and Threes
Seat 4: LolDnkaments (big blind) showed [Jd 8s] and lost with two pair, Sevens and Threes


PokerStars Hand #159859029058:  Hold'em Limit ($3/$6 USD) - 2016/10/12 22:51:25 ET
Table 'Automedon' 6-max Seat #4 is the button
Seat 1: mishkamoya ($226.78 in chips)
Seat 4: LolDnkaments ($149.50 in chips)
LolDnkaments: posts small blind $1
mishkamoya: posts big blind $3
*** HOLE CARDS ***
habari786 leaves the table
LolDnkaments: raises $3 to $6
mishkamoya: calls $3
*** FLOP *** [Kc Qh 6s]
mishkamoya: checks
LolDnkaments: bets $3
mishkamoya: calls $3
*** TURN *** [Kc Qh 6s] [5c]
mishkamoya: checks
LolDnkaments: checks
*** RIVER *** [Kc Qh 6s 5c] [8s]
mishkamoya: checks
LolDnkaments: bets $6
mishkamoya: calls $6
*** SHOW DOWN ***
LolDnkaments: shows [Ad 8h] (a pair of Eights)
mishkamoya: shows [4c Kd] (a pair of Kings)
mishkamoya collected $29.50 from pot
*** SUMMARY ***
Total pot $30 | Rake $0.50
Board [Kc Qh 6s 5c 8s]
Seat 1: mishkamoya (big blind) showed [4c Kd] and won ($29.50) with a pair of Kings
Seat 4: LolDnkaments (button) (small blind) showed [Ad 8h] and lost with a pair of Eights


PokerStars Hand #159859035972:  Hold'em Limit ($3/$6 USD) - 2016/10/12 22:51:47 ET
Table 'Automedon' 6-max Seat #4 is the button
Seat 1: mishkamoya ($240.28 in chips)
Seat 4: LolDnkaments ($135.50 in chips)
LolDnkaments: posts small blind $1
mishkamoya: posts big blind $3
*** HOLE CARDS ***
LolDnkaments: folds
Uncalled bet ($2) returned to mishkamoya
mishkamoya collected $2 from pot
mishkamoya: doesn't show hand
*** SUMMARY ***
Total pot $2 | Rake $0
Seat 1: mishkamoya (big blind) collected ($2)
Seat 4: LolDnkaments (button) (small blind) folded before Flop


PokerStars Hand #159859034327:  Hold'em Limit ($3/$6 USD) - 2016/10/12 22:51:42 ET
Table 'Automedon' 6-max Seat #1 is the button
Seat 1: mishkamoya ($241.28 in chips)
Seat 4: LolDnkaments ($134.50 in chips)
mishkamoya: posts small blind $1
LolDnkaments: posts big blind $3
*** HOLE CARDS ***
mishkamoya: folds
Uncalled bet ($2) returned to LolDnkaments
LolDnkaments collected $2 from pot
LolDnkaments: doesn't show hand
*** SUMMARY ***
Total pot $2 | Rake $0
Seat 1: mishkamoya (button) (small blind) folded before Flop
Seat 4: LolDnkaments (big blind) collected ($2)


PokerStars Hand #159859039100:  Hold'em Limit ($3/$6 USD) - 2016/10/12 22:51:57 ET
Table 'Automedon' 6-max Seat #4 is the button
Seat 1: mishkamoya ($244.28 in chips)
Seat 4: LolDnkaments ($131.50 in chips)
LolDnkaments: posts small blind $1
mishkamoya: posts big blind $3
*** HOLE CARDS ***
LolDnkaments: folds
Uncalled bet ($2) returned to mishkamoya
mishkamoya collected $2 from pot
mishkamoya: doesn't show hand
*** SUMMARY ***
Total pot $2 | Rake $0
Seat 1: mishkamoya (big blind) collected ($2)
Seat 4: LolDnkaments (button) (small blind) folded before Flop


PokerStars Hand #159859037307:  Hold'em Limit ($3/$6 USD) - 2016/10/12 22:51:51 ET
Table 'Automedon' 6-max Seat #1 is the button
Seat 1: mishkamoya ($241.28 in chips)
Seat 4: LolDnkaments ($134.50 in chips)
mishkamoya: posts small blind $1
LolDnkaments: posts big blind $3
*** HOLE CARDS ***
mishkamoya: raises $3 to $6
LolDnkaments: folds
Uncalled bet ($3) returned to mishkamoya
mishkamoya collected $6 from pot
mishkamoya: doesn't show hand
*** SUMMARY ***
Total pot $6 | Rake $0
Seat 1: mishkamoya (button) (small blind) collected ($6)
Seat 4: LolDnkaments (big blind) folded before Flop


PokerStars Hand #159859027579:  Hold'em Limit ($3/$6 USD) - 2016/10/12 22:51:20 ET
Table 'Automedon' 6-max Seat #1 is the button
Seat 1: mishkamoya ($227.78 in chips)
Seat 4: LolDnkaments ($148.50 in chips)
mishkamoya: posts small blind $1
LolDnkaments: posts big blind $3
*** HOLE CARDS ***
mishkamoya: folds
Uncalled bet ($2) returned to LolDnkaments
LolDnkaments collected $2 from pot
LolDnkaments: doesn't show hand
*** SUMMARY ***
Total pot $2 | Rake $0
Seat 1: mishkamoya (button) (small blind) folded before Flop
Seat 4: LolDnkaments (big blind) collected ($2)


PokerStars Hand #159859040505:  Hold'em Limit ($3/$6 USD) - 2016/10/12 22:52:02 ET
Table 'Automedon' 6-max Seat #1 is the button
Seat 1: mishkamoya ($245.28 in chips)
Seat 4: LolDnkaments ($130.50 in chips)
mishkamoya: posts small blind $1
LolDnkaments: posts big blind $3
*** HOLE CARDS ***
mishkamoya: raises $3 to $6
LolDnkaments: raises $3 to $9
mishkamoya: calls $3
*** FLOP *** [9s 7h Ts]
LolDnkaments: bets $3
mishkamoya: calls $3
*** TURN *** [9s 7h Ts] [3h]
LolDnkaments: bets $6
mishkamoya: raises $6 to $12
LolDnkaments: calls $6
*** RIVER *** [9s 7h Ts 3h] [Jh]
LolDnkaments: checks
mishkamoya: bets $6
LolDnkaments: calls $6
*** SHOW DOWN ***
mishkamoya: shows [8h 9h] (a flush, Jack high)
LolDnkaments: mucks hand
mishkamoya collected $59.50 from pot
*** SUMMARY ***
Total pot $60 | Rake $0.50
Board [9s 7h Ts 3h Jh]
Seat 1: mishkamoya (button) (small blind) showed [8h 9h] and won ($59.50) with a flush, Jack high
Seat 4: LolDnkaments (big blind) mucked


PokerStars Hand #159859047838:  Hold'em Limit ($3/$6 USD) - 2016/10/12 22:52:25 ET
Table 'Automedon' 6-max Seat #1 is the button
Seat 1: mishkamoya ($271.78 in chips)
Seat 4: LolDnkaments ($103.50 in chips)
mishkamoya: posts small blind $1
LolDnkaments: posts big blind $3
*** HOLE CARDS ***
mishkamoya: raises $3 to $6
LolDnkaments: calls $3
*** FLOP *** [Kh 8s 4h]
LolDnkaments: checks
mishkamoya: bets $3
LolDnkaments: folds
Uncalled bet ($3) returned to mishkamoya
mishkamoya collected $11.76 from pot
mishkamoya: doesn't show hand
*** SUMMARY ***
Total pot $12 | Rake $0.24
Board [Kh 8s 4h]
Seat 1: mishkamoya (button) (small blind) collected ($11.76)
Seat 4: LolDnkaments (big blind) folded on the Flop


PokerStars Hand #159859053576:  Hold'em Limit ($3/$6 USD) - 2016/10/12 22:52:44 ET
Table 'Automedon' 6-max Seat #4 is the button
Seat 1: mishkamoya ($277.54 in chips)
Seat 4: LolDnkaments ($97.50 in chips)
LolDnkaments: posts small blind $1
mishkamoya: posts big blind $3
*** HOLE CARDS ***
LolDnkaments: raises $3 to $6
mishkamoya: raises $3 to $9
LolDnkaments: calls $3
*** FLOP *** [6h Td 4h]
mishkamoya: bets $3
LolDnkaments: calls $3
*** TURN *** [6h Td 4h] [9s]
mishkamoya: checks
LolDnkaments: bets $6
mishkamoya: calls $6
*** RIVER *** [6h Td 4h 9s] [Ah]
mishkamoya: checks
LolDnkaments: checks
*** SHOW DOWN ***
mishkamoya: shows [8d Ac] (a pair of Aces)
LolDnkaments: mucks hand
mishkamoya collected $35.50 from pot
*** SUMMARY ***
Total pot $36 | Rake $0.50
Board [6h Td 4h 9s Ah]
Seat 1: mishkamoya (big blind) showed [8d Ac] and won ($35.50) with a pair of Aces
Seat 4: LolDnkaments (button) (small blind) mucked


PokerStars Hand #159859046173:  Hold'em Limit ($3/$6 USD) - 2016/10/12 22:52:20 ET
Table 'Automedon' 6-max Seat #4 is the button
Seat 1: mishkamoya ($274.78 in chips)
Seat 4: LolDnkaments ($100.50 in chips)
LolDnkaments: posts small blind $1
mishkamoya: posts big blind $3
*** HOLE CARDS ***
LolDnkaments: raises $3 to $6
mishkamoya: folds
Uncalled bet ($3) returned to LolDnkaments
LolDnkaments collected $6 from pot
LolDnkaments: doesn't show hand
*** SUMMARY ***
Total pot $6 | Rake $0
Seat 1: mishkamoya (big blind) folded before Flop
Seat 4: LolDnkaments (button) (small blind) collected ($6)


PokerStars Hand #159859059976:  Hold'em Limit ($3/$6 USD) - 2016/10/12 22:53:05 ET
Table 'Automedon' 6-max Seat #1 is the button
Seat 1: mishkamoya ($295.04 in chips)
Seat 4: LolDnkaments ($79.50 in chips)
mishkamoya: posts small blind $1
LolDnkaments: posts big blind $3
*** HOLE CARDS ***
mishkamoya: raises $3 to $6
LolDnkaments: calls $3
*** FLOP *** [Td 4h Qc]
LolDnkaments: checks
mishkamoya: bets $3
LolDnkaments: calls $3
*** TURN *** [Td 4h Qc] [9s]
LolDnkaments: checks
mishkamoya: checks
*** RIVER *** [Td 4h Qc 9s] [6s]
LolDnkaments: checks
mishkamoya: checks
*** SHOW DOWN ***
LolDnkaments: shows [Ad 7s] (high card Ace)
mishkamoya: mucks hand
LolDnkaments collected $17.64 from pot
*** SUMMARY ***
Total pot $18 | Rake $0.36
Board [Td 4h Qc 9s 6s]
Seat 1: mishkamoya (button) (small blind) mucked
Seat 4: LolDnkaments (big blind) showed [Ad 7s] and won ($17.64) with high card Ace


PokerStars Hand #159859080547:  Hold'em Limit ($3/$6 USD) - 2016/10/12 22:54:12 ET
Table 'Automedon' 6-max Seat #1 is the button
Seat 1: mishkamoya ($276.68 in chips)
Seat 4: LolDnkaments ($96.42 in chips)
mishkamoya: posts small blind $1
LolDnkaments: posts big blind $3
*** HOLE CARDS ***
mishkamoya: raises $3 to $6
LolDnkaments: calls $3
*** FLOP *** [5h 2d Kh]
LolDnkaments: checks
mishkamoya: checks
*** TURN *** [5h 2d Kh] [5d]
LolDnkaments: checks
mishkamoya: checks
*** RIVER *** [5h 2d Kh 5d] [Ad]
LolDnkaments: checks
mishkamoya: checks
*** SHOW DOWN ***
LolDnkaments: shows [9d 8h] (a pair of Fives)
mishkamoya: mucks hand
LolDnkaments collected $11.76 from pot
*** SUMMARY ***
Total pot $12 | Rake $0.24
Board [5h 2d Kh 5d Ad]
Seat 1: mishkamoya (button) (small blind) mucked
Seat 4: LolDnkaments (big blind) showed [9d 8h] and won ($11.76) with a pair of Fives


PokerStars Hand #159859070066:  Hold'em Limit ($3/$6 USD) - 2016/10/12 22:53:38 ET
Table 'Automedon' 6-max Seat #1 is the button
Seat 1: mishkamoya ($280.04 in chips)
Seat 4: LolDnkaments ($93.90 in chips)
mishkamoya: posts small blind $1
LolDnkaments: posts big blind $3
*** HOLE CARDS ***
mishkamoya: folds
Uncalled bet ($2) returned to LolDnkaments
LolDnkaments collected $2 from pot
LolDnkaments: doesn't show hand
*** SUMMARY ***
Total pot $2 | Rake $0
Seat 1: mishkamoya (button) (small blind) folded before Flop
Seat 4: LolDnkaments (big blind) collected ($2)


PokerStars Hand #159859066806:  Hold'em Limit ($3/$6 USD) - 2016/10/12 22:53:27 ET
Table 'Automedon' 6-max Seat #4 is the button
Seat 1: mishkamoya ($286.04 in chips)
Seat 4: LolDnkaments ($88.14 in chips)
LolDnkaments: posts small blind $1
mishkamoya: posts big blind $3
*** HOLE CARDS ***
LolDnkaments: raises $3 to $6
mishkamoya: calls $3
*** FLOP *** [7h Jc Qs]
mishkamoya: checks
LolDnkaments: bets $3
mishkamoya: folds
Uncalled bet ($3) returned to LolDnkaments
LolDnkaments collected $11.76 from pot
LolDnkaments: doesn't show hand
*** SUMMARY ***
Total pot $12 | Rake $0.24
Board [7h Jc Qs]
Seat 1: mishkamoya (big blind) folded on the Flop
Seat 4: LolDnkaments (button) (small blind) collected ($11.76)


PokerStars Hand #159859071570:  Hold'em Limit ($3/$6 USD) - 2016/10/12 22:53:43 ET
Table 'Automedon' 6-max Seat #4 is the button
Seat 1: mishkamoya ($279.04 in chips)
Seat 4: LolDnkaments ($94.90 in chips)
LolDnkaments: posts small blind $1
mishkamoya: posts big blind $3
*** HOLE CARDS ***
LolDnkaments: folds
Uncalled bet ($2) returned to mishkamoya
mishkamoya collected $2 from pot
mishkamoya: doesn't show hand
*** SUMMARY ***
Total pot $2 | Rake $0
Seat 1: mishkamoya (big blind) collected ($2)
Seat 4: LolDnkaments (button) (small blind) folded before Flop


PokerStars Hand #159859076497:  Hold'em Limit ($3/$6 USD) - 2016/10/12 22:53:59 ET
Table 'Automedon' 6-max Seat #4 is the button
Seat 1: mishkamoya ($268.04 in chips)
Seat 4: LolDnkaments ($105.42 in chips)
LolDnkaments: posts small blind $1
mishkamoya: posts big blind $3
*** HOLE CARDS ***
LolDnkaments: raises $3 to $6
mishkamoya: calls $3
*** FLOP *** [5c 6c 7s]
mishkamoya: checks
LolDnkaments: bets $3
mishkamoya: calls $3
*** TURN *** [5c 6c 7s] [4h]
mishkamoya: checks
LolDnkaments: checks
*** RIVER *** [5c 6c 7s 4h] [9s]
mishkamoya: checks
LolDnkaments: checks
*** SHOW DOWN ***
mishkamoya: shows [Ad 6h] (a pair of Sixes)
LolDnkaments: mucks hand
mishkamoya collected $17.64 from pot
*** SUMMARY ***
Total pot $18 | Rake $0.36
Board [5c 6c 7s 4h 9s]
Seat 1: mishkamoya (big blind) showed [Ad 6h] and won ($17.64) with a pair of Sixes
Seat 4: LolDnkaments (button) (small blind) mucked


PokerStars Hand #159859073005:  Hold'em Limit ($3/$6 USD) - 2016/10/12 22:53:48 ET
Table 'Automedon' 6-max Seat #1 is the button
Seat 1: mishkamoya ($280.04 in chips)
Seat 4: LolDnkaments ($93.90 in chips)
mishkamoya: posts small blind $1
LolDnkaments: posts big blind $3
*** HOLE CARDS ***
mishkamoya: raises $3 to $6
LolDnkaments: raises $3 to $9
mishkamoya: calls $3
*** FLOP *** [4h 2c 7h]
LolDnkaments: bets $3
mishkamoya: calls $3
*** TURN *** [4h 2c 7h] [Kh]
LolDnkaments: bets $6
mishkamoya: folds
Uncalled bet ($6) returned to LolDnkaments
LolDnkaments collected $23.52 from pot
LolDnkaments: doesn't show hand
*** SUMMARY ***
Total pot $24 | Rake $0.48
Board [4h 2c 7h Kh]
Seat 1: mishkamoya (button) (small blind) folded on the Turn
Seat 4: LolDnkaments (big blind) collected ($23.52)


PokerStars Hand #159859098427:  Hold'em Limit ($3/$6 USD) - 2016/10/12 22:55:10 ET
Table 'Automedon' 6-max Seat #1 is the button
Seat 1: mishkamoya ($307.58 in chips)
Seat 4: LolDnkaments ($75 in chips)
mishkamoya: posts small blind $1
LolDnkaments: posts big blind $3
*** HOLE CARDS ***
mishkamoya: raises $3 to $6
LolDnkaments: calls $3
*** FLOP *** [Kd 7d Ks]
LolDnkaments: checks
mishkamoya: checks
*** TURN *** [Kd 7d Ks] [3h]
LolDnkaments: bets $6
mishkamoya: raises $6 to $12
LolDnkaments: calls $6
*** RIVER *** [Kd 7d Ks 3h] [8d]
LolDnkaments: checks
mishkamoya: bets $6
LolDnkaments: calls $6
*** SHOW DOWN ***
mishkamoya: shows [Qd Qh] (two pair, Kings and Queens)
LolDnkaments: mucks hand
mishkamoya collected $47.50 from pot
*** SUMMARY ***
Total pot $48 | Rake $0.50
Board [Kd 7d Ks 3h 8d]
Seat 1: mishkamoya (button) (small blind) showed [Qd Qh] and won ($47.50) with two pair, Kings and Queens
Seat 4: LolDnkaments (big blind) mucked


PokerStars Hand #159859096621:  Hold'em Limit ($3/$6 USD) - 2016/10/12 22:55:04 ET
Table 'Automedon' 6-max Seat #4 is the button
Seat 1: mishkamoya ($310.58 in chips)
Seat 4: LolDnkaments ($72 in chips)
LolDnkaments: posts small blind $1
mishkamoya: posts big blind $3
*** HOLE CARDS ***
LolDnkaments: raises $3 to $6
mishkamoya: folds
Uncalled bet ($3) returned to LolDnkaments
LolDnkaments collected $6 from pot
LolDnkaments: doesn't show hand
*** SUMMARY ***
Total pot $6 | Rake $0
Seat 1: mishkamoya (big blind) folded before Flop
Seat 4: LolDnkaments (button) (small blind) collected ($6)


PokerStars Hand #159859093340:  Hold'em Limit ($3/$6 USD) - 2016/10/12 22:54:53 ET
Table 'Automedon' 6-max Seat #1 is the button
Seat 1: mishkamoya ($304.82 in chips)
Seat 4: LolDnkaments ($72 in chips)
mishkamoya: posts small blind $1
LolDnkaments: posts big blind $3
*** HOLE CARDS ***
mishkamoya: raises $3 to $6
LolDnkaments: calls $3
*** FLOP *** [5h 8c Th]
LolDnkaments: checks
mishkamoya: bets $3
LolDnkaments: folds
Uncalled bet ($3) returned to mishkamoya
mishkamoya collected $11.76 from pot
mishkamoya: doesn't show hand
*** SUMMARY ***
Total pot $12 | Rake $0.24
Board [5h 8c Th]
Seat 1: mishkamoya (button) (small blind) collected ($11.76)
Seat 4: LolDnkaments (big blind) folded on the Flop


PokerStars Hand #159859090132:  Hold'em Limit ($3/$6 USD) - 2016/10/12 22:54:43 ET
Table 'Automedon' 6-max Seat #4 is the button
Seat 1: mishkamoya ($296.18 in chips)
Seat 4: LolDnkaments ($76.18 in chips)
LolDnkaments: posts small blind $1
mishkamoya: posts big blind $3
*** HOLE CARDS ***
LolDnkaments: raises $3 to $6
mishkamoya: raises $3 to $9
LolDnkaments: calls $3
*** FLOP *** [Ac 8s 6s]
mishkamoya: bets $3
LolDnkaments: folds
Uncalled bet ($3) returned to mishkamoya
mishkamoya collected $17.64 from pot
mishkamoya: doesn't show hand
*** SUMMARY ***
Total pot $18 | Rake $0.36
Board [Ac 8s 6s]
Seat 1: mishkamoya (big blind) collected ($17.64)
Seat 4: LolDnkaments (button) (small blind) folded on the Flop


PokerStars Hand #159859088722:  Hold'em Limit ($3/$6 USD) - 2016/10/12 22:54:38 ET
Table 'Automedon' 6-max Seat #1 is the button
Seat 1: mishkamoya ($297.18 in chips)
Seat 4: LolDnkaments ($75.18 in chips)
mishkamoya: posts small blind $1
LolDnkaments: posts big blind $3
*** HOLE CARDS ***
mishkamoya: folds
Uncalled bet ($2) returned to LolDnkaments
LolDnkaments collected $2 from pot
LolDnkaments: doesn't show hand
*** SUMMARY ***
Total pot $2 | Rake $0
Seat 1: mishkamoya (button) (small blind) folded before Flop
Seat 4: LolDnkaments (big blind) collected ($2)


PokerStars Hand #159859083743:  Hold'em Limit ($3/$6 USD) - 2016/10/12 22:54:22 ET
Table 'Automedon' 6-max Seat #4 is the button
Seat 1: mishkamoya ($270.68 in chips)
Seat 4: LolDnkaments ($102.18 in chips)
LolDnkaments: posts small blind $1
mishkamoya: posts big blind $3
*** HOLE CARDS ***
LolDnkaments: raises $3 to $6
mishkamoya: raises $3 to $9
LolDnkaments: calls $3
*** FLOP *** [Qc 3s 8h]
mishkamoya: bets $3
LolDnkaments: raises $3 to $6
mishkamoya: calls $3
*** TURN *** [Qc 3s 8h] [2s]
mishkamoya: checks
LolDnkaments: bets $6
mishkamoya: calls $6
*** RIVER *** [Qc 3s 8h 2s] [2h]
mishkamoya: checks
LolDnkaments: bets $6
mishkamoya: calls $6
*** SHOW DOWN ***
LolDnkaments: shows [5s 3d] (two pair, Threes and Deuces)
mishkamoya: shows [9h 8d] (two pair, Eights and Deuces)
mishkamoya collected $53.50 from pot
*** SUMMARY ***
Total pot $54 | Rake $0.50
Board [Qc 3s 8h 2s 2h]
Seat 1: mishkamoya (big blind) showed [9h 8d] and won ($53.50) with two pair, Eights and Deuces
Seat 4: LolDnkaments (button) (small blind) showed [5s 3d] and lost with two pair, Threes and Deuces


PokerStars Hand #159859106324:  Hold'em Limit ($3/$6 USD) - 2016/10/12 22:55:39 ET
Table 'Automedon' 6-max Seat #1 is the button
Seat 1: mishkamoya ($363.58 in chips)
Seat 4: LolDnkaments ($72 in chips)
mishkamoya: posts small blind $1
LolDnkaments: posts big blind $3
*** HOLE CARDS ***
mishkamoya: folds
Uncalled bet ($2) returned to LolDnkaments
LolDnkaments collected $2 from pot
LolDnkaments: doesn't show hand
*** SUMMARY ***
Total pot $2 | Rake $0
Seat 1: mishkamoya (button) (small blind) folded before Flop
Seat 4: LolDnkaments (big blind) collected ($2)


PokerStars Hand #159859101805:  Hold'em Limit ($3/$6 USD) - 2016/10/12 22:55:22 ET
Table 'Automedon' 6-max Seat #4 is the button
Seat 1: mishkamoya ($331.08 in chips)
Seat 4: LolDnkaments ($72 in chips)
LolDnkaments: posts small blind $1
mishkamoya: posts big blind $3
*** HOLE CARDS ***
LolDnkaments: raises $3 to $6
mishkamoya: calls $3
*** FLOP *** [Jc 9h 2d]
mishkamoya: checks
LolDnkaments: bets $3
mishkamoya: calls $3
*** TURN *** [Jc 9h 2d] [4s]
mishkamoya: checks
LolDnkaments: bets $6
mishkamoya: raises $6 to $12
LolDnkaments: raises $6 to $18
mishkamoya: calls $6
*** RIVER *** [Jc 9h 2d 4s] [4d]
mishkamoya: checks
LolDnkaments: bets $6
mishkamoya: calls $6
*** SHOW DOWN ***
LolDnkaments: shows [9c Jh] (two pair, Jacks and Nines)
mishkamoya: shows [Kd Ks] (two pair, Kings and Fours)
mishkamoya collected $65.50 from pot
*** SUMMARY ***
Total pot $66 | Rake $0.50
Board [Jc 9h 2d 4s 4d]
Seat 1: mishkamoya (big blind) showed [Kd Ks] and won ($65.50) with two pair, Kings and Fours
Seat 4: LolDnkaments (button) (small blind) showed [9c Jh] and lost with two pair, Jacks and Nines


PokerStars Hand #159859114281:  Hold'em Limit ($3/$6 USD) - 2016/10/12 22:56:09 ET
Table 'Automedon' 6-max Seat #4 is the button
Seat 1: mishkamoya ($388.08 in chips)
Seat 4: LolDnkaments ($73 in chips)
LolDnkaments: posts small blind $1
mishkamoya: posts big blind $3
*** HOLE CARDS ***
LolDnkaments: raises $3 to $6
mishkamoya: folds
Uncalled bet ($3) returned to LolDnkaments
LolDnkaments collected $6 from pot
LolDnkaments: doesn't show hand
*** SUMMARY ***
Total pot $6 | Rake $0
Seat 1: mishkamoya (big blind) folded before Flop
Seat 4: LolDnkaments (button) (small blind) collected ($6)


PokerStars Hand #159859113055:  Hold'em Limit ($3/$6 USD) - 2016/10/12 22:56:04 ET
Table 'Automedon' 6-max Seat #1 is the button
Seat 1: mishkamoya ($389.08 in chips)
Seat 4: LolDnkaments ($72 in chips)
mishkamoya: posts small blind $1
LolDnkaments: posts big blind $3
*** HOLE CARDS ***
mishkamoya: folds
Uncalled bet ($2) returned to LolDnkaments
LolDnkaments collected $2 from pot
LolDnkaments: doesn't show hand
*** SUMMARY ***
Total pot $2 | Rake $0
Seat 1: mishkamoya (button) (small blind) folded before Flop
Seat 4: LolDnkaments (big blind) collected ($2)


PokerStars Hand #159859107522:  Hold'em Limit ($3/$6 USD) - 2016/10/12 22:55:44 ET
Table 'Automedon' 6-max Seat #4 is the button
Seat 1: mishkamoya ($362.58 in chips)
Seat 4: LolDnkaments ($73 in chips)
LolDnkaments: posts small blind $1
mishkamoya: posts big blind $3
*** HOLE CARDS ***
LolDnkaments: raises $3 to $6
mishkamoya: raises $3 to $9
LolDnkaments: raises $3 to $12
Betting is capped
mishkamoya: calls $3
*** FLOP *** [Kh 5d 4d]
mishkamoya: bets $3
LolDnkaments: calls $3
*** TURN *** [Kh 5d 4d] [Jd]
mishkamoya: bets $6
LolDnkaments: calls $6
*** RIVER *** [Kh 5d 4d Jd] [5s]
mishkamoya: bets $6
LolDnkaments: calls $6
*** SHOW DOWN ***
mishkamoya: shows [9d 7d] (a flush, Jack high)
LolDnkaments: mucks hand
mishkamoya collected $53.50 from pot
*** SUMMARY ***
Total pot $54 | Rake $0.50
Board [Kh 5d 4d Jd 5s]
Seat 1: mishkamoya (big blind) showed [9d 7d] and won ($53.50) with a flush, Jack high
Seat 4: LolDnkaments (button) (small blind) mucked


PokerStars Hand #159859125720:  Hold'em Limit ($3/$6 USD) - 2016/10/12 22:56:51 ET
Table 'Automedon' 6-max Seat #4 is the button
Seat 1: mishkamoya ($396.58 in chips)
Seat 4: LolDnkaments ($83.52 in chips)
LolDnkaments: posts small blind $1
mishkamoya: posts big blind $3
*** HOLE CARDS ***
LolDnkaments: raises $3 to $6
mishkamoya: calls $3
*** FLOP *** [3c Kc 3s]
mishkamoya: checks
LolDnkaments: bets $3
mishkamoya: calls $3
*** TURN *** [3c Kc 3s] [2c]
mishkamoya: checks
LolDnkaments: checks
*** RIVER *** [3c Kc 3s 2c] [4s]
mishkamoya: checks
LolDnkaments: bets $6
mishkamoya: raises $6 to $12
LolDnkaments: calls $6
*** SHOW DOWN ***
mishkamoya: shows [5d Ah] (a straight, Ace to Five)
LolDnkaments: mucks hand
mishkamoya collected $41.50 from pot
*** SUMMARY ***
Total pot $42 | Rake $0.50
Board [3c Kc 3s 2c 4s]
Seat 1: mishkamoya (big blind) showed [5d Ah] and won ($41.50) with a straight, Ace to Five
Seat 4: LolDnkaments (button) (small blind) mucked


PokerStars Hand #159859122088:  Hold'em Limit ($3/$6 USD) - 2016/10/12 22:56:37 ET
Table 'Automedon' 6-max Seat #1 is the button
Seat 1: mishkamoya ($402.58 in chips)
Seat 4: LolDnkaments ($77.76 in chips)
mishkamoya: posts small blind $1
LolDnkaments: posts big blind $3
*** HOLE CARDS ***
mishkamoya: raises $3 to $6
LolDnkaments: calls $3
*** FLOP *** [6d As 3s]
LolDnkaments: checks
mishkamoya: checks
*** TURN *** [6d As 3s] [Jd]
LolDnkaments: checks
mishkamoya: checks
*** RIVER *** [6d As 3s Jd] [Ks]
LolDnkaments: checks
mishkamoya: checks
*** SHOW DOWN ***
LolDnkaments: shows [Qd 3d] (a pair of Threes)
mishkamoya: mucks hand
LolDnkaments collected $11.76 from pot
*** SUMMARY ***
Total pot $12 | Rake $0.24
Board [6d As 3s Jd Ks]
Seat 1: mishkamoya (button) (small blind) mucked
Seat 4: LolDnkaments (big blind) showed [Qd 3d] and won ($11.76) with a pair of Threes


PokerStars Hand #159859119866:  Hold'em Limit ($3/$6 USD) - 2016/10/12 22:56:29 ET
Table 'Automedon' 6-max Seat #4 is the button
Seat 1: mishkamoya ($408.58 in chips)
Seat 4: LolDnkaments ($72 in chips)
LolDnkaments: posts small blind $1
mishkamoya: posts big blind $3
*** HOLE CARDS ***
LolDnkaments: raises $3 to $6
mishkamoya: calls $3
*** FLOP *** [Ts Ah 2h]
mishkamoya: checks
LolDnkaments: bets $3
mishkamoya: folds
Uncalled bet ($3) returned to LolDnkaments
LolDnkaments collected $11.76 from pot
LolDnkaments: doesn't show hand
*** SUMMARY ***
Total pot $12 | Rake $0.24
Board [Ts Ah 2h]
Seat 1: mishkamoya (big blind) folded on the Flop
Seat 4: LolDnkaments (button) (small blind) collected ($11.76)


PokerStars Hand #159859115720:  Hold'em Limit ($3/$6 USD) - 2016/10/12 22:56:14 ET
Table 'Automedon' 6-max Seat #1 is the button
Seat 1: mishkamoya ($385.08 in chips)
Seat 4: LolDnkaments ($76 in chips)
mishkamoya: posts small blind $1
LolDnkaments: posts big blind $3
*** HOLE CARDS ***
mishkamoya: raises $3 to $6
LolDnkaments: calls $3
*** FLOP *** [5s 4c Th]
LolDnkaments: checks
mishkamoya: checks
*** TURN *** [5s 4c Th] [8s]
LolDnkaments: checks
mishkamoya: bets $6
LolDnkaments: calls $6
*** RIVER *** [5s 4c Th 8s] [2d]
LolDnkaments: checks
mishkamoya: bets $6
LolDnkaments: raises $6 to $12
mishkamoya: calls $6
*** SHOW DOWN ***
LolDnkaments: shows [Qc 3s] (high card Queen)
mishkamoya: shows [6c 8c] (a pair of Eights)
mishkamoya collected $47.50 from pot
*** SUMMARY ***
Total pot $48 | Rake $0.50
Board [5s 4c Th 8s 2d]
Seat 1: mishkamoya (button) (small blind) showed [6c 8c] and won ($47.50) with a pair of Eights
Seat 4: LolDnkaments (big blind) showed [Qc 3s] and lost with high card Queen


PokerStars Hand #159859142844:  Hold'em Limit ($3/$6 USD) - 2016/10/12 22:57:54 ET
Table 'Automedon' 6-max Seat #1 is the button
Seat 1: mishkamoya ($389.60 in chips)
Seat 4: LolDnkaments ($98.14 in chips)
mishkamoya: posts small blind $1
LolDnkaments: posts big blind $3
*** HOLE CARDS ***
mishkamoya: raises $3 to $6
LolDnkaments: folds
Uncalled bet ($3) returned to mishkamoya
mishkamoya collected $6 from pot
mishkamoya: doesn't show hand
*** SUMMARY ***
Total pot $6 | Rake $0
Seat 1: mishkamoya (button) (small blind) collected ($6)
Seat 4: LolDnkaments (big blind) folded before Flop


PokerStars Hand #159859140533:  Hold'em Limit ($3/$6 USD) - 2016/10/12 22:57:46 ET
Table 'Automedon' 6-max Seat #4 is the button
Seat 1: mishkamoya ($392.60 in chips)
Seat 4: LolDnkaments ($95.14 in chips)
LolDnkaments: posts small blind $1
mishkamoya: posts big blind $3
*** HOLE CARDS ***
LolDnkaments: raises $3 to $6
mishkamoya: folds
Uncalled bet ($3) returned to LolDnkaments
LolDnkaments collected $6 from pot
LolDnkaments: doesn't show hand
*** SUMMARY ***
Total pot $6 | Rake $0
Seat 1: mishkamoya (big blind) folded before Flop
Seat 4: LolDnkaments (button) (small blind) collected ($6)


PokerStars Hand #159859136626:  Hold'em Limit ($3/$6 USD) - 2016/10/12 22:57:31 ET
Table 'Automedon' 6-max Seat #1 is the button
Seat 1: mishkamoya ($381.08 in chips)
Seat 4: LolDnkaments ($107.14 in chips)
mishkamoya: posts small blind $1
LolDnkaments: posts big blind $3
*** HOLE CARDS ***
mishkamoya: raises $3 to $6
LolDnkaments: calls $3
*** FLOP *** [Jh 4c 5d]
LolDnkaments: checks
mishkamoya: checks
*** TURN *** [Jh 4c 5d] [Qs]
LolDnkaments: checks
mishkamoya: checks
*** RIVER *** [Jh 4c 5d Qs] [7h]
LolDnkaments: bets $6
mishkamoya: raises $6 to $12
LolDnkaments: folds
Uncalled bet ($6) returned to mishkamoya
mishkamoya collected $23.52 from pot
mishkamoya: doesn't show hand
*** SUMMARY ***
Total pot $24 | Rake $0.48
Board [Jh 4c 5d Qs 7h]
Seat 1: mishkamoya (button) (small blind) collected ($23.52)
Seat 4: LolDnkaments (big blind) folded on the River


PokerStars Hand #159859133416:  Hold'em Limit ($3/$6 USD) - 2016/10/12 22:57:20 ET
Table 'Automedon' 6-max Seat #4 is the button
Seat 1: mishkamoya ($390.08 in chips)
Seat 4: LolDnkaments ($98.50 in chips)
LolDnkaments: posts small blind $1
mishkamoya: posts big blind $3
*** HOLE CARDS ***
LolDnkaments: raises $3 to $6
mishkamoya: calls $3
*** FLOP *** [Tc Th 9s]
mishkamoya: checks
LolDnkaments: bets $3
mishkamoya: calls $3
*** TURN *** [Tc Th 9s] [4c]
mishkamoya: checks
LolDnkaments: checks
*** RIVER *** [Tc Th 9s 4c] [3c]
mishkamoya: checks
LolDnkaments: bets $6
mishkamoya: folds
Uncalled bet ($6) returned to LolDnkaments
LolDnkaments collected $17.64 from pot
LolDnkaments: doesn't show hand
*** SUMMARY ***
Total pot $18 | Rake $0.36
Board [Tc Th 9s 4c 3c]
Seat 1: mishkamoya (big blind) folded on the River
Seat 4: LolDnkaments (button) (small blind) collected ($17.64)


PokerStars Hand #159859152332:  Hold'em Limit ($3/$6 USD) - 2016/10/12 22:58:29 ET
Table 'Automedon' 6-max Seat #1 is the button
Seat 1: mishkamoya ($374.60 in chips)
Seat 4: LolDnkaments ($112.64 in chips)
mishkamoya: posts small blind $1
LolDnkaments: posts big blind $3
*** HOLE CARDS ***
mishkamoya: folds
Uncalled bet ($2) returned to LolDnkaments
LolDnkaments collected $2 from pot
LolDnkaments: doesn't show hand
*** SUMMARY ***
Total pot $2 | Rake $0
Seat 1: mishkamoya (button) (small blind) folded before Flop
Seat 4: LolDnkaments (big blind) collected ($2)


PokerStars Hand #159859144484:  Hold'em Limit ($3/$6 USD) - 2016/10/12 22:58:00 ET
Table 'Automedon' 6-max Seat #4 is the button
Seat 1: mishkamoya ($392.60 in chips)
Seat 4: LolDnkaments ($95.14 in chips)
LolDnkaments: posts small blind $1
mishkamoya: posts big blind $3
*** HOLE CARDS ***
LolDnkaments: raises $3 to $6
mishkamoya: raises $3 to $9
LolDnkaments: calls $3
*** FLOP *** [Qd 3s 3c]
mishkamoya: bets $3
LolDnkaments: calls $3
*** TURN *** [Qd 3s 3c] [5s]
mishkamoya: checks
LolDnkaments: bets $6
mishkamoya: calls $6
*** RIVER *** [Qd 3s 3c 5s] [8c]
mishkamoya: checks
LolDnkaments: bets $6
mishkamoya: folds
Uncalled bet ($6) returned to LolDnkaments
LolDnkaments collected $35.50 from pot
LolDnkaments: doesn't show hand
*** SUMMARY ***
Total pot $36 | Rake $0.50
Board [Qd 3s 3c 5s 8c]
Seat 1: mishkamoya (big blind) folded on the River
Seat 4: LolDnkaments (button) (small blind) collected ($35.50)


PokerStars Hand #159859161226:  Hold'em Limit ($3/$6 USD) - 2016/10/12 22:59:02 ET
Table 'Automedon' 6-max Seat #1 is the button
Seat 1: mishkamoya ($365.60 in chips)
Seat 4: LolDnkaments ($121.40 in chips)
mishkamoya: posts small blind $1
LolDnkaments: posts big blind $3
*** HOLE CARDS ***
mishkamoya: folds
Uncalled bet ($2) returned to LolDnkaments
LolDnkaments collected $2 from pot
LolDnkaments: doesn't show hand
*** SUMMARY ***
Total pot $2 | Rake $0
Seat 1: mishkamoya (button) (small blind) folded before Flop
Seat 4: LolDnkaments (big blind) collected ($2)


PokerStars Hand #159859159859:  Hold'em Limit ($3/$6 USD) - 2016/10/12 22:58:57 ET
Table 'Automedon' 6-max Seat #4 is the button
Seat 1: mishkamoya ($368.60 in chips)
Seat 4: LolDnkaments ($118.40 in chips)
LolDnkaments: posts small blind $1
mishkamoya: posts big blind $3
*** HOLE CARDS ***
LolDnkaments: raises $3 to $6
mishkamoya: folds
Uncalled bet ($3) returned to LolDnkaments
LolDnkaments collected $6 from pot
LolDnkaments: doesn't show hand
*** SUMMARY ***
Total pot $6 | Rake $0
Seat 1: mishkamoya (big blind) folded before Flop
Seat 4: LolDnkaments (button) (small blind) collected ($6)


PokerStars Hand #159859155916:  Hold'em Limit ($3/$6 USD) - 2016/10/12 22:58:42 ET
Table 'Automedon' 6-max Seat #1 is the button
Seat 1: mishkamoya ($374.60 in chips)
Seat 4: LolDnkaments ($112.64 in chips)
mishkamoya: posts small blind $1
LolDnkaments: posts big blind $3
*** HOLE CARDS ***
mishkamoya: raises $3 to $6
LolDnkaments: calls $3
*** FLOP *** [Th Ks 8d]
LolDnkaments: checks
mishkamoya: checks
*** TURN *** [Th Ks 8d] [5h]
LolDnkaments: bets $6
mishkamoya: folds
Uncalled bet ($6) returned to LolDnkaments
LolDnkaments collected $11.76 from pot
LolDnkaments: doesn't show hand
*** SUMMARY ***
Total pot $12 | Rake $0.24
Board [Th Ks 8d 5h]
Seat 1: mishkamoya (button) (small blind) folded on the Turn
Seat 4: LolDnkaments (big blind) collected ($11.76)


PokerStars Hand #159859153520:  Hold'em Limit ($3/$6 USD) - 2016/10/12 22:58:34 ET
Table 'Automedon' 6-max Seat #4 is the button
Seat 1: mishkamoya ($373.60 in chips)
Seat 4: LolDnkaments ($113.64 in chips)
LolDnkaments: posts small blind $1
mishkamoya: posts big blind $3
*** HOLE CARDS ***
LolDnkaments: folds
Uncalled bet ($2) returned to mishkamoya
mishkamoya collected $2 from pot
mishkamoya: doesn't show hand
*** SUMMARY ***
Total pot $2 | Rake $0
Seat 1: mishkamoya (big blind) collected ($2)
Seat 4: LolDnkaments (button) (small blind) folded before Flop


PokerStars Hand #159859180561:  Hold'em Limit ($3/$6 USD) - 2016/10/12 23:00:14 ET
Table 'Automedon' 6-max Seat #1 is the button
Seat 1: mishkamoya ($344.24 in chips)
Seat 4: LolDnkaments ($141.66 in chips)
mishkamoya: posts small blind $1
LolDnkaments: posts big blind $3
*** HOLE CARDS ***
mishkamoya: folds
Uncalled bet ($2) returned to LolDnkaments
LolDnkaments collected $2 from pot
LolDnkaments: doesn't show hand
*** SUMMARY ***
Total pot $2 | Rake $0
Seat 1: mishkamoya (button) (small blind) folded before Flop
Seat 4: LolDnkaments (big blind) collected ($2)


PokerStars Hand #159859177573:  Hold'em Limit ($3/$6 USD) - 2016/10/12 23:00:03 ET
Table 'Automedon' 6-max Seat #4 is the button
Seat 1: mishkamoya ($335.60 in chips)
Seat 4: LolDnkaments ($150.66 in chips)
LolDnkaments: posts small blind $1
mishkamoya: posts big blind $3
*** HOLE CARDS ***
LolDnkaments: raises $3 to $6
mishkamoya: raises $3 to $9
LolDnkaments: calls $3
*** FLOP *** [9s Jh Qs]
mishkamoya: bets $3
LolDnkaments: folds
Uncalled bet ($3) returned to mishkamoya
mishkamoya collected $17.64 from pot
mishkamoya: doesn't show hand
*** SUMMARY ***
Total pot $18 | Rake $0.36
Board [9s Jh Qs]
Seat 1: mishkamoya (big blind) collected ($17.64)
Seat 4: LolDnkaments (button) (small blind) folded on the Flop


PokerStars Hand #159859175998:  Hold'em Limit ($3/$6 USD) - 2016/10/12 22:59:57 ET
Table 'Automedon' 6-max Seat #1 is the button
Seat 1: mishkamoya ($332.60 in chips)
Seat 4: LolDnkaments ($153.66 in chips)
mishkamoya: posts small blind $1
LolDnkaments: posts big blind $3
*** HOLE CARDS ***
mishkamoya: raises $3 to $6
LolDnkaments: folds
Uncalled bet ($3) returned to mishkamoya
mishkamoya collected $6 from pot
mishkamoya: doesn't show hand
*** SUMMARY ***
Total pot $6 | Rake $0
Seat 1: mishkamoya (button) (small blind) collected ($6)
Seat 4: LolDnkaments (big blind) folded before Flop


PokerStars Hand #159859174489:  Hold'em Limit ($3/$6 USD) - 2016/10/12 22:59:51 ET
Table 'Automedon' 6-max Seat #4 is the button
Seat 1: mishkamoya ($335.60 in chips)
Seat 4: LolDnkaments ($150.66 in chips)
LolDnkaments: posts small blind $1
mishkamoya: posts big blind $3
*** HOLE CARDS ***
LolDnkaments: raises $3 to $6
mishkamoya: folds
Uncalled bet ($3) returned to LolDnkaments
LolDnkaments collected $6 from pot
LolDnkaments: doesn't show hand
*** SUMMARY ***
Total pot $6 | Rake $0
Seat 1: mishkamoya (big blind) folded before Flop
Seat 4: LolDnkaments (button) (small blind) collected ($6)


PokerStars Hand #159859173278:  Hold'em Limit ($3/$6 USD) - 2016/10/12 22:59:47 ET
Table 'Automedon' 6-max Seat #1 is the button
Seat 1: mishkamoya ($336.60 in chips)
Seat 4: LolDnkaments ($149.66 in chips)
mishkamoya: posts small blind $1
LolDnkaments: posts big blind $3
*** HOLE CARDS ***
mishkamoya: folds
Uncalled bet ($2) returned to LolDnkaments
LolDnkaments collected $2 from pot
LolDnkaments: doesn't show hand
*** SUMMARY ***
Total pot $2 | Rake $0
Seat 1: mishkamoya (button) (small blind) folded before Flop
Seat 4: LolDnkaments (big blind) collected ($2)


PokerStars Hand #159859169840:  Hold'em Limit ($3/$6 USD) - 2016/10/12 22:59:34 ET
Table 'Automedon' 6-max Seat #4 is the button
Seat 1: mishkamoya ($342.60 in chips)
Seat 4: LolDnkaments ($143.90 in chips)
LolDnkaments: posts small blind $1
mishkamoya: posts big blind $3
*** HOLE CARDS ***
LolDnkaments: raises $3 to $6
mishkamoya: calls $3
*** FLOP *** [9s 4h Ts]
mishkamoya: checks
LolDnkaments: bets $3
mishkamoya: folds
Uncalled bet ($3) returned to LolDnkaments
LolDnkaments collected $11.76 from pot
LolDnkaments: doesn't show hand
*** SUMMARY ***
Total pot $12 | Rake $0.24
Board [9s 4h Ts]
Seat 1: mishkamoya (big blind) folded on the Flop
Seat 4: LolDnkaments (button) (small blind) collected ($11.76)


PokerStars Hand #159859168585:  Hold'em Limit ($3/$6 USD) - 2016/10/12 22:59:30 ET
Table 'Automedon' 6-max Seat #1 is the button
Seat 1: mishkamoya ($343.60 in chips)
Seat 4: LolDnkaments ($142.90 in chips)
mishkamoya: posts small blind $1
LolDnkaments: posts big blind $3
*** HOLE CARDS ***
mishkamoya: folds
Uncalled bet ($2) returned to LolDnkaments
LolDnkaments collected $2 from pot
LolDnkaments: doesn't show hand
*** SUMMARY ***
Total pot $2 | Rake $0
Seat 1: mishkamoya (button) (small blind) folded before Flop
Seat 4: LolDnkaments (big blind) collected ($2)


PokerStars Hand #159859162426:  Hold'em Limit ($3/$6 USD) - 2016/10/12 22:59:07 ET
Table 'Automedon' 6-max Seat #4 is the button
Seat 1: mishkamoya ($364.60 in chips)
Seat 4: LolDnkaments ($122.40 in chips)
LolDnkaments: posts small blind $1
mishkamoya: posts big blind $3
*** HOLE CARDS ***
LolDnkaments: raises $3 to $6
mishkamoya: calls $3
*** FLOP *** [Kd Th 4d]
mishkamoya: checks
LolDnkaments: bets $3
mishkamoya: calls $3
*** TURN *** [Kd Th 4d] [3h]
mishkamoya: checks
LolDnkaments: bets $6
mishkamoya: calls $6
*** RIVER *** [Kd Th 4d 3h] [2s]
mishkamoya: checks
LolDnkaments: bets $6
mishkamoya: calls $6
*** SHOW DOWN ***
LolDnkaments: shows [Kc 2d] (two pair, Kings and Deuces)
mishkamoya: mucks hand
LolDnkaments collected $41.50 from pot
*** SUMMARY ***
Total pot $42 | Rake $0.50
Board [Kd Th 4d 3h 2s]
Seat 1: mishkamoya (big blind) mucked
Seat 4: LolDnkaments (button) (small blind) showed [Kc 2d] and won ($41.50) with two pair, Kings and Deuces


PokerStars Hand #159859181815:  Hold'em Limit ($3/$6 USD) - 2016/10/12 23:00:18 ET
Table 'Automedon' 6-max Seat #4 is the button
Seat 1: mishkamoya ($343.24 in chips)
Seat 4: LolDnkaments ($142.66 in chips)
LolDnkaments: posts small blind $1
mishkamoya: posts big blind $3
*** HOLE CARDS ***
LolDnkaments: raises $3 to $6
mishkamoya: raises $3 to $9
LolDnkaments: calls $3
*** FLOP *** [Js 8d 8h]
mishkamoya: bets $3
LolDnkaments: calls $3
*** TURN *** [Js 8d 8h] [Ah]
mishkamoya: checks
LolDnkaments: checks
*** RIVER *** [Js 8d 8h Ah] [3c]
mishkamoya: bets $6
LolDnkaments: calls $6
*** SHOW DOWN ***
mishkamoya: shows [6s 7c] (a pair of Eights)
LolDnkaments: shows [9h Ks] (a pair of Eights - Ace+King kicker)
LolDnkaments collected $35.50 from pot
*** SUMMARY ***
Total pot $36 | Rake $0.50
Board [Js 8d 8h Ah 3c]
Seat 1: mishkamoya (big blind) showed [6s 7c] and lost with a pair of Eights
Seat 4: LolDnkaments (button) (small blind) showed [9h Ks] and won ($35.50) with a pair of Eights


PokerStars Hand #159859196043:  Hold'em Limit ($3/$6 USD) - 2016/10/12 23:01:09 ET
Table 'Automedon' 6-max Seat #1 is the button
Seat 1: mishkamoya ($319 in chips)
Seat 4: LolDnkaments ($165.68 in chips)
mishkamoya: posts small blind $1
LolDnkaments: posts big blind $3
*** HOLE CARDS ***
mishkamoya: raises $3 to $6
LolDnkaments: calls $3
*** FLOP *** [As 5h 4d]
LolDnkaments: checks
mishkamoya: checks
*** TURN *** [As 5h 4d] [3s]
LolDnkaments: checks
Mordnilap leaves the table
mishkamoya: checks
*** RIVER *** [As 5h 4d 3s] [Ah]
LolDnkaments: checks
mishkamoya: checks
*** SHOW DOWN ***
LolDnkaments: shows [Th Qs] (a pair of Aces)
mishkamoya: mucks hand
LolDnkaments collected $11.76 from pot
*** SUMMARY ***
Total pot $12 | Rake $0.24
Board [As 5h 4d 3s Ah]
Seat 1: mishkamoya (button) (small blind) mucked
Seat 4: LolDnkaments (big blind) showed [Th Qs] and won ($11.76) with a pair of Aces


PokerStars Hand #159859193401:  Hold'em Limit ($3/$6 USD) - 2016/10/12 23:01:00 ET
Table 'Automedon' 6-max Seat #4 is the button
Seat 1: mishkamoya ($325 in chips)
Seat 4: LolDnkaments ($159.92 in chips)
LolDnkaments: posts small blind $1
mishkamoya: posts big blind $3
*** HOLE CARDS ***
LolDnkaments: raises $3 to $6
mishkamoya: calls $3
*** FLOP *** [Jd Ac 5d]
mishkamoya: checks
LolDnkaments: bets $3
mishkamoya: folds
Uncalled bet ($3) returned to LolDnkaments
LolDnkaments collected $11.76 from pot
LolDnkaments: doesn't show hand
*** SUMMARY ***
Total pot $12 | Rake $0.24
Board [Jd Ac 5d]
Seat 1: mishkamoya (big blind) folded on the Flop
Seat 4: LolDnkaments (button) (small blind) collected ($11.76)


PokerStars Hand #159859189021:  Hold'em Limit ($3/$6 USD) - 2016/10/12 23:00:45 ET
Table 'Automedon' 6-max Seat #1 is the button
Seat 1: mishkamoya ($325.24 in chips)
Seat 4: LolDnkaments ($160.16 in chips)
mishkamoya: posts small blind $1
LolDnkaments: posts big blind $3
*** HOLE CARDS ***
mishkamoya: raises $3 to $6
LolDnkaments: calls $3
*** FLOP *** [4d 5s 5h]
LolDnkaments: checks
mishkamoya: checks
*** TURN *** [4d 5s 5h] [Ad]
LolDnkaments: bets $6
mishkamoya: calls $6
*** RIVER *** [4d 5s 5h Ad] [4s]
LolDnkaments: checks
mishkamoya: checks
*** SHOW DOWN ***
LolDnkaments: shows [Qd 3d] (two pair, Fives and Fours)
mishkamoya: shows [7d Kd] (two pair, Fives and Fours)
LolDnkaments collected $11.76 from pot
mishkamoya collected $11.76 from pot
*** SUMMARY ***
Total pot $24 | Rake $0.48
Board [4d 5s 5h Ad 4s]
Seat 1: mishkamoya (button) (small blind) showed [7d Kd] and won ($11.76) with two pair, Fives and Fours
Seat 4: LolDnkaments (big blind) showed [Qd 3d] and won ($11.76) with two pair, Fives and Fours


PokerStars Hand #159859200354:  Hold'em Limit ($3/$6 USD) - 2016/10/12 23:01:22 ET
Table 'Automedon' 6-max Seat #4 is the button
Seat 1: mishkamoya ($313 in chips)
Seat 4: LolDnkaments ($171.44 in chips)
LolDnkaments: posts small blind $1
mishkamoya: posts big blind $3
*** HOLE CARDS ***
LolDnkaments: raises $3 to $6
Mordnilap joins the table at seat #2
mishkamoya: calls $3
*** FLOP *** [8s 8c Th]
mishkamoya: checks
LolDnkaments: bets $3
mishkamoya: calls $3
*** TURN *** [8s 8c Th] [3h]
mishkamoya: checks
LolDnkaments: bets $6
mishkamoya: folds
Uncalled bet ($6) returned to LolDnkaments
LolDnkaments collected $17.64 from pot
LolDnkaments: doesn't show hand
*** SUMMARY ***
Total pot $18 | Rake $0.36
Board [8s 8c Th 3h]
Seat 1: mishkamoya (big blind) folded on the Turn
Seat 4: LolDnkaments (button) (small blind) collected ($17.64)


