PokerStars Hand #147555618078:  Hold'em Limit ($3/$6 USD) - 2016/01/23 15:43:59 ET
Table 'Auva' 2-max Seat #2 is the button
Seat 1: REZOLUTION84 ($60 in chips)
Seat 2: DutchGiant26 ($409.97 in chips)
DutchGiant26: posts small blind $1
REZOLUTION84: posts big blind $3
*** HOLE CARDS ***
DutchGiant26: raises $3 to $6
REZOLUTION84: calls $3
*** FLOP *** [3d 3c 4c]
REZOLUTION84: checks
DutchGiant26: bets $3
REZOLUTION84: raises $3 to $6
DutchGiant26: calls $3
*** TURN *** [3d 3c 4c] [6h]
REZOLUTION84: bets $6
DutchGiant26: raises $6 to $12
REZOLUTION84: calls $6
*** RIVER *** [3d 3c 4c 6h] [Ks]
REZOLUTION84: checks
DutchGiant26: checks
*** SHOW DOWN ***
REZOLUTION84: shows [4s 6s] (two pair, Sixes and Fours)
DutchGiant26: mucks hand
REZOLUTION84 collected $47.50 from pot
*** SUMMARY ***
Total pot $48 | Rake $0.50
Board [3d 3c 4c 6h Ks]
Seat 1: REZOLUTION84 (big blind) showed [4s 6s] and won ($47.50) with two pair, Sixes and Fours
Seat 2: DutchGiant26 (button) (small blind) mucked


PokerStars Hand #147555637621:  Hold'em Limit ($3/$6 USD) - 2016/01/23 15:44:18 ET
Table 'Auva' 2-max Seat #1 is the button
Seat 1: REZOLUTION84 ($83.50 in chips)
Seat 2: DutchGiant26 ($385.97 in chips)
REZOLUTION84: posts small blind $1
DutchGiant26: posts big blind $3
*** HOLE CARDS ***
REZOLUTION84: raises $3 to $6
DutchGiant26: calls $3
*** FLOP *** [7s As 4d]
DutchGiant26: checks
REZOLUTION84: bets $3
DutchGiant26: calls $3
*** TURN *** [7s As 4d] [3c]
DutchGiant26: checks
REZOLUTION84: bets $6
DutchGiant26: calls $6
*** RIVER *** [7s As 4d 3c] [Ad]
DutchGiant26: checks
REZOLUTION84: bets $6
DutchGiant26: calls $6
*** SHOW DOWN ***
REZOLUTION84: shows [2h 5h] (a straight, Ace to Five)
DutchGiant26: mucks hand
REZOLUTION84 collected $41.50 from pot
*** SUMMARY ***
Total pot $42 | Rake $0.50
Board [7s As 4d 3c Ad]
Seat 1: REZOLUTION84 (button) (small blind) showed [2h 5h] and won ($41.50) with a straight, Ace to Five
Seat 2: DutchGiant26 (big blind) mucked


PokerStars Hand #147555657879:  Hold'em Limit ($3/$6 USD) - 2016/01/23 15:44:37 ET
Table 'Auva' 2-max Seat #2 is the button
Seat 1: REZOLUTION84 ($104 in chips)
Seat 2: DutchGiant26 ($364.97 in chips)
DutchGiant26: posts small blind $1
REZOLUTION84: posts big blind $3
*** HOLE CARDS ***
DutchGiant26: raises $3 to $6
REZOLUTION84: calls $3
*** FLOP *** [2h Ad 4d]
REZOLUTION84: checks
DutchGiant26: bets $3
REZOLUTION84: calls $3
*** TURN *** [2h Ad 4d] [3d]
REZOLUTION84: checks
DutchGiant26: checks
*** RIVER *** [2h Ad 4d 3d] [Jd]
REZOLUTION84: bets $6
DutchGiant26: calls $6
*** SHOW DOWN ***
REZOLUTION84: shows [8h Qc] (high card Ace)
DutchGiant26: shows [Qh Ah] (a pair of Aces)
DutchGiant26 collected $29.50 from pot
*** SUMMARY ***
Total pot $30 | Rake $0.50
Board [2h Ad 4d 3d Jd]
Seat 1: REZOLUTION84 (big blind) showed [8h Qc] and lost with high card Ace
Seat 2: DutchGiant26 (button) (small blind) showed [Qh Ah] and won ($29.50) with a pair of Aces


PokerStars Hand #147555670568:  Hold'em Limit ($3/$6 USD) - 2016/01/23 15:44:48 ET
Table 'Auva' 2-max Seat #1 is the button
Seat 1: REZOLUTION84 ($89 in chips)
Seat 2: DutchGiant26 ($379.47 in chips)
REZOLUTION84: posts small blind $1
DutchGiant26: posts big blind $3
*** HOLE CARDS ***
REZOLUTION84: raises $3 to $6
DutchGiant26: calls $3
*** FLOP *** [6s Td 9s]
DutchGiant26: checks
REZOLUTION84: bets $3
DutchGiant26: calls $3
*** TURN *** [6s Td 9s] [6d]
DutchGiant26: checks
REZOLUTION84: checks
*** RIVER *** [6s Td 9s 6d] [2h]
DutchGiant26: bets $6
REZOLUTION84: folds
Uncalled bet ($6) returned to DutchGiant26
DutchGiant26 collected $17.64 from pot
*** SUMMARY ***
Total pot $18 | Rake $0.36
Board [6s Td 9s 6d 2h]
Seat 1: REZOLUTION84 (button) (small blind) folded on the River
Seat 2: DutchGiant26 (big blind) collected ($17.64)


PokerStars Hand #147555683078:  Hold'em Limit ($3/$6 USD) - 2016/01/23 15:45:00 ET
Table 'Auva' 2-max Seat #2 is the button
Seat 1: REZOLUTION84 ($80 in chips)
Seat 2: DutchGiant26 ($388.11 in chips)
DutchGiant26: posts small blind $1
REZOLUTION84: posts big blind $3
*** HOLE CARDS ***
DutchGiant26: raises $3 to $6
REZOLUTION84: calls $3
*** FLOP *** [4d 7s 8s]
REZOLUTION84: checks
DutchGiant26: bets $3
REZOLUTION84: folds
Uncalled bet ($3) returned to DutchGiant26
DutchGiant26 collected $11.76 from pot
*** SUMMARY ***
Total pot $12 | Rake $0.24
Board [4d 7s 8s]
Seat 1: REZOLUTION84 (big blind) folded on the Flop
Seat 2: DutchGiant26 (button) (small blind) collected ($11.76)


PokerStars Hand #147555701392:  Hold'em Limit ($3/$6 USD) - 2016/01/23 15:45:17 ET
Table 'Auva' 2-max Seat #1 is the button
Seat 1: REZOLUTION84 ($70 in chips)
Seat 2: DutchGiant26 ($397.87 in chips)
REZOLUTION84: posts small blind $1
DutchGiant26: posts big blind $3
*** HOLE CARDS ***
REZOLUTION84: raises $3 to $6
DutchGiant26: folds
Uncalled bet ($3) returned to REZOLUTION84
REZOLUTION84 collected $6 from pot
REZOLUTION84: doesn't show hand
*** SUMMARY ***
Total pot $6 | Rake $0
Seat 1: REZOLUTION84 (button) (small blind) collected ($6)
Seat 2: DutchGiant26 (big blind) folded before Flop


PokerStars Hand #147555696175:  Hold'em Limit ($3/$6 USD) - 2016/01/23 15:45:12 ET
Table 'Auva' 2-max Seat #2 is the button
Seat 1: REZOLUTION84 ($73 in chips)
Seat 2: DutchGiant26 ($394.87 in chips)
DutchGiant26: posts small blind $1
REZOLUTION84: posts big blind $3
*** HOLE CARDS ***
DutchGiant26: raises $3 to $6
REZOLUTION84: folds
Uncalled bet ($3) returned to DutchGiant26
DutchGiant26 collected $6 from pot
*** SUMMARY ***
Total pot $6 | Rake $0
Seat 1: REZOLUTION84 (big blind) folded before Flop
Seat 2: DutchGiant26 (button) (small blind) collected ($6)


PokerStars Hand #147555691246:  Hold'em Limit ($3/$6 USD) - 2016/01/23 15:45:08 ET
Table 'Auva' 2-max Seat #1 is the button
Seat 1: REZOLUTION84 ($74 in chips)
Seat 2: DutchGiant26 ($393.87 in chips)
REZOLUTION84: posts small blind $1
DutchGiant26: posts big blind $3
*** HOLE CARDS ***
REZOLUTION84: folds
Uncalled bet ($2) returned to DutchGiant26
DutchGiant26 collected $2 from pot
*** SUMMARY ***
Total pot $2 | Rake $0
Seat 1: REZOLUTION84 (button) (small blind) folded before Flop
Seat 2: DutchGiant26 (big blind) collected ($2)


PokerStars Hand #147555706417:  Hold'em Limit ($3/$6 USD) - 2016/01/23 15:45:21 ET
Table 'Auva' 2-max Seat #2 is the button
Seat 1: REZOLUTION84 ($73 in chips)
Seat 2: DutchGiant26 ($394.87 in chips)
DutchGiant26: posts small blind $1
REZOLUTION84: posts big blind $3
*** HOLE CARDS ***
DutchGiant26: folds
Uncalled bet ($2) returned to REZOLUTION84
REZOLUTION84 collected $2 from pot
REZOLUTION84: doesn't show hand
*** SUMMARY ***
Total pot $2 | Rake $0
Seat 1: REZOLUTION84 (big blind) collected ($2)
Seat 2: DutchGiant26 (button) (small blind) folded before Flop


PokerStars Hand #147555711307:  Hold'em Limit ($3/$6 USD) - 2016/01/23 15:45:26 ET
Table 'Auva' 2-max Seat #1 is the button
Seat 1: REZOLUTION84 ($74 in chips)
Seat 2: DutchGiant26 ($393.87 in chips)
REZOLUTION84: posts small blind $1
DutchGiant26: posts big blind $3
*** HOLE CARDS ***
REZOLUTION84: raises $3 to $6
DutchGiant26: calls $3
*** FLOP *** [Jc 9h 6h]
DutchGiant26: checks
REZOLUTION84: bets $3
DutchGiant26: calls $3
*** TURN *** [Jc 9h 6h] [Jh]
DutchGiant26: checks
REZOLUTION84: checks
*** RIVER *** [Jc 9h 6h Jh] [Qc]
DutchGiant26: bets $6
REZOLUTION84: folds
Uncalled bet ($6) returned to DutchGiant26
DutchGiant26 collected $17.64 from pot
*** SUMMARY ***
Total pot $18 | Rake $0.36
Board [Jc 9h 6h Jh Qc]
Seat 1: REZOLUTION84 (button) (small blind) folded on the River
Seat 2: DutchGiant26 (big blind) collected ($17.64)


PokerStars Hand #147555723945:  Hold'em Limit ($3/$6 USD) - 2016/01/23 15:45:38 ET
Table 'Auva' 2-max Seat #2 is the button
Seat 1: REZOLUTION84 ($65 in chips)
Seat 2: DutchGiant26 ($402.51 in chips)
DutchGiant26: posts small blind $1
REZOLUTION84: posts big blind $3
*** HOLE CARDS ***
DutchGiant26: raises $3 to $6
REZOLUTION84: calls $3
*** FLOP *** [Kd 8d 2c]
REZOLUTION84: checks
DutchGiant26: bets $3
REZOLUTION84: calls $3
*** TURN *** [Kd 8d 2c] [7h]
REZOLUTION84: checks
DutchGiant26: bets $6
REZOLUTION84: folds
Uncalled bet ($6) returned to DutchGiant26
DutchGiant26 collected $17.64 from pot
*** SUMMARY ***
Total pot $18 | Rake $0.36
Board [Kd 8d 2c 7h]
Seat 1: REZOLUTION84 (big blind) folded on the Turn
Seat 2: DutchGiant26 (button) (small blind) collected ($17.64)


PokerStars Hand #147555736568:  Hold'em Limit ($3/$6 USD) - 2016/01/23 15:45:50 ET
Table 'Auva' 2-max Seat #1 is the button
Seat 1: REZOLUTION84 ($60 in chips)
Seat 2: DutchGiant26 ($411.15 in chips)
REZOLUTION84: posts small blind $1
DutchGiant26: posts big blind $3
*** HOLE CARDS ***
REZOLUTION84: raises $3 to $6
DutchGiant26: calls $3
*** FLOP *** [5d 7c Jd]
DutchGiant26: checks
REZOLUTION84: bets $3
DutchGiant26: calls $3
*** TURN *** [5d 7c Jd] [9s]
DutchGiant26: checks
REZOLUTION84: checks
*** RIVER *** [5d 7c Jd 9s] [Qh]
DutchGiant26: bets $6
REZOLUTION84: folds
Uncalled bet ($6) returned to DutchGiant26
DutchGiant26 collected $17.64 from pot
*** SUMMARY ***
Total pot $18 | Rake $0.36
Board [5d 7c Jd 9s Qh]
Seat 1: REZOLUTION84 (button) (small blind) folded on the River
Seat 2: DutchGiant26 (big blind) collected ($17.64)


PokerStars Hand #147555763250:  Hold'em Limit ($3/$6 USD) - 2016/01/23 15:46:14 ET
Table 'Auva' 2-max Seat #1 is the button
Seat 1: REZOLUTION84 ($60 in chips)
Seat 2: DutchGiant26 ($428.43 in chips)
REZOLUTION84: posts small blind $1
DutchGiant26: posts big blind $3
*** HOLE CARDS ***
REZOLUTION84: folds
Uncalled bet ($2) returned to DutchGiant26
DutchGiant26 collected $2 from pot
*** SUMMARY ***
Total pot $2 | Rake $0
Seat 1: REZOLUTION84 (button) (small blind) folded before Flop
Seat 2: DutchGiant26 (big blind) collected ($2)


PokerStars Hand #147555751153:  Hold'em Limit ($3/$6 USD) - 2016/01/23 15:46:03 ET
Table 'Auva' 2-max Seat #2 is the button
Seat 1: REZOLUTION84 ($60 in chips)
Seat 2: DutchGiant26 ($419.79 in chips)
DutchGiant26: posts small blind $1
REZOLUTION84: posts big blind $3
*** HOLE CARDS ***
DutchGiant26: raises $3 to $6
REZOLUTION84: calls $3
*** FLOP *** [Ac 6d Ts]
REZOLUTION84: checks
DutchGiant26: bets $3
REZOLUTION84: calls $3
*** TURN *** [Ac 6d Ts] [3s]
REZOLUTION84: checks
DutchGiant26: bets $6
REZOLUTION84: folds
Uncalled bet ($6) returned to DutchGiant26
DutchGiant26 collected $17.64 from pot
*** SUMMARY ***
Total pot $18 | Rake $0.36
Board [Ac 6d Ts 3s]
Seat 1: REZOLUTION84 (big blind) folded on the Turn
Seat 2: DutchGiant26 (button) (small blind) collected ($17.64)


PokerStars Hand #147555773755:  Hold'em Limit ($3/$6 USD) - 2016/01/23 15:46:24 ET
Table 'Auva' 2-max Seat #1 is the button
Seat 1: REZOLUTION84 ($60 in chips)
Seat 2: DutchGiant26 ($432.43 in chips)
REZOLUTION84: posts small blind $1
DutchGiant26: posts big blind $3
*** HOLE CARDS ***
REZOLUTION84: raises $3 to $6
DutchGiant26: folds
Uncalled bet ($3) returned to REZOLUTION84
REZOLUTION84 collected $6 from pot
REZOLUTION84: doesn't show hand
*** SUMMARY ***
Total pot $6 | Rake $0
Seat 1: REZOLUTION84 (button) (small blind) collected ($6)
Seat 2: DutchGiant26 (big blind) folded before Flop


PokerStars Hand #147555768207:  Hold'em Limit ($3/$6 USD) - 2016/01/23 15:46:19 ET
Table 'Auva' 2-max Seat #2 is the button
Seat 1: REZOLUTION84 ($60 in chips)
Seat 2: DutchGiant26 ($429.43 in chips)
DutchGiant26: posts small blind $1
REZOLUTION84: posts big blind $3
*** HOLE CARDS ***
DutchGiant26: raises $3 to $6
REZOLUTION84: folds
Uncalled bet ($3) returned to DutchGiant26
DutchGiant26 collected $6 from pot
*** SUMMARY ***
Total pot $6 | Rake $0
Seat 1: REZOLUTION84 (big blind) folded before Flop
Seat 2: DutchGiant26 (button) (small blind) collected ($6)


PokerStars Hand #147555778656:  Hold'em Limit ($3/$6 USD) - 2016/01/23 15:46:29 ET
Table 'Auva' 2-max Seat #2 is the button
Seat 1: REZOLUTION84 ($63 in chips)
Seat 2: DutchGiant26 ($429.43 in chips)
DutchGiant26: posts small blind $1
REZOLUTION84: posts big blind $3
*** HOLE CARDS ***
DutchGiant26: folds
Uncalled bet ($2) returned to REZOLUTION84
REZOLUTION84 collected $2 from pot
REZOLUTION84: doesn't show hand
*** SUMMARY ***
Total pot $2 | Rake $0
Seat 1: REZOLUTION84 (big blind) collected ($2)
Seat 2: DutchGiant26 (button) (small blind) folded before Flop


PokerStars Hand #147555798856:  Hold'em Limit ($3/$6 USD) - 2016/01/23 15:46:47 ET
Table 'Auva' 2-max Seat #2 is the button
Seat 1: REZOLUTION84 ($60 in chips)
Seat 2: DutchGiant26 ($437.07 in chips)
DutchGiant26: posts small blind $1
REZOLUTION84: posts big blind $3
*** HOLE CARDS ***
DutchGiant26: folds
Uncalled bet ($2) returned to REZOLUTION84
REZOLUTION84 collected $2 from pot
REZOLUTION84: doesn't show hand
*** SUMMARY ***
Total pot $2 | Rake $0
Seat 1: REZOLUTION84 (big blind) collected ($2)
Seat 2: DutchGiant26 (button) (small blind) folded before Flop


PokerStars Hand #147555783550:  Hold'em Limit ($3/$6 USD) - 2016/01/23 15:46:33 ET
Table 'Auva' 2-max Seat #1 is the button
Seat 1: REZOLUTION84 ($64 in chips)
Seat 2: DutchGiant26 ($428.43 in chips)
REZOLUTION84: posts small blind $1
DutchGiant26: posts big blind $3
*** HOLE CARDS ***
REZOLUTION84: raises $3 to $6
DutchGiant26: calls $3
*** FLOP *** [7c Jh 2d]
DutchGiant26: checks
REZOLUTION84: bets $3
DutchGiant26: calls $3
*** TURN *** [7c Jh 2d] [4h]
DutchGiant26: checks
REZOLUTION84: checks
*** RIVER *** [7c Jh 2d 4h] [Ah]
DutchGiant26: bets $6
REZOLUTION84: folds
Uncalled bet ($6) returned to DutchGiant26
DutchGiant26 collected $17.64 from pot
*** SUMMARY ***
Total pot $18 | Rake $0.36
Board [7c Jh 2d 4h Ah]
Seat 1: REZOLUTION84 (button) (small blind) folded on the River
Seat 2: DutchGiant26 (big blind) collected ($17.64)


PokerStars Hand #147555803495:  Hold'em Limit ($3/$6 USD) - 2016/01/23 15:46:52 ET
Table 'Auva' 2-max Seat #1 is the button
Seat 1: REZOLUTION84 ($61 in chips)
Seat 2: DutchGiant26 ($436.07 in chips)
REZOLUTION84: posts small blind $1
DutchGiant26: posts big blind $3
*** HOLE CARDS ***
REZOLUTION84: raises $3 to $6
DutchGiant26: calls $3
*** FLOP *** [9s Ks Ad]
DutchGiant26: checks
REZOLUTION84: bets $3
DutchGiant26: folds
Uncalled bet ($3) returned to REZOLUTION84
REZOLUTION84 collected $11.76 from pot
REZOLUTION84: doesn't show hand
*** SUMMARY ***
Total pot $12 | Rake $0.24
Board [9s Ks Ad]
Seat 1: REZOLUTION84 (button) (small blind) collected ($11.76)
Seat 2: DutchGiant26 (big blind) folded on the Flop


PokerStars Hand #147555811948:  Hold'em Limit ($3/$6 USD) - 2016/01/23 15:46:59 ET
Table 'Auva' 2-max Seat #2 is the button
Seat 1: REZOLUTION84 ($66.76 in chips)
Seat 2: DutchGiant26 ($430.07 in chips)
DutchGiant26: posts small blind $1
REZOLUTION84: posts big blind $3
*** HOLE CARDS ***
DutchGiant26: folds
Uncalled bet ($2) returned to REZOLUTION84
REZOLUTION84 collected $2 from pot
REZOLUTION84: doesn't show hand
*** SUMMARY ***
Total pot $2 | Rake $0
Seat 1: REZOLUTION84 (big blind) collected ($2)
Seat 2: DutchGiant26 (button) (small blind) folded before Flop


PokerStars Hand #147555821344:  Hold'em Limit ($3/$6 USD) - 2016/01/23 15:47:08 ET
Table 'Auva' 2-max Seat #1 is the button
Seat 1: REZOLUTION84 ($67.76 in chips)
Seat 2: DutchGiant26 ($429.07 in chips)
REZOLUTION84: posts small blind $1
DutchGiant26: posts big blind $3
*** HOLE CARDS ***
REZOLUTION84: folds
Uncalled bet ($2) returned to DutchGiant26
DutchGiant26 collected $2 from pot
*** SUMMARY ***
Total pot $2 | Rake $0
Seat 1: REZOLUTION84 (button) (small blind) folded before Flop
Seat 2: DutchGiant26 (big blind) collected ($2)


PokerStars Hand #147555826397:  Hold'em Limit ($3/$6 USD) - 2016/01/23 15:47:13 ET
Table 'Auva' 2-max Seat #2 is the button
Seat 1: REZOLUTION84 ($66.76 in chips)
Seat 2: DutchGiant26 ($430.07 in chips)
DutchGiant26: posts small blind $1
REZOLUTION84: posts big blind $3
*** HOLE CARDS ***
DutchGiant26: raises $3 to $6
REZOLUTION84: calls $3
*** FLOP *** [3s 5c Jc]
REZOLUTION84: checks
DutchGiant26: bets $3
REZOLUTION84: calls $3
*** TURN *** [3s 5c Jc] [Th]
REZOLUTION84: checks
DutchGiant26: checks
*** RIVER *** [3s 5c Jc Th] [2s]
REZOLUTION84: bets $6
DutchGiant26: calls $6
*** SHOW DOWN ***
REZOLUTION84: shows [9d Qs] (high card Queen)
DutchGiant26: shows [8d Kd] (high card King)
DutchGiant26 collected $29.50 from pot
*** SUMMARY ***
Total pot $30 | Rake $0.50
Board [3s 5c Jc Th 2s]
Seat 1: REZOLUTION84 (big blind) showed [9d Qs] and lost with high card Queen
Seat 2: DutchGiant26 (button) (small blind) showed [8d Kd] and won ($29.50) with high card King


PokerStars Hand #147555882601:  Hold'em Limit ($3/$6 USD) - 2016/01/23 15:48:05 ET
Table 'Auva' 2-max Seat #1 is the button
Seat 1: REZOLUTION84 ($95 in chips)
Seat 2: DutchGiant26 ($408.57 in chips)
REZOLUTION84: posts small blind $1
DutchGiant26: posts big blind $3
*** HOLE CARDS ***
REZOLUTION84: folds
Uncalled bet ($2) returned to DutchGiant26
DutchGiant26 collected $2 from pot
*** SUMMARY ***
Total pot $2 | Rake $0
Seat 1: REZOLUTION84 (button) (small blind) folded before Flop
Seat 2: DutchGiant26 (big blind) collected ($2)


PokerStars Hand #147555865427:  Hold'em Limit ($3/$6 USD) - 2016/01/23 15:47:49 ET
Table 'Auva' 2-max Seat #2 is the button
Seat 1: REZOLUTION84 ($80.50 in chips)
Seat 2: DutchGiant26 ($423.57 in chips)
DutchGiant26: posts small blind $1
REZOLUTION84: posts big blind $3
*** HOLE CARDS ***
DutchGiant26: raises $3 to $6
REZOLUTION84: calls $3
*** FLOP *** [7h Ts 5c]
REZOLUTION84: checks
DutchGiant26: bets $3
REZOLUTION84: calls $3
*** TURN *** [7h Ts 5c] [9d]
REZOLUTION84: checks
DutchGiant26: bets $6
REZOLUTION84: calls $6
*** RIVER *** [7h Ts 5c 9d] [5d]
REZOLUTION84: checks
DutchGiant26: checks
*** SHOW DOWN ***
REZOLUTION84: shows [5s 3d] (three of a kind, Fives)
DutchGiant26: mucks hand
REZOLUTION84 collected $29.50 from pot
*** SUMMARY ***
Total pot $30 | Rake $0.50
Board [7h Ts 5c 9d 5d]
Seat 1: REZOLUTION84 (big blind) showed [5s 3d] and won ($29.50) with three of a kind, Fives
Seat 2: DutchGiant26 (button) (small blind) mucked


PokerStars Hand #147555892178:  Hold'em Limit ($3/$6 USD) - 2016/01/23 15:48:14 ET
Table 'Auva' 2-max Seat #1 is the button
Seat 1: REZOLUTION84 ($95 in chips)
Seat 2: DutchGiant26 ($408.57 in chips)
REZOLUTION84: posts small blind $1
DutchGiant26: posts big blind $3
*** HOLE CARDS ***
REZOLUTION84: raises $3 to $6
DutchGiant26: calls $3
*** FLOP *** [9c As Ah]
DutchGiant26: checks
REZOLUTION84: bets $3
DutchGiant26: folds
Uncalled bet ($3) returned to REZOLUTION84
REZOLUTION84 collected $11.76 from pot
REZOLUTION84: doesn't show hand
*** SUMMARY ***
Total pot $12 | Rake $0.24
Board [9c As Ah]
Seat 1: REZOLUTION84 (button) (small blind) collected ($11.76)
Seat 2: DutchGiant26 (big blind) folded on the Flop


PokerStars Hand #147555887703:  Hold'em Limit ($3/$6 USD) - 2016/01/23 15:48:10 ET
Table 'Auva' 2-max Seat #2 is the button
Seat 1: REZOLUTION84 ($94 in chips)
Seat 2: DutchGiant26 ($409.57 in chips)
DutchGiant26: posts small blind $1
REZOLUTION84: posts big blind $3
*** HOLE CARDS ***
DutchGiant26: folds
Uncalled bet ($2) returned to REZOLUTION84
REZOLUTION84 collected $2 from pot
REZOLUTION84: doesn't show hand
*** SUMMARY ***
Total pot $2 | Rake $0
Seat 1: REZOLUTION84 (big blind) collected ($2)
Seat 2: DutchGiant26 (button) (small blind) folded before Flop


PokerStars Hand #147555904700:  Hold'em Limit ($3/$6 USD) - 2016/01/23 15:48:26 ET
Table 'Auva' 2-max Seat #1 is the button
Seat 1: REZOLUTION84 ($101.76 in chips)
Seat 2: DutchGiant26 ($401.57 in chips)
REZOLUTION84: posts small blind $1
DutchGiant26: posts big blind $3
*** HOLE CARDS ***
REZOLUTION84: raises $3 to $6
DutchGiant26: folds
Uncalled bet ($3) returned to REZOLUTION84
REZOLUTION84 collected $6 from pot
REZOLUTION84: doesn't show hand
*** SUMMARY ***
Total pot $6 | Rake $0
Seat 1: REZOLUTION84 (button) (small blind) collected ($6)
Seat 2: DutchGiant26 (big blind) folded before Flop


PokerStars Hand #147555899966:  Hold'em Limit ($3/$6 USD) - 2016/01/23 15:48:22 ET
Table 'Auva' 2-max Seat #2 is the button
Seat 1: REZOLUTION84 ($100.76 in chips)
Seat 2: DutchGiant26 ($402.57 in chips)
DutchGiant26: posts small blind $1
REZOLUTION84: posts big blind $3
*** HOLE CARDS ***
DutchGiant26: folds
Uncalled bet ($2) returned to REZOLUTION84
REZOLUTION84 collected $2 from pot
REZOLUTION84: doesn't show hand
*** SUMMARY ***
Total pot $2 | Rake $0
Seat 1: REZOLUTION84 (big blind) collected ($2)
Seat 2: DutchGiant26 (button) (small blind) folded before Flop


PokerStars Hand #147555909504:  Hold'em Limit ($3/$6 USD) - 2016/01/23 15:48:31 ET
Table 'Auva' 2-max Seat #2 is the button
Seat 1: REZOLUTION84 ($104.76 in chips)
Seat 2: DutchGiant26 ($398.57 in chips)
DutchGiant26: posts small blind $1
REZOLUTION84: posts big blind $3
*** HOLE CARDS ***
DutchGiant26: raises $3 to $6
REZOLUTION84: calls $3
*** FLOP *** [Qd 2h Qc]
REZOLUTION84: checks
DutchGiant26: bets $3
REZOLUTION84: raises $3 to $6
DutchGiant26: calls $3
*** TURN *** [Qd 2h Qc] [As]
REZOLUTION84: bets $6
DutchGiant26: calls $6
*** RIVER *** [Qd 2h Qc As] [5h]
REZOLUTION84: checks
DutchGiant26: checks
*** SHOW DOWN ***
REZOLUTION84: shows [2d 7d] (two pair, Queens and Deuces)
DutchGiant26: shows [2c 7c] (two pair, Queens and Deuces)
REZOLUTION84 collected $17.75 from pot
DutchGiant26 collected $17.75 from pot
*** SUMMARY ***
Total pot $36 | Rake $0.50
Board [Qd 2h Qc As 5h]
Seat 1: REZOLUTION84 (big blind) showed [2d 7d] and won ($17.75) with two pair, Queens and Deuces
Seat 2: DutchGiant26 (button) (small blind) showed [2c 7c] and won ($17.75) with two pair, Queens and Deuces


PokerStars Hand #147555925553:  Hold'em Limit ($3/$6 USD) - 2016/01/23 15:48:45 ET
Table 'Auva' 2-max Seat #1 is the button
Seat 1: REZOLUTION84 ($104.51 in chips)
Seat 2: DutchGiant26 ($398.32 in chips)
REZOLUTION84: posts small blind $1
DutchGiant26: posts big blind $3
*** HOLE CARDS ***
REZOLUTION84: raises $3 to $6
DutchGiant26: calls $3
*** FLOP *** [4h 4c Ks]
DutchGiant26: checks
REZOLUTION84: bets $3
DutchGiant26: raises $3 to $6
REZOLUTION84: calls $3
*** TURN *** [4h 4c Ks] [6s]
DutchGiant26: bets $6
REZOLUTION84: folds
Uncalled bet ($6) returned to DutchGiant26
DutchGiant26 collected $23.52 from pot
*** SUMMARY ***
Total pot $24 | Rake $0.48
Board [4h 4c Ks 6s]
Seat 1: REZOLUTION84 (button) (small blind) folded on the Turn
Seat 2: DutchGiant26 (big blind) collected ($23.52)


PokerStars Hand #147555939701:  Hold'em Limit ($3/$6 USD) - 2016/01/23 15:48:59 ET
Table 'Auva' 2-max Seat #2 is the button
Seat 1: REZOLUTION84 ($92.51 in chips)
Seat 2: DutchGiant26 ($409.84 in chips)
DutchGiant26: posts small blind $1
REZOLUTION84: posts big blind $3
*** HOLE CARDS ***
DutchGiant26: folds
Uncalled bet ($2) returned to REZOLUTION84
REZOLUTION84 collected $2 from pot
REZOLUTION84: doesn't show hand
*** SUMMARY ***
Total pot $2 | Rake $0
Seat 1: REZOLUTION84 (big blind) collected ($2)
Seat 2: DutchGiant26 (button) (small blind) folded before Flop


PokerStars Hand #147555956065:  Hold'em Limit ($3/$6 USD) - 2016/01/23 15:49:14 ET
Table 'Auva' 2-max Seat #2 is the button
Seat 1: REZOLUTION84 ($81.51 in chips)
Seat 2: DutchGiant26 ($420.36 in chips)
DutchGiant26: posts small blind $1
REZOLUTION84: posts big blind $3
*** HOLE CARDS ***
DutchGiant26: raises $3 to $6
REZOLUTION84: folds
Uncalled bet ($3) returned to DutchGiant26
DutchGiant26 collected $6 from pot
*** SUMMARY ***
Total pot $6 | Rake $0
Seat 1: REZOLUTION84 (big blind) folded before Flop
Seat 2: DutchGiant26 (button) (small blind) collected ($6)


PokerStars Hand #147555944539:  Hold'em Limit ($3/$6 USD) - 2016/01/23 15:49:03 ET
Table 'Auva' 2-max Seat #1 is the button
Seat 1: REZOLUTION84 ($93.51 in chips)
Seat 2: DutchGiant26 ($408.84 in chips)
REZOLUTION84: posts small blind $1
DutchGiant26: posts big blind $3
*** HOLE CARDS ***
REZOLUTION84: raises $3 to $6
DutchGiant26: raises $3 to $9
REZOLUTION84: calls $3
*** FLOP *** [Td 5h 7h]
DutchGiant26: bets $3
REZOLUTION84: calls $3
*** TURN *** [Td 5h 7h] [Qd]
DutchGiant26: bets $6
REZOLUTION84: folds
Uncalled bet ($6) returned to DutchGiant26
DutchGiant26 collected $23.52 from pot
*** SUMMARY ***
Total pot $24 | Rake $0.48
Board [Td 5h 7h Qd]
Seat 1: REZOLUTION84 (button) (small blind) folded on the Turn
Seat 2: DutchGiant26 (big blind) collected ($23.52)


PokerStars Hand #147555961446:  Hold'em Limit ($3/$6 USD) - 2016/01/23 15:49:19 ET
Table 'Auva' 2-max Seat #1 is the button
Seat 1: REZOLUTION84 ($78.51 in chips)
Seat 2: DutchGiant26 ($423.36 in chips)
REZOLUTION84: posts small blind $1
DutchGiant26: posts big blind $3
*** HOLE CARDS ***
REZOLUTION84: raises $3 to $6
DutchGiant26: folds
Uncalled bet ($3) returned to REZOLUTION84
REZOLUTION84 collected $6 from pot
REZOLUTION84: doesn't show hand
*** SUMMARY ***
Total pot $6 | Rake $0
Seat 1: REZOLUTION84 (button) (small blind) collected ($6)
Seat 2: DutchGiant26 (big blind) folded before Flop


PokerStars Hand #147555966227:  Hold'em Limit ($3/$6 USD) - 2016/01/23 15:49:24 ET
Table 'Auva' 2-max Seat #2 is the button
Seat 1: REZOLUTION84 ($81.51 in chips)
Seat 2: DutchGiant26 ($420.36 in chips)
DutchGiant26: posts small blind $1
REZOLUTION84: posts big blind $3
*** HOLE CARDS ***
DutchGiant26: raises $3 to $6
REZOLUTION84: calls $3
*** FLOP *** [3h 4c 3d]
REZOLUTION84: checks
DutchGiant26: bets $3
REZOLUTION84: raises $3 to $6
DutchGiant26: calls $3
*** TURN *** [3h 4c 3d] [2h]
REZOLUTION84: bets $6
DutchGiant26: calls $6
*** RIVER *** [3h 4c 3d 2h] [5h]
REZOLUTION84: bets $6
DutchGiant26: calls $6
*** SHOW DOWN ***
REZOLUTION84: shows [5d 6h] (a straight, Deuce to Six)
DutchGiant26: mucks hand
REZOLUTION84 collected $47.50 from pot
*** SUMMARY ***
Total pot $48 | Rake $0.50
Board [3h 4c 3d 2h 5h]
Seat 1: REZOLUTION84 (big blind) showed [5d 6h] and won ($47.50) with a straight, Deuce to Six
Seat 2: DutchGiant26 (button) (small blind) mucked


PokerStars Hand #147555987791:  Hold'em Limit ($3/$6 USD) - 2016/01/23 15:49:44 ET
Table 'Auva' 2-max Seat #2 is the button
Seat 1: REZOLUTION84 ($104.01 in chips)
Seat 2: DutchGiant26 ($397.36 in chips)
DutchGiant26: posts small blind $1
REZOLUTION84: posts big blind $3
*** HOLE CARDS ***
DutchGiant26: raises $3 to $6
REZOLUTION84: calls $3
*** FLOP *** [9d 7h 4c]
REZOLUTION84: checks
DutchGiant26: bets $3
REZOLUTION84: folds
Uncalled bet ($3) returned to DutchGiant26
DutchGiant26 collected $11.76 from pot
*** SUMMARY ***
Total pot $12 | Rake $0.24
Board [9d 7h 4c]
Seat 1: REZOLUTION84 (big blind) folded on the Flop
Seat 2: DutchGiant26 (button) (small blind) collected ($11.76)


PokerStars Hand #147555982878:  Hold'em Limit ($3/$6 USD) - 2016/01/23 15:49:40 ET
Table 'Auva' 2-max Seat #1 is the button
Seat 1: REZOLUTION84 ($105.01 in chips)
Seat 2: DutchGiant26 ($396.36 in chips)
REZOLUTION84: posts small blind $1
DutchGiant26: posts big blind $3
*** HOLE CARDS ***
REZOLUTION84: folds
Uncalled bet ($2) returned to DutchGiant26
DutchGiant26 collected $2 from pot
*** SUMMARY ***
Total pot $2 | Rake $0
Seat 1: REZOLUTION84 (button) (small blind) folded before Flop
Seat 2: DutchGiant26 (big blind) collected ($2)


PokerStars Hand #147555996167:  Hold'em Limit ($3/$6 USD) - 2016/01/23 15:49:52 ET
Table 'Auva' 2-max Seat #1 is the button
Seat 1: REZOLUTION84 ($98.01 in chips)
Seat 2: DutchGiant26 ($403.12 in chips)
REZOLUTION84: posts small blind $1
DutchGiant26: posts big blind $3
*** HOLE CARDS ***
REZOLUTION84: folds
Uncalled bet ($2) returned to DutchGiant26
DutchGiant26 collected $2 from pot
*** SUMMARY ***
Total pot $2 | Rake $0
Seat 1: REZOLUTION84 (button) (small blind) folded before Flop
Seat 2: DutchGiant26 (big blind) collected ($2)


PokerStars Hand #147556006862:  Hold'em Limit ($3/$6 USD) - 2016/01/23 15:50:02 ET
Table 'Auva' 2-max Seat #1 is the button
Seat 1: REZOLUTION84 ($94.01 in chips)
Seat 2: DutchGiant26 ($407.12 in chips)
REZOLUTION84: posts small blind $1
DutchGiant26: posts big blind $3
*** HOLE CARDS ***
REZOLUTION84: raises $3 to $6
DutchGiant26: raises $3 to $9
REZOLUTION84: calls $3
*** FLOP *** [9d 5c 3c]
DutchGiant26: bets $3
REZOLUTION84: calls $3
*** TURN *** [9d 5c 3c] [4h]
DutchGiant26: bets $6
REZOLUTION84: raises $6 to $12
DutchGiant26: calls $6
*** RIVER *** [9d 5c 3c 4h] [Ts]
DutchGiant26: checks
REZOLUTION84: bets $6
DutchGiant26: folds
Uncalled bet ($6) returned to REZOLUTION84
REZOLUTION84 collected $47.50 from pot
REZOLUTION84: doesn't show hand
*** SUMMARY ***
Total pot $48 | Rake $0.50
Board [9d 5c 3c 4h Ts]
Seat 1: REZOLUTION84 (button) (small blind) collected ($47.50)
Seat 2: DutchGiant26 (big blind) folded on the River


PokerStars Hand #147556022380:  Hold'em Limit ($3/$6 USD) - 2016/01/23 15:50:17 ET
Table 'Auva' 2-max Seat #2 is the button
Seat 1: REZOLUTION84 ($117.51 in chips)
Seat 2: DutchGiant26 ($383.12 in chips)
DutchGiant26: posts small blind $1
REZOLUTION84: posts big blind $3
*** HOLE CARDS ***
DutchGiant26: raises $3 to $6
REZOLUTION84: calls $3
*** FLOP *** [2h Qc 6c]
REZOLUTION84: checks
DutchGiant26: bets $3
REZOLUTION84: folds
Uncalled bet ($3) returned to DutchGiant26
DutchGiant26 collected $11.76 from pot
*** SUMMARY ***
Total pot $12 | Rake $0.24
Board [2h Qc 6c]
Seat 1: REZOLUTION84 (big blind) folded on the Flop
Seat 2: DutchGiant26 (button) (small blind) collected ($11.76)


PokerStars Hand #147556030567:  Hold'em Limit ($3/$6 USD) - 2016/01/23 15:50:25 ET
Table 'Auva' 2-max Seat #1 is the button
Seat 1: REZOLUTION84 ($111.51 in chips)
Seat 2: DutchGiant26 ($388.88 in chips)
REZOLUTION84: posts small blind $1
DutchGiant26: posts big blind $3
*** HOLE CARDS ***
REZOLUTION84: raises $3 to $6
DutchGiant26: calls $3
*** FLOP *** [4c Jc 6s]
DutchGiant26: checks
REZOLUTION84: bets $3
DutchGiant26: calls $3
*** TURN *** [4c Jc 6s] [Ah]
DutchGiant26: checks
REZOLUTION84: checks
*** RIVER *** [4c Jc 6s Ah] [8h]
DutchGiant26: bets $6
REZOLUTION84: raises $6 to $12
DutchGiant26: folds
Uncalled bet ($6) returned to REZOLUTION84
REZOLUTION84 collected $29.50 from pot
REZOLUTION84: doesn't show hand
*** SUMMARY ***
Total pot $30 | Rake $0.50
Board [4c Jc 6s Ah 8h]
Seat 1: REZOLUTION84 (button) (small blind) collected ($29.50)
Seat 2: DutchGiant26 (big blind) folded on the River


PokerStars Hand #147556046461:  Hold'em Limit ($3/$6 USD) - 2016/01/23 15:50:40 ET
Table 'Auva' 2-max Seat #2 is the button
Seat 1: REZOLUTION84 ($126.01 in chips)
Seat 2: DutchGiant26 ($373.88 in chips)
DutchGiant26: posts small blind $1
REZOLUTION84: posts big blind $3
*** HOLE CARDS ***
DutchGiant26: raises $3 to $6
REZOLUTION84: folds
Uncalled bet ($3) returned to DutchGiant26
DutchGiant26 collected $6 from pot
*** SUMMARY ***
Total pot $6 | Rake $0
Seat 1: REZOLUTION84 (big blind) folded before Flop
Seat 2: DutchGiant26 (button) (small blind) collected ($6)


PokerStars Hand #147556065155:  Hold'em Limit ($3/$6 USD) - 2016/01/23 15:50:58 ET
Table 'Auva' 2-max Seat #2 is the button
Seat 1: REZOLUTION84 ($108.01 in chips)
Seat 2: DutchGiant26 ($391.38 in chips)
DutchGiant26: posts small blind $1
REZOLUTION84: posts big blind $3
*** HOLE CARDS ***
DutchGiant26: folds
Uncalled bet ($2) returned to REZOLUTION84
REZOLUTION84 collected $2 from pot
REZOLUTION84: doesn't show hand
*** SUMMARY ***
Total pot $2 | Rake $0
Seat 1: REZOLUTION84 (big blind) collected ($2)
Seat 2: DutchGiant26 (button) (small blind) folded before Flop


PokerStars Hand #147556051866:  Hold'em Limit ($3/$6 USD) - 2016/01/23 15:50:45 ET
Table 'Auva' 2-max Seat #1 is the button
Seat 1: REZOLUTION84 ($123.01 in chips)
Seat 2: DutchGiant26 ($376.88 in chips)
REZOLUTION84: posts small blind $1
DutchGiant26: posts big blind $3
*** HOLE CARDS ***
REZOLUTION84: raises $3 to $6
DutchGiant26: calls $3
*** FLOP *** [2c 8s Kd]
DutchGiant26: checks
REZOLUTION84: bets $3
DutchGiant26: calls $3
*** TURN *** [2c 8s Kd] [4s]
DutchGiant26: checks
REZOLUTION84: checks
*** RIVER *** [2c 8s Kd 4s] [9d]
DutchGiant26: bets $6
REZOLUTION84: calls $6
*** SHOW DOWN ***
DutchGiant26: shows [Kh 6h] (a pair of Kings)
REZOLUTION84: mucks hand
DutchGiant26 collected $29.50 from pot
*** SUMMARY ***
Total pot $30 | Rake $0.50
Board [2c 8s Kd 4s 9d]
Seat 1: REZOLUTION84 (button) (small blind) mucked
Seat 2: DutchGiant26 (big blind) showed [Kh 6h] and won ($29.50) with a pair of Kings


PokerStars Hand #147556070138:  Hold'em Limit ($3/$6 USD) - 2016/01/23 15:51:03 ET
Table 'Auva' 2-max Seat #1 is the button
Seat 1: REZOLUTION84 ($109.01 in chips)
Seat 2: DutchGiant26 ($390.38 in chips)
REZOLUTION84: posts small blind $1
DutchGiant26: posts big blind $3
*** HOLE CARDS ***
REZOLUTION84: raises $3 to $6
DutchGiant26: folds
Uncalled bet ($3) returned to REZOLUTION84
REZOLUTION84 collected $6 from pot
REZOLUTION84: doesn't show hand
*** SUMMARY ***
Total pot $6 | Rake $0
Seat 1: REZOLUTION84 (button) (small blind) collected ($6)
Seat 2: DutchGiant26 (big blind) folded before Flop


PokerStars Hand #147556082513:  Hold'em Limit ($3/$6 USD) - 2016/01/23 15:51:14 ET
Table 'Auva' 2-max Seat #1 is the button
Seat 1: REZOLUTION84 ($113.01 in chips)
Seat 2: DutchGiant26 ($386.38 in chips)
REZOLUTION84: posts small blind $1
DutchGiant26: posts big blind $3
*** HOLE CARDS ***
REZOLUTION84: raises $3 to $6
DutchGiant26: calls $3
*** FLOP *** [Kd Qh Jc]
DutchGiant26: checks
REZOLUTION84: bets $3
DutchGiant26: folds
Uncalled bet ($3) returned to REZOLUTION84
REZOLUTION84 collected $11.76 from pot
REZOLUTION84: doesn't show hand
*** SUMMARY ***
Total pot $12 | Rake $0.24
Board [Kd Qh Jc]
Seat 1: REZOLUTION84 (button) (small blind) collected ($11.76)
Seat 2: DutchGiant26 (big blind) folded on the Flop


PokerStars Hand #147556077758:  Hold'em Limit ($3/$6 USD) - 2016/01/23 15:51:10 ET
Table 'Auva' 2-max Seat #2 is the button
Seat 1: REZOLUTION84 ($112.01 in chips)
Seat 2: DutchGiant26 ($387.38 in chips)
DutchGiant26: posts small blind $1
REZOLUTION84: posts big blind $3
*** HOLE CARDS ***
DutchGiant26: folds
Uncalled bet ($2) returned to REZOLUTION84
REZOLUTION84 collected $2 from pot
REZOLUTION84: doesn't show hand
*** SUMMARY ***
Total pot $2 | Rake $0
Seat 1: REZOLUTION84 (big blind) collected ($2)
Seat 2: DutchGiant26 (button) (small blind) folded before Flop


PokerStars Hand #147556105062:  Hold'em Limit ($3/$6 USD) - 2016/01/23 15:51:36 ET
Table 'Auva' 2-max Seat #1 is the button
Seat 1: REZOLUTION84 ($127.41 in chips)
Seat 2: DutchGiant26 ($371.38 in chips)
REZOLUTION84: posts small blind $1
DutchGiant26: posts big blind $3
*** HOLE CARDS ***
REZOLUTION84: raises $3 to $6
DutchGiant26: calls $3
*** FLOP *** [6s Ks 2d]
DutchGiant26: checks
REZOLUTION84: bets $3
DutchGiant26: folds
Uncalled bet ($3) returned to REZOLUTION84
REZOLUTION84 collected $11.76 from pot
REZOLUTION84: doesn't show hand
*** SUMMARY ***
Total pot $12 | Rake $0.24
Board [6s Ks 2d]
Seat 1: REZOLUTION84 (button) (small blind) collected ($11.76)
Seat 2: DutchGiant26 (big blind) folded on the Flop


PokerStars Hand #147556090171:  Hold'em Limit ($3/$6 USD) - 2016/01/23 15:51:22 ET
Table 'Auva' 2-max Seat #2 is the button
Seat 1: REZOLUTION84 ($118.77 in chips)
Seat 2: DutchGiant26 ($380.38 in chips)
DutchGiant26: posts small blind $1
REZOLUTION84: posts big blind $3
*** HOLE CARDS ***
DutchGiant26: raises $3 to $6
REZOLUTION84: calls $3
*** FLOP *** [3c 9d Jd]
REZOLUTION84: checks
DutchGiant26: bets $3
REZOLUTION84: calls $3
*** TURN *** [3c 9d Jd] [Js]
REZOLUTION84: checks
DutchGiant26: checks
*** RIVER *** [3c 9d Jd Js] [2s]
REZOLUTION84: checks
DutchGiant26: checks
*** SHOW DOWN ***
REZOLUTION84: shows [Qs Th] (a pair of Jacks)
DutchGiant26: mucks hand
REZOLUTION84 collected $17.64 from pot
*** SUMMARY ***
Total pot $18 | Rake $0.36
Board [3c 9d Jd Js 2s]
Seat 1: REZOLUTION84 (big blind) showed [Qs Th] and won ($17.64) with a pair of Jacks
Seat 2: DutchGiant26 (button) (small blind) mucked


PokerStars Hand #147556112990:  Hold'em Limit ($3/$6 USD) - 2016/01/23 15:51:43 ET
Table 'Auva' 2-max Seat #2 is the button
Seat 1: REZOLUTION84 ($133.17 in chips)
Seat 2: DutchGiant26 ($365.38 in chips)
DutchGiant26: posts small blind $1
REZOLUTION84: posts big blind $3
*** HOLE CARDS ***
DutchGiant26: raises $3 to $6
REZOLUTION84: folds
Uncalled bet ($3) returned to DutchGiant26
DutchGiant26 collected $6 from pot
*** SUMMARY ***
Total pot $6 | Rake $0
Seat 1: REZOLUTION84 (big blind) folded before Flop
Seat 2: DutchGiant26 (button) (small blind) collected ($6)


PokerStars Hand #147556135195:  Hold'em Limit ($3/$6 USD) - 2016/01/23 15:52:04 ET
Table 'Auva' 2-max Seat #2 is the button
Seat 1: REZOLUTION84 ($106.17 in chips)
Seat 2: DutchGiant26 ($391.88 in chips)
DutchGiant26: posts small blind $1
REZOLUTION84: posts big blind $3
*** HOLE CARDS ***
DutchGiant26: raises $3 to $6
REZOLUTION84: folds
Uncalled bet ($3) returned to DutchGiant26
DutchGiant26 collected $6 from pot
*** SUMMARY ***
Total pot $6 | Rake $0
Seat 1: REZOLUTION84 (big blind) folded before Flop
Seat 2: DutchGiant26 (button) (small blind) collected ($6)


PokerStars Hand #147556119842:  Hold'em Limit ($3/$6 USD) - 2016/01/23 15:51:50 ET
Table 'Auva' 2-max Seat #1 is the button
Seat 1: REZOLUTION84 ($130.17 in chips)
Seat 2: DutchGiant26 ($368.38 in chips)
REZOLUTION84: posts small blind $1
DutchGiant26: posts big blind $3
*** HOLE CARDS ***
REZOLUTION84: raises $3 to $6
DutchGiant26: calls $3
*** FLOP *** [4h Ac 4d]
DutchGiant26: checks
REZOLUTION84: bets $3
DutchGiant26: raises $3 to $6
REZOLUTION84: calls $3
*** TURN *** [4h Ac 4d] [7s]
DutchGiant26: bets $6
REZOLUTION84: calls $6
*** RIVER *** [4h Ac 4d 7s] [6s]
DutchGiant26: bets $6
REZOLUTION84: calls $6
*** SHOW DOWN ***
DutchGiant26: shows [6h 7d] (two pair, Sevens and Sixes)
REZOLUTION84: mucks hand
DutchGiant26 collected $47.50 from pot
*** SUMMARY ***
Total pot $48 | Rake $0.50
Board [4h Ac 4d 7s 6s]
Seat 1: REZOLUTION84 (button) (small blind) mucked
Seat 2: DutchGiant26 (big blind) showed [6h 7d] and won ($47.50) with two pair, Sevens and Sixes


PokerStars Hand #147556140733:  Hold'em Limit ($3/$6 USD) - 2016/01/23 15:52:10 ET
Table 'Auva' 2-max Seat #1 is the button
Seat 1: REZOLUTION84 ($103.17 in chips)
Seat 2: DutchGiant26 ($394.88 in chips)
REZOLUTION84: posts small blind $1
DutchGiant26: posts big blind $3
*** HOLE CARDS ***
REZOLUTION84: raises $3 to $6
DutchGiant26: calls $3
*** FLOP *** [Th 5c Tc]
DutchGiant26: checks
REZOLUTION84: bets $3
DutchGiant26: calls $3
*** TURN *** [Th 5c Tc] [9h]
DutchGiant26: checks
REZOLUTION84: checks
*** RIVER *** [Th 5c Tc 9h] [5d]
DutchGiant26: bets $6
REZOLUTION84: folds
Uncalled bet ($6) returned to DutchGiant26
DutchGiant26 collected $17.64 from pot
*** SUMMARY ***
Total pot $18 | Rake $0.36
Board [Th 5c Tc 9h 5d]
Seat 1: REZOLUTION84 (button) (small blind) folded on the River
Seat 2: DutchGiant26 (big blind) collected ($17.64)


PokerStars Hand #147556153638:  Hold'em Limit ($3/$6 USD) - 2016/01/23 15:52:22 ET
Table 'Auva' 2-max Seat #2 is the button
Seat 1: REZOLUTION84 ($94.17 in chips)
Seat 2: DutchGiant26 ($403.52 in chips)
DutchGiant26: posts small blind $1
REZOLUTION84: posts big blind $3
*** HOLE CARDS ***
DutchGiant26: raises $3 to $6
REZOLUTION84: calls $3
*** FLOP *** [Jh 9h 2d]
REZOLUTION84: checks
DutchGiant26: bets $3
REZOLUTION84: folds
Uncalled bet ($3) returned to DutchGiant26
DutchGiant26 collected $11.76 from pot
*** SUMMARY ***
Total pot $12 | Rake $0.24
Board [Jh 9h 2d]
Seat 1: REZOLUTION84 (big blind) folded on the Flop
Seat 2: DutchGiant26 (button) (small blind) collected ($11.76)


PokerStars Hand #147556162377:  Hold'em Limit ($3/$6 USD) - 2016/01/23 15:52:30 ET
Table 'Auva' 2-max Seat #1 is the button
Seat 1: REZOLUTION84 ($88.17 in chips)
Seat 2: DutchGiant26 ($409.28 in chips)
REZOLUTION84: posts small blind $1
DutchGiant26: posts big blind $3
*** HOLE CARDS ***
REZOLUTION84: folds
Uncalled bet ($2) returned to DutchGiant26
DutchGiant26 collected $2 from pot
*** SUMMARY ***
Total pot $2 | Rake $0
Seat 1: REZOLUTION84 (button) (small blind) folded before Flop
Seat 2: DutchGiant26 (big blind) collected ($2)


PokerStars Hand #147556168037:  Hold'em Limit ($3/$6 USD) - 2016/01/23 15:52:36 ET
Table 'Auva' 2-max Seat #2 is the button
Seat 1: REZOLUTION84 ($87.17 in chips)
Seat 2: DutchGiant26 ($410.28 in chips)
DutchGiant26: posts small blind $1
REZOLUTION84: posts big blind $3
*** HOLE CARDS ***
DutchGiant26: raises $3 to $6
REZOLUTION84: calls $3
*** FLOP *** [8h 7c 7d]
REZOLUTION84: checks
DutchGiant26: bets $3
REZOLUTION84: calls $3
*** TURN *** [8h 7c 7d] [Jh]
REZOLUTION84: checks
DutchGiant26: bets $6
REZOLUTION84: raises $6 to $12
DutchGiant26: calls $6
*** RIVER *** [8h 7c 7d Jh] [Js]
REZOLUTION84: bets $6
DutchGiant26: raises $6 to $12
REZOLUTION84: calls $6
*** SHOW DOWN ***
DutchGiant26: shows [Jc Ks] (a full house, Jacks full of Sevens)
REZOLUTION84: mucks hand
DutchGiant26 collected $65.50 from pot
*** SUMMARY ***
Total pot $66 | Rake $0.50
Board [8h 7c 7d Jh Js]
Seat 1: REZOLUTION84 (big blind) mucked
Seat 2: DutchGiant26 (button) (small blind) showed [Jc Ks] and won ($65.50) with a full house, Jacks full of Sevens


PokerStars Hand #147556186139:  Hold'em Limit ($3/$6 USD) - 2016/01/23 15:52:52 ET
Table 'Auva' 2-max Seat #1 is the button
Seat 1: REZOLUTION84 ($60 in chips)
Seat 2: DutchGiant26 ($442.78 in chips)
REZOLUTION84: posts small blind $1
DutchGiant26: posts big blind $3
*** HOLE CARDS ***
REZOLUTION84: raises $3 to $6
DutchGiant26: folds
Uncalled bet ($3) returned to REZOLUTION84
REZOLUTION84 collected $6 from pot
REZOLUTION84: doesn't show hand
*** SUMMARY ***
Total pot $6 | Rake $0
Seat 1: REZOLUTION84 (button) (small blind) collected ($6)
Seat 2: DutchGiant26 (big blind) folded before Flop


PokerStars Hand #147556191872:  Hold'em Limit ($3/$6 USD) - 2016/01/23 15:52:58 ET
Table 'Auva' 2-max Seat #2 is the button
Seat 1: REZOLUTION84 ($63 in chips)
Seat 2: DutchGiant26 ($439.78 in chips)
DutchGiant26: posts small blind $1
REZOLUTION84: posts big blind $3
*** HOLE CARDS ***
DutchGiant26: raises $3 to $6
REZOLUTION84: calls $3
*** FLOP *** [6d 3h 2h]
REZOLUTION84: checks
DutchGiant26: bets $3
REZOLUTION84: calls $3
*** TURN *** [6d 3h 2h] [Js]
REZOLUTION84: checks
DutchGiant26: bets $6
REZOLUTION84: folds
Uncalled bet ($6) returned to DutchGiant26
DutchGiant26 collected $17.64 from pot
*** SUMMARY ***
Total pot $18 | Rake $0.36
Board [6d 3h 2h Js]
Seat 1: REZOLUTION84 (big blind) folded on the Turn
Seat 2: DutchGiant26 (button) (small blind) collected ($17.64)


PokerStars Hand #147556224378:  Hold'em Limit ($3/$6 USD) - 2016/01/23 15:53:29 ET
Table 'Auva' 2-max Seat #2 is the button
Seat 1: REZOLUTION84 ($80.50 in chips)
Seat 2: DutchGiant26 ($427.42 in chips)
DutchGiant26: posts small blind $1
REZOLUTION84: posts big blind $3
*** HOLE CARDS ***
DutchGiant26: folds
Uncalled bet ($2) returned to REZOLUTION84
REZOLUTION84 collected $2 from pot
REZOLUTION84: doesn't show hand
*** SUMMARY ***
Total pot $2 | Rake $0
Seat 1: REZOLUTION84 (big blind) collected ($2)
Seat 2: DutchGiant26 (button) (small blind) folded before Flop


PokerStars Hand #147556205649:  Hold'em Limit ($3/$6 USD) - 2016/01/23 15:53:11 ET
Table 'Auva' 2-max Seat #1 is the button
Seat 1: REZOLUTION84 ($60 in chips)
Seat 2: DutchGiant26 ($448.42 in chips)
REZOLUTION84: posts small blind $1
DutchGiant26: posts big blind $3
*** HOLE CARDS ***
REZOLUTION84: raises $3 to $6
DutchGiant26: calls $3
*** FLOP *** [Ac 8s 2d]
DutchGiant26: checks
REZOLUTION84: bets $3
DutchGiant26: calls $3
*** TURN *** [Ac 8s 2d] [Qs]
DutchGiant26: checks
REZOLUTION84: bets $6
DutchGiant26: calls $6
*** RIVER *** [Ac 8s 2d Qs] [Qd]
DutchGiant26: checks
REZOLUTION84: bets $6
DutchGiant26: calls $6
*** SHOW DOWN ***
REZOLUTION84: shows [8c 8h] (a full house, Eights full of Queens)
DutchGiant26: mucks hand
REZOLUTION84 collected $41.50 from pot
*** SUMMARY ***
Total pot $42 | Rake $0.50
Board [Ac 8s 2d Qs Qd]
Seat 1: REZOLUTION84 (button) (small blind) showed [8c 8h] and won ($41.50) with a full house, Eights full of Queens
Seat 2: DutchGiant26 (big blind) mucked


PokerStars Hand #147556244067:  Hold'em Limit ($3/$6 USD) - 2016/01/23 15:53:48 ET
Table 'Auva' 2-max Seat #2 is the button
Seat 1: REZOLUTION84 ($99 in chips)
Seat 2: DutchGiant26 ($408.42 in chips)
DutchGiant26: posts small blind $1
REZOLUTION84: posts big blind $3
*** HOLE CARDS ***
DutchGiant26: folds
Uncalled bet ($2) returned to REZOLUTION84
REZOLUTION84 collected $2 from pot
REZOLUTION84: doesn't show hand
*** SUMMARY ***
Total pot $2 | Rake $0
Seat 1: REZOLUTION84 (big blind) collected ($2)
Seat 2: DutchGiant26 (button) (small blind) folded before Flop


PokerStars Hand #147556259192:  Hold'em Limit ($3/$6 USD) - 2016/01/23 15:54:02 ET
Table 'Auva' 2-max Seat #2 is the button
Seat 1: REZOLUTION84 ($108.64 in chips)
Seat 2: DutchGiant26 ($398.42 in chips)
DutchGiant26: posts small blind $1
REZOLUTION84: posts big blind $3
*** HOLE CARDS ***
DutchGiant26: raises $3 to $6
REZOLUTION84: folds
Uncalled bet ($3) returned to DutchGiant26
DutchGiant26 collected $6 from pot
*** SUMMARY ***
Total pot $6 | Rake $0
Seat 1: REZOLUTION84 (big blind) folded before Flop
Seat 2: DutchGiant26 (button) (small blind) collected ($6)


PokerStars Hand #147556265437:  Hold'em Limit ($3/$6 USD) - 2016/01/23 15:54:08 ET
Table 'Auva' 2-max Seat #1 is the button
Seat 1: REZOLUTION84 ($105.64 in chips)
Seat 2: DutchGiant26 ($401.42 in chips)
REZOLUTION84: posts small blind $1
DutchGiant26: posts big blind $3
*** HOLE CARDS ***
REZOLUTION84: raises $3 to $6
DutchGiant26: folds
Uncalled bet ($3) returned to REZOLUTION84
REZOLUTION84 collected $6 from pot
REZOLUTION84: doesn't show hand
*** SUMMARY ***
Total pot $6 | Rake $0
Seat 1: REZOLUTION84 (button) (small blind) collected ($6)
Seat 2: DutchGiant26 (big blind) folded before Flop


PokerStars Hand #147556316483:  Hold'em Limit ($3/$6 USD) - 2016/01/23 15:54:57 ET
Table 'Auva' 2-max Seat #1 is the button
Seat 1: REZOLUTION84 ($106.14 in chips)
Seat 2: DutchGiant26 ($399.92 in chips)
REZOLUTION84: posts small blind $1
DutchGiant26: posts big blind $3
*** HOLE CARDS ***
REZOLUTION84: folds
Uncalled bet ($2) returned to DutchGiant26
DutchGiant26 collected $2 from pot
*** SUMMARY ***
Total pot $2 | Rake $0
Seat 1: REZOLUTION84 (button) (small blind) folded before Flop
Seat 2: DutchGiant26 (big blind) collected ($2)


PokerStars Hand #147556322961:  Hold'em Limit ($3/$6 USD) - 2016/01/23 15:55:03 ET
Table 'Auva' 2-max Seat #2 is the button
Seat 1: REZOLUTION84 ($105.14 in chips)
Seat 2: DutchGiant26 ($400.92 in chips)
DutchGiant26: posts small blind $1
REZOLUTION84: posts big blind $3
*** HOLE CARDS ***
DutchGiant26: raises $3 to $6
REZOLUTION84: calls $3
*** FLOP *** [3d 2h 4d]
REZOLUTION84: checks
DutchGiant26: bets $3
REZOLUTION84: raises $3 to $6
DutchGiant26: calls $3
*** TURN *** [3d 2h 4d] [Jc]
REZOLUTION84: bets $6
DutchGiant26: raises $6 to $12
REZOLUTION84: calls $6
*** RIVER *** [3d 2h 4d Jc] [3s]
REZOLUTION84: checks
DutchGiant26: checks
*** SHOW DOWN ***
REZOLUTION84: shows [Ac 3h] (three of a kind, Threes)
DutchGiant26: mucks hand
REZOLUTION84 collected $47.50 from pot
*** SUMMARY ***
Total pot $48 | Rake $0.50
Board [3d 2h 4d Jc 3s]
Seat 1: REZOLUTION84 (big blind) showed [Ac 3h] and won ($47.50) with three of a kind, Threes
Seat 2: DutchGiant26 (button) (small blind) mucked


PokerStars Hand #147556337552:  Hold'em Limit ($3/$6 USD) - 2016/01/23 15:55:20 ET
Table 'Auva' 2-max Seat #1 is the button
Seat 1: REZOLUTION84 ($128.64 in chips)
Seat 2: DutchGiant26 ($376.92 in chips)
REZOLUTION84: posts small blind $1
DutchGiant26: posts big blind $3
*** HOLE CARDS ***
REZOLUTION84: raises $3 to $6
DutchGiant26: calls $3
*** FLOP *** [Jh 6h Tc]
DutchGiant26: checks
REZOLUTION84: bets $3
DutchGiant26: folds
Uncalled bet ($3) returned to REZOLUTION84
REZOLUTION84 collected $11.76 from pot
REZOLUTION84: doesn't show hand
*** SUMMARY ***
Total pot $12 | Rake $0.24
Board [Jh 6h Tc]
Seat 1: REZOLUTION84 (button) (small blind) collected ($11.76)
Seat 2: DutchGiant26 (big blind) folded on the Flop


PokerStars Hand #147556367475:  Hold'em Limit ($3/$6 USD) - 2016/01/23 15:55:59 ET
Table 'Auva' 2-max Seat #2 is the button
Seat 1: REZOLUTION84 ($116.40 in chips)
Seat 2: DutchGiant26 ($388.20 in chips)
DutchGiant26: posts small blind $1
REZOLUTION84: posts big blind $3
*** HOLE CARDS ***
DutchGiant26: folds
Uncalled bet ($2) returned to REZOLUTION84
REZOLUTION84 collected $2 from pot
REZOLUTION84: doesn't show hand
*** SUMMARY ***
Total pot $2 | Rake $0
Seat 1: REZOLUTION84 (big blind) collected ($2)
Seat 2: DutchGiant26 (button) (small blind) folded before Flop


PokerStars Hand #147556354694:  Hold'em Limit ($3/$6 USD) - 2016/01/23 15:55:43 ET
Table 'Auva' 2-max Seat #1 is the button
Seat 1: REZOLUTION84 ($125.40 in chips)
Seat 2: DutchGiant26 ($379.56 in chips)
REZOLUTION84: posts small blind $1
DutchGiant26: posts big blind $3
*** HOLE CARDS ***
REZOLUTION84: raises $3 to $6
DutchGiant26: calls $3
*** FLOP *** [8c 5h 2h]
DutchGiant26: checks
REZOLUTION84: bets $3
DutchGiant26: calls $3
*** TURN *** [8c 5h 2h] [4c]
DutchGiant26: checks
REZOLUTION84: checks
*** RIVER *** [8c 5h 2h 4c] [6s]
DutchGiant26: checks
REZOLUTION84: checks
*** SHOW DOWN ***
DutchGiant26: shows [As 4s] (a pair of Fours)
REZOLUTION84: mucks hand
DutchGiant26 collected $17.64 from pot
*** SUMMARY ***
Total pot $18 | Rake $0.36
Board [8c 5h 2h 4c 6s]
Seat 1: REZOLUTION84 (button) (small blind) mucked
Seat 2: DutchGiant26 (big blind) showed [As 4s] and won ($17.64) with a pair of Fours


PokerStars Hand #147556370806:  Hold'em Limit ($3/$6 USD) - 2016/01/23 15:56:04 ET
Table 'Auva' 2-max Seat #1 is the button
Seat 1: REZOLUTION84 ($117.40 in chips)
Seat 2: DutchGiant26 ($387.20 in chips)
REZOLUTION84: posts small blind $1
DutchGiant26: posts big blind $3
*** HOLE CARDS ***
REZOLUTION84: raises $3 to $6
DutchGiant26: calls $3
*** FLOP *** [8h 3c 7s]
DutchGiant26: checks
REZOLUTION84: bets $3
DutchGiant26: raises $3 to $6
REZOLUTION84: calls $3
*** TURN *** [8h 3c 7s] [Ac]
DutchGiant26: bets $6
REZOLUTION84: raises $6 to $12
DutchGiant26: calls $6
*** RIVER *** [8h 3c 7s Ac] [9s]
DutchGiant26: checks
REZOLUTION84: bets $6
DutchGiant26: calls $6
*** SHOW DOWN ***
REZOLUTION84: shows [Ah Ks] (a pair of Aces)
DutchGiant26: mucks hand
REZOLUTION84 collected $59.50 from pot
*** SUMMARY ***
Total pot $60 | Rake $0.50
Board [8h 3c 7s Ac 9s]
Seat 1: REZOLUTION84 (button) (small blind) showed [Ah Ks] and won ($59.50) with a pair of Aces
Seat 2: DutchGiant26 (big blind) mucked


PokerStars Hand #147556392770:  Hold'em Limit ($3/$6 USD) - 2016/01/23 15:56:32 ET
Table 'Auva' 2-max Seat #1 is the button
Seat 1: REZOLUTION84 ($137.90 in chips)
Seat 2: DutchGiant26 ($365.84 in chips)
REZOLUTION84: posts small blind $1
DutchGiant26: posts big blind $3
*** HOLE CARDS ***
REZOLUTION84: raises $3 to $6
DutchGiant26: calls $3
*** FLOP *** [9s 4s Jd]
DutchGiant26: checks
REZOLUTION84: bets $3
DutchGiant26: calls $3
*** TURN *** [9s 4s Jd] [3d]
DutchGiant26: checks
REZOLUTION84: checks
*** RIVER *** [9s 4s Jd 3d] [Kc]
DutchGiant26: checks
REZOLUTION84: checks
*** SHOW DOWN ***
DutchGiant26: shows [8d 4d] (a pair of Fours)
REZOLUTION84: mucks hand
DutchGiant26 collected $17.64 from pot
*** SUMMARY ***
Total pot $18 | Rake $0.36
Board [9s 4s Jd 3d Kc]
Seat 1: REZOLUTION84 (button) (small blind) mucked
Seat 2: DutchGiant26 (big blind) showed [8d 4d] and won ($17.64) with a pair of Fours


PokerStars Hand #147556384309:  Hold'em Limit ($3/$6 USD) - 2016/01/23 15:56:21 ET
Table 'Auva' 2-max Seat #2 is the button
Seat 1: REZOLUTION84 ($146.90 in chips)
Seat 2: DutchGiant26 ($357.20 in chips)
DutchGiant26: posts small blind $1
REZOLUTION84: posts big blind $3
*** HOLE CARDS ***
DutchGiant26: raises $3 to $6
REZOLUTION84: calls $3
*** FLOP *** [Ts Js Ah]
REZOLUTION84: checks
DutchGiant26: bets $3
REZOLUTION84: calls $3
*** TURN *** [Ts Js Ah] [5s]
REZOLUTION84: checks
DutchGiant26: bets $6
REZOLUTION84: folds
Uncalled bet ($6) returned to DutchGiant26
DutchGiant26 collected $17.64 from pot
*** SUMMARY ***
Total pot $18 | Rake $0.36
Board [Ts Js Ah 5s]
Seat 1: REZOLUTION84 (big blind) folded on the Turn
Seat 2: DutchGiant26 (button) (small blind) collected ($17.64)


PokerStars Hand #147556441298:  Hold'em Limit ($3/$6 USD) - 2016/01/23 15:57:34 ET
Table 'Auva' 2-max Seat #2 is the button
Seat 1: REZOLUTION84 ($113.54 in chips)
Seat 2: DutchGiant26 ($388.52 in chips)
DutchGiant26: posts small blind $1
REZOLUTION84: posts big blind $3
*** HOLE CARDS ***
DutchGiant26: raises $3 to $6
REZOLUTION84: raises $3 to $9
DutchGiant26: calls $3
*** FLOP *** [Kh 6d Ah]
REZOLUTION84: bets $3
DutchGiant26: folds
Uncalled bet ($3) returned to REZOLUTION84
REZOLUTION84 collected $17.64 from pot
REZOLUTION84: doesn't show hand
*** SUMMARY ***
Total pot $18 | Rake $0.36
Board [Kh 6d Ah]
Seat 1: REZOLUTION84 (big blind) collected ($17.64)
Seat 2: DutchGiant26 (button) (small blind) folded on the Flop


PokerStars Hand #147556420906:  Hold'em Limit ($3/$6 USD) - 2016/01/23 15:57:08 ET
Table 'Auva' 2-max Seat #2 is the button
Seat 1: REZOLUTION84 ($128.54 in chips)
Seat 2: DutchGiant26 ($374.12 in chips)
DutchGiant26: posts small blind $1
REZOLUTION84: posts big blind $3
*** HOLE CARDS ***
DutchGiant26: raises $3 to $6
REZOLUTION84: calls $3
*** FLOP *** [8c 2h 9s]
REZOLUTION84: checks
DutchGiant26: bets $3
REZOLUTION84: folds
Uncalled bet ($3) returned to DutchGiant26
DutchGiant26 collected $11.76 from pot
*** SUMMARY ***
Total pot $12 | Rake $0.24
Board [8c 2h 9s]
Seat 1: REZOLUTION84 (big blind) folded on the Flop
Seat 2: DutchGiant26 (button) (small blind) collected ($11.76)


PokerStars Hand #147556412739:  Hold'em Limit ($3/$6 USD) - 2016/01/23 15:56:58 ET
Table 'Auva' 2-max Seat #1 is the button
Seat 1: REZOLUTION84 ($137.54 in chips)
Seat 2: DutchGiant26 ($365.48 in chips)
REZOLUTION84: posts small blind $1
DutchGiant26: posts big blind $3
*** HOLE CARDS ***
REZOLUTION84: raises $3 to $6
DutchGiant26: calls $3
*** FLOP *** [Qs 4c 6c]
DutchGiant26: checks
REZOLUTION84: bets $3
DutchGiant26: raises $3 to $6
REZOLUTION84: folds
Uncalled bet ($3) returned to DutchGiant26
DutchGiant26 collected $17.64 from pot
*** SUMMARY ***
Total pot $18 | Rake $0.36
Board [Qs 4c 6c]
Seat 1: REZOLUTION84 (button) (small blind) folded on the Flop
Seat 2: DutchGiant26 (big blind) collected ($17.64)


PokerStars Hand #147556405078:  Hold'em Limit ($3/$6 USD) - 2016/01/23 15:56:48 ET
Table 'Auva' 2-max Seat #2 is the button
Seat 1: REZOLUTION84 ($128.90 in chips)
Seat 2: DutchGiant26 ($374.48 in chips)
DutchGiant26: posts small blind $1
REZOLUTION84: posts big blind $3
*** HOLE CARDS ***
DutchGiant26: raises $3 to $6
REZOLUTION84: raises $3 to $9
DutchGiant26: calls $3
*** FLOP *** [Ac 3s 9c]
REZOLUTION84: bets $3
DutchGiant26: folds
Uncalled bet ($3) returned to REZOLUTION84
REZOLUTION84 collected $17.64 from pot
REZOLUTION84: doesn't show hand
*** SUMMARY ***
Total pot $18 | Rake $0.36
Board [Ac 3s 9c]
Seat 1: REZOLUTION84 (big blind) collected ($17.64)
Seat 2: DutchGiant26 (button) (small blind) folded on the Flop


PokerStars Hand #147556510397:  Hold'em Limit ($3/$6 USD) - 2016/01/23 15:58:46 ET
Table 'Auva' 2-max Seat #2 is the button
Seat 1: REZOLUTION84 ($175.58 in chips)
Seat 2: DutchGiant26 ($324.52 in chips)
DutchGiant26: posts small blind $1
REZOLUTION84: posts big blind $3
*** HOLE CARDS ***
DutchGiant26: raises $3 to $6
REZOLUTION84: folds
Uncalled bet ($3) returned to DutchGiant26
DutchGiant26 collected $6 from pot
*** SUMMARY ***
Total pot $6 | Rake $0
Seat 1: REZOLUTION84 (big blind) folded before Flop
Seat 2: DutchGiant26 (button) (small blind) collected ($6)


PokerStars Hand #147556502209:  Hold'em Limit ($3/$6 USD) - 2016/01/23 15:58:37 ET
Table 'Auva' 2-max Seat #1 is the button
Seat 1: REZOLUTION84 ($169.82 in chips)
Seat 2: DutchGiant26 ($330.52 in chips)
REZOLUTION84: posts small blind $1
DutchGiant26: posts big blind $3
*** HOLE CARDS ***
REZOLUTION84: raises $3 to $6
DutchGiant26: calls $3
*** FLOP *** [6s Td 8h]
DutchGiant26: checks
REZOLUTION84: bets $3
DutchGiant26: folds
Uncalled bet ($3) returned to REZOLUTION84
REZOLUTION84 collected $11.76 from pot
REZOLUTION84: doesn't show hand
*** SUMMARY ***
Total pot $12 | Rake $0.24
Board [6s Td 8h]
Seat 1: REZOLUTION84 (button) (small blind) collected ($11.76)
Seat 2: DutchGiant26 (big blind) folded on the Flop


PokerStars Hand #147556475778:  Hold'em Limit ($3/$6 USD) - 2016/01/23 15:58:13 ET
Table 'Auva' 2-max Seat #2 is the button
Seat 1: REZOLUTION84 ($155.32 in chips)
Seat 2: DutchGiant26 ($345.52 in chips)
DutchGiant26: posts small blind $1
REZOLUTION84: posts big blind $3
*** HOLE CARDS ***
DutchGiant26: raises $3 to $6
REZOLUTION84: calls $3
*** FLOP *** [4c 7c 7d]
REZOLUTION84: checks
DutchGiant26: bets $3
REZOLUTION84: calls $3
*** TURN *** [4c 7c 7d] [Js]
REZOLUTION84: checks
DutchGiant26: bets $6
REZOLUTION84: calls $6
*** RIVER *** [4c 7c 7d Js] [4s]
REZOLUTION84: checks
DutchGiant26: checks
*** SHOW DOWN ***
REZOLUTION84: shows [3d Ah] (two pair, Sevens and Fours)
DutchGiant26: mucks hand
REZOLUTION84 collected $29.50 from pot
*** SUMMARY ***
Total pot $30 | Rake $0.50
Board [4c 7c 7d Js 4s]
Seat 1: REZOLUTION84 (big blind) showed [3d Ah] and won ($29.50) with two pair, Sevens and Fours
Seat 2: DutchGiant26 (button) (small blind) mucked


PokerStars Hand #147556459106:  Hold'em Limit ($3/$6 USD) - 2016/01/23 15:57:57 ET
Table 'Auva' 2-max Seat #2 is the button
Seat 1: REZOLUTION84 ($145.68 in chips)
Seat 2: DutchGiant26 ($355.52 in chips)
DutchGiant26: posts small blind $1
REZOLUTION84: posts big blind $3
*** HOLE CARDS ***
DutchGiant26: folds
Uncalled bet ($2) returned to REZOLUTION84
REZOLUTION84 collected $2 from pot
REZOLUTION84: doesn't show hand
*** SUMMARY ***
Total pot $2 | Rake $0
Seat 1: REZOLUTION84 (big blind) collected ($2)
Seat 2: DutchGiant26 (button) (small blind) folded before Flop


PokerStars Hand #147556448771:  Hold'em Limit ($3/$6 USD) - 2016/01/23 15:57:44 ET
Table 'Auva' 2-max Seat #1 is the button
Seat 1: REZOLUTION84 ($122.18 in chips)
Seat 2: DutchGiant26 ($379.52 in chips)
REZOLUTION84: posts small blind $1
DutchGiant26: posts big blind $3
*** HOLE CARDS ***
REZOLUTION84: raises $3 to $6
DutchGiant26: raises $3 to $9
REZOLUTION84: calls $3
*** FLOP *** [6s Kd Ah]
DutchGiant26: bets $3
REZOLUTION84: calls $3
*** TURN *** [6s Kd Ah] [4s]
DutchGiant26: bets $6
REZOLUTION84: calls $6
*** RIVER *** [6s Kd Ah 4s] [3s]
DutchGiant26: bets $6
REZOLUTION84: calls $6
*** SHOW DOWN ***
DutchGiant26: shows [7s 7h] (a pair of Sevens)
REZOLUTION84: shows [Kh Jc] (a pair of Kings)
REZOLUTION84 collected $47.50 from pot
*** SUMMARY ***
Total pot $48 | Rake $0.50
Board [6s Kd Ah 4s 3s]
Seat 1: REZOLUTION84 (button) (small blind) showed [Kh Jc] and won ($47.50) with a pair of Kings
Seat 2: DutchGiant26 (big blind) showed [7s 7h] and lost with a pair of Sevens


PokerStars Hand #147556553991:  Hold'em Limit ($3/$6 USD) - 2016/01/23 15:59:40 ET
Table 'Auva' 2-max Seat #2 is the button
Seat 1: REZOLUTION84 ($177.08 in chips)
Seat 2: DutchGiant26 ($322.16 in chips)
DutchGiant26: posts small blind $1
REZOLUTION84: posts big blind $3
*** HOLE CARDS ***
DutchGiant26: raises $3 to $6
REZOLUTION84: calls $3
*** FLOP *** [5d 3c 3d]
REZOLUTION84: checks
DutchGiant26: bets $3
REZOLUTION84: calls $3
*** TURN *** [5d 3c 3d] [2c]
REZOLUTION84: checks
DutchGiant26: bets $6
REZOLUTION84: folds
Uncalled bet ($6) returned to DutchGiant26
DutchGiant26 collected $17.64 from pot
*** SUMMARY ***
Total pot $18 | Rake $0.36
Board [5d 3c 3d 2c]
Seat 1: REZOLUTION84 (big blind) folded on the Turn
Seat 2: DutchGiant26 (button) (small blind) collected ($17.64)


PokerStars Hand #147556538627:  Hold'em Limit ($3/$6 USD) - 2016/01/23 15:59:21 ET
Table 'Auva' 2-max Seat #1 is the button
Seat 1: REZOLUTION84 ($186.08 in chips)
Seat 2: DutchGiant26 ($313.52 in chips)
REZOLUTION84: posts small blind $1
DutchGiant26: posts big blind $3
*** HOLE CARDS ***
REZOLUTION84: raises $3 to $6
DutchGiant26: raises $3 to $9
REZOLUTION84: calls $3
*** FLOP *** [Ah Td 7h]
DutchGiant26: bets $3
REZOLUTION84: folds
Uncalled bet ($3) returned to DutchGiant26
DutchGiant26 collected $17.64 from pot
*** SUMMARY ***
Total pot $18 | Rake $0.36
Board [Ah Td 7h]
Seat 1: REZOLUTION84 (button) (small blind) folded on the Flop
Seat 2: DutchGiant26 (big blind) collected ($17.64)


PokerStars Hand #147556521585:  Hold'em Limit ($3/$6 USD) - 2016/01/23 15:58:59 ET
Table 'Auva' 2-max Seat #2 is the button
Seat 1: REZOLUTION84 ($171.58 in chips)
Seat 2: DutchGiant26 ($328.52 in chips)
DutchGiant26: posts small blind $1
REZOLUTION84: posts big blind $3
*** HOLE CARDS ***
DutchGiant26: raises $3 to $6
REZOLUTION84: calls $3
*** FLOP *** [Qd 5s As]
REZOLUTION84: checks
DutchGiant26: bets $3
REZOLUTION84: raises $3 to $6
DutchGiant26: raises $3 to $9
REZOLUTION84: calls $3
*** TURN *** [Qd 5s As] [Jc]
REZOLUTION84: checks
DutchGiant26: checks
*** RIVER *** [Qd 5s As Jc] [Jd]
REZOLUTION84: bets $6
DutchGiant26: folds
Uncalled bet ($6) returned to REZOLUTION84
REZOLUTION84 collected $29.50 from pot
REZOLUTION84: doesn't show hand
*** SUMMARY ***
Total pot $30 | Rake $0.50
Board [Qd 5s As Jc Jd]
Seat 1: REZOLUTION84 (big blind) collected ($29.50)
Seat 2: DutchGiant26 (button) (small blind) folded on the River


PokerStars Hand #147556517527:  Hold'em Limit ($3/$6 USD) - 2016/01/23 15:58:54 ET
Table 'Auva' 2-max Seat #1 is the button
Seat 1: REZOLUTION84 ($172.58 in chips)
Seat 2: DutchGiant26 ($327.52 in chips)
REZOLUTION84: posts small blind $1
DutchGiant26: posts big blind $3
*** HOLE CARDS ***
REZOLUTION84: folds
Uncalled bet ($2) returned to DutchGiant26
DutchGiant26 collected $2 from pot
*** SUMMARY ***
Total pot $2 | Rake $0
Seat 1: REZOLUTION84 (button) (small blind) folded before Flop
Seat 2: DutchGiant26 (big blind) collected ($2)


PokerStars Hand #147556582657:  Hold'em Limit ($3/$6 USD) - 2016/01/23 16:00:17 ET
Table 'Auva' 2-max Seat #2 is the button
Seat 1: REZOLUTION84 ($197.58 in chips)
Seat 2: DutchGiant26 ($300.80 in chips)
DutchGiant26: posts small blind $1
REZOLUTION84: posts big blind $3
*** HOLE CARDS ***
DutchGiant26: folds
Uncalled bet ($2) returned to REZOLUTION84
DutchGiant26 leaves the table
REZOLUTION84 collected $2 from pot
REZOLUTION84: doesn't show hand
*** SUMMARY ***
Total pot $2 | Rake $0
Seat 1: REZOLUTION84 (big blind) collected ($2)
Seat 2: DutchGiant26 (button) (small blind) folded before Flop


PokerStars Hand #147556565170:  Hold'em Limit ($3/$6 USD) - 2016/01/23 15:59:55 ET
Table 'Auva' 2-max Seat #1 is the button
Seat 1: REZOLUTION84 ($168.08 in chips)
Seat 2: DutchGiant26 ($330.80 in chips)
REZOLUTION84: posts small blind $1
DutchGiant26: posts big blind $3
*** HOLE CARDS ***
REZOLUTION84: raises $3 to $6
DutchGiant26: raises $3 to $9
REZOLUTION84: calls $3
*** FLOP *** [3d 6s 6h]
DutchGiant26: bets $3
REZOLUTION84: calls $3
*** TURN *** [3d 6s 6h] [5d]
DutchGiant26: bets $6
REZOLUTION84: raises $6 to $12
DutchGiant26: calls $6
*** RIVER *** [3d 6s 6h 5d] [5s]
DutchGiant26: checks
REZOLUTION84: bets $6
DutchGiant26: calls $6
*** SHOW DOWN ***
REZOLUTION84: shows [6d Ts] (a full house, Sixes full of Fives)
DutchGiant26: mucks hand
REZOLUTION84 collected $59.50 from pot
*** SUMMARY ***
Total pot $60 | Rake $0.50
Board [3d 6s 6h 5d 5s]
Seat 1: REZOLUTION84 (button) (small blind) showed [6d Ts] and won ($59.50) with a full house, Sixes full of Fives
Seat 2: DutchGiant26 (big blind) mucked


