PokerStars Hand #163770334238:  Hold'em Limit ($3/$6 USD) - 2016/12/30 11:01:45 ET
Table 'Auva' 6-max Seat #4 is the button
Seat 1: oldlier ($108.60 in chips)
Seat 4: AzureCaper ($72 in chips)
AzureCaper: posts small blind $1
oldlier: posts big blind $3
*** HOLE CARDS ***
AzureCaper: folds
Uncalled bet ($2) returned to oldlier
oldlier collected $2 from pot
*** SUMMARY ***
Total pot $2 | Rake $0
Seat 1: oldlier (big blind) collected ($2)
Seat 4: AzureCaper (button) (small blind) folded before Flop


PokerStars Hand #163770314852:  Hold'em Limit ($3/$6 USD) - 2016/12/30 11:01:18 ET
Table 'Auva' 6-max Seat #1 is the button
Seat 1: oldlier ($105.72 in chips)
Seat 4: AzureCaper ($72 in chips)
oldlier: posts small blind $1
AzureCaper: posts big blind $3
*** HOLE CARDS ***
Krazy90 joins the table at seat #2
oldlier: calls $2
AzureCaper: checks
*** FLOP *** [9s 7c Jd]
AzureCaper: checks
oldlier: bets $3
AzureCaper: folds
Uncalled bet ($3) returned to oldlier
oldlier collected $5.88 from pot
*** SUMMARY ***
Total pot $6 | Rake $0.12
Board [9s 7c Jd]
Seat 1: oldlier (button) (small blind) collected ($5.88)
Seat 4: AzureCaper (big blind) folded on the Flop


