PokerStars Hand #150730070424:  Hold'em Limit ($3/$6 USD) - 2016/03/21 18:47:14 ET
Table 'Auva' 6-max Seat #3 is the button
Seat 2: TinaTurner72 ($134.50 in chips)
Seat 3: _fayzulllo_ ($43.66 in chips)
_fayzulllo_: posts small blind $1
TinaTurner72: posts big blind $3
*** HOLE CARDS ***
_fayzulllo_: raises $3 to $6
TinaTurner72: calls $3
*** FLOP *** [6d 7c 9c]
TinaTurner72: checks
_fayzulllo_: bets $3
TinaTurner72: raises $3 to $6
_fayzulllo_: calls $3
*** TURN *** [6d 7c 9c] [8s]
TinaTurner72: checks
_fayzulllo_: bets $6
TinaTurner72: folds
Uncalled bet ($6) returned to _fayzulllo_
_fayzulllo_ collected $23.52 from pot
_fayzulllo_: doesn't show hand
*** SUMMARY ***
Total pot $24 | Rake $0.48
Board [6d 7c 9c 8s]
Seat 2: TinaTurner72 (big blind) folded on the Turn
Seat 3: _fayzulllo_ (button) (small blind) collected ($23.52)


PokerStars Hand #150730025692:  Hold'em Limit ($3/$6 USD) - 2016/03/21 18:46:21 ET
Table 'Auva' 6-max Seat #2 is the button
Seat 2: TinaTurner72 ($120 in chips)
Seat 3: _fayzulllo_ ($58.66 in chips)
TinaTurner72: posts small blind $1
_fayzulllo_: posts big blind $3
*** HOLE CARDS ***
TinaTurner72: raises $3 to $6
_fayzulllo_: calls $3
*** FLOP *** [8h Ac Th]
_fayzulllo_: checks
TinaTurner72: bets $3
_fayzulllo_: calls $3
*** TURN *** [8h Ac Th] [Ad]
_fayzulllo_: checks
TinaTurner72: bets $6
_fayzulllo_: calls $6
*** RIVER *** [8h Ac Th Ad] [Jc]
_fayzulllo_: checks
TinaTurner72: checks
*** SHOW DOWN ***
_fayzulllo_: shows [6s 8c] (two pair, Aces and Eights)
TinaTurner72: shows [Tc 4h] (two pair, Aces and Tens)
TinaTurner72 collected $29.50 from pot
*** SUMMARY ***
Total pot $30 | Rake $0.50
Board [8h Ac Th Ad Jc]
Seat 2: TinaTurner72 (button) (small blind) showed [Tc 4h] and won ($29.50) with two pair, Aces and Tens
Seat 3: _fayzulllo_ (big blind) showed [6s 8c] and lost with two pair, Aces and Eights


PokerStars Hand #150730096641:  Hold'em Limit ($3/$6 USD) - 2016/03/21 18:47:45 ET
Table 'Auva' 6-max Seat #2 is the button
Seat 2: TinaTurner72 ($122.50 in chips)
Seat 3: _fayzulllo_ ($55.18 in chips)
TinaTurner72: posts small blind $1
_fayzulllo_: posts big blind $3
*** HOLE CARDS ***
TinaTurner72: raises $3 to $6
_fayzulllo_: calls $3
*** FLOP *** [6d Ts 5c]
_fayzulllo_: checks
TinaTurner72: checks
*** TURN *** [6d Ts 5c] [8s]
_fayzulllo_: bets $6
charlys65 joins the table at seat #1
TinaTurner72: folds
Uncalled bet ($6) returned to _fayzulllo_
_fayzulllo_ collected $11.76 from pot
_fayzulllo_: doesn't show hand
*** SUMMARY ***
Total pot $12 | Rake $0.24
Board [6d Ts 5c 8s]
Seat 2: TinaTurner72 (button) (small blind) folded on the Turn
Seat 3: _fayzulllo_ (big blind) collected ($11.76)


