PokerStars Hand #148142909966:  Hold'em Limit ($3/$6 USD) - 2016/02/02 20:11:59 ET
Table 'Auva' 6-max Seat #6 is the button
Seat 1: barranqueiro ($72 in chips)
Seat 6: NIGHTyxa ($72 in chips)
NIGHTyxa: posts small blind $1
chezlaw joins the table at seat #2
barranqueiro: posts big blind $3
*** HOLE CARDS ***
NIGHTyxa: raises $3 to $6
barranqueiro: calls $3
*** FLOP *** [As Ac 9c]
barranqueiro: checks
NIGHTyxa: bets $3
barranqueiro: folds
Uncalled bet ($3) returned to NIGHTyxa
NIGHTyxa collected $11.76 from pot
NIGHTyxa: doesn't show hand
*** SUMMARY ***
Total pot $12 | Rake $0.24
Board [As Ac 9c]
Seat 1: barranqueiro (big blind) folded on the Flop
Seat 6: NIGHTyxa (button) (small blind) collected ($11.76)


PokerStars Hand #148143684972:  Hold'em Limit ($3/$6 USD) - 2016/02/02 20:35:02 ET
Table 'Auva' 6-max Seat #6 is the button
Seat 5: ToDaFelt ($199.01 in chips)
Seat 6: NIGHTyxa ($143.44 in chips)
NIGHTyxa: posts small blind $1
ti-rocker: is sitting out
ToDaFelt: posts big blind $3
*** HOLE CARDS ***
NIGHTyxa: raises $3 to $6
ToDaFelt: raises $3 to $9
NIGHTyxa: calls $3
*** FLOP *** [9c 9d Qs]
ToDaFelt: bets $3
ti-rocker leaves the table
NIGHTyxa: calls $3
*** TURN *** [9c 9d Qs] [6s]
ToDaFelt: bets $6
NIGHTyxa: calls $6
*** RIVER *** [9c 9d Qs 6s] [Kd]
ToDaFelt: bets $6
NIGHTyxa: folds
Uncalled bet ($6) returned to ToDaFelt
ToDaFelt collected $35.50 from pot
ToDaFelt: doesn't show hand
*** SUMMARY ***
Total pot $36 | Rake $0.50
Board [9c 9d Qs 6s Kd]
Seat 5: ToDaFelt (big blind) collected ($35.50)
Seat 6: NIGHTyxa (button) (small blind) folded on the River


PokerStars Hand #148143696022:  Hold'em Limit ($3/$6 USD) - 2016/02/02 20:35:22 ET
Table 'Auva' 6-max Seat #5 is the button
Seat 5: ToDaFelt ($216.51 in chips)
Seat 6: NIGHTyxa ($125.44 in chips)
ToDaFelt: posts small blind $1
NIGHTyxa: posts big blind $3
*** HOLE CARDS ***
ToDaFelt: raises $3 to $6
NIGHTyxa: calls $3
*** FLOP *** [Ks Jh 5h]
NIGHTyxa: checks
ToDaFelt: bets $3
NIGHTyxa: calls $3
*** TURN *** [Ks Jh 5h] [As]
NIGHTyxa: checks
ToDaFelt: bets $6
NIGHTyxa: calls $6
*** RIVER *** [Ks Jh 5h As] [9h]
NIGHTyxa: checks
ToDaFelt: checks
*** SHOW DOWN ***
NIGHTyxa: shows [8h Jd] (a pair of Jacks)
ToDaFelt: mucks hand
NIGHTyxa collected $29.50 from pot
*** SUMMARY ***
Total pot $30 | Rake $0.50
Board [Ks Jh 5h As 9h]
Seat 5: ToDaFelt (button) (small blind) mucked
Seat 6: NIGHTyxa (big blind) showed [8h Jd] and won ($29.50) with a pair of Jacks


PokerStars Hand #148143708916:  Hold'em Limit ($3/$6 USD) - 2016/02/02 20:35:47 ET
Table 'Auva' 6-max Seat #6 is the button
Seat 5: ToDaFelt ($201.51 in chips)
Seat 6: NIGHTyxa ($139.94 in chips)
NIGHTyxa: posts small blind $1
canplaypoker was removed from the table for failing to post
ToDaFelt: posts big blind $3
*** HOLE CARDS ***
NIGHTyxa: raises $3 to $6
ToDaFelt: folds
Uncalled bet ($3) returned to NIGHTyxa
NIGHTyxa collected $6 from pot
NIGHTyxa: doesn't show hand
*** SUMMARY ***
Total pot $6 | Rake $0
Seat 5: ToDaFelt (big blind) folded before Flop
Seat 6: NIGHTyxa (button) (small blind) collected ($6)


PokerStars Hand #148143714853:  Hold'em Limit ($3/$6 USD) - 2016/02/02 20:35:58 ET
Table 'Auva' 6-max Seat #5 is the button
Seat 5: ToDaFelt ($198.51 in chips)
Seat 6: NIGHTyxa ($142.94 in chips)
ToDaFelt: posts small blind $1
NIGHTyxa: posts big blind $3
*** HOLE CARDS ***
ToDaFelt: raises $3 to $6
NIGHTyxa: raises $3 to $9
ToDaFelt: calls $3
*** FLOP *** [Ad 7c 3h]
NIGHTyxa: bets $3
ToDaFelt: calls $3
*** TURN *** [Ad 7c 3h] [6s]
NIGHTyxa: bets $6
ToDaFelt: raises $6 to $12
NIGHTyxa: raises $6 to $18
ToDaFelt: calls $6
*** RIVER *** [Ad 7c 3h 6s] [9h]
NIGHTyxa: bets $6
ToDaFelt: raises $6 to $12
NIGHTyxa: calls $6
*** SHOW DOWN ***
ToDaFelt: shows [8h Ts] (a straight, Six to Ten)
NIGHTyxa: mucks hand
ToDaFelt collected $83.50 from pot
*** SUMMARY ***
Total pot $84 | Rake $0.50
Board [Ad 7c 3h 6s 9h]
Seat 5: ToDaFelt (button) (small blind) showed [8h Ts] and won ($83.50) with a straight, Six to Ten
Seat 6: NIGHTyxa (big blind) mucked


PokerStars Hand #148143730872:  Hold'em Limit ($3/$6 USD) - 2016/02/02 20:36:28 ET
Table 'Auva' 6-max Seat #6 is the button
Seat 5: ToDaFelt ($240.01 in chips)
Seat 6: NIGHTyxa ($100.94 in chips)
NIGHTyxa: posts small blind $1
ToDaFelt: posts big blind $3
*** HOLE CARDS ***
NIGHTyxa: folds
Uncalled bet ($2) returned to ToDaFelt
ToDaFelt collected $2 from pot
ToDaFelt: doesn't show hand
*** SUMMARY ***
Total pot $2 | Rake $0
Seat 5: ToDaFelt (big blind) collected ($2)
Seat 6: NIGHTyxa (button) (small blind) folded before Flop


PokerStars Hand #148143736281:  Hold'em Limit ($3/$6 USD) - 2016/02/02 20:36:38 ET
Table 'Auva' 6-max Seat #5 is the button
Seat 5: ToDaFelt ($241.01 in chips)
Seat 6: NIGHTyxa ($99.94 in chips)
ToDaFelt: posts small blind $1
NIGHTyxa: posts big blind $3
*** HOLE CARDS ***
ToDaFelt: raises $3 to $6
NIGHTyxa: calls $3
*** FLOP *** [6s Kd 2d]
NIGHTyxa: checks
ToDaFelt: bets $3
NIGHTyxa: calls $3
*** TURN *** [6s Kd 2d] [9c]
NIGHTyxa: checks
ToDaFelt: checks
*** RIVER *** [6s Kd 2d 9c] [3c]
NIGHTyxa: bets $6
ToDaFelt: calls $6
*** SHOW DOWN ***
NIGHTyxa: shows [2s 9s] (two pair, Nines and Deuces)
ToDaFelt: mucks hand
NIGHTyxa collected $29.50 from pot
*** SUMMARY ***
Total pot $30 | Rake $0.50
Board [6s Kd 2d 9c 3c]
Seat 5: ToDaFelt (button) (small blind) mucked
Seat 6: NIGHTyxa (big blind) showed [2s 9s] and won ($29.50) with two pair, Nines and Deuces


PokerStars Hand #148143753161:  Hold'em Limit ($3/$6 USD) - 2016/02/02 20:37:09 ET
Table 'Auva' 6-max Seat #6 is the button
Seat 5: ToDaFelt ($226.01 in chips)
Seat 6: NIGHTyxa ($114.44 in chips)
NIGHTyxa: posts small blind $1
ToDaFelt: posts big blind $3
*** HOLE CARDS ***
NIGHTyxa: raises $3 to $6
ToDaFelt: calls $3
*** FLOP *** [5c Kc 9d]
ToDaFelt: checks
NIGHTyxa: bets $3
ToDaFelt: calls $3
*** TURN *** [5c Kc 9d] [4h]
ToDaFelt: checks
NIGHTyxa: bets $6
canplaypoker joins the table at seat #2
ToDaFelt: calls $6
*** RIVER *** [5c Kc 9d 4h] [9c]
ToDaFelt: checks
NIGHTyxa: bets $6
ToDaFelt: calls $6
*** SHOW DOWN ***
NIGHTyxa: shows [Ac Ah] (two pair, Aces and Nines)
ToDaFelt: mucks hand
NIGHTyxa collected $41.50 from pot
*** SUMMARY ***
Total pot $42 | Rake $0.50
Board [5c Kc 9d 4h 9c]
Seat 5: ToDaFelt (big blind) mucked
Seat 6: NIGHTyxa (button) (small blind) showed [Ac Ah] and won ($41.50) with two pair, Aces and Nines


PokerStars Hand #148143769171:  Hold'em Limit ($3/$6 USD) - 2016/02/02 20:37:39 ET
Table 'Auva' 6-max Seat #5 is the button
Seat 5: ToDaFelt ($205.01 in chips)
Seat 6: NIGHTyxa ($134.94 in chips)
ToDaFelt: posts small blind $1
NIGHTyxa: posts big blind $3
*** HOLE CARDS ***
ToDaFelt: raises $3 to $6
NIGHTyxa: calls $3
*** FLOP *** [3h 4c 3s]
NIGHTyxa: checks
ToDaFelt: bets $3
NIGHTyxa: calls $3
*** TURN *** [3h 4c 3s] [3d]
NIGHTyxa: checks
ToDaFelt: checks
*** RIVER *** [3h 4c 3s 3d] [Kc]
NIGHTyxa: bets $6
ToDaFelt: calls $6
*** SHOW DOWN ***
NIGHTyxa: shows [9h Jd] (three of a kind, Threes)
ToDaFelt: shows [Jh Qh] (three of a kind, Threes - King+Queen kicker)
ToDaFelt collected $29.50 from pot
*** SUMMARY ***
Total pot $30 | Rake $0.50
Board [3h 4c 3s 3d Kc]
Seat 5: ToDaFelt (button) (small blind) showed [Jh Qh] and won ($29.50) with three of a kind, Threes
Seat 6: NIGHTyxa (big blind) showed [9h Jd] and lost with three of a kind, Threes


PokerStars Hand #148146195707:  Hold'em Limit ($3/$6 USD) - 2016/02/02 22:06:43 ET
Table 'Auva' 6-max Seat #6 is the button
Seat 2: canplaypoker ($31.21 in chips)
Seat 6: NIGHTyxa ($131.10 in chips)
NIGHTyxa: posts small blind $1
canplaypoker: posts big blind $3
*** HOLE CARDS ***
NIGHTyxa: raises $3 to $6
canplaypoker: folds
Uncalled bet ($3) returned to NIGHTyxa
NIGHTyxa collected $6 from pot
NIGHTyxa: doesn't show hand
*** SUMMARY ***
Total pot $6 | Rake $0
Seat 2: canplaypoker (big blind) folded before Flop
Seat 6: NIGHTyxa (button) (small blind) collected ($6)


PokerStars Hand #148146193332:  Hold'em Limit ($3/$6 USD) - 2016/02/02 22:06:37 ET
Table 'Auva' 6-max Seat #2 is the button
Seat 2: canplaypoker ($32.21 in chips)
Seat 6: NIGHTyxa ($130.10 in chips)
canplaypoker: posts small blind $1
NIGHTyxa: posts big blind $3
*** HOLE CARDS ***
canplaypoker: folds
Uncalled bet ($2) returned to NIGHTyxa
NIGHTyxa collected $2 from pot
NIGHTyxa: doesn't show hand
*** SUMMARY ***
Total pot $2 | Rake $0
Seat 2: canplaypoker (button) (small blind) folded before Flop
Seat 6: NIGHTyxa (big blind) collected ($2)


PokerStars Hand #148146217363:  Hold'em Limit ($3/$6 USD) - 2016/02/02 22:07:38 ET
Table 'Auva' 6-max Seat #6 is the button
Seat 2: canplaypoker ($60.23 in chips)
Seat 6: NIGHTyxa ($100.74 in chips)
NIGHTyxa: posts small blind $1
canplaypoker: posts big blind $3
*** HOLE CARDS ***
NIGHTyxa: raises $3 to $6
canplaypoker: folds
Uncalled bet ($3) returned to NIGHTyxa
NIGHTyxa collected $6 from pot
NIGHTyxa: doesn't show hand
*** SUMMARY ***
Total pot $6 | Rake $0
Seat 2: canplaypoker (big blind) folded before Flop
Seat 6: NIGHTyxa (button) (small blind) collected ($6)


PokerStars Hand #148146209078:  Hold'em Limit ($3/$6 USD) - 2016/02/02 22:07:17 ET
Table 'Auva' 6-max Seat #2 is the button
Seat 2: canplaypoker ($30.73 in chips)
Seat 6: NIGHTyxa ($130.74 in chips)
canplaypoker: posts small blind $1
NIGHTyxa: posts big blind $3
*** HOLE CARDS ***
canplaypoker: raises $3 to $6
NIGHTyxa: calls $3
*** FLOP *** [5s 4s 7d]
NIGHTyxa: checks
canplaypoker: checks
*** TURN *** [5s 4s 7d] [Kd]
NIGHTyxa: checks
canplaypoker: bets $6
NIGHTyxa: raises $6 to $12
canplaypoker: raises $6 to $18
NIGHTyxa: calls $6
*** RIVER *** [5s 4s 7d Kd] [4c]
NIGHTyxa: checks
canplaypoker: bets $6
NIGHTyxa: calls $6
*** SHOW DOWN ***
canplaypoker: shows [Kc 4h] (a full house, Fours full of Kings)
NIGHTyxa: mucks hand
canplaypoker collected $59.50 from pot
*** SUMMARY ***
Total pot $60 | Rake $0.50
Board [5s 4s 7d Kd 4c]
Seat 2: canplaypoker (button) (small blind) showed [Kc 4h] and won ($59.50) with a full house, Fours full of Kings
Seat 6: NIGHTyxa (big blind) mucked


PokerStars Hand #148146204334:  Hold'em Limit ($3/$6 USD) - 2016/02/02 22:07:05 ET
Table 'Auva' 6-max Seat #6 is the button
Seat 2: canplaypoker ($19.21 in chips)
Seat 6: NIGHTyxa ($142.74 in chips)
NIGHTyxa: posts small blind $1
canplaypoker: posts big blind $3
*** HOLE CARDS ***
NIGHTyxa: raises $3 to $6
canplaypoker: raises $3 to $9
NIGHTyxa: calls $3
*** FLOP *** [6h Kc Kh]
canplaypoker: bets $3
NIGHTyxa: calls $3
*** TURN *** [6h Kc Kh] [2c]
canplaypoker: bets $6
NIGHTyxa: folds
Uncalled bet ($6) returned to canplaypoker
canplaypoker collected $23.52 from pot
canplaypoker: doesn't show hand
*** SUMMARY ***
Total pot $24 | Rake $0.48
Board [6h Kc Kh 2c]
Seat 2: canplaypoker (big blind) collected ($23.52)
Seat 6: NIGHTyxa (button) (small blind) folded on the Turn


PokerStars Hand #148146198278:  Hold'em Limit ($3/$6 USD) - 2016/02/02 22:06:50 ET
Table 'Auva' 6-max Seat #2 is the button
Seat 2: canplaypoker ($28.21 in chips)
Seat 6: NIGHTyxa ($134.10 in chips)
canplaypoker: posts small blind $1
NIGHTyxa: posts big blind $3
*** HOLE CARDS ***
canplaypoker: raises $3 to $6
NIGHTyxa: calls $3
*** FLOP *** [Jc 7c 4d]
NIGHTyxa: checks
canplaypoker: bets $3
DePokeraap leaves the table
NIGHTyxa: raises $3 to $6
canplaypoker: folds
Uncalled bet ($3) returned to NIGHTyxa
NIGHTyxa collected $17.64 from pot
NIGHTyxa: doesn't show hand
*** SUMMARY ***
Total pot $18 | Rake $0.36
Board [Jc 7c 4d]
Seat 2: canplaypoker (button) (small blind) folded on the Flop
Seat 6: NIGHTyxa (big blind) collected ($17.64)


PokerStars Hand #148146237500:  Hold'em Limit ($3/$6 USD) - 2016/02/02 22:08:29 ET
Table 'Auva' 6-max Seat #2 is the button
Seat 2: canplaypoker ($65.96 in chips)
Seat 6: NIGHTyxa ($94.01 in chips)
canplaypoker: posts small blind $1
NIGHTyxa: posts big blind $3
*** HOLE CARDS ***
canplaypoker: raises $3 to $6
NIGHTyxa: calls $3
*** FLOP *** [5c 7h 2d]
NIGHTyxa: checks
canplaypoker: checks
*** TURN *** [5c 7h 2d] [Ac]
NIGHTyxa: bets $6
canplaypoker: calls $6
*** RIVER *** [5c 7h 2d Ac] [Tc]
NIGHTyxa: bets $6
canplaypoker: raises $6 to $12
NIGHTyxa: calls $6
*** SHOW DOWN ***
canplaypoker: shows [Jc 9c] (a flush, Ace high)
NIGHTyxa: mucks hand
canplaypoker collected $47.50 from pot
*** SUMMARY ***
Total pot $48 | Rake $0.50
Board [5c 7h 2d Ac Tc]
Seat 2: canplaypoker (button) (small blind) showed [Jc 9c] and won ($47.50) with a flush, Ace high
Seat 6: NIGHTyxa (big blind) mucked


PokerStars Hand #148146227983:  Hold'em Limit ($3/$6 USD) - 2016/02/02 22:08:05 ET
Table 'Auva' 6-max Seat #6 is the button
Seat 2: canplaypoker ($33.23 in chips)
Seat 6: NIGHTyxa ($127.24 in chips)
NIGHTyxa: posts small blind $1
canplaypoker: posts big blind $3
*** HOLE CARDS ***
NIGHTyxa: raises $3 to $6
canplaypoker: raises $3 to $9
NIGHTyxa: calls $3
*** FLOP *** [6d 6c 7h]
canplaypoker: bets $3
NIGHTyxa: raises $3 to $6
canplaypoker: raises $3 to $9
NIGHTyxa: raises $3 to $12
Betting is capped
canplaypoker: calls $3
*** TURN *** [6d 6c 7h] [4s]
canplaypoker: bets $6
NIGHTyxa: raises $6 to $12
canplaypoker: raises $0.23 to $12.23 and is all-in
NIGHTyxa: calls $0.23
*** RIVER *** [6d 6c 7h 4s] [4h]
*** SHOW DOWN ***
canplaypoker: shows [9d 9c] (two pair, Nines and Sixes)
NIGHTyxa: mucks hand
canplaypoker collected $65.96 from pot
*** SUMMARY ***
Total pot $66.46 | Rake $0.50
Board [6d 6c 7h 4s 4h]
Seat 2: canplaypoker (big blind) showed [9d 9c] and won ($65.96) with two pair, Nines and Sixes
Seat 6: NIGHTyxa (button) (small blind) mucked


PokerStars Hand #148146220080:  Hold'em Limit ($3/$6 USD) - 2016/02/02 22:07:45 ET
Table 'Auva' 6-max Seat #2 is the button
Seat 2: canplaypoker ($57.23 in chips)
Seat 6: NIGHTyxa ($103.74 in chips)
canplaypoker: posts small blind $1
NIGHTyxa: posts big blind $3
*** HOLE CARDS ***
canplaypoker: raises $3 to $6
NIGHTyxa: calls $3
*** FLOP *** [3d Qs Js]
NIGHTyxa: checks
canplaypoker: bets $3
NIGHTyxa: raises $3 to $6
canplaypoker: calls $3
*** TURN *** [3d Qs Js] [Qh]
NIGHTyxa: bets $6
canplaypoker: raises $6 to $12
NIGHTyxa: calls $6
*** RIVER *** [3d Qs Js Qh] [Ts]
NIGHTyxa: checks
canplaypoker: checks
*** SHOW DOWN ***
NIGHTyxa: shows [Jh 9h] (two pair, Queens and Jacks)
canplaypoker: mucks hand
NIGHTyxa collected $47.50 from pot
*** SUMMARY ***
Total pot $48 | Rake $0.50
Board [3d Qs Js Qh Ts]
Seat 2: canplaypoker (button) (small blind) mucked
Seat 6: NIGHTyxa (big blind) showed [Jh 9h] and won ($47.50) with two pair, Queens and Jacks


PokerStars Hand #148146257058:  Hold'em Limit ($3/$6 USD) - 2016/02/02 22:09:20 ET
Table 'Auva' 6-max Seat #6 is the button
Seat 2: canplaypoker ($65.46 in chips)
Seat 6: NIGHTyxa ($95.26 in chips)
NIGHTyxa: posts small blind $1
canplaypoker: posts big blind $3
*** HOLE CARDS ***
NIGHTyxa: raises $3 to $6
canplaypoker: raises $3 to $9
NIGHTyxa: calls $3
*** FLOP *** [6d Qh 9s]
canplaypoker: bets $3
NIGHTyxa: raises $3 to $6
canplaypoker: raises $3 to $9
NIGHTyxa: calls $3
*** TURN *** [6d Qh 9s] [Ah]
canplaypoker: bets $6
NIGHTyxa: calls $6
*** RIVER *** [6d Qh 9s Ah] [8h]
canplaypoker: bets $6
NIGHTyxa: raises $6 to $12
canplaypoker: calls $6
*** SHOW DOWN ***
NIGHTyxa: shows [8c Qc] (two pair, Queens and Eights)
canplaypoker: mucks hand
NIGHTyxa collected $71.50 from pot
*** SUMMARY ***
Total pot $72 | Rake $0.50
Board [6d Qh 9s Ah 8h]
Seat 2: canplaypoker (big blind) mucked
Seat 6: NIGHTyxa (button) (small blind) showed [8c Qc] and won ($71.50) with two pair, Queens and Eights


PokerStars Hand #148146249473:  Hold'em Limit ($3/$6 USD) - 2016/02/02 22:09:00 ET
Table 'Auva' 6-max Seat #2 is the button
Seat 2: canplaypoker ($83.46 in chips)
Seat 6: NIGHTyxa ($77.76 in chips)
canplaypoker: posts small blind $1
NIGHTyxa: posts big blind $3
*** HOLE CARDS ***
canplaypoker: raises $3 to $6
NIGHTyxa: calls $3
*** FLOP *** [4s 9c 5h]
NIGHTyxa: checks
canplaypoker: checks
*** TURN *** [4s 9c 5h] [7d]
NIGHTyxa: bets $6
canplaypoker: calls $6
*** RIVER *** [4s 9c 5h 7d] [9h]
NIGHTyxa: checks
canplaypoker: bets $6
NIGHTyxa: calls $6
*** SHOW DOWN ***
canplaypoker: shows [Td Jd] (a pair of Nines)
NIGHTyxa: shows [Jh 4h] (two pair, Nines and Fours)
NIGHTyxa collected $35.50 from pot
*** SUMMARY ***
Total pot $36 | Rake $0.50
Board [4s 9c 5h 7d 9h]
Seat 2: canplaypoker (button) (small blind) showed [Td Jd] and lost with a pair of Nines
Seat 6: NIGHTyxa (big blind) showed [Jh 4h] and won ($35.50) with two pair, Nines and Fours


PokerStars Hand #148146245233:  Hold'em Limit ($3/$6 USD) - 2016/02/02 22:08:49 ET
Table 'Auva' 6-max Seat #6 is the button
Seat 2: canplaypoker ($89.46 in chips)
Seat 6: NIGHTyxa ($72 in chips)
NIGHTyxa: posts small blind $1
canplaypoker: posts big blind $3
*** HOLE CARDS ***
NIGHTyxa: raises $3 to $6
canplaypoker: calls $3
*** FLOP *** [9s Kh 4c]
canplaypoker: checks
NIGHTyxa: bets $3
canplaypoker: folds
Uncalled bet ($3) returned to NIGHTyxa
NIGHTyxa collected $11.76 from pot
NIGHTyxa: doesn't show hand
*** SUMMARY ***
Total pot $12 | Rake $0.24
Board [9s Kh 4c]
Seat 2: canplaypoker (big blind) folded on the Flop
Seat 6: NIGHTyxa (button) (small blind) collected ($11.76)


PokerStars Hand #148146285376:  Hold'em Limit ($3/$6 USD) - 2016/02/02 22:10:32 ET
Table 'Auva' 6-max Seat #2 is the button
Seat 2: canplaypoker ($33.96 in chips)
Seat 6: NIGHTyxa ($125.52 in chips)
canplaypoker: posts small blind $1
NIGHTyxa: posts big blind $3
*** HOLE CARDS ***
canplaypoker: folds
Uncalled bet ($2) returned to NIGHTyxa
NIGHTyxa collected $2 from pot
NIGHTyxa: doesn't show hand
*** SUMMARY ***
Total pot $2 | Rake $0
Seat 2: canplaypoker (button) (small blind) folded before Flop
Seat 6: NIGHTyxa (big blind) collected ($2)


PokerStars Hand #148146278635:  Hold'em Limit ($3/$6 USD) - 2016/02/02 22:10:15 ET
Table 'Auva' 6-max Seat #6 is the button
Seat 2: canplaypoker ($19.46 in chips)
Seat 6: NIGHTyxa ($140.52 in chips)
NIGHTyxa: posts small blind $1
canplaypoker: posts big blind $3
*** HOLE CARDS ***
NIGHTyxa: raises $3 to $6
canplaypoker: calls $3
*** FLOP *** [4h Kh Jc]
canplaypoker: checks
NIGHTyxa: bets $3
canplaypoker: calls $3
*** TURN *** [4h Kh Jc] [Jd]
canplaypoker: checks
NIGHTyxa: bets $6
canplaypoker: raises $4.46 to $10.46 and is all-in
NIGHTyxa: folds
Uncalled bet ($4.46) returned to canplaypoker
canplaypoker collected $29.50 from pot
canplaypoker: doesn't show hand
*** SUMMARY ***
Total pot $30 | Rake $0.50
Board [4h Kh Jc Jd]
Seat 2: canplaypoker (big blind) collected ($29.50)
Seat 6: NIGHTyxa (button) (small blind) folded on the Turn


PokerStars Hand #148146276427:  Hold'em Limit ($3/$6 USD) - 2016/02/02 22:10:10 ET
Table 'Auva' 6-max Seat #2 is the button
Seat 2: canplaypoker ($20.46 in chips)
Seat 6: NIGHTyxa ($139.52 in chips)
canplaypoker: posts small blind $1
NIGHTyxa: posts big blind $3
*** HOLE CARDS ***
canplaypoker: folds
Uncalled bet ($2) returned to NIGHTyxa
NIGHTyxa collected $2 from pot
NIGHTyxa: doesn't show hand
*** SUMMARY ***
Total pot $2 | Rake $0
Seat 2: canplaypoker (button) (small blind) folded before Flop
Seat 6: NIGHTyxa (big blind) collected ($2)


PokerStars Hand #148146273445:  Hold'em Limit ($3/$6 USD) - 2016/02/02 22:10:02 ET
Table 'Auva' 6-max Seat #6 is the button
Seat 2: canplaypoker ($23.46 in chips)
Seat 6: NIGHTyxa ($136.52 in chips)
NIGHTyxa: posts small blind $1
canplaypoker: posts big blind $3
*** HOLE CARDS ***
NIGHTyxa: raises $3 to $6
canplaypoker: folds
Uncalled bet ($3) returned to NIGHTyxa
NIGHTyxa collected $6 from pot
NIGHTyxa: doesn't show hand
*** SUMMARY ***
Total pot $6 | Rake $0
Seat 2: canplaypoker (big blind) folded before Flop
Seat 6: NIGHTyxa (button) (small blind) collected ($6)


PokerStars Hand #148146266037:  Hold'em Limit ($3/$6 USD) - 2016/02/02 22:09:43 ET
Table 'Auva' 6-max Seat #2 is the button
Seat 2: canplaypoker ($29.46 in chips)
Seat 6: NIGHTyxa ($130.76 in chips)
canplaypoker: posts small blind $1
NIGHTyxa: posts big blind $3
*** HOLE CARDS ***
canplaypoker: raises $3 to $6
NIGHTyxa: calls $3
*** FLOP *** [Ah 6d Ts]
NIGHTyxa: checks
canplaypoker: checks
*** TURN *** [Ah 6d Ts] [Tc]
NIGHTyxa: checks
canplaypoker: checks
*** RIVER *** [Ah 6d Ts Tc] [5s]
NIGHTyxa: bets $6
canplaypoker: folds
Uncalled bet ($6) returned to NIGHTyxa
NIGHTyxa collected $11.76 from pot
NIGHTyxa: doesn't show hand
canplaypoker said, "dog"
*** SUMMARY ***
Total pot $12 | Rake $0.24
Board [Ah 6d Ts Tc 5s]
Seat 2: canplaypoker (button) (small blind) folded on the River
Seat 6: NIGHTyxa (big blind) collected ($11.76)


PokerStars Hand #148146309351:  Hold'em Limit ($3/$6 USD) - 2016/02/02 22:11:33 ET
Table 'Auva' 6-max Seat #6 is the button
Seat 2: canplaypoker ($69.96 in chips)
Seat 6: NIGHTyxa ($88.28 in chips)
NIGHTyxa: posts small blind $1
canplaypoker: posts big blind $3
*** HOLE CARDS ***
NIGHTyxa: folds
Uncalled bet ($2) returned to canplaypoker
canplaypoker collected $2 from pot
canplaypoker: doesn't show hand
*** SUMMARY ***
Total pot $2 | Rake $0
Seat 2: canplaypoker (big blind) collected ($2)
Seat 6: NIGHTyxa (button) (small blind) folded before Flop


PokerStars Hand #148146302149:  Hold'em Limit ($3/$6 USD) - 2016/02/02 22:11:14 ET
Table 'Auva' 6-max Seat #2 is the button
Seat 2: canplaypoker ($55.46 in chips)
Seat 6: NIGHTyxa ($103.28 in chips)
canplaypoker: posts small blind $1
NIGHTyxa: posts big blind $3
*** HOLE CARDS ***
canplaypoker: raises $3 to $6
NIGHTyxa: calls $3
*** FLOP *** [2h Jc As]
NIGHTyxa: checks
canplaypoker: bets $3
harrydonkey joins the table at seat #4
NIGHTyxa: calls $3
*** TURN *** [2h Jc As] [4c]
NIGHTyxa: checks
canplaypoker: bets $6
NIGHTyxa: calls $6
*** RIVER *** [2h Jc As 4c] [9s]
NIGHTyxa: checks
canplaypoker: bets $6
NIGHTyxa: folds
Uncalled bet ($6) returned to canplaypoker
canplaypoker collected $29.50 from pot
canplaypoker: doesn't show hand
*** SUMMARY ***
Total pot $30 | Rake $0.50
Board [2h Jc As 4c 9s]
Seat 2: canplaypoker (button) (small blind) collected ($29.50)
Seat 6: NIGHTyxa (big blind) folded on the River


PokerStars Hand #148146298148:  Hold'em Limit ($3/$6 USD) - 2016/02/02 22:11:04 ET
Table 'Auva' 6-max Seat #6 is the button
Seat 2: canplaypoker ($61.46 in chips)
Seat 6: NIGHTyxa ($97.52 in chips)
NIGHTyxa: posts small blind $1
canplaypoker: posts big blind $3
*** HOLE CARDS ***
NIGHTyxa: raises $3 to $6
canplaypoker: calls $3
*** FLOP *** [Qd Ks Ts]
canplaypoker: checks
NIGHTyxa: bets $3
canplaypoker: folds
Uncalled bet ($3) returned to NIGHTyxa
NIGHTyxa collected $11.76 from pot
NIGHTyxa: doesn't show hand
*** SUMMARY ***
Total pot $12 | Rake $0.24
Board [Qd Ks Ts]
Seat 2: canplaypoker (big blind) folded on the Flop
Seat 6: NIGHTyxa (button) (small blind) collected ($11.76)


PokerStars Hand #148146296003:  Hold'em Limit ($3/$6 USD) - 2016/02/02 22:10:59 ET
Table 'Auva' 6-max Seat #2 is the button
Seat 2: canplaypoker ($62.46 in chips)
Seat 6: NIGHTyxa ($96.52 in chips)
canplaypoker: posts small blind $1
NIGHTyxa: posts big blind $3
*** HOLE CARDS ***
canplaypoker: folds
Uncalled bet ($2) returned to NIGHTyxa
NIGHTyxa collected $2 from pot
NIGHTyxa: doesn't show hand
*** SUMMARY ***
Total pot $2 | Rake $0
Seat 2: canplaypoker (button) (small blind) folded before Flop
Seat 6: NIGHTyxa (big blind) collected ($2)


PokerStars Hand #148146287520:  Hold'em Limit ($3/$6 USD) - 2016/02/02 22:10:37 ET
Table 'Auva' 6-max Seat #6 is the button
Seat 2: canplaypoker ($32.96 in chips)
Seat 6: NIGHTyxa ($126.52 in chips)
NIGHTyxa: posts small blind $1
canplaypoker: posts big blind $3
*** HOLE CARDS ***
NIGHTyxa: raises $3 to $6
canplaypoker: raises $3 to $9
NIGHTyxa: calls $3
*** FLOP *** [9h Td 9d]
canplaypoker: bets $3
NIGHTyxa: calls $3
*** TURN *** [9h Td 9d] [Kh]
canplaypoker: bets $6
NIGHTyxa: calls $6
*** RIVER *** [9h Td 9d Kh] [4d]
canplaypoker: bets $6
NIGHTyxa: raises $6 to $12
canplaypoker: calls $6
*** SHOW DOWN ***
NIGHTyxa: shows [5c Kc] (two pair, Kings and Nines)
canplaypoker: shows [Th Kd] (two pair, Kings and Tens)
canplaypoker collected $59.50 from pot
*** SUMMARY ***
Total pot $60 | Rake $0.50
Board [9h Td 9d Kh 4d]
Seat 2: canplaypoker (big blind) showed [Th Kd] and won ($59.50) with two pair, Kings and Tens
Seat 6: NIGHTyxa (button) (small blind) showed [5c Kc] and lost with two pair, Kings and Nines


PokerStars Hand #148146424819:  Hold'em Limit ($3/$6 USD) - 2016/02/02 22:16:28 ET
Table 'Auva' 6-max Seat #6 is the button
Seat 2: canplaypoker ($111.35 in chips)
Seat 6: NIGHTyxa ($93.25 in chips)
NIGHTyxa: posts small blind $1
canplaypoker: posts big blind $3
*** HOLE CARDS ***
NIGHTyxa: raises $3 to $6
canplaypoker: calls $3
*** FLOP *** [5s Ac 7c]
canplaypoker: bets $3
NIGHTyxa: calls $3
*** TURN *** [5s Ac 7c] [5c]
canplaypoker: bets $6
NIGHTyxa: calls $6
*** RIVER *** [5s Ac 7c 5c] [3s]
canplaypoker: bets $6
NIGHTyxa: calls $6
*** SHOW DOWN ***
canplaypoker: shows [8c 4c] (a flush, Ace high)
NIGHTyxa: mucks hand
canplaypoker collected $41.50 from pot
*** SUMMARY ***
Total pot $42 | Rake $0.50
Board [5s Ac 7c 5c 3s]
Seat 2: canplaypoker (big blind) showed [8c 4c] and won ($41.50) with a flush, Ace high
Seat 6: NIGHTyxa (button) (small blind) mucked


PokerStars Hand #148146418812:  Hold'em Limit ($3/$6 USD) - 2016/02/02 22:16:12 ET
Table 'Auva' 6-max Seat #2 is the button
Seat 2: canplaypoker ($117.35 in chips)
Seat 6: NIGHTyxa ($87.49 in chips)
canplaypoker: posts small blind $1
NIGHTyxa: posts big blind $3
*** HOLE CARDS ***
canplaypoker: raises $3 to $6
NIGHTyxa: calls $3
*** FLOP *** [5d 3s Jd]
NIGHTyxa: checks
canplaypoker: checks
*** TURN *** [5d 3s Jd] [2d]
NIGHTyxa: bets $6
canplaypoker: folds
Uncalled bet ($6) returned to NIGHTyxa
NIGHTyxa collected $11.76 from pot
NIGHTyxa: doesn't show hand
*** SUMMARY ***
Total pot $12 | Rake $0.24
Board [5d 3s Jd 2d]
Seat 2: canplaypoker (button) (small blind) folded on the Turn
Seat 6: NIGHTyxa (big blind) collected ($11.76)


PokerStars Hand #148146448458:  Hold'em Limit ($3/$6 USD) - 2016/02/02 22:17:29 ET
Table 'Auva' 6-max Seat #2 is the button
Seat 2: canplaypoker ($112.49 in chips)
Seat 6: NIGHTyxa ($90.75 in chips)
canplaypoker: posts small blind $1
NIGHTyxa: posts big blind $3
*** HOLE CARDS ***
canplaypoker: raises $3 to $6
NIGHTyxa: calls $3
*** FLOP *** [Qs Ac 4c]
NIGHTyxa: checks
canplaypoker: bets $3
NIGHTyxa: calls $3
*** TURN *** [Qs Ac 4c] [2c]
NIGHTyxa: checks
canplaypoker: bets $6
NIGHTyxa: raises $6 to $12
canplaypoker: calls $6
*** RIVER *** [Qs Ac 4c 2c] [9c]
NIGHTyxa: bets $6
canplaypoker: calls $6
*** SHOW DOWN ***
NIGHTyxa: shows [3d Qc] (a flush, Ace high)
canplaypoker: mucks hand
NIGHTyxa collected $53.50 from pot
*** SUMMARY ***
Total pot $54 | Rake $0.50
Board [Qs Ac 4c 2c 9c]
Seat 2: canplaypoker (button) (small blind) mucked
Seat 6: NIGHTyxa (big blind) showed [3d Qc] and won ($53.50) with a flush, Ace high


PokerStars Hand #148146444846:  Hold'em Limit ($3/$6 USD) - 2016/02/02 22:17:19 ET
Table 'Auva' 6-max Seat #6 is the button
Seat 2: canplaypoker ($103.85 in chips)
Seat 6: NIGHTyxa ($99.75 in chips)
NIGHTyxa: posts small blind $1
canplaypoker: posts big blind $3
*** HOLE CARDS ***
NIGHTyxa: raises $3 to $6
canplaypoker: raises $3 to $9
NIGHTyxa: calls $3
*** FLOP *** [Jh Kc 8c]
canplaypoker: bets $3
NIGHTyxa: folds
Uncalled bet ($3) returned to canplaypoker
canplaypoker collected $17.64 from pot
canplaypoker: doesn't show hand
*** SUMMARY ***
Total pot $18 | Rake $0.36
Board [Jh Kc 8c]
Seat 2: canplaypoker (big blind) collected ($17.64)
Seat 6: NIGHTyxa (button) (small blind) folded on the Flop


PokerStars Hand #148146442840:  Hold'em Limit ($3/$6 USD) - 2016/02/02 22:17:14 ET
Table 'Auva' 6-max Seat #2 is the button
Seat 2: canplaypoker ($104.85 in chips)
Seat 6: NIGHTyxa ($98.75 in chips)
canplaypoker: posts small blind $1
NIGHTyxa: posts big blind $3
*** HOLE CARDS ***
canplaypoker: folds
Uncalled bet ($2) returned to NIGHTyxa
NIGHTyxa collected $2 from pot
NIGHTyxa: doesn't show hand
*** SUMMARY ***
Total pot $2 | Rake $0
Seat 2: canplaypoker (button) (small blind) folded before Flop
Seat 6: NIGHTyxa (big blind) collected ($2)


PokerStars Hand #148146431842:  Hold'em Limit ($3/$6 USD) - 2016/02/02 22:16:46 ET
Table 'Auva' 6-max Seat #2 is the button
Seat 2: canplaypoker ($131.85 in chips)
Seat 6: NIGHTyxa ($72.25 in chips)
canplaypoker: posts small blind $1
NIGHTyxa: posts big blind $3
*** HOLE CARDS ***
canplaypoker: raises $3 to $6
NIGHTyxa: raises $3 to $9
canplaypoker: calls $3
*** FLOP *** [7h Ts Qh]
NIGHTyxa: bets $3
canplaypoker: calls $3
*** TURN *** [7h Ts Qh] [Kh]
NIGHTyxa: bets $6
canplaypoker: calls $6
*** RIVER *** [7h Ts Qh Kh] [8c]
NIGHTyxa: checks
canplaypoker: bets $6
NIGHTyxa: calls $6
*** SHOW DOWN ***
canplaypoker: shows [Jc 6c] (high card King)
NIGHTyxa: shows [5c 5s] (a pair of Fives)
NIGHTyxa collected $47.50 from pot
*** SUMMARY ***
Total pot $48 | Rake $0.50
Board [7h Ts Qh Kh 8c]
Seat 2: canplaypoker (button) (small blind) showed [Jc 6c] and lost with high card King
Seat 6: NIGHTyxa (big blind) showed [5c 5s] and won ($47.50) with a pair of Fives


PokerStars Hand #148146440194:  Hold'em Limit ($3/$6 USD) - 2016/02/02 22:17:07 ET
Table 'Auva' 6-max Seat #6 is the button
Seat 2: canplaypoker ($107.85 in chips)
Seat 6: NIGHTyxa ($95.75 in chips)
NIGHTyxa: posts small blind $1
canplaypoker: posts big blind $3
*** HOLE CARDS ***
NIGHTyxa: raises $3 to $6
canplaypoker: folds
Uncalled bet ($3) returned to NIGHTyxa
NIGHTyxa collected $6 from pot
NIGHTyxa: doesn't show hand
*** SUMMARY ***
Total pot $6 | Rake $0
Seat 2: canplaypoker (big blind) folded before Flop
Seat 6: NIGHTyxa (button) (small blind) collected ($6)


PokerStars Hand #148146473093:  Hold'em Limit ($3/$6 USD) - 2016/02/02 22:18:33 ET
Table 'Auva' 6-max Seat #6 is the button
Seat 2: canplaypoker ($99.99 in chips)
Seat 6: NIGHTyxa ($101.89 in chips)
NIGHTyxa: posts small blind $1
canplaypoker: posts big blind $3
*** HOLE CARDS ***
NIGHTyxa: raises $3 to $6
canplaypoker: calls $3
*** FLOP *** [5h Tc 3c]
canplaypoker: checks
NIGHTyxa: bets $3
canplaypoker: calls $3
*** TURN *** [5h Tc 3c] [Qh]
canplaypoker: checks
NIGHTyxa: bets $6
canplaypoker: folds
Uncalled bet ($6) returned to NIGHTyxa
NIGHTyxa collected $17.64 from pot
NIGHTyxa: doesn't show hand
*** SUMMARY ***
Total pot $18 | Rake $0.36
Board [5h Tc 3c Qh]
Seat 2: canplaypoker (big blind) folded on the Turn
Seat 6: NIGHTyxa (button) (small blind) collected ($17.64)


PokerStars Hand #148146464742:  Hold'em Limit ($3/$6 USD) - 2016/02/02 22:18:11 ET
Table 'Auva' 6-max Seat #2 is the button
Seat 2: canplaypoker ($76.49 in chips)
Seat 6: NIGHTyxa ($125.89 in chips)
canplaypoker: posts small blind $1
NIGHTyxa: posts big blind $3
*** HOLE CARDS ***
canplaypoker: raises $3 to $6
NIGHTyxa: calls $3
*** FLOP *** [6s 8d Qc]
NIGHTyxa: checks
canplaypoker: checks
*** TURN *** [6s 8d Qc] [Jd]
NIGHTyxa: checks
canplaypoker: bets $6
NIGHTyxa: calls $6
*** RIVER *** [6s 8d Qc Jd] [7h]
NIGHTyxa: checks
canplaypoker: bets $6
NIGHTyxa: raises $6 to $12
canplaypoker: calls $6
*** SHOW DOWN ***
NIGHTyxa: shows [Qd 5s] (a pair of Queens)
canplaypoker: shows [7d Jh] (two pair, Jacks and Sevens)
canplaypoker collected $47.50 from pot
*** SUMMARY ***
Total pot $48 | Rake $0.50
Board [6s 8d Qc Jd 7h]
Seat 2: canplaypoker (button) (small blind) showed [7d Jh] and won ($47.50) with two pair, Jacks and Sevens
Seat 6: NIGHTyxa (big blind) showed [Qd 5s] and lost with a pair of Queens


PokerStars Hand #148146457766:  Hold'em Limit ($3/$6 USD) - 2016/02/02 22:17:53 ET
Table 'Auva' 6-max Seat #6 is the button
Seat 2: canplaypoker ($85.49 in chips)
Seat 6: NIGHTyxa ($117.25 in chips)
NIGHTyxa: posts small blind $1
canplaypoker: posts big blind $3
*** HOLE CARDS ***
NIGHTyxa: raises $3 to $6
canplaypoker: calls $3
*** FLOP *** [5c Kh 2c]
canplaypoker: checks
NIGHTyxa: bets $3
canplaypoker: calls $3
*** TURN *** [5c Kh 2c] [8h]
canplaypoker: checks
NIGHTyxa: bets $6
canplaypoker: folds
Uncalled bet ($6) returned to NIGHTyxa
NIGHTyxa collected $17.64 from pot
NIGHTyxa: doesn't show hand
*** SUMMARY ***
Total pot $18 | Rake $0.36
Board [5c Kh 2c 8h]
Seat 2: canplaypoker (big blind) folded on the Turn
Seat 6: NIGHTyxa (button) (small blind) collected ($17.64)


PokerStars Hand #148146482843:  Hold'em Limit ($3/$6 USD) - 2016/02/02 22:18:58 ET
Table 'Auva' 6-max Seat #2 is the button
Seat 2: canplaypoker ($90.99 in chips)
Seat 6: NIGHTyxa ($110.53 in chips)
canplaypoker: posts small blind $1
NIGHTyxa: posts big blind $3
*** HOLE CARDS ***
canplaypoker: raises $3 to $6
NIGHTyxa: folds
Uncalled bet ($3) returned to canplaypoker
canplaypoker collected $6 from pot
canplaypoker: doesn't show hand
*** SUMMARY ***
Total pot $6 | Rake $0
Seat 2: canplaypoker (button) (small blind) collected ($6)
Seat 6: NIGHTyxa (big blind) folded before Flop


PokerStars Hand #148146486011:  Hold'em Limit ($3/$6 USD) - 2016/02/02 22:19:06 ET
Table 'Auva' 6-max Seat #6 is the button
Seat 2: canplaypoker ($93.99 in chips)
Seat 6: NIGHTyxa ($107.53 in chips)
NIGHTyxa: posts small blind $1
canplaypoker: posts big blind $3
*** HOLE CARDS ***
NIGHTyxa: raises $3 to $6
canplaypoker: folds
Uncalled bet ($3) returned to NIGHTyxa
NIGHTyxa collected $6 from pot
NIGHTyxa: doesn't show hand
*** SUMMARY ***
Total pot $6 | Rake $0
Seat 2: canplaypoker (big blind) folded before Flop
Seat 6: NIGHTyxa (button) (small blind) collected ($6)


PokerStars Hand #148146488655:  Hold'em Limit ($3/$6 USD) - 2016/02/02 22:19:13 ET
Table 'Auva' 6-max Seat #2 is the button
Seat 2: canplaypoker ($90.99 in chips)
Seat 6: NIGHTyxa ($110.53 in chips)
canplaypoker: posts small blind $1
NIGHTyxa: posts big blind $3
*** HOLE CARDS ***
canplaypoker: raises $3 to $6
NIGHTyxa: calls $3
*** FLOP *** [Ts 4s 5h]
NIGHTyxa: checks
canplaypoker: bets $3
NIGHTyxa: calls $3
*** TURN *** [Ts 4s 5h] [Qd]
NIGHTyxa: checks
canplaypoker: bets $6
NIGHTyxa: calls $6
*** RIVER *** [Ts 4s 5h Qd] [Th]
NIGHTyxa: checks
canplaypoker: bets $6
NIGHTyxa: calls $6
*** SHOW DOWN ***
canplaypoker: shows [9h Td] (three of a kind, Tens)
NIGHTyxa: mucks hand
canplaypoker collected $41.50 from pot
*** SUMMARY ***
Total pot $42 | Rake $0.50
Board [Ts 4s 5h Qd Th]
Seat 2: canplaypoker (button) (small blind) showed [9h Td] and won ($41.50) with three of a kind, Tens
Seat 6: NIGHTyxa (big blind) mucked


PokerStars Hand #148146506110:  Hold'em Limit ($3/$6 USD) - 2016/02/02 22:19:59 ET
Table 'Auva' 6-max Seat #6 is the button
Seat 2: canplaypoker ($111.49 in chips)
Seat 6: NIGHTyxa ($89.53 in chips)
NIGHTyxa: posts small blind $1
canplaypoker: posts big blind $3
*** HOLE CARDS ***
NIGHTyxa: raises $3 to $6
canplaypoker: calls $3
*** FLOP *** [Th Ah Kc]
canplaypoker: checks
NIGHTyxa: bets $3
canplaypoker: calls $3
*** TURN *** [Th Ah Kc] [Kh]
canplaypoker: checks
NIGHTyxa: bets $6
canplaypoker: calls $6
*** RIVER *** [Th Ah Kc Kh] [Ac]
canplaypoker: bets $6
NIGHTyxa: calls $6
*** SHOW DOWN ***
canplaypoker: shows [6c Td] (two pair, Aces and Kings)
NIGHTyxa: shows [4s Kd] (a full house, Kings full of Aces)
NIGHTyxa collected $41.50 from pot
*** SUMMARY ***
Total pot $42 | Rake $0.50
Board [Th Ah Kc Kh Ac]
Seat 2: canplaypoker (big blind) showed [6c Td] and lost with two pair, Aces and Kings
Seat 6: NIGHTyxa (button) (small blind) showed [4s Kd] and won ($41.50) with a full house, Kings full of Aces


PokerStars Hand #148146516425:  Hold'em Limit ($3/$6 USD) - 2016/02/02 22:20:26 ET
Table 'Auva' 6-max Seat #2 is the button
Seat 2: canplaypoker ($90.49 in chips)
Seat 6: NIGHTyxa ($110.03 in chips)
canplaypoker: posts small blind $1
NIGHTyxa: posts big blind $3
*** HOLE CARDS ***
canplaypoker: folds
Uncalled bet ($2) returned to NIGHTyxa
NIGHTyxa collected $2 from pot
NIGHTyxa: doesn't show hand
*** SUMMARY ***
Total pot $2 | Rake $0
Seat 2: canplaypoker (button) (small blind) folded before Flop
Seat 6: NIGHTyxa (big blind) collected ($2)


PokerStars Hand #148146518552:  Hold'em Limit ($3/$6 USD) - 2016/02/02 22:20:31 ET
Table 'Auva' 6-max Seat #6 is the button
Seat 2: canplaypoker ($89.49 in chips)
Seat 6: NIGHTyxa ($111.03 in chips)
NIGHTyxa: posts small blind $1
canplaypoker: posts big blind $3
*** HOLE CARDS ***
NIGHTyxa: raises $3 to $6
canplaypoker: calls $3
*** FLOP *** [4s 9h Jh]
canplaypoker: bets $3
NIGHTyxa: folds
Uncalled bet ($3) returned to canplaypoker
canplaypoker collected $11.76 from pot
canplaypoker: doesn't show hand
*** SUMMARY ***
Total pot $12 | Rake $0.24
Board [4s 9h Jh]
Seat 2: canplaypoker (big blind) collected ($11.76)
Seat 6: NIGHTyxa (button) (small blind) folded on the Flop


PokerStars Hand #148146528139:  Hold'em Limit ($3/$6 USD) - 2016/02/02 22:20:56 ET
Table 'Auva' 6-max Seat #2 is the button
Seat 2: canplaypoker ($95.25 in chips)
Seat 6: NIGHTyxa ($105.03 in chips)
canplaypoker: posts small blind $1
NIGHTyxa: posts big blind $3
*** HOLE CARDS ***
canplaypoker: raises $3 to $6
NIGHTyxa: calls $3
*** FLOP *** [8d 9h 3d]
NIGHTyxa: checks
canplaypoker: bets $3
NIGHTyxa: calls $3
*** TURN *** [8d 9h 3d] [6d]
NIGHTyxa: checks
canplaypoker: bets $6
NIGHTyxa: calls $6
*** RIVER *** [8d 9h 3d 6d] [9d]
NIGHTyxa: bets $6
canplaypoker: raises $6 to $12
NIGHTyxa: calls $6
*** SHOW DOWN ***
canplaypoker: shows [8s 8c] (a full house, Eights full of Nines)
NIGHTyxa: mucks hand
canplaypoker collected $53.50 from pot
*** SUMMARY ***
Total pot $54 | Rake $0.50
Board [8d 9h 3d 6d 9d]
Seat 2: canplaypoker (button) (small blind) showed [8s 8c] and won ($53.50) with a full house, Eights full of Nines
Seat 6: NIGHTyxa (big blind) mucked


PokerStars Hand #148146542073:  Hold'em Limit ($3/$6 USD) - 2016/02/02 22:21:33 ET
Table 'Auva' 6-max Seat #6 is the button
Seat 2: canplaypoker ($121.75 in chips)
Seat 6: NIGHTyxa ($78.03 in chips)
NIGHTyxa: posts small blind $1
canplaypoker: posts big blind $3
*** HOLE CARDS ***
NIGHTyxa: raises $3 to $6
canplaypoker: calls $3
*** FLOP *** [9s 6s Qs]
canplaypoker: checks
NIGHTyxa: bets $3
canplaypoker: calls $3
*** TURN *** [9s 6s Qs] [Td]
canplaypoker: checks
NIGHTyxa: bets $6
canplaypoker: calls $6
*** RIVER *** [9s 6s Qs Td] [Ah]
canplaypoker: checks
NIGHTyxa: checks
*** SHOW DOWN ***
canplaypoker: shows [Qd 8c] (a pair of Queens)
NIGHTyxa: mucks hand
canplaypoker collected $29.50 from pot
*** SUMMARY ***
Total pot $30 | Rake $0.50
Board [9s 6s Qs Td Ah]
Seat 2: canplaypoker (big blind) showed [Qd 8c] and won ($29.50) with a pair of Queens
Seat 6: NIGHTyxa (button) (small blind) mucked


PokerStars Hand #148146551199:  Hold'em Limit ($3/$6 USD) - 2016/02/02 22:21:57 ET
Table 'Auva' 6-max Seat #2 is the button
Seat 2: canplaypoker ($136.25 in chips)
Seat 6: NIGHTyxa ($72 in chips)
canplaypoker: posts small blind $1
NIGHTyxa: posts big blind $3
*** HOLE CARDS ***
canplaypoker: raises $3 to $6
NIGHTyxa: calls $3
*** FLOP *** [Qs 6s 5s]
NIGHTyxa: checks
canplaypoker: checks
*** TURN *** [Qs 6s 5s] [Kh]
NIGHTyxa: bets $6
canplaypoker: calls $6
*** RIVER *** [Qs 6s 5s Kh] [5d]
NIGHTyxa: bets $6
canplaypoker: folds
Uncalled bet ($6) returned to NIGHTyxa
NIGHTyxa collected $23.52 from pot
NIGHTyxa: doesn't show hand
*** SUMMARY ***
Total pot $24 | Rake $0.48
Board [Qs 6s 5s Kh 5d]
Seat 2: canplaypoker (button) (small blind) folded on the River
Seat 6: NIGHTyxa (big blind) collected ($23.52)


PokerStars Hand #148146558262:  Hold'em Limit ($3/$6 USD) - 2016/02/02 22:22:15 ET
Table 'Auva' 6-max Seat #6 is the button
Seat 2: canplaypoker ($124.25 in chips)
Seat 6: NIGHTyxa ($83.52 in chips)
NIGHTyxa: posts small blind $1
canplaypoker: posts big blind $3
*** HOLE CARDS ***
NIGHTyxa: folds
Uncalled bet ($2) returned to canplaypoker
canplaypoker collected $2 from pot
canplaypoker: doesn't show hand
*** SUMMARY ***
Total pot $2 | Rake $0
Seat 2: canplaypoker (big blind) collected ($2)
Seat 6: NIGHTyxa (button) (small blind) folded before Flop


PokerStars Hand #148146561963:  Hold'em Limit ($3/$6 USD) - 2016/02/02 22:22:25 ET
Table 'Auva' 6-max Seat #2 is the button
Seat 2: canplaypoker ($125.25 in chips)
Seat 6: NIGHTyxa ($82.52 in chips)
canplaypoker: posts small blind $1
NIGHTyxa: posts big blind $3
*** HOLE CARDS ***
canplaypoker: raises $3 to $6
NIGHTyxa: calls $3
*** FLOP *** [3c 8c 5c]
NIGHTyxa: checks
canplaypoker: checks
*** TURN *** [3c 8c 5c] [Tc]
NIGHTyxa: bets $6
canplaypoker: calls $6
*** RIVER *** [3c 8c 5c Tc] [4c]
NIGHTyxa: checks
canplaypoker: checks
*** SHOW DOWN ***
NIGHTyxa: shows [Th Ks] (a flush, Ten high)
canplaypoker: shows [7c Qs] (a flush, Ten high - Seven higher)
canplaypoker collected $23.52 from pot
*** SUMMARY ***
Total pot $24 | Rake $0.48
Board [3c 8c 5c Tc 4c]
Seat 2: canplaypoker (button) (small blind) showed [7c Qs] and won ($23.52) with a flush, Ten high
Seat 6: NIGHTyxa (big blind) showed [Th Ks] and lost with a flush, Ten high


PokerStars Hand #148146569394:  Hold'em Limit ($3/$6 USD) - 2016/02/02 22:22:44 ET
Table 'Auva' 6-max Seat #6 is the button
Seat 2: canplaypoker ($136.77 in chips)
Seat 6: NIGHTyxa ($72 in chips)
NIGHTyxa: posts small blind $1
canplaypoker: posts big blind $3
*** HOLE CARDS ***
NIGHTyxa: raises $3 to $6
canplaypoker: calls $3
*** FLOP *** [6c 3d 2c]
canplaypoker: checks
NIGHTyxa: bets $3
canplaypoker: raises $3 to $6
NIGHTyxa: folds
Uncalled bet ($3) returned to canplaypoker
canplaypoker collected $17.64 from pot
canplaypoker: doesn't show hand
*** SUMMARY ***
Total pot $18 | Rake $0.36
Board [6c 3d 2c]
Seat 2: canplaypoker (big blind) collected ($17.64)
Seat 6: NIGHTyxa (button) (small blind) folded on the Flop


PokerStars Hand #148146575587:  Hold'em Limit ($3/$6 USD) - 2016/02/02 22:23:00 ET
Table 'Auva' 6-max Seat #2 is the button
Seat 2: canplaypoker ($145.41 in chips)
Seat 6: NIGHTyxa ($72 in chips)
canplaypoker: posts small blind $1
NIGHTyxa: posts big blind $3
*** HOLE CARDS ***
canplaypoker: raises $3 to $6
NIGHTyxa: calls $3
*** FLOP *** [Kc 2d 3h]
NIGHTyxa: checks
canplaypoker: checks
*** TURN *** [Kc 2d 3h] [Ad]
NIGHTyxa: checks
canplaypoker: bets $6
NIGHTyxa: folds
Uncalled bet ($6) returned to canplaypoker
canplaypoker collected $11.76 from pot
canplaypoker: doesn't show hand
*** SUMMARY ***
Total pot $12 | Rake $0.24
Board [Kc 2d 3h Ad]
Seat 2: canplaypoker (button) (small blind) collected ($11.76)
Seat 6: NIGHTyxa (big blind) folded on the Turn


PokerStars Hand #148146582078:  Hold'em Limit ($3/$6 USD) - 2016/02/02 22:23:17 ET
Table 'Auva' 6-max Seat #6 is the button
Seat 2: canplaypoker ($151.17 in chips)
Seat 6: NIGHTyxa ($72 in chips)
NIGHTyxa: posts small blind $1
canplaypoker: posts big blind $3
*** HOLE CARDS ***
NIGHTyxa: raises $3 to $6
canplaypoker: calls $3
*** FLOP *** [7h 6h 9h]
canplaypoker: checks
NIGHTyxa: bets $3
canplaypoker: folds
Uncalled bet ($3) returned to NIGHTyxa
NIGHTyxa collected $11.76 from pot
NIGHTyxa: doesn't show hand
*** SUMMARY ***
Total pot $12 | Rake $0.24
Board [7h 6h 9h]
Seat 2: canplaypoker (big blind) folded on the Flop
Seat 6: NIGHTyxa (button) (small blind) collected ($11.76)


PokerStars Hand #148146586903:  Hold'em Limit ($3/$6 USD) - 2016/02/02 22:23:30 ET
Table 'Auva' 6-max Seat #2 is the button
Seat 2: canplaypoker ($145.17 in chips)
Seat 6: NIGHTyxa ($77.76 in chips)
canplaypoker: posts small blind $1
NIGHTyxa: posts big blind $3
*** HOLE CARDS ***
canplaypoker: raises $3 to $6
NIGHTyxa: calls $3
*** FLOP *** [Jd 3h 6c]
NIGHTyxa: checks
canplaypoker: bets $3
NIGHTyxa: calls $3
*** TURN *** [Jd 3h 6c] [4h]
NIGHTyxa: checks
canplaypoker: checks
*** RIVER *** [Jd 3h 6c 4h] [Qh]
NIGHTyxa: bets $6
canplaypoker: folds
Uncalled bet ($6) returned to NIGHTyxa
NIGHTyxa collected $17.64 from pot
NIGHTyxa: doesn't show hand
*** SUMMARY ***
Total pot $18 | Rake $0.36
Board [Jd 3h 6c 4h Qh]
Seat 2: canplaypoker (button) (small blind) folded on the River
Seat 6: NIGHTyxa (big blind) collected ($17.64)


PokerStars Hand #148146593838:  Hold'em Limit ($3/$6 USD) - 2016/02/02 22:23:48 ET
Table 'Auva' 6-max Seat #6 is the button
Seat 2: canplaypoker ($136.17 in chips)
Seat 6: NIGHTyxa ($86.40 in chips)
NIGHTyxa: posts small blind $1
canplaypoker: posts big blind $3
*** HOLE CARDS ***
NIGHTyxa: raises $3 to $6
canplaypoker: calls $3
*** FLOP *** [Kc 8h 8c]
canplaypoker: checks
NIGHTyxa: bets $3
canplaypoker: folds
Uncalled bet ($3) returned to NIGHTyxa
NIGHTyxa collected $11.76 from pot
NIGHTyxa: doesn't show hand
*** SUMMARY ***
Total pot $12 | Rake $0.24
Board [Kc 8h 8c]
Seat 2: canplaypoker (big blind) folded on the Flop
Seat 6: NIGHTyxa (button) (small blind) collected ($11.76)


PokerStars Hand #148146607891:  Hold'em Limit ($3/$6 USD) - 2016/02/02 22:24:25 ET
Table 'Auva' 6-max Seat #2 is the button
Seat 2: canplaypoker ($130.17 in chips)
Seat 6: NIGHTyxa ($92.16 in chips)
canplaypoker: posts small blind $1
NIGHTyxa: posts big blind $3
*** HOLE CARDS ***
canplaypoker: raises $3 to $6
NIGHTyxa: calls $3
*** FLOP *** [8c 5s Jd]
NIGHTyxa: checks
canplaypoker: bets $3
NIGHTyxa: raises $3 to $6
canplaypoker: calls $3
*** TURN *** [8c 5s Jd] [7d]
NIGHTyxa: bets $6
canplaypoker: calls $6
*** RIVER *** [8c 5s Jd 7d] [6c]
NIGHTyxa: bets $6
canplaypoker: folds
Uncalled bet ($6) returned to NIGHTyxa
NIGHTyxa collected $35.50 from pot
NIGHTyxa: doesn't show hand
*** SUMMARY ***
Total pot $36 | Rake $0.50
Board [8c 5s Jd 7d 6c]
Seat 2: canplaypoker (button) (small blind) folded on the River
Seat 6: NIGHTyxa (big blind) collected ($35.50)


PokerStars Hand #148146622437:  Hold'em Limit ($3/$6 USD) - 2016/02/02 22:25:02 ET
Table 'Auva' 6-max Seat #6 is the button
Seat 2: canplaypoker ($112.17 in chips)
Seat 6: NIGHTyxa ($109.66 in chips)
NIGHTyxa: posts small blind $1
canplaypoker: posts big blind $3
*** HOLE CARDS ***
NIGHTyxa: raises $3 to $6
canplaypoker: raises $3 to $9
NIGHTyxa: calls $3
*** FLOP *** [Ts 7d Ah]
canplaypoker: bets $3
NIGHTyxa: folds
Uncalled bet ($3) returned to canplaypoker
canplaypoker collected $17.64 from pot
canplaypoker: doesn't show hand
*** SUMMARY ***
Total pot $18 | Rake $0.36
Board [Ts 7d Ah]
Seat 2: canplaypoker (big blind) collected ($17.64)
Seat 6: NIGHTyxa (button) (small blind) folded on the Flop


