PokerStars Hand #166379282930:  Hold'em Limit ($3/$6 USD) - 2017/02/17 23:27:37 ET
Table 'Auva' 6-max Seat #1 is the button
Seat 1: LifeisagameX ($84 in chips)
Seat 3: hairy1961 ($39.61 in chips)
LifeisagameX: posts small blind $1
hairy1961: posts big blind $3
*** HOLE CARDS ***
LifeisagameX: raises $3 to $6
hairy1961: folds
Uncalled bet ($3) returned to LifeisagameX
LifeisagameX collected $6 from pot
makemydaypls joins the table at seat #5
LifeisagameX: doesn't show hand
*** SUMMARY ***
Total pot $6 | Rake $0
Seat 1: LifeisagameX (button) (small blind) collected ($6)
Seat 3: hairy1961 (big blind) folded before Flop


PokerStars Hand #166379322644:  Hold'em Limit ($3/$6 USD) - 2017/02/17 23:29:35 ET
Table 'Auva' 6-max Seat #3 is the button
Seat 3: hairy1961 ($29.80 in chips)
Seat 5: makemydaypls ($76 in chips)
hairy1961: posts small blind $1
makemydaypls: posts big blind $3
*** HOLE CARDS ***
hairy1961: folds
Uncalled bet ($2) returned to makemydaypls
makemydaypls collected $2 from pot
makemydaypls: doesn't show hand
*** SUMMARY ***
Total pot $2 | Rake $0
Seat 3: hairy1961 (button) (small blind) folded before Flop
Seat 5: makemydaypls (big blind) collected ($2)


PokerStars Hand #166379324817:  Hold'em Limit ($3/$6 USD) - 2017/02/17 23:29:42 ET
Table 'Auva' 6-max Seat #5 is the button
Seat 3: hairy1961 ($28.80 in chips)
Seat 5: makemydaypls ($77 in chips)
makemydaypls: posts small blind $1
hairy1961: posts big blind $3
*** HOLE CARDS ***
LifeisagameX leaves the table
makemydaypls: raises $3 to $6
hairy1961: calls $3
*** FLOP *** [5c 4d 9s]
SoVeryGully joins the table at seat #6
hairy1961: checks
makemydaypls: bets $3
hairy1961: raises $3 to $6
makemydaypls: folds
Uncalled bet ($3) returned to hairy1961
hairy1961 collected $17.64 from pot
*** SUMMARY ***
Total pot $18 | Rake $0.36
Board [5c 4d 9s]
Seat 3: hairy1961 (big blind) collected ($17.64)
Seat 5: makemydaypls (button) (small blind) folded on the Flop


PokerStars Hand #166379330070:  Hold'em Limit ($3/$6 USD) - 2017/02/17 23:29:58 ET
Table 'Auva' 6-max Seat #3 is the button
Seat 3: hairy1961 ($37.44 in chips)
Seat 5: makemydaypls ($68 in chips)
hairy1961: posts small blind $1
makemydaypls: posts big blind $3
*** HOLE CARDS ***
hairy1961: raises $3 to $6
makemydaypls: folds
Uncalled bet ($3) returned to hairy1961
hairy1961 collected $6 from pot
*** SUMMARY ***
Total pot $6 | Rake $0
Seat 3: hairy1961 (button) (small blind) collected ($6)
Seat 5: makemydaypls (big blind) folded before Flop


PokerStars Hand #166379359182:  Hold'em Limit ($3/$6 USD) - 2017/02/17 23:31:26 ET
Table 'Auva' 6-max Seat #3 is the button
Seat 3: hairy1961 ($41.44 in chips)
Seat 5: makemydaypls ($54.46 in chips)
hairy1961: posts small blind $1
makemydaypls: posts big blind $3
*** HOLE CARDS ***
hairy1961: folds
Uncalled bet ($2) returned to makemydaypls
makemydaypls collected $2 from pot
makemydaypls: doesn't show hand
*** SUMMARY ***
Total pot $2 | Rake $0
Seat 3: hairy1961 (button) (small blind) folded before Flop
Seat 5: makemydaypls (big blind) collected ($2)


PokerStars Hand #166379356611:  Hold'em Limit ($3/$6 USD) - 2017/02/17 23:31:18 ET
Table 'Auva' 6-max Seat #5 is the button
Seat 3: hairy1961 ($40.44 in chips)
Seat 5: makemydaypls ($55.46 in chips)
makemydaypls: posts small blind $1
SoVeryGully: is sitting out
hairy1961: posts big blind $3
*** HOLE CARDS ***
makemydaypls: folds
Uncalled bet ($2) returned to hairy1961
hairy1961 collected $2 from pot
*** SUMMARY ***
Total pot $2 | Rake $0
Seat 3: hairy1961 (big blind) collected ($2)
Seat 5: makemydaypls (button) (small blind) folded before Flop


PokerStars Hand #166379368985:  Hold'em Limit ($3/$6 USD) - 2017/02/17 23:31:56 ET
Table 'Auva' 6-max Seat #3 is the button
Seat 3: hairy1961 ($22.44 in chips)
Seat 5: makemydaypls ($72.96 in chips)
hairy1961: posts small blind $1
makemydaypls: posts big blind $3
*** HOLE CARDS ***
hairy1961: folds
Uncalled bet ($2) returned to makemydaypls
makemydaypls collected $2 from pot
makemydaypls: doesn't show hand
*** SUMMARY ***
Total pot $2 | Rake $0
Seat 3: hairy1961 (button) (small blind) folded before Flop
Seat 5: makemydaypls (big blind) collected ($2)


PokerStars Hand #166379361046:  Hold'em Limit ($3/$6 USD) - 2017/02/17 23:31:32 ET
Table 'Auva' 6-max Seat #5 is the button
Seat 3: hairy1961 ($40.44 in chips)
Seat 5: makemydaypls ($55.46 in chips)
makemydaypls: posts small blind $1
hairy1961: posts big blind $3
*** HOLE CARDS ***
SassyShads joins the table at seat #2
makemydaypls: raises $3 to $6
hairy1961: calls $3
*** FLOP *** [Ah 6h 2d]
hairy1961: bets $3
makemydaypls: raises $3 to $6
hairy1961: calls $3
*** TURN *** [Ah 6h 2d] [7h]
hairy1961: checks
makemydaypls: checks
*** RIVER *** [Ah 6h 2d 7h] [Kh]
hairy1961: bets $6
makemydaypls: calls $6
*** SHOW DOWN ***
hairy1961: shows [7c 8h] (a flush, Ace high)
makemydaypls: shows [8d 9h] (a flush, Ace high - Nine higher)
makemydaypls collected $35.50 from pot
*** SUMMARY ***
Total pot $36 | Rake $0.50
Board [Ah 6h 2d 7h Kh]
Seat 3: hairy1961 (big blind) showed [7c 8h] and lost with a flush, Ace high
Seat 5: makemydaypls (button) (small blind) showed [8d 9h] and won ($35.50) with a flush, Ace high


PokerStars Hand #166380843020:  Hold'em Limit ($3/$6 USD) - 2017/02/18 0:51:01 ET
Table 'Auva' 6-max Seat #5 is the button
Seat 2: Chessnok ($82.92 in chips)
Seat 5: makemydaypls ($144.98 in chips)
makemydaypls: posts small blind $1
Chessnok: posts big blind $3
*** HOLE CARDS ***
RockyMona joins the table at seat #1
makemydaypls: raises $3 to $6
Chessnok: calls $3
*** FLOP *** [Jd 7c Qh]
Chessnok: checks
makemydaypls: bets $3
Chessnok: calls $3
*** TURN *** [Jd 7c Qh] [Ac]
Chessnok: checks
makemydaypls: bets $6
Chessnok: raises $6 to $12
makemydaypls: calls $6
*** RIVER *** [Jd 7c Qh Ac] [9c]
Chessnok: bets $6
makemydaypls: calls $6
*** SHOW DOWN ***
Chessnok: shows [Ad 8h] (a pair of Aces)
makemydaypls: mucks hand
Chessnok collected $53.50 from pot
*** SUMMARY ***
Total pot $54 | Rake $0.50
Board [Jd 7c Qh Ac 9c]
Seat 2: Chessnok (big blind) showed [Ad 8h] and won ($53.50) with a pair of Aces
Seat 5: makemydaypls (button) (small blind) mucked


PokerStars Hand #166380837169:  Hold'em Limit ($3/$6 USD) - 2017/02/18 0:50:41 ET
Table 'Auva' 6-max Seat #2 is the button
Seat 2: Chessnok ($103.92 in chips)
Seat 5: makemydaypls ($124.48 in chips)
Chessnok: posts small blind $1
makemydaypls: posts big blind $3
*** HOLE CARDS ***
Chessnok: raises $3 to $6
makemydaypls: calls $3
*** FLOP *** [6d 2d Qc]
makemydaypls: checks
Chessnok: bets $3
makemydaypls: calls $3
*** TURN *** [6d 2d Qc] [Js]
makemydaypls: bets $6
Chessnok: calls $6
*** RIVER *** [6d 2d Qc Js] [2h]
makemydaypls: bets $6
Chessnok: calls $6
*** SHOW DOWN ***
makemydaypls: shows [Kh Jc] (two pair, Jacks and Deuces)
Chessnok: mucks hand
makemydaypls collected $41.50 from pot
*** SUMMARY ***
Total pot $42 | Rake $0.50
Board [6d 2d Qc Js 2h]
Seat 2: Chessnok (button) (small blind) mucked
Seat 5: makemydaypls (big blind) showed [Kh Jc] and won ($41.50) with two pair, Jacks and Deuces


PokerStars Hand #166380849733:  Hold'em Limit ($3/$6 USD) - 2017/02/18 0:51:23 ET
Table 'Auva' 6-max Seat #2 is the button
Seat 2: Chessnok ($109.42 in chips)
Seat 5: makemydaypls ($117.98 in chips)
Chessnok: posts small blind $1
makemydaypls: posts big blind $3
*** HOLE CARDS ***
Chessnok: raises $3 to $6
makemydaypls: calls $3
*** FLOP *** [2c 7s 6c]
makemydaypls: checks
Chessnok: bets $3
makemydaypls: calls $3
*** TURN *** [2c 7s 6c] [8d]
makemydaypls: checks
Chessnok: bets $6
Mr.Smooth89 joins the table at seat #3
makemydaypls: raises $6 to $12
Chessnok: calls $6
*** RIVER *** [2c 7s 6c 8d] [3s]
makemydaypls: bets $6
Chessnok: calls $6
*** SHOW DOWN ***
makemydaypls: shows [5d 9d] (a straight, Five to Nine)
Chessnok: mucks hand
makemydaypls collected $53.50 from pot
*** SUMMARY ***
Total pot $54 | Rake $0.50
Board [2c 7s 6c 8d 3s]
Seat 2: Chessnok (button) (small blind) mucked
Seat 5: makemydaypls (big blind) showed [5d 9d] and won ($53.50) with a straight, Five to Nine


PokerStars Hand #166381802460:  Hold'em Limit ($3/$6 USD) - 2017/02/18 1:43:29 ET
Table 'Auva' 6-max Seat #6 is the button
Seat 2: Chessnok ($256.34 in chips)
Seat 6: dwer43 ($97.84 in chips)
dwer43: posts small blind $1
mortnie1975: is sitting out
Chessnok: posts big blind $3
*** HOLE CARDS ***
dwer43: folds
Uncalled bet ($2) returned to Chessnok
Chessnok collected $2 from pot
Chessnok: doesn't show hand
*** SUMMARY ***
Total pot $2 | Rake $0
Seat 2: Chessnok (big blind) collected ($2)
Seat 6: dwer43 (button) (small blind) folded before Flop


