PokerStars Hand #154915535599:  Hold'em Limit ($3/$6 USD) - 2016/06/18 21:00:50 ET
Table 'Avior II' 6-max Seat #3 is the button
Seat 1: chodzewXXL ($479.70 in chips)
Seat 3: CaolilaH2O ($270.74 in chips)
CaolilaH2O: posts small blind $1
millchar: is sitting out
chodzewXXL: posts big blind $3
*** HOLE CARDS ***
CaolilaH2O: calls $2
chodzewXXL: checks
*** FLOP *** [Jh 7d 6d]
chodzewXXL: checks
CaolilaH2O: checks
*** TURN *** [Jh 7d 6d] [8s]
chodzewXXL: checks
CaolilaH2O: checks
*** RIVER *** [Jh 7d 6d 8s] [8h]
chodzewXXL: checks
CaolilaH2O: bets $6
chodzewXXL: folds
Uncalled bet ($6) returned to CaolilaH2O
CaolilaH2O collected $5.88 from pot
CaolilaH2O: doesn't show hand
*** SUMMARY ***
Total pot $6 | Rake $0.12
Board [Jh 7d 6d 8s 8h]
Seat 1: chodzewXXL (big blind) folded on the River
Seat 3: CaolilaH2O (button) (small blind) collected ($5.88)


PokerStars Hand #154915560524:  Hold'em Limit ($3/$6 USD) - 2016/06/18 21:01:55 ET
Table 'Avior II' 6-max Seat #4 is the button
Seat 1: chodzewXXL ($458.70 in chips)
Seat 4: ajmaster333 ($67.50 in chips)
ajmaster333: posts small blind $1
chodzewXXL: posts big blind $3
*** HOLE CARDS ***
ajmaster333: calls $2
chodzewXXL: checks
*** FLOP *** [2c Qh 4c]
chodzewXXL: checks
ajmaster333: bets $3
chodzewXXL: folds
Uncalled bet ($3) returned to ajmaster333
ajmaster333 collected $5.88 from pot
ajmaster333: doesn't show hand
*** SUMMARY ***
Total pot $6 | Rake $0.12
Board [2c Qh 4c]
Seat 1: chodzewXXL (big blind) folded on the Flop
Seat 4: ajmaster333 (button) (small blind) collected ($5.88)


PokerStars Hand #154915549785:  Hold'em Limit ($3/$6 USD) - 2016/06/18 21:01:27 ET
Table 'Avior II' 6-max Seat #1 is the button
Seat 1: chodzewXXL ($476.70 in chips)
Seat 4: ajmaster333 ($50 in chips)
chodzewXXL: posts small blind $1
ajmaster333: posts big blind $3
*** HOLE CARDS ***
chodzewXXL: raises $3 to $6
ajmaster333: calls $3
*** FLOP *** [3s Qd 3d]
ajmaster333: checks
chodzewXXL: bets $3
ajmaster333: raises $3 to $6
chodzewXXL: calls $3
*** TURN *** [3s Qd 3d] [Kd]
ajmaster333: bets $6
chodzewXXL: calls $6
*** RIVER *** [3s Qd 3d Kd] [Jd]
ajmaster333: bets $6
chodzewXXL: folds
Uncalled bet ($6) returned to ajmaster333
ajmaster333 collected $35.50 from pot
ajmaster333: doesn't show hand
*** SUMMARY ***
Total pot $36 | Rake $0.50
Board [3s Qd 3d Kd Jd]
Seat 1: chodzewXXL (button) (small blind) folded on the River
Seat 4: ajmaster333 (big blind) collected ($35.50)


PokerStars Hand #154918559135:  Hold'em Limit ($3/$6 USD) - 2016/06/18 23:29:59 ET
Table 'Avior II' 6-max Seat #5 is the button
Seat 5: RJF1943 ($28.50 in chips)
Seat 6: Hi Im Alexey ($73.90 in chips)
RJF1943: posts small blind $1
Hi Im Alexey: posts big blind $3
*** HOLE CARDS ***
RJF1943: raises $3 to $6
Hi Im Alexey: calls $3
*** FLOP *** [Kh Ah 6d]
Hi Im Alexey: checks
RJF1943: bets $3
Hi Im Alexey: calls $3
*** TURN *** [Kh Ah 6d] [2d]
Hi Im Alexey: checks
RJF1943: bets $6
Hi Im Alexey: raises $6 to $12
RJF1943: raises $6 to $18
Hi Im Alexey: raises $6 to $24
Betting is capped
RJF1943: calls $1.50 and is all-in
Uncalled bet ($4.50) returned to Hi Im Alexey
*** RIVER *** [Kh Ah 6d 2d] [5h]
*** SHOW DOWN ***
Hi Im Alexey: shows [2c Ac] (two pair, Aces and Deuces)
RJF1943: shows [5d 5s] (three of a kind, Fives)
RJF1943 collected $56.50 from pot
*** SUMMARY ***
Total pot $57 | Rake $0.50
Board [Kh Ah 6d 2d 5h]
Seat 5: RJF1943 (button) (small blind) showed [5d 5s] and won ($56.50) with three of a kind, Fives
Seat 6: Hi Im Alexey (big blind) showed [2c Ac] and lost with two pair, Aces and Deuces


