PokerStars Hand #171867362159:  Hold'em Limit ($3/$6 USD) - 2017/06/16 19:32:49 ET
Table 'Avior' 6-max Seat #5 is the button
Seat 5: ChasingAc918 ($20.28 in chips)
Seat 6: scorpio04 ($160.64 in chips)
ChasingAc918: posts small blind $1
scorpio04: posts big blind $3
*** HOLE CARDS ***
ChasingAc918: folds
Uncalled bet ($2) returned to scorpio04
scorpio04 collected $2 from pot
scorpio04: doesn't show hand
*** SUMMARY ***
Total pot $2 | Rake $0
Seat 5: ChasingAc918 (button) (small blind) folded before Flop
Seat 6: scorpio04 (big blind) collected ($2)


PokerStars Hand #171867359016:  Hold'em Limit ($3/$6 USD) - 2017/06/16 19:32:43 ET
Table 'Avior' 6-max Seat #6 is the button
Seat 5: ChasingAc918 ($19.28 in chips)
Seat 6: scorpio04 ($161.64 in chips)
scorpio04: posts small blind $1
ChasingAc918: posts big blind $3
*** HOLE CARDS ***
scorpio04: folds
Uncalled bet ($2) returned to ChasingAc918
ChasingAc918 collected $2 from pot
ChasingAc918: doesn't show hand
*** SUMMARY ***
Total pot $2 | Rake $0
Seat 5: ChasingAc918 (big blind) collected ($2)
Seat 6: scorpio04 (button) (small blind) folded before Flop


PokerStars Hand #171867354559:  Hold'em Limit ($3/$6 USD) - 2017/06/16 19:32:35 ET
Table 'Avior' 6-max Seat #5 is the button
Seat 5: ChasingAc918 ($28.28 in chips)
Seat 6: scorpio04 ($153 in chips)
ChasingAc918: posts small blind $1
scorpio04: posts big blind $3
*** HOLE CARDS ***
ChasingAc918: raises $3 to $6
scorpio04: raises $3 to $9
ChasingAc918: calls $3
*** FLOP *** [9h 6s 6c]
scorpio04: bets $3
ChasingAc918: folds
Uncalled bet ($3) returned to scorpio04
scorpio04 collected $17.64 from pot
scorpio04: doesn't show hand
*** SUMMARY ***
Total pot $18 | Rake $0.36
Board [9h 6s 6c]
Seat 5: ChasingAc918 (button) (small blind) folded on the Flop
Seat 6: scorpio04 (big blind) collected ($17.64)


PokerStars Hand #171867390876:  Hold'em Limit ($3/$6 USD) - 2017/06/16 19:33:41 ET
Table 'Avior' 6-max Seat #5 is the button
Seat 5: ChasingAc918 ($37.06 in chips)
Seat 6: scorpio04 ($153 in chips)
ChasingAc918: posts small blind $1
scorpio04: posts big blind $3
*** HOLE CARDS ***
ChasingAc918: raises $3 to $6
scorpio04: calls $3
*** FLOP *** [4d 4h Kh]
scorpio04: checks
ChasingAc918: bets $3
scorpio04: folds
Uncalled bet ($3) returned to ChasingAc918
ChasingAc918 collected $11.76 from pot
ChasingAc918: doesn't show hand
*** SUMMARY ***
Total pot $12 | Rake $0.24
Board [4d 4h Kh]
Seat 5: ChasingAc918 (button) (small blind) collected ($11.76)
Seat 6: scorpio04 (big blind) folded on the Flop


PokerStars Hand #171867387650:  Hold'em Limit ($3/$6 USD) - 2017/06/16 19:33:36 ET
Table 'Avior' 6-max Seat #6 is the button
Seat 5: ChasingAc918 ($40.06 in chips)
Seat 6: scorpio04 ($150 in chips)
scorpio04: posts small blind $1
ChasingAc918: posts big blind $3
*** HOLE CARDS ***
scorpio04: raises $3 to $6
ChasingAc918: folds
Uncalled bet ($3) returned to scorpio04
scorpio04 collected $6 from pot
scorpio04: doesn't show hand
*** SUMMARY ***
Total pot $6 | Rake $0
Seat 5: ChasingAc918 (big blind) folded before Flop
Seat 6: scorpio04 (button) (small blind) collected ($6)


PokerStars Hand #171867377403:  Hold'em Limit ($3/$6 USD) - 2017/06/16 19:33:17 ET
Table 'Avior' 6-max Seat #5 is the button
Seat 5: ChasingAc918 ($20.28 in chips)
Seat 6: scorpio04 ($160.64 in chips)
ChasingAc918: posts small blind $1
scorpio04: posts big blind $3
*** HOLE CARDS ***
ChasingAc918: raises $3 to $6
scorpio04: raises $3 to $9
ChasingAc918: raises $3 to $12
Betting is capped
scorpio04: calls $3
*** FLOP *** [Ah Jh 5s]
scorpio04: bets $3
ChasingAc918: raises $3 to $6
scorpio04: raises $3 to $9
ChasingAc918: calls $2.28 and is all-in
Uncalled bet ($0.72) returned to scorpio04
*** TURN *** [Ah Jh 5s] [4h]
*** RIVER *** [Ah Jh 5s 4h] [Js]
*** SHOW DOWN ***
scorpio04: shows [7h Kh] (a flush, Ace high)
ChasingAc918: shows [As Jc] (a full house, Jacks full of Aces)
ChasingAc918 collected $40.06 from pot
*** SUMMARY ***
Total pot $40.56 | Rake $0.50
Board [Ah Jh 5s 4h Js]
Seat 5: ChasingAc918 (button) (small blind) showed [As Jc] and won ($40.06) with a full house, Jacks full of Aces
Seat 6: scorpio04 (big blind) showed [7h Kh] and lost with a flush, Ace high


PokerStars Hand #171867373343:  Hold'em Limit ($3/$6 USD) - 2017/06/16 19:33:09 ET
Table 'Avior' 6-max Seat #6 is the button
Seat 5: ChasingAc918 ($19.28 in chips)
Seat 6: scorpio04 ($161.64 in chips)
scorpio04: posts small blind $1
ChasingAc918: posts big blind $3
*** HOLE CARDS ***
scorpio04: folds
Uncalled bet ($2) returned to ChasingAc918
ChasingAc918 collected $2 from pot
ChasingAc918: doesn't show hand
*** SUMMARY ***
Total pot $2 | Rake $0
Seat 5: ChasingAc918 (big blind) collected ($2)
Seat 6: scorpio04 (button) (small blind) folded before Flop


PokerStars Hand #171867370910:  Hold'em Limit ($3/$6 USD) - 2017/06/16 19:33:05 ET
Table 'Avior' 6-max Seat #5 is the button
Seat 5: ChasingAc918 ($20.28 in chips)
Seat 6: scorpio04 ($160.64 in chips)
ChasingAc918: posts small blind $1
scorpio04: posts big blind $3
*** HOLE CARDS ***
ChasingAc918: folds
Uncalled bet ($2) returned to scorpio04
scorpio04 collected $2 from pot
scorpio04: doesn't show hand
*** SUMMARY ***
Total pot $2 | Rake $0
Seat 5: ChasingAc918 (button) (small blind) folded before Flop
Seat 6: scorpio04 (big blind) collected ($2)


PokerStars Hand #171867364526:  Hold'em Limit ($3/$6 USD) - 2017/06/16 19:32:53 ET
Table 'Avior' 6-max Seat #6 is the button
Seat 5: ChasingAc918 ($19.28 in chips)
Seat 6: scorpio04 ($161.64 in chips)
scorpio04: posts small blind $1
ChasingAc918: posts big blind $3
*** HOLE CARDS ***
scorpio04: folds
Uncalled bet ($2) returned to ChasingAc918
ChasingAc918 collected $2 from pot
ChasingAc918: doesn't show hand
*** SUMMARY ***
Total pot $2 | Rake $0
Seat 5: ChasingAc918 (big blind) collected ($2)
Seat 6: scorpio04 (button) (small blind) folded before Flop


PokerStars Hand #171867427714:  Hold'em Limit ($3/$6 USD) - 2017/06/16 19:34:49 ET
Table 'Avior' 6-max Seat #6 is the button
Seat 5: ChasingAc918 ($7.82 in chips)
Seat 6: scorpio04 ($184 in chips)
scorpio04: posts small blind $1
ChasingAc918: posts big blind $3
*** HOLE CARDS ***
scorpio04: folds
Uncalled bet ($2) returned to ChasingAc918
ChasingAc918 collected $2 from pot
ChasingAc918: doesn't show hand
*** SUMMARY ***
Total pot $2 | Rake $0
Seat 5: ChasingAc918 (big blind) collected ($2)
Seat 6: scorpio04 (button) (small blind) folded before Flop


PokerStars Hand #171867425133:  Hold'em Limit ($3/$6 USD) - 2017/06/16 19:34:44 ET
Table 'Avior' 6-max Seat #5 is the button
Seat 5: ChasingAc918 ($8.82 in chips)
Seat 6: scorpio04 ($183 in chips)
ChasingAc918: posts small blind $1
scorpio04: posts big blind $3
*** HOLE CARDS ***
ChasingAc918: folds
Uncalled bet ($2) returned to scorpio04
scorpio04 collected $2 from pot
scorpio04: doesn't show hand
*** SUMMARY ***
Total pot $2 | Rake $0
Seat 5: ChasingAc918 (button) (small blind) folded before Flop
Seat 6: scorpio04 (big blind) collected ($2)


PokerStars Hand #171867408917:  Hold'em Limit ($3/$6 USD) - 2017/06/16 19:34:14 ET
Table 'Avior' 6-max Seat #6 is the button
Seat 5: ChasingAc918 ($23.82 in chips)
Seat 6: scorpio04 ($168.50 in chips)
scorpio04: posts small blind $1
ChasingAc918: posts big blind $3
*** HOLE CARDS ***
scorpio04: raises $3 to $6
ChasingAc918: calls $3
*** FLOP *** [9d Td 7s]
ChasingAc918: checks
scorpio04: bets $3
ChasingAc918: calls $3
*** TURN *** [9d Td 7s] [3s]
ChasingAc918: checks
scorpio04: bets $6
ChasingAc918: calls $6
*** RIVER *** [9d Td 7s 3s] [Ac]
ChasingAc918: checks
scorpio04: checks
*** SHOW DOWN ***
ChasingAc918: shows [4h 7h] (a pair of Sevens)
scorpio04: shows [Jd 7c] (a pair of Sevens - Ace+Jack kicker)
scorpio04 collected $29.50 from pot
*** SUMMARY ***
Total pot $30 | Rake $0.50
Board [9d Td 7s 3s Ac]
Seat 5: ChasingAc918 (big blind) showed [4h 7h] and lost with a pair of Sevens
Seat 6: scorpio04 (button) (small blind) showed [Jd 7c] and won ($29.50) with a pair of Sevens


PokerStars Hand #171867406532:  Hold'em Limit ($3/$6 USD) - 2017/06/16 19:34:10 ET
Table 'Avior' 6-max Seat #5 is the button
Seat 5: ChasingAc918 ($24.82 in chips)
Seat 6: scorpio04 ($167.50 in chips)
ChasingAc918: posts small blind $1
scorpio04: posts big blind $3
*** HOLE CARDS ***
ChasingAc918: folds
Uncalled bet ($2) returned to scorpio04
scorpio04 collected $2 from pot
scorpio04: doesn't show hand
*** SUMMARY ***
Total pot $2 | Rake $0
Seat 5: ChasingAc918 (button) (small blind) folded before Flop
Seat 6: scorpio04 (big blind) collected ($2)


PokerStars Hand #171867395699:  Hold'em Limit ($3/$6 USD) - 2017/06/16 19:33:50 ET
Table 'Avior' 6-max Seat #6 is the button
Seat 5: ChasingAc918 ($42.82 in chips)
Seat 6: scorpio04 ($150 in chips)
scorpio04: posts small blind $1
ChasingAc918: posts big blind $3
*** HOLE CARDS ***
scorpio04: raises $3 to $6
ChasingAc918: calls $3
*** FLOP *** [Th 9d Qs]
ChasingAc918: checks
scorpio04: checks
*** TURN *** [Th 9d Qs] [Qh]
ChasingAc918: checks
scorpio04: bets $6
ChasingAc918: calls $6
*** RIVER *** [Th 9d Qs Qh] [Ac]
ChasingAc918: checks
scorpio04: bets $6
ChasingAc918: calls $6
*** SHOW DOWN ***
scorpio04: shows [6s Ad] (two pair, Aces and Queens)
ChasingAc918: mucks hand
scorpio04 collected $35.50 from pot
*** SUMMARY ***
Total pot $36 | Rake $0.50
Board [Th 9d Qs Qh Ac]
Seat 5: ChasingAc918 (big blind) mucked
Seat 6: scorpio04 (button) (small blind) showed [6s Ad] and won ($35.50) with two pair, Aces and Queens


PokerStars Hand #171867431963:  Hold'em Limit ($3/$6 USD) - 2017/06/16 19:34:56 ET
Table 'Avior' 6-max Seat #5 is the button
Seat 5: ChasingAc918 ($8.82 in chips)
Seat 6: scorpio04 ($183 in chips)
ChasingAc918: posts small blind $1
scorpio04: posts big blind $3
*** HOLE CARDS ***
ChasingAc918: raises $3 to $6
scorpio04: calls $3
*** FLOP *** [4s Kh 6s]
scorpio04: checks
ChasingAc918: bets $2.82 and is all-in
scorpio04: calls $2.82
*** TURN *** [4s Kh 6s] [7h]
*** RIVER *** [4s Kh 6s 7h] [Kc]
*** SHOW DOWN ***
scorpio04: shows [3h 7c] (two pair, Kings and Sevens)
ChasingAc918: shows [Tc Ah] (a pair of Kings)
scorpio04 collected $17.29 from pot
*** SUMMARY ***
Total pot $17.64 | Rake $0.35
Board [4s Kh 6s 7h Kc]
Seat 5: ChasingAc918 (button) (small blind) showed [Tc Ah] and lost with a pair of Kings
Seat 6: scorpio04 (big blind) showed [3h 7c] and won ($17.29) with two pair, Kings and Sevens


