PokerStars Hand #158182932401:  Hold'em Limit ($3/$6 USD) - 2016/09/05 4:07:52 ET
Table 'Avior II' 6-max Seat #1 is the button
Seat 1: CatPuppy1999 ($199.26 in chips)
Seat 3: ogdealer ($25.94 in chips)
CatPuppy1999: posts small blind $1
ogdealer: posts big blind $3
*** HOLE CARDS ***
CatPuppy1999: raises $3 to $6
ogdealer: folds
Uncalled bet ($3) returned to CatPuppy1999
CatPuppy1999 collected $6 from pot
CatPuppy1999: doesn't show hand
*** SUMMARY ***
Total pot $6 | Rake $0
Seat 1: CatPuppy1999 (button) (small blind) collected ($6)
Seat 3: ogdealer (big blind) folded before Flop


PokerStars Hand #158182926125:  Hold'em Limit ($3/$6 USD) - 2016/09/05 4:07:30 ET
Table 'Avior II' 6-max Seat #3 is the button
Seat 1: CatPuppy1999 ($191.50 in chips)
Seat 3: ogdealer ($33.94 in chips)
ogdealer: posts small blind $1
CatPuppy1999: posts big blind $3
*** HOLE CARDS ***
ogdealer: folds
Uncalled bet ($2) returned to CatPuppy1999
CatPuppy1999 collected $2 from pot
*** SUMMARY ***
Total pot $2 | Rake $0
Seat 1: CatPuppy1999 (big blind) collected ($2)
Seat 3: ogdealer (button) (small blind) folded before Flop


PokerStars Hand #158182924253:  Hold'em Limit ($3/$6 USD) - 2016/09/05 4:07:23 ET
Table 'Avior II' 6-max Seat #1 is the button
Seat 1: CatPuppy1999 ($188.50 in chips)
Seat 3: ogdealer ($36.94 in chips)
CatPuppy1999: posts small blind $1
simper11: is sitting out
ogdealer: posts big blind $3
*** HOLE CARDS ***
CatPuppy1999: raises $3 to $6
ogdealer: folds
Uncalled bet ($3) returned to CatPuppy1999
simper11 leaves the table
CatPuppy1999 collected $6 from pot
CatPuppy1999: doesn't show hand
*** SUMMARY ***
Total pot $6 | Rake $0
Seat 1: CatPuppy1999 (button) (small blind) collected ($6)
Seat 3: ogdealer (big blind) folded before Flop


PokerStars Hand #158182931001:  Hold'em Limit ($3/$6 USD) - 2016/09/05 4:07:47 ET
Table 'Avior II' 6-max Seat #3 is the button
Seat 1: CatPuppy1999 ($198.26 in chips)
Seat 3: ogdealer ($26.94 in chips)
ogdealer: posts small blind $1
CatPuppy1999: posts big blind $3
*** HOLE CARDS ***
ogdealer: folds
Uncalled bet ($2) returned to CatPuppy1999
CatPuppy1999 collected $2 from pot
CatPuppy1999: doesn't show hand
*** SUMMARY ***
Total pot $2 | Rake $0
Seat 1: CatPuppy1999 (big blind) collected ($2)
Seat 3: ogdealer (button) (small blind) folded before Flop


PokerStars Hand #158182927512:  Hold'em Limit ($3/$6 USD) - 2016/09/05 4:07:35 ET
Table 'Avior II' 6-max Seat #1 is the button
Seat 1: CatPuppy1999 ($192.50 in chips)
Seat 3: ogdealer ($32.94 in chips)
CatPuppy1999: posts small blind $1
ogdealer: posts big blind $3
*** HOLE CARDS ***
CatPuppy1999: raises $3 to $6
ogdealer: calls $3
*** FLOP *** [2s Th 3h]
ogdealer: checks
CatPuppy1999: bets $3
ogdealer: folds
Uncalled bet ($3) returned to CatPuppy1999
CatPuppy1999 collected $11.76 from pot
CatPuppy1999: doesn't show hand
*** SUMMARY ***
Total pot $12 | Rake $0.24
Board [2s Th 3h]
Seat 1: CatPuppy1999 (button) (small blind) collected ($11.76)
Seat 3: ogdealer (big blind) folded on the Flop


PokerStars Hand #158182933863:  Hold'em Limit ($3/$6 USD) - 2016/09/05 4:07:57 ET
Table 'Avior II' 6-max Seat #3 is the button
Seat 1: CatPuppy1999 ($202.26 in chips)
Seat 3: ogdealer ($22.94 in chips)
ogdealer: posts small blind $1
CatPuppy1999: posts big blind $3
*** HOLE CARDS ***
ogdealer: calls $2
CatPuppy1999: checks
*** FLOP *** [Tc 5h 6h]
CatPuppy1999: checks
ogdealer: bets $3
CatPuppy1999: calls $3
*** TURN *** [Tc 5h 6h] [Qc]
CatPuppy1999: checks
ogdealer: checks
*** RIVER *** [Tc 5h 6h Qc] [9s]
CatPuppy1999: checks
ogdealer: checks
*** SHOW DOWN ***
CatPuppy1999: shows [3c As] (high card Ace)
ogdealer: shows [Ad 3d] (high card Ace)
CatPuppy1999 collected $5.88 from pot
ogdealer collected $5.88 from pot
*** SUMMARY ***
Total pot $12 | Rake $0.24
Board [Tc 5h 6h Qc 9s]
Seat 1: CatPuppy1999 (big blind) showed [3c As] and won ($5.88) with high card Ace
Seat 3: ogdealer (button) (small blind) showed [Ad 3d] and won ($5.88) with high card Ace


PokerStars Hand #158182948637:  Hold'em Limit ($3/$6 USD) - 2016/09/05 4:08:50 ET
Table 'Avior II' 6-max Seat #3 is the button
Seat 1: CatPuppy1999 ($187.14 in chips)
Seat 3: ogdealer ($37.32 in chips)
ogdealer: posts small blind $1
CatPuppy1999: posts big blind $3
*** HOLE CARDS ***
ogdealer: calls $2
CatPuppy1999: raises $3 to $6
ogdealer: calls $3
*** FLOP *** [2c 7s Jc]
CatPuppy1999: bets $3
ogdealer: calls $3
*** TURN *** [2c 7s Jc] [Qh]
CatPuppy1999: bets $6
ogdealer: folds
Uncalled bet ($6) returned to CatPuppy1999
CatPuppy1999 collected $17.64 from pot
CatPuppy1999: doesn't show hand
*** SUMMARY ***
Total pot $18 | Rake $0.36
Board [2c 7s Jc Qh]
Seat 1: CatPuppy1999 (big blind) collected ($17.64)
Seat 3: ogdealer (button) (small blind) folded on the Turn


PokerStars Hand #158182952939:  Hold'em Limit ($3/$6 USD) - 2016/09/05 4:09:05 ET
Table 'Avior II' 6-max Seat #1 is the button
Seat 1: CatPuppy1999 ($195.78 in chips)
Seat 3: ogdealer ($28.32 in chips)
CatPuppy1999: posts small blind $1
ogdealer: posts big blind $3
*** HOLE CARDS ***
CatPuppy1999: raises $3 to $6
ogdealer: calls $3
*** FLOP *** [9d 2s Tc]
ogdealer: checks
CatPuppy1999: bets $3
ogdealer: folds
Uncalled bet ($3) returned to CatPuppy1999
CatPuppy1999 collected $11.76 from pot
CatPuppy1999: doesn't show hand
*** SUMMARY ***
Total pot $12 | Rake $0.24
Board [9d 2s Tc]
Seat 1: CatPuppy1999 (button) (small blind) collected ($11.76)
Seat 3: ogdealer (big blind) folded on the Flop


PokerStars Hand #158182943466:  Hold'em Limit ($3/$6 USD) - 2016/09/05 4:08:31 ET
Table 'Avior II' 6-max Seat #1 is the button
Seat 1: CatPuppy1999 ($202.14 in chips)
Seat 3: ogdealer ($22.82 in chips)
CatPuppy1999: posts small blind $1
ogdealer: posts big blind $3
*** HOLE CARDS ***
CatPuppy1999: raises $3 to $6
ogdealer: calls $3
*** FLOP *** [3h As 8d]
ogdealer: checks
CatPuppy1999: bets $3
ogdealer: calls $3
*** TURN *** [3h As 8d] [6s]
ogdealer: checks
CatPuppy1999: checks
*** RIVER *** [3h As 8d 6s] [Qc]
ogdealer: bets $6
CatPuppy1999: calls $6
*** SHOW DOWN ***
ogdealer: shows [Ac 4c] (a pair of Aces)
CatPuppy1999: mucks hand
ogdealer collected $29.50 from pot
*** SUMMARY ***
Total pot $30 | Rake $0.50
Board [3h As 8d 6s Qc]
Seat 1: CatPuppy1999 (button) (small blind) mucked
Seat 3: ogdealer (big blind) showed [Ac 4c] and won ($29.50) with a pair of Aces


PokerStars Hand #158182962724:  Hold'em Limit ($3/$6 USD) - 2016/09/05 4:09:40 ET
Table 'Avior II' 6-max Seat #3 is the button
Seat 1: CatPuppy1999 ($207.42 in chips)
Seat 3: ogdealer ($16.32 in chips)
ogdealer: posts small blind $1
CatPuppy1999: posts big blind $3
*** HOLE CARDS ***
ogdealer: folds
Uncalled bet ($2) returned to CatPuppy1999
CatPuppy1999 collected $2 from pot
CatPuppy1999: doesn't show hand
*** SUMMARY ***
Total pot $2 | Rake $0
Seat 1: CatPuppy1999 (big blind) collected ($2)
Seat 3: ogdealer (button) (small blind) folded before Flop


PokerStars Hand #158182961281:  Hold'em Limit ($3/$6 USD) - 2016/09/05 4:09:35 ET
Table 'Avior II' 6-max Seat #1 is the button
Seat 1: CatPuppy1999 ($204.42 in chips)
Seat 3: ogdealer ($19.32 in chips)
CatPuppy1999: posts small blind $1
ogdealer: posts big blind $3
*** HOLE CARDS ***
CatPuppy1999: raises $3 to $6
ogdealer: folds
Uncalled bet ($3) returned to CatPuppy1999
CatPuppy1999 collected $6 from pot
CatPuppy1999: doesn't show hand
*** SUMMARY ***
Total pot $6 | Rake $0
Seat 1: CatPuppy1999 (button) (small blind) collected ($6)
Seat 3: ogdealer (big blind) folded before Flop


PokerStars Hand #158182965563:  Hold'em Limit ($3/$6 USD) - 2016/09/05 4:09:50 ET
Table 'Avior II' 6-max Seat #3 is the button
Seat 1: CatPuppy1999 ($207.42 in chips)
Seat 3: ogdealer ($16.32 in chips)
ogdealer: posts small blind $1
CatPuppy1999: posts big blind $3
*** HOLE CARDS ***
ogdealer: folds
Uncalled bet ($2) returned to CatPuppy1999
CatPuppy1999 collected $2 from pot
CatPuppy1999: doesn't show hand
*** SUMMARY ***
Total pot $2 | Rake $0
Seat 1: CatPuppy1999 (big blind) collected ($2)
Seat 3: ogdealer (button) (small blind) folded before Flop


PokerStars Hand #158182964016:  Hold'em Limit ($3/$6 USD) - 2016/09/05 4:09:44 ET
Table 'Avior II' 6-max Seat #1 is the button
Seat 1: CatPuppy1999 ($208.42 in chips)
Seat 3: ogdealer ($15.32 in chips)
CatPuppy1999: posts small blind $1
ogdealer: posts big blind $3
*** HOLE CARDS ***
CatPuppy1999: folds
Uncalled bet ($2) returned to ogdealer
ogdealer collected $2 from pot
ogdealer: doesn't show hand
*** SUMMARY ***
Total pot $2 | Rake $0
Seat 1: CatPuppy1999 (button) (small blind) folded before Flop
Seat 3: ogdealer (big blind) collected ($2)


PokerStars Hand #158182968301:  Hold'em Limit ($3/$6 USD) - 2016/09/05 4:09:59 ET
Table 'Avior II' 6-max Seat #3 is the button
Seat 1: CatPuppy1999 ($207.42 in chips)
Seat 3: ogdealer ($16.32 in chips)
ogdealer: posts small blind $1
CatPuppy1999: posts big blind $3
*** HOLE CARDS ***
ogdealer: folds
Uncalled bet ($2) returned to CatPuppy1999
CatPuppy1999 collected $2 from pot
CatPuppy1999: doesn't show hand
*** SUMMARY ***
Total pot $2 | Rake $0
Seat 1: CatPuppy1999 (big blind) collected ($2)
Seat 3: ogdealer (button) (small blind) folded before Flop


PokerStars Hand #158182966961:  Hold'em Limit ($3/$6 USD) - 2016/09/05 4:09:55 ET
Table 'Avior II' 6-max Seat #1 is the button
Seat 1: CatPuppy1999 ($208.42 in chips)
Seat 3: ogdealer ($15.32 in chips)
CatPuppy1999: posts small blind $1
ogdealer: posts big blind $3
*** HOLE CARDS ***
CatPuppy1999: folds
Uncalled bet ($2) returned to ogdealer
ogdealer collected $2 from pot
ogdealer: doesn't show hand
*** SUMMARY ***
Total pot $2 | Rake $0
Seat 1: CatPuppy1999 (button) (small blind) folded before Flop
Seat 3: ogdealer (big blind) collected ($2)


PokerStars Hand #158182957108:  Hold'em Limit ($3/$6 USD) - 2016/09/05 4:09:20 ET
Table 'Avior II' 6-max Seat #3 is the button
Seat 1: CatPuppy1999 ($201.54 in chips)
Seat 3: ogdealer ($22.32 in chips)
ogdealer: posts small blind $1
CatPuppy1999: posts big blind $3
*** HOLE CARDS ***
ogdealer: calls $2
CatPuppy1999: checks
*** FLOP *** [3h As Ts]
CatPuppy1999: checks
ogdealer: checks
*** TURN *** [3h As Ts] [Tc]
CatPuppy1999: checks
ogdealer: checks
*** RIVER *** [3h As Ts Tc] [5d]
CatPuppy1999: bets $6
ogdealer: folds
Uncalled bet ($6) returned to CatPuppy1999
CatPuppy1999 collected $5.88 from pot
CatPuppy1999: doesn't show hand
*** SUMMARY ***
Total pot $6 | Rake $0.12
Board [3h As Ts Tc 5d]
Seat 1: CatPuppy1999 (big blind) collected ($5.88)
Seat 3: ogdealer (button) (small blind) folded on the River


PokerStars Hand #158182971241:  Hold'em Limit ($3/$6 USD) - 2016/09/05 4:10:10 ET
Table 'Avior II' 6-max Seat #3 is the button
Seat 1: CatPuppy1999 ($211.42 in chips)
Seat 3: ogdealer ($12.32 in chips)
ogdealer: posts small blind $1
CatPuppy1999: posts big blind $3
*** HOLE CARDS ***
ogdealer: folds
Uncalled bet ($2) returned to CatPuppy1999
CatPuppy1999 collected $2 from pot
CatPuppy1999: doesn't show hand
*** SUMMARY ***
Total pot $2 | Rake $0
Seat 1: CatPuppy1999 (big blind) collected ($2)
Seat 3: ogdealer (button) (small blind) folded before Flop


PokerStars Hand #158182969662:  Hold'em Limit ($3/$6 USD) - 2016/09/05 4:10:04 ET
Table 'Avior II' 6-max Seat #1 is the button
Seat 1: CatPuppy1999 ($208.42 in chips)
Seat 3: ogdealer ($15.32 in chips)
CatPuppy1999: posts small blind $1
ogdealer: posts big blind $3
*** HOLE CARDS ***
CatPuppy1999: raises $3 to $6
ogdealer: folds
Uncalled bet ($3) returned to CatPuppy1999
CatPuppy1999 collected $6 from pot
CatPuppy1999: doesn't show hand
*** SUMMARY ***
Total pot $6 | Rake $0
Seat 1: CatPuppy1999 (button) (small blind) collected ($6)
Seat 3: ogdealer (big blind) folded before Flop


PokerStars Hand #158182972601:  Hold'em Limit ($3/$6 USD) - 2016/09/05 4:10:15 ET
Table 'Avior II' 6-max Seat #1 is the button
Seat 1: CatPuppy1999 ($212.42 in chips)
Seat 3: ogdealer ($11.32 in chips)
CatPuppy1999: posts small blind $1
ogdealer: posts big blind $3
*** HOLE CARDS ***
CatPuppy1999: raises $3 to $6
ogdealer: raises $3 to $9
CatPuppy1999: raises $3 to $12
Betting is capped
ogdealer: calls $2.32 and is all-in
Uncalled bet ($0.68) returned to CatPuppy1999
*** FLOP *** [4s 5s Th]
*** TURN *** [4s 5s Th] [3c]
*** RIVER *** [4s 5s Th 3c] [Js]
*** SHOW DOWN ***
ogdealer: shows [Ah 4h] (a pair of Fours)
CatPuppy1999: shows [Tc Jd] (two pair, Jacks and Tens)
CatPuppy1999 collected $22.19 from pot
*** SUMMARY ***
Total pot $22.64 | Rake $0.45
Board [4s 5s Th 3c Js]
Seat 1: CatPuppy1999 (button) (small blind) showed [Tc Jd] and won ($22.19) with two pair, Jacks and Tens
Seat 3: ogdealer (big blind) showed [Ah 4h] and lost with a pair of Fours


