PokerStars Hand #157595048621:  Hold'em Limit ($3/$6 USD) - 2016/08/22 10:02:38 ET
Table 'Azaleh II' 6-max Seat #1 is the button
Seat 1: Velbor107 ($300 in chips)
Seat 3: Ultrafranke ($120 in chips)
Velbor107: posts small blind $1
Ultrafranke: posts big blind $3
*** HOLE CARDS ***
Velbor107: raises $3 to $6
Ultrafranke: calls $3
*** FLOP *** [Jd Kh 4d]
Ultrafranke: checks
Velbor107: bets $3
Ultrafranke: calls $3
*** TURN *** [Jd Kh 4d] [2s]
Ultrafranke: checks
Velbor107: checks
*** RIVER *** [Jd Kh 4d 2s] [Ks]
Ultrafranke: bets $6
Velbor107: folds
Uncalled bet ($6) returned to Ultrafranke
Ultrafranke collected $17.64 from pot
*** SUMMARY ***
Total pot $18 | Rake $0.36
Board [Jd Kh 4d 2s Ks]
Seat 1: Velbor107 (button) (small blind) folded on the River
Seat 3: Ultrafranke (big blind) collected ($17.64)


PokerStars Hand #157595046060:  Hold'em Limit ($3/$6 USD) - 2016/08/22 10:02:33 ET
Table 'Azaleh II' 6-max Seat #3 is the button
Seat 1: Velbor107 ($299 in chips)
Seat 3: Ultrafranke ($121 in chips)
Ultrafranke: posts small blind $1
Velbor107: posts big blind $3
*** HOLE CARDS ***
Ultrafranke: folds
Uncalled bet ($2) returned to Velbor107
Velbor107 collected $2 from pot
*** SUMMARY ***
Total pot $2 | Rake $0
Seat 1: Velbor107 (big blind) collected ($2)
Seat 3: Ultrafranke (button) (small blind) folded before Flop


PokerStars Hand #157595036725:  Hold'em Limit ($3/$6 USD) - 2016/08/22 10:02:16 ET
Table 'Azaleh II' 6-max Seat #1 is the button
Seat 1: Velbor107 ($300 in chips)
Seat 3: Ultrafranke ($120 in chips)
Velbor107: posts small blind $1
Ultrafranke: posts big blind $3
*** HOLE CARDS ***
Velbor107: folds
Uncalled bet ($2) returned to Ultrafranke
Ultrafranke collected $2 from pot
*** SUMMARY ***
Total pot $2 | Rake $0
Seat 1: Velbor107 (button) (small blind) folded before Flop
Seat 3: Ultrafranke (big blind) collected ($2)


PokerStars Hand #157595816374:  Hold'em Limit ($3/$6 USD) - 2016/08/22 10:25:36 ET
Table 'Azaleh II' 6-max Seat #4 is the button
Seat 1: Velbor107 ($291 in chips)
Seat 4: gazzzzzza ($52.97 in chips)
gazzzzzza: posts small blind $1
Velbor107: posts big blind $3
*** HOLE CARDS ***
gazzzzzza: folds
Uncalled bet ($2) returned to Velbor107
Velbor107 collected $2 from pot
*** SUMMARY ***
Total pot $2 | Rake $0
Seat 1: Velbor107 (big blind) collected ($2)
Seat 4: gazzzzzza (button) (small blind) folded before Flop


PokerStars Hand #157595827143:  Hold'em Limit ($3/$6 USD) - 2016/08/22 10:25:55 ET
Table 'Azaleh II' 6-max Seat #4 is the button
Seat 1: Velbor107 ($291 in chips)
Seat 4: gazzzzzza ($52.97 in chips)
gazzzzzza: posts small blind $1
Velbor107: posts big blind $3
*** HOLE CARDS ***
gazzzzzza: folds
Uncalled bet ($2) returned to Velbor107
Velbor107 collected $2 from pot
*** SUMMARY ***
Total pot $2 | Rake $0
Seat 1: Velbor107 (big blind) collected ($2)
Seat 4: gazzzzzza (button) (small blind) folded before Flop


PokerStars Hand #157595821940:  Hold'em Limit ($3/$6 USD) - 2016/08/22 10:25:45 ET
Table 'Azaleh II' 6-max Seat #1 is the button
Seat 1: Velbor107 ($292 in chips)
Seat 4: gazzzzzza ($51.97 in chips)
Tsoy777 joins the table at seat #3
Velbor107: posts small blind $1
gazzzzzza: posts big blind $3
*** HOLE CARDS ***
Velbor107: folds
Uncalled bet ($2) returned to gazzzzzza
gazzzzzza collected $2 from pot
*** SUMMARY ***
Total pot $2 | Rake $0
Seat 1: Velbor107 (button) (small blind) folded before Flop
Seat 4: gazzzzzza (big blind) collected ($2)


PokerStars Hand #157596538532:  Hold'em Limit ($3/$6 USD) - 2016/08/22 10:46:53 ET
Table 'Azaleh II' 6-max Seat #3 is the button
Seat 1: Velbor107 ($240.23 in chips)
Seat 3: Ultrafranke ($386.59 in chips)
Ultrafranke: posts small blind $1
Emin koc leaves the table
Velbor107: posts big blind $3
*** HOLE CARDS ***
Ultrafranke: raises $3 to $6
Velbor107: calls $3
*** FLOP *** [Ks 4h 8d]
Velbor107: checks
Ultrafranke: checks
*** TURN *** [Ks 4h 8d] [6c]
Velbor107: bets $6
Ultrafranke: calls $6
*** RIVER *** [Ks 4h 8d 6c] [Tc]
Velbor107: checks
Ultrafranke: checks
*** SHOW DOWN ***
Velbor107: shows [Jc 9d] (high card King)
Ultrafranke: shows [5c 5s] (a pair of Fives)
Ultrafranke collected $23.52 from pot
*** SUMMARY ***
Total pot $24 | Rake $0.48
Board [Ks 4h 8d 6c Tc]
Seat 1: Velbor107 (big blind) showed [Jc 9d] and lost with high card King
Seat 3: Ultrafranke (button) (small blind) showed [5c 5s] and won ($23.52) with a pair of Fives


