PokerStars Hand #149627093512:  Hold'em Limit ($3/$6 USD) - 2016/02/29 14:36:13 ET
Table 'Azaleh II' 6-max Seat #5 is the button
Seat 1: flex331969 ($259.62 in chips)
Seat 5: AzureCaper ($77.76 in chips)
AzureCaper: posts small blind $1
flex331969: posts big blind $3
*** HOLE CARDS ***
AzureCaper: raises $3 to $6
flex331969: calls $3
*** FLOP *** [8h 4s Ac]
flex331969: checks
AzureCaper: bets $3
flex331969: calls $3
*** TURN *** [8h 4s Ac] [7d]
flex331969: checks
AzureCaper: bets $6
flex331969: calls $6
*** RIVER *** [8h 4s Ac 7d] [7c]
flex331969: checks
AzureCaper: bets $6
flex331969: calls $6
*** SHOW DOWN ***
AzureCaper: shows [As 7s] (a full house, Sevens full of Aces)
flex331969: mucks hand
AzureCaper collected $41.50 from pot
*** SUMMARY ***
Total pot $42 | Rake $0.50
Board [8h 4s Ac 7d 7c]
Seat 1: flex331969 (big blind) mucked
Seat 5: AzureCaper (button) (small blind) showed [As 7s] and won ($41.50) with a full house, Sevens full of Aces


PokerStars Hand #149627079195:  Hold'em Limit ($3/$6 USD) - 2016/02/29 14:35:59 ET
Table 'Azaleh II' 6-max Seat #1 is the button
Seat 1: flex331969 ($265.62 in chips)
Seat 5: AzureCaper ($72 in chips)
flex331969: posts small blind $1
AzureCaper: posts big blind $3
*** HOLE CARDS ***
flex331969: raises $3 to $6
AzureCaper: calls $3
*** FLOP *** [3h 4s Js]
AzureCaper: checks
flex331969: checks
*** TURN *** [3h 4s Js] [4h]
AzureCaper: bets $6
flex331969: folds
Uncalled bet ($6) returned to AzureCaper
AzureCaper collected $11.76 from pot
AzureCaper: doesn't show hand
*** SUMMARY ***
Total pot $12 | Rake $0.24
Board [3h 4s Js 4h]
Seat 1: flex331969 (button) (small blind) folded on the Turn
Seat 5: AzureCaper (big blind) collected ($11.76)


PokerStars Hand #149627073565:  Hold'em Limit ($3/$6 USD) - 2016/02/29 14:35:54 ET
Table 'Azaleh II' 6-max Seat #5 is the button
Seat 1: flex331969 ($264.62 in chips)
Seat 5: AzureCaper ($73 in chips)
AzureCaper: posts small blind $1
flex331969: posts big blind $3
*** HOLE CARDS ***
AzureCaper: folds
Uncalled bet ($2) returned to flex331969
flex331969 collected $2 from pot
flex331969: doesn't show hand
*** SUMMARY ***
Total pot $2 | Rake $0
Seat 1: flex331969 (big blind) collected ($2)
Seat 5: AzureCaper (button) (small blind) folded before Flop


PokerStars Hand #149627067334:  Hold'em Limit ($3/$6 USD) - 2016/02/29 14:35:48 ET
Table 'Azaleh II' 6-max Seat #1 is the button
Seat 1: flex331969 ($261.62 in chips)
Seat 5: AzureCaper ($76 in chips)
flex331969: posts small blind $1
AzureCaper: posts big blind $3
*** HOLE CARDS ***
flex331969: raises $3 to $6
AzureCaper: folds
Uncalled bet ($3) returned to flex331969
flex331969 collected $6 from pot
flex331969: doesn't show hand
*** SUMMARY ***
Total pot $6 | Rake $0
Seat 1: flex331969 (button) (small blind) collected ($6)
Seat 5: AzureCaper (big blind) folded before Flop


PokerStars Hand #149627161868:  Hold'em Limit ($3/$6 USD) - 2016/02/29 14:37:17 ET
Table 'Azaleh II' 6-max Seat #1 is the button
Seat 1: flex331969 ($229.14 in chips)
Seat 5: AzureCaper ($106.76 in chips)
flex331969: posts small blind $1
AzureCaper: posts big blind $3
*** HOLE CARDS ***
flex331969: raises $3 to $6
AzureCaper: calls $3
*** FLOP *** [Ah 3h Th]
Puzanchik 11 joins the table at seat #3
AzureCaper: checks
flex331969: bets $3
AzureCaper: calls $3
*** TURN *** [Ah 3h Th] [Ac]
AzureCaper: checks
flex331969: checks
*** RIVER *** [Ah 3h Th Ac] [Jd]
AzureCaper: checks
flex331969: bets $6
AzureCaper: calls $6
*** SHOW DOWN ***
flex331969: shows [6d 7h] (a pair of Aces)
AzureCaper: shows [9d Tc] (two pair, Aces and Tens)
AzureCaper collected $29.50 from pot
*** SUMMARY ***
Total pot $30 | Rake $0.50
Board [Ah 3h Th Ac Jd]
Seat 1: flex331969 (button) (small blind) showed [6d 7h] and lost with a pair of Aces
Seat 5: AzureCaper (big blind) showed [9d Tc] and won ($29.50) with two pair, Aces and Tens


PokerStars Hand #149627139272:  Hold'em Limit ($3/$6 USD) - 2016/02/29 14:36:56 ET
Table 'Azaleh II' 6-max Seat #5 is the button
Seat 1: flex331969 ($217.62 in chips)
Seat 5: AzureCaper ($118.76 in chips)
AzureCaper: posts small blind $1
flex331969: posts big blind $3
*** HOLE CARDS ***
AzureCaper: raises $3 to $6
flex331969: calls $3
*** FLOP *** [4h Ah As]
flex331969: checks
AzureCaper: bets $3
flex331969: raises $3 to $6
AzureCaper: calls $3
*** TURN *** [4h Ah As] [7h]
flex331969: bets $6
AzureCaper: folds
Uncalled bet ($6) returned to flex331969
flex331969 collected $23.52 from pot
flex331969: doesn't show hand
*** SUMMARY ***
Total pot $24 | Rake $0.48
Board [4h Ah As 7h]
Seat 1: flex331969 (big blind) collected ($23.52)
Seat 5: AzureCaper (button) (small blind) folded on the Turn


PokerStars Hand #149627119317:  Hold'em Limit ($3/$6 USD) - 2016/02/29 14:36:37 ET
Table 'Azaleh II' 6-max Seat #1 is the button
Seat 1: flex331969 ($238.62 in chips)
Seat 5: AzureCaper ($98.26 in chips)
flex331969: posts small blind $1
AzureCaper: posts big blind $3
*** HOLE CARDS ***
flex331969: raises $3 to $6
AzureCaper: calls $3
*** FLOP *** [9d 9c 2h]
AzureCaper: checks
flex331969: bets $3
AzureCaper: calls $3
*** TURN *** [9d 9c 2h] [6d]
AzureCaper: checks
flex331969: bets $6
AzureCaper: calls $6
*** RIVER *** [9d 9c 2h 6d] [4d]
AzureCaper: checks
flex331969: bets $6
AzureCaper: raises $6 to $12
flex331969: folds
Uncalled bet ($6) returned to AzureCaper
AzureCaper collected $41.50 from pot
AzureCaper: doesn't show hand
*** SUMMARY ***
Total pot $42 | Rake $0.50
Board [9d 9c 2h 6d 4d]
Seat 1: flex331969 (button) (small blind) folded on the River
Seat 5: AzureCaper (big blind) collected ($41.50)


PokerStars Hand #149627181442:  Hold'em Limit ($3/$6 USD) - 2016/02/29 14:37:36 ET
Table 'Azaleh II' 6-max Seat #5 is the button
Seat 1: flex331969 ($214.14 in chips)
Seat 5: AzureCaper ($121.26 in chips)
AzureCaper: posts small blind $1
flex331969: posts big blind $3
*** HOLE CARDS ***
AzureCaper: raises $3 to $6
flex331969: calls $3
*** FLOP *** [5s Tc Js]
flex331969: checks
AzureCaper: bets $3
flex331969: folds
Uncalled bet ($3) returned to AzureCaper
AzureCaper collected $11.76 from pot
AzureCaper: doesn't show hand
*** SUMMARY ***
Total pot $12 | Rake $0.24
Board [5s Tc Js]
Seat 1: flex331969 (big blind) folded on the Flop
Seat 5: AzureCaper (button) (small blind) collected ($11.76)


PokerStars Hand #149627874207:  Hold'em Limit ($3/$6 USD) - 2016/02/29 14:48:28 ET
Table 'Azaleh II' 6-max Seat #4 is the button
Seat 4: Azrarn ($138.20 in chips)
Seat 6: MaulR ($121.47 in chips)
Azrarn: posts small blind $1
AzureCaper: is sitting out
MaulR: posts big blind $3
*** HOLE CARDS ***
AzureCaper leaves the table
Azrarn: raises $3 to $6
MaulR: calls $3
*** FLOP *** [Qs Tc 3d]
MaulR: checks
Azrarn: bets $3
MaulR: folds
Uncalled bet ($3) returned to Azrarn
Azrarn collected $11.76 from pot
Azrarn: doesn't show hand
*** SUMMARY ***
Total pot $12 | Rake $0.24
Board [Qs Tc 3d]
Seat 4: Azrarn (button) (small blind) collected ($11.76)
Seat 6: MaulR (big blind) folded on the Flop


