PokerStars Hand #154042398311:  Hold'em Limit ($3/$6 USD) - 2016/05/30 7:39:30 ET
Table 'Azaleh' 6-max Seat #2 is the button
Seat 1: kicksnarehat ($45.97 in chips)
Seat 2: tomte999 ($118.24 in chips)
tomte999: posts small blind $1
kicksnarehat: posts big blind $3
*** HOLE CARDS ***
tomte999: folds
Uncalled bet ($2) returned to kicksnarehat
kicksnarehat collected $2 from pot
*** SUMMARY ***
Total pot $2 | Rake $0
Seat 1: kicksnarehat (big blind) collected ($2)
Seat 2: tomte999 (button) (small blind) folded before Flop


PokerStars Hand #154042409070:  Hold'em Limit ($3/$6 USD) - 2016/05/30 7:39:52 ET
Table 'Azaleh' 6-max Seat #1 is the button
Seat 1: kicksnarehat ($46.97 in chips)
Seat 6: MTails ($120 in chips)
kicksnarehat: posts small blind $1
MTails: posts big blind $3
*** HOLE CARDS ***
kicksnarehat: raises $3 to $6
MTails: calls $3
*** FLOP *** [Ts Ac Jh]
MTails: checks
kicksnarehat: bets $3
MTails: raises $3 to $6
kicksnarehat: calls $3
*** TURN *** [Ts Ac Jh] [Qc]
MTails: checks
kicksnarehat: checks
*** RIVER *** [Ts Ac Jh Qc] [Ah]
MTails: bets $6
kicksnarehat: calls $6
*** SHOW DOWN ***
MTails: shows [Ad 4c] (three of a kind, Aces)
kicksnarehat: shows [9s As] (three of a kind, Aces)
MTails collected $17.75 from pot
kicksnarehat collected $17.75 from pot
*** SUMMARY ***
Total pot $36 | Rake $0.50
Board [Ts Ac Jh Qc Ah]
Seat 1: kicksnarehat (button) (small blind) showed [9s As] and won ($17.75) with three of a kind, Aces
Seat 6: MTails (big blind) showed [Ad 4c] and won ($17.75) with three of a kind, Aces


PokerStars Hand #154042421795:  Hold'em Limit ($3/$6 USD) - 2016/05/30 7:40:19 ET
Table 'Azaleh' 6-max Seat #6 is the button
Seat 1: kicksnarehat ($46.72 in chips)
Seat 6: MTails ($119.75 in chips)
MTails: posts small blind $1
kicksnarehat: posts big blind $3
*** HOLE CARDS ***
MTails: raises $3 to $6
kicksnarehat: calls $3
*** FLOP *** [Kh Ts Ks]
kicksnarehat: checks
MTails: bets $3
kicksnarehat: calls $3
*** TURN *** [Kh Ts Ks] [6d]
kicksnarehat: checks
MTails: checks
*** RIVER *** [Kh Ts Ks 6d] [7d]
kicksnarehat: bets $6
MTails: calls $6
*** SHOW DOWN ***
kicksnarehat: shows [7s Qh] (two pair, Kings and Sevens)
MTails: mucks hand
kicksnarehat collected $29.50 from pot
*** SUMMARY ***
Total pot $30 | Rake $0.50
Board [Kh Ts Ks 6d 7d]
Seat 1: kicksnarehat (big blind) showed [7s Qh] and won ($29.50) with two pair, Kings and Sevens
Seat 6: MTails (button) (small blind) mucked


PokerStars Hand #154042453622:  Hold'em Limit ($3/$6 USD) - 2016/05/30 7:41:25 ET
Table 'Azaleh' 6-max Seat #1 is the button
Seat 1: kicksnarehat ($25.22 in chips)
Seat 6: MTails ($139.75 in chips)
kicksnarehat: posts small blind $1
MTails: posts big blind $3
*** HOLE CARDS ***
kicksnarehat: raises $3 to $6
MTails: raises $3 to $9
kicksnarehat: calls $3
*** FLOP *** [2c 9d 5c]
MTails: bets $3
kicksnarehat: calls $3
*** TURN *** [2c 9d 5c] [4c]
MTails: bets $6
kicksnarehat: raises $6 to $12
MTails: raises $6 to $18
kicksnarehat: calls $1.22 and is all-in
Uncalled bet ($4.78) returned to MTails
*** RIVER *** [2c 9d 5c 4c] [Ah]
*** SHOW DOWN ***
MTails: shows [9h Kc] (a pair of Nines)
kicksnarehat: shows [4d Ac] (two pair, Aces and Fours)
kicksnarehat collected $49.94 from pot
*** SUMMARY ***
Total pot $50.44 | Rake $0.50
Board [2c 9d 5c 4c Ah]
Seat 1: kicksnarehat (button) (small blind) showed [4d Ac] and won ($49.94) with two pair, Aces and Fours
Seat 6: MTails (big blind) showed [9h Kc] and lost with a pair of Nines


PokerStars Hand #154042430766:  Hold'em Limit ($3/$6 USD) - 2016/05/30 7:40:38 ET
Table 'Azaleh' 6-max Seat #1 is the button
Seat 1: kicksnarehat ($61.22 in chips)
Seat 6: MTails ($104.75 in chips)
kicksnarehat: posts small blind $1
MTails: posts big blind $3
*** HOLE CARDS ***
kicksnarehat: raises $3 to $6
MTails: raises $3 to $9
kicksnarehat: calls $3
*** FLOP *** [9h Js 4h]
MTails: bets $3
kicksnarehat: calls $3
*** TURN *** [9h Js 4h] [6d]
MTails: checks
kicksnarehat: bets $6
MTails: raises $6 to $12
kicksnarehat: folds
Uncalled bet ($6) returned to MTails
MTails collected $35.50 from pot
MTails: doesn't show hand
*** SUMMARY ***
Total pot $36 | Rake $0.50
Board [9h Js 4h 6d]
Seat 1: kicksnarehat (button) (small blind) folded on the Turn
Seat 6: MTails (big blind) collected ($35.50)


PokerStars Hand #154042443525:  Hold'em Limit ($3/$6 USD) - 2016/05/30 7:41:04 ET
Table 'Azaleh' 6-max Seat #6 is the button
Seat 1: kicksnarehat ($43.22 in chips)
Seat 6: MTails ($122.25 in chips)
MTails: posts small blind $1
kicksnarehat: posts big blind $3
*** HOLE CARDS ***
MTails: raises $3 to $6
kicksnarehat: calls $3
*** FLOP *** [6s 7h Kc]
kicksnarehat: checks
MTails: bets $3
kicksnarehat: raises $3 to $6
MTails: calls $3
*** TURN *** [6s 7h Kc] [8d]
kicksnarehat: bets $6
MTails: calls $6
*** RIVER *** [6s 7h Kc 8d] [As]
kicksnarehat: checks
MTails: checks
*** SHOW DOWN ***
kicksnarehat: shows [5c Tc] (high card Ace)
MTails: shows [7d Js] (a pair of Sevens)
MTails collected $35.50 from pot
*** SUMMARY ***
Total pot $36 | Rake $0.50
Board [6s 7h Kc 8d As]
Seat 1: kicksnarehat (big blind) showed [5c Tc] and lost with high card Ace
Seat 6: MTails (button) (small blind) showed [7d Js] and won ($35.50) with a pair of Sevens


PokerStars Hand #154042473089:  Hold'em Limit ($3/$6 USD) - 2016/05/30 7:42:06 ET
Table 'Azaleh' 6-max Seat #1 is the button
Seat 1: kicksnarehat ($73.44 in chips)
Seat 6: MTails ($90.53 in chips)
kicksnarehat: posts small blind $1
MTails: posts big blind $3
*** HOLE CARDS ***
kicksnarehat: raises $3 to $6
MTails: calls $3
*** FLOP *** [4d 9h 4c]
MTails: checks
kicksnarehat: bets $3
MTails: raises $3 to $6
kicksnarehat: calls $3
*** TURN *** [4d 9h 4c] [5s]
MTails: bets $6
kicksnarehat: folds
Uncalled bet ($6) returned to MTails
MTails collected $23.52 from pot
*** SUMMARY ***
Total pot $24 | Rake $0.48
Board [4d 9h 4c 5s]
Seat 1: kicksnarehat (button) (small blind) folded on the Turn
Seat 6: MTails (big blind) collected ($23.52)


PokerStars Hand #154042489659:  Hold'em Limit ($3/$6 USD) - 2016/05/30 7:42:40 ET
Table 'Azaleh' 6-max Seat #1 is the button
Seat 1: kicksnarehat ($84.94 in chips)
Seat 6: MTails ($78.05 in chips)
kicksnarehat: posts small blind $1
MTails: posts big blind $3
*** HOLE CARDS ***
kicksnarehat: raises $3 to $6
MTails: calls $3
*** FLOP *** [7s Jd Kd]
MTails: checks
kicksnarehat: bets $3
MTails: calls $3
*** TURN *** [7s Jd Kd] [Jh]
MTails: checks
kicksnarehat: checks
*** RIVER *** [7s Jd Kd Jh] [4c]
MTails: bets $6
kicksnarehat: folds
Uncalled bet ($6) returned to MTails
MTails collected $17.64 from pot
MTails: doesn't show hand
*** SUMMARY ***
Total pot $18 | Rake $0.36
Board [7s Jd Kd Jh 4c]
Seat 1: kicksnarehat (button) (small blind) folded on the River
Seat 6: MTails (big blind) collected ($17.64)


PokerStars Hand #154042463376:  Hold'em Limit ($3/$6 USD) - 2016/05/30 7:41:45 ET
Table 'Azaleh' 6-max Seat #6 is the button
Seat 1: kicksnarehat ($49.94 in chips)
Seat 6: MTails ($114.53 in chips)
MTails: posts small blind $1
kicksnarehat: posts big blind $3
*** HOLE CARDS ***
MTails: raises $3 to $6
kicksnarehat: calls $3
*** FLOP *** [8d 6d 3c]
kicksnarehat: checks
MTails: bets $3
kicksnarehat: raises $3 to $6
MTails: calls $3
*** TURN *** [8d 6d 3c] [6s]
kicksnarehat: bets $6
MTails: calls $6
*** RIVER *** [8d 6d 3c 6s] [Th]
kicksnarehat: bets $6
MTails: calls $6
*** SHOW DOWN ***
kicksnarehat: shows [7d 6c] (three of a kind, Sixes)
MTails: mucks hand
kicksnarehat collected $47.50 from pot
*** SUMMARY ***
Total pot $48 | Rake $0.50
Board [8d 6d 3c 6s Th]
Seat 1: kicksnarehat (big blind) showed [7d 6c] and won ($47.50) with three of a kind, Sixes
Seat 6: MTails (button) (small blind) mucked


PokerStars Hand #154042481253:  Hold'em Limit ($3/$6 USD) - 2016/05/30 7:42:23 ET
Table 'Azaleh' 6-max Seat #6 is the button
Seat 1: kicksnarehat ($61.44 in chips)
Seat 6: MTails ($102.05 in chips)
MTails: posts small blind $1
kicksnarehat: posts big blind $3
*** HOLE CARDS ***
MTails: raises $3 to $6
kicksnarehat: calls $3
*** FLOP *** [4d As 9c]
kicksnarehat: checks
MTails: bets $3
kicksnarehat: raises $3 to $6
MTails: calls $3
*** TURN *** [4d As 9c] [7h]
kicksnarehat: bets $6
MTails: calls $6
*** RIVER *** [4d As 9c 7h] [Js]
kicksnarehat: bets $6
MTails: calls $6
*** SHOW DOWN ***
kicksnarehat: shows [5h Ac] (a pair of Aces)
MTails: mucks hand
kicksnarehat collected $47.50 from pot
*** SUMMARY ***
Total pot $48 | Rake $0.50
Board [4d As 9c 7h Js]
Seat 1: kicksnarehat (big blind) showed [5h Ac] and won ($47.50) with a pair of Aces
Seat 6: MTails (button) (small blind) mucked


PokerStars Hand #154042504448:  Hold'em Limit ($3/$6 USD) - 2016/05/30 7:43:12 ET
Table 'Azaleh' 6-max Seat #1 is the button
Seat 1: kicksnarehat ($69.94 in chips)
Seat 6: MTails ($92.45 in chips)
kicksnarehat: posts small blind $1
MTails: posts big blind $3
*** HOLE CARDS ***
kicksnarehat: raises $3 to $6
MTails: calls $3
*** FLOP *** [Kd Ac 4s]
MTails: checks
kicksnarehat: bets $3
MTails: folds
Uncalled bet ($3) returned to kicksnarehat
kicksnarehat collected $11.76 from pot
*** SUMMARY ***
Total pot $12 | Rake $0.24
Board [Kd Ac 4s]
Seat 1: kicksnarehat (button) (small blind) collected ($11.76)
Seat 6: MTails (big blind) folded on the Flop


PokerStars Hand #154042498961:  Hold'em Limit ($3/$6 USD) - 2016/05/30 7:43:00 ET
Table 'Azaleh' 6-max Seat #6 is the button
Seat 1: kicksnarehat ($75.94 in chips)
Seat 6: MTails ($86.69 in chips)
MTails: posts small blind $1
kicksnarehat: posts big blind $3
*** HOLE CARDS ***
MTails: raises $3 to $6
kicksnarehat: calls $3
*** FLOP *** [4d 2h Kd]
kicksnarehat: checks
MTails: bets $3
kicksnarehat: folds
Uncalled bet ($3) returned to MTails
MTails collected $11.76 from pot
*** SUMMARY ***
Total pot $12 | Rake $0.24
Board [4d 2h Kd]
Seat 1: kicksnarehat (big blind) folded on the Flop
Seat 6: MTails (button) (small blind) collected ($11.76)


PokerStars Hand #154042509120:  Hold'em Limit ($3/$6 USD) - 2016/05/30 7:43:22 ET
Table 'Azaleh' 6-max Seat #6 is the button
Seat 1: kicksnarehat ($75.70 in chips)
Seat 6: MTails ($86.45 in chips)
MTails: posts small blind $1
kicksnarehat: posts big blind $3
*** HOLE CARDS ***
MTails: raises $3 to $6
kicksnarehat: calls $3
*** FLOP *** [9h Js 4s]
kicksnarehat: checks
MTails: bets $3
kicksnarehat: calls $3
*** TURN *** [9h Js 4s] [9d]
kicksnarehat: checks
MTails: bets $6
kicksnarehat: calls $6
*** RIVER *** [9h Js 4s 9d] [8c]
kicksnarehat: checks
MTails: bets $6
kicksnarehat: calls $6
*** SHOW DOWN ***
MTails: shows [3s 5s] (a pair of Nines)
kicksnarehat: shows [4h Ks] (two pair, Nines and Fours)
kicksnarehat collected $41.50 from pot
*** SUMMARY ***
Total pot $42 | Rake $0.50
Board [9h Js 4s 9d 8c]
Seat 1: kicksnarehat (big blind) showed [4h Ks] and won ($41.50) with two pair, Nines and Fours
Seat 6: MTails (button) (small blind) showed [3s 5s] and lost with a pair of Nines


PokerStars Hand #154042533171:  Hold'em Limit ($3/$6 USD) - 2016/05/30 7:44:12 ET
Table 'Azaleh' 6-max Seat #6 is the button
Seat 1: kicksnarehat ($78.20 in chips)
Seat 6: MTails ($82.95 in chips)
MTails: posts small blind $1
kicksnarehat: posts big blind $3
*** HOLE CARDS ***
MTails: raises $3 to $6
kicksnarehat: calls $3
*** FLOP *** [As 4d 5s]
kicksnarehat: checks
MTails: bets $3
kicksnarehat: raises $3 to $6
MTails: calls $3
*** TURN *** [As 4d 5s] [9c]
kicksnarehat: bets $6
MTails: raises $6 to $12
kicksnarehat: folds
Uncalled bet ($6) returned to MTails
MTails collected $35.50 from pot
*** SUMMARY ***
Total pot $36 | Rake $0.50
Board [As 4d 5s 9c]
Seat 1: kicksnarehat (big blind) folded on the Turn
Seat 6: MTails (button) (small blind) collected ($35.50)


PokerStars Hand #154042519457:  Hold'em Limit ($3/$6 USD) - 2016/05/30 7:43:43 ET
Table 'Azaleh' 6-max Seat #1 is the button
Seat 1: kicksnarehat ($96.20 in chips)
Seat 6: MTails ($65.45 in chips)
kicksnarehat: posts small blind $1
MTails: posts big blind $3
*** HOLE CARDS ***
kicksnarehat: raises $3 to $6
MTails: raises $3 to $9
kicksnarehat: calls $3
*** FLOP *** [9d 8d 9c]
MTails: bets $3
kicksnarehat: calls $3
*** TURN *** [9d 8d 9c] [Qd]
MTails: checks
kicksnarehat: checks
*** RIVER *** [9d 8d 9c Qd] [3h]
MTails: bets $6
kicksnarehat: calls $6
*** SHOW DOWN ***
MTails: shows [2h 2s] (two pair, Nines and Deuces)
kicksnarehat: mucks hand
MTails collected $35.50 from pot
*** SUMMARY ***
Total pot $36 | Rake $0.50
Board [9d 8d 9c Qd 3h]
Seat 1: kicksnarehat (button) (small blind) mucked
Seat 6: MTails (big blind) showed [2h 2s] and won ($35.50) with two pair, Nines and Deuces


PokerStars Hand #154042540635:  Hold'em Limit ($3/$6 USD) - 2016/05/30 7:44:28 ET
Table 'Azaleh' 6-max Seat #1 is the button
Seat 1: kicksnarehat ($60.20 in chips)
Seat 6: MTails ($100.45 in chips)
kicksnarehat: posts small blind $1
MTails: posts big blind $3
*** HOLE CARDS ***
kicksnarehat: folds
Uncalled bet ($2) returned to MTails
MTails collected $2 from pot
*** SUMMARY ***
Total pot $2 | Rake $0
Seat 1: kicksnarehat (button) (small blind) folded before Flop
Seat 6: MTails (big blind) collected ($2)


PokerStars Hand #154042543398:  Hold'em Limit ($3/$6 USD) - 2016/05/30 7:44:34 ET
Table 'Azaleh' 6-max Seat #6 is the button
Seat 1: kicksnarehat ($59.20 in chips)
Seat 6: MTails ($101.45 in chips)
MTails: posts small blind $1
kicksnarehat: posts big blind $3
*** HOLE CARDS ***
MTails: raises $3 to $6
kicksnarehat: calls $3
*** FLOP *** [5d Ks Kd]
kicksnarehat: checks
MTails: bets $3
kicksnarehat: folds
Uncalled bet ($3) returned to MTails
MTails collected $11.76 from pot
*** SUMMARY ***
Total pot $12 | Rake $0.24
Board [5d Ks Kd]
Seat 1: kicksnarehat (big blind) folded on the Flop
Seat 6: MTails (button) (small blind) collected ($11.76)


PokerStars Hand #154042574773:  Hold'em Limit ($3/$6 USD) - 2016/05/30 7:45:40 ET
Table 'Azaleh' 6-max Seat #1 is the button
Seat 1: kicksnarehat ($93.20 in chips)
Seat 6: MTails ($66.21 in chips)
kicksnarehat: posts small blind $1
MTails: posts big blind $3
*** HOLE CARDS ***
kicksnarehat: raises $3 to $6
MTails: calls $3
*** FLOP *** [2h Tc 6c]
MTails: checks
kicksnarehat: bets $3
MTails: calls $3
*** TURN *** [2h Tc 6c] [Kc]
MTails: checks
kicksnarehat: checks
*** RIVER *** [2h Tc 6c Kc] [Ac]
MTails: bets $6
kicksnarehat: calls $6
*** SHOW DOWN ***
MTails: shows [Kh 8c] (a flush, Ace high)
kicksnarehat: mucks hand
MTails collected $29.50 from pot
*** SUMMARY ***
Total pot $30 | Rake $0.50
Board [2h Tc 6c Kc Ac]
Seat 1: kicksnarehat (button) (small blind) mucked
Seat 6: MTails (big blind) showed [Kh 8c] and won ($29.50) with a flush, Ace high


PokerStars Hand #154042565781:  Hold'em Limit ($3/$6 USD) - 2016/05/30 7:45:21 ET
Table 'Azaleh' 6-max Seat #6 is the button
Seat 1: kicksnarehat ($75.70 in chips)
Seat 6: MTails ($84.21 in chips)
MTails: posts small blind $1
kicksnarehat: posts big blind $3
*** HOLE CARDS ***
MTails: raises $3 to $6
kicksnarehat: calls $3
*** FLOP *** [5s Jd 3h]
kicksnarehat: checks
MTails: bets $3
kicksnarehat: raises $3 to $6
MTails: calls $3
*** TURN *** [5s Jd 3h] [8s]
kicksnarehat: bets $6
MTails: calls $6
*** RIVER *** [5s Jd 3h 8s] [Jh]
kicksnarehat: bets $6
MTails: folds
Uncalled bet ($6) returned to kicksnarehat
kicksnarehat collected $35.50 from pot
*** SUMMARY ***
Total pot $36 | Rake $0.50
Board [5s Jd 3h 8s Jh]
Seat 1: kicksnarehat (big blind) collected ($35.50)
Seat 6: MTails (button) (small blind) folded on the River


PokerStars Hand #154042563345:  Hold'em Limit ($3/$6 USD) - 2016/05/30 7:45:16 ET
Table 'Azaleh' 6-max Seat #1 is the button
Seat 1: kicksnarehat ($76.70 in chips)
Seat 6: MTails ($83.21 in chips)
kicksnarehat: posts small blind $1
MTails: posts big blind $3
*** HOLE CARDS ***
kicksnarehat: folds
Uncalled bet ($2) returned to MTails
MTails collected $2 from pot
*** SUMMARY ***
Total pot $2 | Rake $0
Seat 1: kicksnarehat (button) (small blind) folded before Flop
Seat 6: MTails (big blind) collected ($2)


PokerStars Hand #154042551647:  Hold'em Limit ($3/$6 USD) - 2016/05/30 7:44:51 ET
Table 'Azaleh' 6-max Seat #6 is the button
Seat 1: kicksnarehat ($56.20 in chips)
Seat 6: MTails ($104.21 in chips)
MTails: posts small blind $1
kicksnarehat: posts big blind $3
*** HOLE CARDS ***
MTails: raises $3 to $6
kicksnarehat: calls $3
*** FLOP *** [Jc 3d 5h]
kicksnarehat: checks
MTails: bets $3
kicksnarehat: calls $3
*** TURN *** [Jc 3d 5h] [9s]
kicksnarehat: checks
MTails: bets $6
kicksnarehat: calls $6
*** RIVER *** [Jc 3d 5h 9s] [2c]
kicksnarehat: checks
MTails: bets $6
kicksnarehat: raises $6 to $12
MTails: folds
Uncalled bet ($6) returned to kicksnarehat
kicksnarehat collected $41.50 from pot
*** SUMMARY ***
Total pot $42 | Rake $0.50
Board [Jc 3d 5h 9s 2c]
Seat 1: kicksnarehat (big blind) collected ($41.50)
Seat 6: MTails (button) (small blind) folded on the River


PokerStars Hand #154042596221:  Hold'em Limit ($3/$6 USD) - 2016/05/30 7:46:25 ET
Table 'Azaleh' 6-max Seat #6 is the button
Seat 1: kicksnarehat ($60.20 in chips)
Seat 6: MTails ($158.21 in chips)
MTails: posts small blind $1
kicksnarehat: posts big blind $3
*** HOLE CARDS ***
MTails: folds
Uncalled bet ($2) returned to kicksnarehat
kicksnarehat collected $2 from pot
*** SUMMARY ***
Total pot $2 | Rake $0
Seat 1: kicksnarehat (big blind) collected ($2)
Seat 6: MTails (button) (small blind) folded before Flop


PokerStars Hand #154042587098:  Hold'em Limit ($3/$6 USD) - 2016/05/30 7:46:06 ET
Table 'Azaleh' 6-max Seat #1 is the button
Seat 1: kicksnarehat ($75.20 in chips)
Seat 6: MTails ($143.71 in chips)
kicksnarehat: posts small blind $1
MTails: posts big blind $3
*** HOLE CARDS ***
kicksnarehat: raises $3 to $6
MTails: calls $3
*** FLOP *** [5c 2c 4c]
MTails: checks
kicksnarehat: bets $3
MTails: raises $3 to $6
kicksnarehat: raises $3 to $9
MTails: calls $3
*** TURN *** [5c 2c 4c] [9s]
MTails: checks
kicksnarehat: checks
*** RIVER *** [5c 2c 4c 9s] [Ts]
MTails: bets $6
kicksnarehat: folds
Uncalled bet ($6) returned to MTails
MTails collected $29.50 from pot
*** SUMMARY ***
Total pot $30 | Rake $0.50
Board [5c 2c 4c 9s Ts]
Seat 1: kicksnarehat (button) (small blind) folded on the River
Seat 6: MTails (big blind) collected ($29.50)


PokerStars Hand #154042598573:  Hold'em Limit ($3/$6 USD) - 2016/05/30 7:46:30 ET
Table 'Azaleh' 6-max Seat #1 is the button
Seat 1: kicksnarehat ($61.20 in chips)
Seat 6: MTails ($157.21 in chips)
kicksnarehat: posts small blind $1
MTails: posts big blind $3
*** HOLE CARDS ***
kicksnarehat: raises $3 to $6
MTails: raises $3 to $9
kicksnarehat: calls $3
*** FLOP *** [7c Td 7d]
MTails: bets $3
kicksnarehat: calls $3
*** TURN *** [7c Td 7d] [Qd]
MTails: bets $6
kicksnarehat: calls $6
*** RIVER *** [7c Td 7d Qd] [6c]
MTails: checks
kicksnarehat: checks
*** SHOW DOWN ***
MTails: shows [6s 5s] (two pair, Sevens and Sixes)
kicksnarehat: mucks hand
MTails collected $35.50 from pot
*** SUMMARY ***
Total pot $36 | Rake $0.50
Board [7c Td 7d Qd 6c]
Seat 1: kicksnarehat (button) (small blind) mucked
Seat 6: MTails (big blind) showed [6s 5s] and won ($35.50) with two pair, Sevens and Sixes


PokerStars Hand #154042613494:  Hold'em Limit ($3/$6 USD) - 2016/05/30 7:47:01 ET
Table 'Azaleh' 6-max Seat #6 is the button
Seat 1: kicksnarehat ($43.20 in chips)
Seat 6: MTails ($174.71 in chips)
MTails: posts small blind $1
kicksnarehat: posts big blind $3
*** HOLE CARDS ***
MTails: raises $3 to $6
kicksnarehat: raises $3 to $9
MTails: calls $3
*** FLOP *** [7s 9h Kh]
kicksnarehat: bets $3
MTails: calls $3
*** TURN *** [7s 9h Kh] [Qd]
kicksnarehat: bets $6
MTails: raises $6 to $12
kicksnarehat: calls $6
*** RIVER *** [7s 9h Kh Qd] [Ad]
kicksnarehat: checks
MTails: checks
*** SHOW DOWN ***
kicksnarehat: shows [As Qh] (two pair, Aces and Queens)
MTails: mucks hand
kicksnarehat collected $47.50 from pot
*** SUMMARY ***
Total pot $48 | Rake $0.50
Board [7s 9h Kh Qd Ad]
Seat 1: kicksnarehat (big blind) showed [As Qh] and won ($47.50) with two pair, Aces and Queens
Seat 6: MTails (button) (small blind) mucked


PokerStars Hand #154042622967:  Hold'em Limit ($3/$6 USD) - 2016/05/30 7:47:20 ET
Table 'Azaleh' 6-max Seat #1 is the button
Seat 1: kicksnarehat ($66.70 in chips)
Seat 6: MTails ($150.71 in chips)
kicksnarehat: posts small blind $1
MTails: posts big blind $3
*** HOLE CARDS ***
kicksnarehat: raises $3 to $6
MTails: raises $3 to $9
kicksnarehat: calls $3
*** FLOP *** [5s As 3h]
MTails: bets $3
kicksnarehat: calls $3
*** TURN *** [5s As 3h] [5d]
MTails: bets $6
kicksnarehat: raises $6 to $12
MTails: calls $6
*** RIVER *** [5s As 3h 5d] [2h]
MTails: checks
kicksnarehat: bets $6
MTails: calls $6
*** SHOW DOWN ***
kicksnarehat: shows [9c Ad] (two pair, Aces and Fives)
MTails: mucks hand
kicksnarehat collected $59.50 from pot
*** SUMMARY ***
Total pot $60 | Rake $0.50
Board [5s As 3h 5d 2h]
Seat 1: kicksnarehat (button) (small blind) showed [9c Ad] and won ($59.50) with two pair, Aces and Fives
Seat 6: MTails (big blind) mucked


PokerStars Hand #154042648094:  Hold'em Limit ($3/$6 USD) - 2016/05/30 7:48:12 ET
Table 'Azaleh' 6-max Seat #1 is the button
Seat 1: kicksnarehat ($66.20 in chips)
Seat 6: MTails ($150.21 in chips)
kicksnarehat: posts small blind $1
MTails: posts big blind $3
*** HOLE CARDS ***
kicksnarehat: raises $3 to $6
MTails: raises $3 to $9
kicksnarehat: calls $3
*** FLOP *** [2d 6s Jd]
MTails: bets $3
kicksnarehat: raises $3 to $6
MTails: calls $3
*** TURN *** [2d 6s Jd] [5d]
MTails: checks
kicksnarehat: bets $6
MTails: calls $6
*** RIVER *** [2d 6s Jd 5d] [Qd]
MTails: bets $6
kicksnarehat: folds
Uncalled bet ($6) returned to MTails
MTails collected $41.50 from pot
*** SUMMARY ***
Total pot $42 | Rake $0.50
Board [2d 6s Jd 5d Qd]
Seat 1: kicksnarehat (button) (small blind) folded on the River
Seat 6: MTails (big blind) collected ($41.50)


PokerStars Hand #154042636885:  Hold'em Limit ($3/$6 USD) - 2016/05/30 7:47:49 ET
Table 'Azaleh' 6-max Seat #6 is the button
Seat 1: kicksnarehat ($96.20 in chips)
Seat 6: MTails ($120.71 in chips)
MTails: posts small blind $1
kicksnarehat: posts big blind $3
*** HOLE CARDS ***
MTails: raises $3 to $6
kicksnarehat: calls $3
*** FLOP *** [Kc 9h 2s]
kicksnarehat: checks
MTails: bets $3
kicksnarehat: raises $3 to $6
MTails: calls $3
*** TURN *** [Kc 9h 2s] [Ac]
kicksnarehat: bets $6
MTails: raises $6 to $12
kicksnarehat: calls $6
*** RIVER *** [Kc 9h 2s Ac] [3h]
kicksnarehat: checks
MTails: bets $6
kicksnarehat: calls $6
*** SHOW DOWN ***
MTails: shows [Kh Kd] (three of a kind, Kings)
kicksnarehat: mucks hand
MTails collected $59.50 from pot
*** SUMMARY ***
Total pot $60 | Rake $0.50
Board [Kc 9h 2s Ac 3h]
Seat 1: kicksnarehat (big blind) mucked
Seat 6: MTails (button) (small blind) showed [Kh Kd] and won ($59.50) with three of a kind, Kings


PokerStars Hand #154042661879:  Hold'em Limit ($3/$6 USD) - 2016/05/30 7:48:41 ET
Table 'Azaleh' 6-max Seat #6 is the button
Seat 1: kicksnarehat ($45.20 in chips)
Seat 6: MTails ($170.71 in chips)
MTails: posts small blind $1
kicksnarehat: posts big blind $3
*** HOLE CARDS ***
MTails: raises $3 to $6
kicksnarehat: calls $3
*** FLOP *** [Kc 7d 8d]
kicksnarehat: checks
MTails: bets $3
roxy1362 joins the table at seat #3
kicksnarehat: raises $3 to $6
MTails: folds
Uncalled bet ($3) returned to kicksnarehat
kicksnarehat collected $17.64 from pot
*** SUMMARY ***
Total pot $18 | Rake $0.36
Board [Kc 7d 8d]
Seat 1: kicksnarehat (big blind) collected ($17.64)
Seat 6: MTails (button) (small blind) folded on the Flop


PokerStars Hand #154042837129:  Hold'em Limit ($3/$6 USD) - 2016/05/30 7:54:46 ET
Table 'Azaleh' 6-max Seat #4 is the button
Seat 1: kicksnarehat ($103.41 in chips)
Seat 4: yasmins1990 ($102 in chips)
yasmins1990: posts small blind $1
kicksnarehat: posts big blind $3
*** HOLE CARDS ***
yasmins1990: folds
Uncalled bet ($2) returned to kicksnarehat
kicksnarehat collected $2 from pot
*** SUMMARY ***
Total pot $2 | Rake $0
Seat 1: kicksnarehat (big blind) collected ($2)
Seat 4: yasmins1990 (button) (small blind) folded before Flop


PokerStars Hand #154042833703:  Hold'em Limit ($3/$6 USD) - 2016/05/30 7:54:39 ET
Table 'Azaleh' 6-max Seat #1 is the button
Seat 1: kicksnarehat ($100.41 in chips)
Seat 4: yasmins1990 ($105 in chips)
kicksnarehat: posts small blind $1
yasmins1990: posts big blind $3
*** HOLE CARDS ***
kicksnarehat: raises $3 to $6
yasmins1990: folds
Uncalled bet ($3) returned to kicksnarehat
kicksnarehat collected $6 from pot
*** SUMMARY ***
Total pot $6 | Rake $0
Seat 1: kicksnarehat (button) (small blind) collected ($6)
Seat 4: yasmins1990 (big blind) folded before Flop


PokerStars Hand #154042829718:  Hold'em Limit ($3/$6 USD) - 2016/05/30 7:54:31 ET
Table 'Azaleh' 6-max Seat #4 is the button
Seat 1: kicksnarehat ($103.41 in chips)
Seat 4: yasmins1990 ($102 in chips)
yasmins1990: posts small blind $1
liolilove: is sitting out
kicksnarehat: posts big blind $3
*** HOLE CARDS ***
yasmins1990: raises $3 to $6
kicksnarehat: folds
Uncalled bet ($3) returned to yasmins1990
yasmins1990 collected $6 from pot
yasmins1990: doesn't show hand
*** SUMMARY ***
Total pot $6 | Rake $0
Seat 1: kicksnarehat (big blind) folded before Flop
Seat 4: yasmins1990 (button) (small blind) collected ($6)


