PokerStars Hand #163074559549:  Hold'em Limit ($3/$6 USD) - 2016/12/17 6:16:52 ET
Table 'Azalea' 6-max Seat #2 is the button
Seat 2: jl45259071 ($120 in chips)
Seat 3: Drik89 ($120 in chips)
jl45259071: posts small blind $1
Drik89: posts big blind $3
*** HOLE CARDS ***
jl45259071: calls $2
FHstyles joins the table at seat #4
Drik89: checks
*** FLOP *** [4d Qd Ac]
Chessnok joins the table at seat #6
Drik89: checks
ZinZar joins the table at seat #5
jl45259071: bets $3
Agrotait leaves the table
Drik89: folds
Uncalled bet ($3) returned to jl45259071
jl45259071 collected $5.88 from pot
*** SUMMARY ***
Total pot $6 | Rake $0.12
Board [4d Qd Ac]
Seat 2: jl45259071 (button) (small blind) collected ($5.88)
Seat 3: Drik89 (big blind) folded on the Flop


PokerStars Hand #163074860969:  Hold'em Limit ($3/$6 USD) - 2016/12/17 6:26:36 ET
Table 'Azalea' 6-max Seat #4 is the button
Seat 4: MMM 22666 ($38 in chips)
Seat 6: Chessnok ($92.61 in chips)
MMM 22666: posts small blind $1
Chessnok: posts big blind $3
*** HOLE CARDS ***
MMM 22666: folds
Uncalled bet ($2) returned to Chessnok
Chessnok collected $2 from pot
Chessnok: doesn't show hand
*** SUMMARY ***
Total pot $2 | Rake $0
Seat 4: MMM 22666 (button) (small blind) folded before Flop
Seat 6: Chessnok (big blind) collected ($2)


PokerStars Hand #163074857792:  Hold'em Limit ($3/$6 USD) - 2016/12/17 6:26:30 ET
Table 'Azalea' 6-max Seat #6 is the button
Seat 4: MMM 22666 ($41 in chips)
Seat 6: Chessnok ($89.61 in chips)
Chessnok: posts small blind $1
Drik89: is sitting out
MMM 22666: posts big blind $3
*** HOLE CARDS ***
Chessnok: raises $3 to $6
Drik89 leaves the table
MMM 22666: folds
Uncalled bet ($3) returned to Chessnok
Chessnok collected $6 from pot
Chessnok: doesn't show hand
*** SUMMARY ***
Total pot $6 | Rake $0
Seat 4: MMM 22666 (big blind) folded before Flop
Seat 6: Chessnok (button) (small blind) collected ($6)


PokerStars Hand #163074870176:  Hold'em Limit ($3/$6 USD) - 2016/12/17 6:26:54 ET
Table 'Azalea' 6-max Seat #6 is the button
Seat 4: MMM 22666 ($30 in chips)
Seat 6: Chessnok ($100.37 in chips)
Chessnok: posts small blind $1
MMM 22666: posts big blind $3
*** HOLE CARDS ***
Chessnok: raises $3 to $6
MMM 22666: calls $3
*** FLOP *** [6s 4d 3h]
MMM 22666: checks
Chessnok: checks
*** TURN *** [6s 4d 3h] [Jd]
MMM 22666: checks
Chessnok: bets $6
MMM 22666: raises $6 to $12
Chessnok: calls $6
*** RIVER *** [6s 4d 3h Jd] [4c]
MMM 22666: checks
Chessnok: checks
*** SHOW DOWN ***
MMM 22666: shows [Kh 8s] (a pair of Fours)
Chessnok: shows [Qh Kc] (a pair of Fours - King+Queen kicker)
Chessnok collected $35.50 from pot
*** SUMMARY ***
Total pot $36 | Rake $0.50
Board [6s 4d 3h Jd 4c]
Seat 4: MMM 22666 (big blind) showed [Kh 8s] and lost with a pair of Fours
Seat 6: Chessnok (button) (small blind) showed [Qh Kc] and won ($35.50) with a pair of Fours


PokerStars Hand #163074879898:  Hold'em Limit ($3/$6 USD) - 2016/12/17 6:27:12 ET
Table 'Azalea' 6-max Seat #4 is the button
Seat 4: MMM 22666 ($12 in chips)
Seat 6: Chessnok ($117.87 in chips)
MMM 22666: posts small blind $1
Chessnok: posts big blind $3
*** HOLE CARDS ***
MMM 22666: folds
Uncalled bet ($2) returned to Chessnok
Chessnok collected $2 from pot
Chessnok: doesn't show hand
*** SUMMARY ***
Total pot $2 | Rake $0
Seat 4: MMM 22666 (button) (small blind) folded before Flop
Seat 6: Chessnok (big blind) collected ($2)


PokerStars Hand #163074882584:  Hold'em Limit ($3/$6 USD) - 2016/12/17 6:27:17 ET
Table 'Azalea' 6-max Seat #6 is the button
Seat 4: MMM 22666 ($11 in chips)
Seat 6: Chessnok ($118.87 in chips)
Chessnok: posts small blind $1
MMM 22666: posts big blind $3
*** HOLE CARDS ***
Chessnok: raises $3 to $6
MMM 22666: calls $3
*** FLOP *** [9c 6d Jh]
MMM 22666: checks
Chessnok: bets $3
MMM 22666: folds
Uncalled bet ($3) returned to Chessnok
Chessnok collected $11.76 from pot
Chessnok: doesn't show hand
*** SUMMARY ***
Total pot $12 | Rake $0.24
Board [9c 6d Jh]
Seat 4: MMM 22666 (big blind) folded on the Flop
Seat 6: Chessnok (button) (small blind) collected ($11.76)


PokerStars Hand #163074863368:  Hold'em Limit ($3/$6 USD) - 2016/12/17 6:26:41 ET
Table 'Azalea' 6-max Seat #6 is the button
Seat 4: MMM 22666 ($37 in chips)
Seat 6: Chessnok ($93.61 in chips)
Chessnok: posts small blind $1
MMM 22666: posts big blind $3
*** HOLE CARDS ***
Drik89 joins the table at seat #5
Chessnok: raises $3 to $6
MMM 22666: calls $3
*** FLOP *** [3s 8c 6s]
MMM 22666: checks
Chessnok: bets $3
MMM 22666: folds
Uncalled bet ($3) returned to Chessnok
Chessnok collected $11.76 from pot
Chessnok: doesn't show hand
*** SUMMARY ***
Total pot $12 | Rake $0.24
Board [3s 8c 6s]
Seat 4: MMM 22666 (big blind) folded on the Flop
Seat 6: Chessnok (button) (small blind) collected ($11.76)


PokerStars Hand #163074867531:  Hold'em Limit ($3/$6 USD) - 2016/12/17 6:26:49 ET
Table 'Azalea' 6-max Seat #4 is the button
Seat 4: MMM 22666 ($31 in chips)
Seat 6: Chessnok ($99.37 in chips)
MMM 22666: posts small blind $1
Chessnok: posts big blind $3
*** HOLE CARDS ***
MMM 22666: folds
Uncalled bet ($2) returned to Chessnok
Chessnok collected $2 from pot
Chessnok: doesn't show hand
*** SUMMARY ***
Total pot $2 | Rake $0
Seat 4: MMM 22666 (button) (small blind) folded before Flop
Seat 6: Chessnok (big blind) collected ($2)


PokerStars Hand #163074888145:  Hold'em Limit ($3/$6 USD) - 2016/12/17 6:27:28 ET
Table 'Azalea' 6-max Seat #4 is the button
Seat 4: MMM 22666 ($5 in chips)
Seat 6: Chessnok ($124.63 in chips)
MMM 22666: posts small blind $1
Chessnok: posts big blind $3
*** HOLE CARDS ***
MMM 22666: raises $2 to $5 and is all-in
Chessnok: calls $2
*** FLOP *** [7c Ts 3c]
*** TURN *** [7c Ts 3c] [8s]
*** RIVER *** [7c Ts 3c 8s] [9h]
*** SHOW DOWN ***
Chessnok: shows [8c Jc] (a straight, Seven to Jack)
MMM 22666: shows [4h Qh] (high card Queen)
Chessnok collected $9.80 from pot
*** SUMMARY ***
Total pot $10 | Rake $0.20
Board [7c Ts 3c 8s 9h]
Seat 4: MMM 22666 (button) (small blind) showed [4h Qh] and lost with high card Queen
Seat 6: Chessnok (big blind) showed [8c Jc] and won ($9.80) with a straight, Seven to Jack


