PokerStars Hand #159327856656:  Hold'em Limit ($3/$6 USD) - 2016/10/01 9:23:46 ET
Table 'Azalea' 6-max Seat #6 is the button
Seat 1: B_loJkl ($150 in chips)
Seat 6: HAOYUN88888 ($40 in chips)
HAOYUN88888: posts small blind $1
B_loJkl: posts big blind $3
*** HOLE CARDS ***
Mullern joins the table at seat #3
HAOYUN88888: folds
Uncalled bet ($2) returned to B_loJkl
B_loJkl collected $2 from pot
B_loJkl: doesn't show hand
*** SUMMARY ***
Total pot $2 | Rake $0
Seat 1: B_loJkl (big blind) collected ($2)
Seat 6: HAOYUN88888 (button) (small blind) folded before Flop


PokerStars Hand #159328391165:  Hold'em Limit ($3/$6 USD) - 2016/10/01 9:39:41 ET
Table 'Azalea' 6-max Seat #3 is the button
Seat 3: Mullern ($172.30 in chips)
Seat 6: HAOYUN88888 ($79.39 in chips)
Rmk1500 will be allowed to play after the button
Mullern: posts small blind $1
HAOYUN88888: posts big blind $3
*** HOLE CARDS ***
Mullern: raises $3 to $6
HAOYUN88888: folds
Uncalled bet ($3) returned to Mullern
Mullern collected $6 from pot
Mullern: doesn't show hand
@92gara42@ leaves the table
*** SUMMARY ***
Total pot $6 | Rake $0
Seat 3: Mullern (button) (small blind) collected ($6)
Seat 6: HAOYUN88888 (big blind) folded before Flop


PokerStars Hand #159328633208:  Hold'em Limit ($3/$6 USD) - 2016/10/01 9:46:45 ET
Table 'Azalea' 6-max Seat #4 is the button
Seat 4: B_loJkl ($186.85 in chips)
Seat 6: HAOYUN88888 ($77.36 in chips)
B_loJkl: posts small blind $1
HAOYUN88888: posts big blind $3
*** HOLE CARDS ***
Rmk1500 joins the table at seat #5
B_loJkl: raises $3 to $6
HAOYUN88888: raises $3 to $9
B_loJkl: calls $3
*** FLOP *** [5d Ah 2h]
HAOYUN88888: bets $3
B_loJkl: folds
Uncalled bet ($3) returned to HAOYUN88888
HAOYUN88888 collected $17.64 from pot
HAOYUN88888: doesn't show hand
*** SUMMARY ***
Total pot $18 | Rake $0.36
Board [5d Ah 2h]
Seat 4: B_loJkl (button) (small blind) folded on the Flop
Seat 6: HAOYUN88888 (big blind) collected ($17.64)


PokerStars Hand #159328630591:  Hold'em Limit ($3/$6 USD) - 2016/10/01 9:46:40 ET
Table 'Azalea' 6-max Seat #6 is the button
Seat 4: B_loJkl ($185.85 in chips)
Seat 6: HAOYUN88888 ($78.36 in chips)
HAOYUN88888: posts small blind $1
B_loJkl: posts big blind $3
*** HOLE CARDS ***
HAOYUN88888: folds
Uncalled bet ($2) returned to B_loJkl
B_loJkl collected $2 from pot
B_loJkl: doesn't show hand
*** SUMMARY ***
Total pot $2 | Rake $0
Seat 4: B_loJkl (big blind) collected ($2)
Seat 6: HAOYUN88888 (button) (small blind) folded before Flop


PokerStars Hand #159334910852:  Hold'em Limit ($3/$6 USD) - 2016/10/01 12:35:11 ET
Table 'Azalea' 6-max Seat #5 is the button
Seat 4: Martinpeking77 ($32.68 in chips)
Seat 5: belik555 ($123.10 in chips)
belik555: posts small blind $1
Martinpeking77: posts big blind $3
*** HOLE CARDS ***
belik555: raises $3 to $6
Martinpeking77: calls $3
*** FLOP *** [2s Kh 8s]
Martinpeking77: checks
belik555: bets $3
Martinpeking77: calls $3
*** TURN *** [2s Kh 8s] [9s]
Martinpeking77: checks
belik555: checks
*** RIVER *** [2s Kh 8s 9s] [4h]
Martinpeking77: bets $6
belik555: calls $6
*** SHOW DOWN ***
Martinpeking77: shows [Jh Ts] (high card King)
belik555: shows [4d Tc] (a pair of Fours)
belik555 collected $29.50 from pot
*** SUMMARY ***
Total pot $30 | Rake $0.50
Board [2s Kh 8s 9s 4h]
Seat 4: Martinpeking77 (big blind) showed [Jh Ts] and lost with high card King
Seat 5: belik555 (button) (small blind) showed [4d Tc] and won ($29.50) with a pair of Fours


PokerStars Hand #159334933892:  Hold'em Limit ($3/$6 USD) - 2016/10/01 12:35:43 ET
Table 'Azalea' 6-max Seat #4 is the button
Seat 4: Martinpeking77 ($17.68 in chips)
Seat 5: belik555 ($137.60 in chips)
Martinpeking77: posts small blind $1
belik555: posts big blind $3
*** HOLE CARDS ***
sim5sim5 leaves the table
Martinpeking77: raises $3 to $6
belik555: calls $3
*** FLOP *** [2h 7s Ts]
belik555: checks
Martinpeking77: checks
*** TURN *** [2h 7s Ts] [7h]
belik555: bets $6
Martinpeking77: raises $5.68 to $11.68 and is all-in
belik555: calls $5.68
*** RIVER *** [2h 7s Ts 7h] [Qc]
*** SHOW DOWN ***
belik555: shows [8s Td] (two pair, Tens and Sevens)
Martinpeking77: shows [8d As] (a pair of Sevens)
belik555 collected $34.86 from pot
*** SUMMARY ***
Total pot $35.36 | Rake $0.50
Board [2h 7s Ts 7h Qc]
Seat 4: Martinpeking77 (button) (small blind) showed [8d As] and lost with a pair of Sevens
Seat 5: belik555 (big blind) showed [8s Td] and won ($34.86) with two pair, Tens and Sevens


