PokerStars Hand #151276902477:  Hold'em Limit ($3/$6 USD) - 2016/04/01 14:33:29 ET
Table 'Azelfafage' 6-max Seat #3 is the button
Seat 3: kairobs ($112.40 in chips)
Seat 4: TbIP-TbIP 88 ($93.50 in chips)
kairobs: posts small blind $1
TbIP-TbIP 88: posts big blind $3
*** HOLE CARDS ***
kairobs: folds
Uncalled bet ($2) returned to TbIP-TbIP 88
TbIP-TbIP 88 collected $2 from pot
TbIP-TbIP 88: doesn't show hand
*** SUMMARY ***
Total pot $2 | Rake $0
Seat 3: kairobs (button) (small blind) folded before Flop
Seat 4: TbIP-TbIP 88 (big blind) collected ($2)


PokerStars Hand #151276924426:  Hold'em Limit ($3/$6 USD) - 2016/04/01 14:33:54 ET
Table 'Azelfafage' 6-max Seat #3 is the button
Seat 3: kairobs ($105.40 in chips)
Seat 4: TbIP-TbIP 88 ($100.26 in chips)
kairobs: posts small blind $1
TbIP-TbIP 88: posts big blind $3
*** HOLE CARDS ***
kairobs: folds
Uncalled bet ($2) returned to TbIP-TbIP 88
TbIP-TbIP 88 collected $2 from pot
TbIP-TbIP 88: doesn't show hand
*** SUMMARY ***
Total pot $2 | Rake $0
Seat 3: kairobs (button) (small blind) folded before Flop
Seat 4: TbIP-TbIP 88 (big blind) collected ($2)


PokerStars Hand #151276906591:  Hold'em Limit ($3/$6 USD) - 2016/04/01 14:33:34 ET
Table 'Azelfafage' 6-max Seat #4 is the button
Seat 3: kairobs ($111.40 in chips)
Seat 4: TbIP-TbIP 88 ($94.50 in chips)
TbIP-TbIP 88: posts small blind $1
kairobs: posts big blind $3
*** HOLE CARDS ***
TbIP-TbIP 88: raises $3 to $6
kairobs: calls $3
*** FLOP *** [Ad 8d Qh]
kairobs: checks
TbIP-TbIP 88: bets $3
kairobs: folds
Uncalled bet ($3) returned to TbIP-TbIP 88
TbIP-TbIP 88 collected $11.76 from pot
TbIP-TbIP 88: doesn't show hand
*** SUMMARY ***
Total pot $12 | Rake $0.24
Board [Ad 8d Qh]
Seat 3: kairobs (big blind) folded on the Flop
Seat 4: TbIP-TbIP 88 (button) (small blind) collected ($11.76)


PokerStars Hand #151276928204:  Hold'em Limit ($3/$6 USD) - 2016/04/01 14:33:59 ET
Table 'Azelfafage' 6-max Seat #4 is the button
Seat 3: kairobs ($104.40 in chips)
Seat 4: TbIP-TbIP 88 ($101.26 in chips)
TbIP-TbIP 88: posts small blind $1
kairobs: posts big blind $3
*** HOLE CARDS ***
TbIP-TbIP 88: folds
Uncalled bet ($2) returned to kairobs
kairobs collected $2 from pot
kairobs: doesn't show hand
*** SUMMARY ***
Total pot $2 | Rake $0
Seat 3: kairobs (big blind) collected ($2)
Seat 4: TbIP-TbIP 88 (button) (small blind) folded before Flop


PokerStars Hand #151276879096:  Hold'em Limit ($3/$6 USD) - 2016/04/01 14:33:01 ET
Table 'Azelfafage' 6-max Seat #4 is the button
Seat 3: kairobs ($133.40 in chips)
Seat 4: TbIP-TbIP 88 ($73 in chips)
TbIP-TbIP 88: posts small blind $1
kairobs: posts big blind $3
*** HOLE CARDS ***
TbIP-TbIP 88: raises $3 to $6
kairobs: calls $3
*** FLOP *** [2h 7h 7c]
kairobs: checks
TbIP-TbIP 88: bets $3
kairobs: calls $3
*** TURN *** [2h 7h 7c] [Ks]
kairobs: checks
TbIP-TbIP 88: bets $6
kairobs: calls $6
*** RIVER *** [2h 7h 7c Ks] [8s]
kairobs: checks
TbIP-TbIP 88: bets $6
kairobs: calls $6
*** SHOW DOWN ***
TbIP-TbIP 88: shows [Kh 8h] (two pair, Kings and Eights)
kairobs: mucks hand
TbIP-TbIP 88 collected $41.50 from pot
*** SUMMARY ***
Total pot $42 | Rake $0.50
Board [2h 7h 7c Ks 8s]
Seat 3: kairobs (big blind) mucked
Seat 4: TbIP-TbIP 88 (button) (small blind) showed [Kh 8h] and won ($41.50) with two pair, Kings and Eights


PokerStars Hand #151276850630:  Hold'em Limit ($3/$6 USD) - 2016/04/01 14:32:28 ET
Table 'Azelfafage' 6-max Seat #4 is the button
Seat 3: kairobs ($125.76 in chips)
Seat 4: TbIP-TbIP 88 ($72 in chips)
TbIP-TbIP 88: posts small blind $1
kairobs: posts big blind $3
*** HOLE CARDS ***
TbIP-TbIP 88: raises $3 to $6
kairobs: calls $3
*** FLOP *** [Kc 8d 7d]
kairobs: checks
TbIP-TbIP 88: bets $3
kairobs: raises $3 to $6
TbIP-TbIP 88: folds
Uncalled bet ($3) returned to kairobs
kairobs collected $17.64 from pot
kairobs: doesn't show hand
*** SUMMARY ***
Total pot $18 | Rake $0.36
Board [Kc 8d 7d]
Seat 3: kairobs (big blind) collected ($17.64)
Seat 4: TbIP-TbIP 88 (button) (small blind) folded on the Flop


PokerStars Hand #151276959908:  Hold'em Limit ($3/$6 USD) - 2016/04/01 14:34:35 ET
Table 'Azelfafage' 6-max Seat #3 is the button
Seat 3: kairobs ($126.90 in chips)
Seat 4: TbIP-TbIP 88 ($78.26 in chips)
kairobs: posts small blind $1
TbIP-TbIP 88: posts big blind $3
*** HOLE CARDS ***
kairobs: folds
Uncalled bet ($2) returned to TbIP-TbIP 88
TbIP-TbIP 88 collected $2 from pot
TbIP-TbIP 88: doesn't show hand
*** SUMMARY ***
Total pot $2 | Rake $0
Seat 3: kairobs (button) (small blind) folded before Flop
Seat 4: TbIP-TbIP 88 (big blind) collected ($2)


PokerStars Hand #151276955916:  Hold'em Limit ($3/$6 USD) - 2016/04/01 14:34:31 ET
Table 'Azelfafage' 6-max Seat #4 is the button
Seat 3: kairobs ($125.90 in chips)
Seat 4: TbIP-TbIP 88 ($79.26 in chips)
TbIP-TbIP 88: posts small blind $1
kairobs: posts big blind $3
*** HOLE CARDS ***
TbIP-TbIP 88: folds
Uncalled bet ($2) returned to kairobs
kairobs collected $2 from pot
kairobs: doesn't show hand
*** SUMMARY ***
Total pot $2 | Rake $0
Seat 3: kairobs (big blind) collected ($2)
Seat 4: TbIP-TbIP 88 (button) (small blind) folded before Flop


PokerStars Hand #151276963665:  Hold'em Limit ($3/$6 USD) - 2016/04/01 14:34:40 ET
Table 'Azelfafage' 6-max Seat #4 is the button
Seat 3: kairobs ($125.90 in chips)
Seat 4: TbIP-TbIP 88 ($79.26 in chips)
TbIP-TbIP 88: posts small blind $1
kairobs: posts big blind $3
*** HOLE CARDS ***
TbIP-TbIP 88: raises $3 to $6
kairobs: calls $3
*** FLOP *** [3c 8c As]
kairobs: checks
TbIP-TbIP 88: bets $3
kairobs: folds
Uncalled bet ($3) returned to TbIP-TbIP 88
TbIP-TbIP 88 collected $11.76 from pot
TbIP-TbIP 88: doesn't show hand
*** SUMMARY ***
Total pot $12 | Rake $0.24
Board [3c 8c As]
Seat 3: kairobs (big blind) folded on the Flop
Seat 4: TbIP-TbIP 88 (button) (small blind) collected ($11.76)


PokerStars Hand #151276993503:  Hold'em Limit ($3/$6 USD) - 2016/04/01 14:35:14 ET
Table 'Azelfafage' 6-max Seat #4 is the button
Seat 3: kairobs ($98.90 in chips)
Seat 4: TbIP-TbIP 88 ($105.52 in chips)
TbIP-TbIP 88: posts small blind $1
kairobs: posts big blind $3
*** HOLE CARDS ***
TbIP-TbIP 88: folds
Uncalled bet ($2) returned to kairobs
kairobs collected $2 from pot
kairobs: doesn't show hand
*** SUMMARY ***
Total pot $2 | Rake $0
Seat 3: kairobs (big blind) collected ($2)
Seat 4: TbIP-TbIP 88 (button) (small blind) folded before Flop


PokerStars Hand #151276972504:  Hold'em Limit ($3/$6 USD) - 2016/04/01 14:34:50 ET
Table 'Azelfafage' 6-max Seat #3 is the button
Seat 3: kairobs ($119.90 in chips)
Seat 4: TbIP-TbIP 88 ($85.02 in chips)
kairobs: posts small blind $1
TbIP-TbIP 88: posts big blind $3
*** HOLE CARDS ***
kairobs: raises $3 to $6
TbIP-TbIP 88: calls $3
*** FLOP *** [Jd Ah Th]
TbIP-TbIP 88: checks
kairobs: bets $3
TbIP-TbIP 88: calls $3
*** TURN *** [Jd Ah Th] [Ts]
TbIP-TbIP 88: checks
kairobs: bets $6
TbIP-TbIP 88: calls $6
*** RIVER *** [Jd Ah Th Ts] [Ac]
TbIP-TbIP 88: checks
kairobs: bets $6
TbIP-TbIP 88: calls $6
*** SHOW DOWN ***
kairobs: shows [4s 5h] (two pair, Aces and Tens)
TbIP-TbIP 88: shows [Js Qd] (two pair, Aces and Jacks)
TbIP-TbIP 88 collected $41.50 from pot
*** SUMMARY ***
Total pot $42 | Rake $0.50
Board [Jd Ah Th Ts Ac]
Seat 3: kairobs (button) (small blind) showed [4s 5h] and lost with two pair, Aces and Tens
Seat 4: TbIP-TbIP 88 (big blind) showed [Js Qd] and won ($41.50) with two pair, Aces and Jacks


PokerStars Hand #151276932463:  Hold'em Limit ($3/$6 USD) - 2016/04/01 14:34:04 ET
Table 'Azelfafage' 6-max Seat #3 is the button
Seat 3: kairobs ($105.40 in chips)
Seat 4: TbIP-TbIP 88 ($100.26 in chips)
kairobs: posts small blind $1
TbIP-TbIP 88: posts big blind $3
*** HOLE CARDS ***
kairobs: raises $3 to $6
TbIP-TbIP 88: calls $3
*** FLOP *** [5h 6s 7s]
TbIP-TbIP 88: checks
kairobs: bets $3
TbIP-TbIP 88: calls $3
*** TURN *** [5h 6s 7s] [Th]
TbIP-TbIP 88: checks
kairobs: bets $6
TbIP-TbIP 88: calls $6
*** RIVER *** [5h 6s 7s Th] [Qs]
TbIP-TbIP 88: bets $6
kairobs: raises $6 to $12
TbIP-TbIP 88: folds
Uncalled bet ($6) returned to kairobs
kairobs collected $41.50 from pot
kairobs: doesn't show hand
*** SUMMARY ***
Total pot $42 | Rake $0.50
Board [5h 6s 7s Th Qs]
Seat 3: kairobs (button) (small blind) collected ($41.50)
Seat 4: TbIP-TbIP 88 (big blind) folded on the River


PokerStars Hand #151277021673:  Hold'em Limit ($3/$6 USD) - 2016/04/01 14:35:47 ET
Table 'Azelfafage' 6-max Seat #4 is the button
Seat 3: kairobs ($87.90 in chips)
Seat 4: TbIP-TbIP 88 ($116.04 in chips)
TbIP-TbIP 88: posts small blind $1
kairobs: posts big blind $3
*** HOLE CARDS ***
TbIP-TbIP 88: folds
Uncalled bet ($2) returned to kairobs
kairobs collected $2 from pot
kairobs: doesn't show hand
*** SUMMARY ***
Total pot $2 | Rake $0
Seat 3: kairobs (big blind) collected ($2)
Seat 4: TbIP-TbIP 88 (button) (small blind) folded before Flop


PokerStars Hand #151277001425:  Hold'em Limit ($3/$6 USD) - 2016/04/01 14:35:24 ET
Table 'Azelfafage' 6-max Seat #3 is the button
Seat 3: kairobs ($99.90 in chips)
Seat 4: TbIP-TbIP 88 ($104.52 in chips)
kairobs: posts small blind $1
TbIP-TbIP 88: posts big blind $3
*** HOLE CARDS ***
kairobs: raises $3 to $6
TbIP-TbIP 88: calls $3
*** FLOP *** [6h 4c Ks]
TbIP-TbIP 88: checks
kairobs: checks
*** TURN *** [6h 4c Ks] [5h]
TbIP-TbIP 88: bets $6
kairobs: calls $6
*** RIVER *** [6h 4c Ks 5h] [6s]
TbIP-TbIP 88: checks
kairobs: checks
*** SHOW DOWN ***
TbIP-TbIP 88: shows [7h Qc] (a pair of Sixes)
kairobs: mucks hand
TbIP-TbIP 88 collected $23.52 from pot
*** SUMMARY ***
Total pot $24 | Rake $0.48
Board [6h 4c Ks 5h 6s]
Seat 3: kairobs (button) (small blind) mucked
Seat 4: TbIP-TbIP 88 (big blind) showed [7h Qc] and won ($23.52) with a pair of Sixes


PokerStars Hand #151277026499:  Hold'em Limit ($3/$6 USD) - 2016/04/01 14:35:52 ET
Table 'Azelfafage' 6-max Seat #3 is the button
Seat 3: kairobs ($88.90 in chips)
Seat 4: TbIP-TbIP 88 ($115.04 in chips)
kairobs: posts small blind $1
TbIP-TbIP 88: posts big blind $3
*** HOLE CARDS ***
kairobs: folds
Uncalled bet ($2) returned to TbIP-TbIP 88
TbIP-TbIP 88 collected $2 from pot
TbIP-TbIP 88: doesn't show hand
*** SUMMARY ***
Total pot $2 | Rake $0
Seat 3: kairobs (button) (small blind) folded before Flop
Seat 4: TbIP-TbIP 88 (big blind) collected ($2)


PokerStars Hand #151277060912:  Hold'em Limit ($3/$6 USD) - 2016/04/01 14:36:32 ET
Table 'Azelfafage' 6-max Seat #4 is the button
Seat 3: kairobs ($101.40 in chips)
Seat 4: TbIP-TbIP 88 ($102.04 in chips)
TbIP-TbIP 88: posts small blind $1
kairobs: posts big blind $3
*** HOLE CARDS ***
TbIP-TbIP 88: raises $3 to $6
kairobs: calls $3
*** FLOP *** [6c 6d 2d]
kairobs: bets $3
TbIP-TbIP 88: calls $3
*** TURN *** [6c 6d 2d] [4h]
kairobs: bets $6
TbIP-TbIP 88: folds
Uncalled bet ($6) returned to kairobs
kairobs collected $17.64 from pot
kairobs: doesn't show hand
*** SUMMARY ***
Total pot $18 | Rake $0.36
Board [6c 6d 2d 4h]
Seat 3: kairobs (big blind) collected ($17.64)
Seat 4: TbIP-TbIP 88 (button) (small blind) folded on the Turn


PokerStars Hand #151277078834:  Hold'em Limit ($3/$6 USD) - 2016/04/01 14:36:53 ET
Table 'Azelfafage' 6-max Seat #3 is the button
Seat 3: kairobs ($110.04 in chips)
Seat 4: TbIP-TbIP 88 ($93.04 in chips)
kairobs: posts small blind $1
TbIP-TbIP 88: posts big blind $3
*** HOLE CARDS ***
kairobs: raises $3 to $6
TbIP-TbIP 88: folds
Uncalled bet ($3) returned to kairobs
kairobs collected $6 from pot
kairobs: doesn't show hand
*** SUMMARY ***
Total pot $6 | Rake $0
Seat 3: kairobs (button) (small blind) collected ($6)
Seat 4: TbIP-TbIP 88 (big blind) folded before Flop


PokerStars Hand #151277057171:  Hold'em Limit ($3/$6 USD) - 2016/04/01 14:36:28 ET
Table 'Azelfafage' 6-max Seat #3 is the button
Seat 3: kairobs ($102.40 in chips)
Seat 4: TbIP-TbIP 88 ($101.04 in chips)
kairobs: posts small blind $1
TbIP-TbIP 88: posts big blind $3
*** HOLE CARDS ***
kairobs: folds
Uncalled bet ($2) returned to TbIP-TbIP 88
TbIP-TbIP 88 collected $2 from pot
TbIP-TbIP 88: doesn't show hand
*** SUMMARY ***
Total pot $2 | Rake $0
Seat 3: kairobs (button) (small blind) folded before Flop
Seat 4: TbIP-TbIP 88 (big blind) collected ($2)


PokerStars Hand #151277030096:  Hold'em Limit ($3/$6 USD) - 2016/04/01 14:35:57 ET
Table 'Azelfafage' 6-max Seat #4 is the button
Seat 3: kairobs ($87.90 in chips)
Seat 4: TbIP-TbIP 88 ($116.04 in chips)
TbIP-TbIP 88: posts small blind $1
kairobs: posts big blind $3
*** HOLE CARDS ***
TbIP-TbIP 88: raises $3 to $6
kairobs: calls $3
*** FLOP *** [7s 9h Kh]
kairobs: checks
TbIP-TbIP 88: bets $3
kairobs: calls $3
*** TURN *** [7s 9h Kh] [Kd]
kairobs: bets $6
TbIP-TbIP 88: calls $6
*** RIVER *** [7s 9h Kh Kd] [Tc]
kairobs: bets $6
TbIP-TbIP 88: folds
Uncalled bet ($6) returned to kairobs
kairobs collected $29.50 from pot
kairobs: doesn't show hand
*** SUMMARY ***
Total pot $30 | Rake $0.50
Board [7s 9h Kh Kd Tc]
Seat 3: kairobs (big blind) collected ($29.50)
Seat 4: TbIP-TbIP 88 (button) (small blind) folded on the River


