PokerStars Hand #151496844462:  Hold'em Limit ($3/$6 USD) - 2016/04/05 20:52:29 ET
Table 'Azelfafage' 10-max Seat #4 is the button
Seat 4: KidTaxMan ($152.14 in chips)
Seat 5: MissEKAmouse ($151.11 in chips)
KidTaxMan: posts small blind $1
MissEKAmouse: posts big blind $3
*** HOLE CARDS ***
KidTaxMan: folds
Uncalled bet ($2) returned to MissEKAmouse
MissEKAmouse collected $2 from pot
MissEKAmouse: doesn't show hand
*** SUMMARY ***
Total pot $2 | Rake $0
Seat 4: KidTaxMan (button) (small blind) folded before Flop
Seat 5: MissEKAmouse (big blind) collected ($2)


PokerStars Hand #151496851611:  Hold'em Limit ($3/$6 USD) - 2016/04/05 20:52:35 ET
Table 'Azelfafage' 10-max Seat #5 is the button
Seat 4: KidTaxMan ($151.14 in chips)
Seat 5: MissEKAmouse ($152.11 in chips)
JMMROCHA leaves the table
MissEKAmouse: posts small blind $1
KidTaxMan: posts big blind $3
*** HOLE CARDS ***
MissEKAmouse: raises $3 to $6
KidTaxMan: calls $3
*** FLOP *** [6s 8c 5c]
KidTaxMan: checks
MissEKAmouse: checks
*** TURN *** [6s 8c 5c] [4h]
KidTaxMan: bets $6
MissEKAmouse: folds
Uncalled bet ($6) returned to KidTaxMan
KidTaxMan collected $11.76 from pot
*** SUMMARY ***
Total pot $12 | Rake $0.24
Board [6s 8c 5c 4h]
Seat 4: KidTaxMan (big blind) collected ($11.76)
Seat 5: MissEKAmouse (button) (small blind) folded on the Turn


PokerStars Hand #151496860874:  Hold'em Limit ($3/$6 USD) - 2016/04/05 20:52:56 ET
Table 'Azelfafage' 10-max Seat #4 is the button
Seat 4: KidTaxMan ($156.90 in chips)
Seat 5: MissEKAmouse ($146.11 in chips)
KidTaxMan: posts small blind $1
MissEKAmouse: posts big blind $3
*** HOLE CARDS ***
KidTaxMan: folds
Uncalled bet ($2) returned to MissEKAmouse
MissEKAmouse collected $2 from pot
MissEKAmouse: doesn't show hand
*** SUMMARY ***
Total pot $2 | Rake $0
Seat 4: KidTaxMan (button) (small blind) folded before Flop
Seat 5: MissEKAmouse (big blind) collected ($2)


PokerStars Hand #151496863301:  Hold'em Limit ($3/$6 USD) - 2016/04/05 20:53:01 ET
Table 'Azelfafage' 10-max Seat #5 is the button
Seat 4: KidTaxMan ($155.90 in chips)
Seat 5: MissEKAmouse ($147.11 in chips)
MissEKAmouse: posts small blind $1
KidTaxMan: posts big blind $3
*** HOLE CARDS ***
MissEKAmouse: raises $3 to $6
KidTaxMan: folds
Uncalled bet ($3) returned to MissEKAmouse
MissEKAmouse collected $6 from pot
MissEKAmouse: doesn't show hand
*** SUMMARY ***
Total pot $6 | Rake $0
Seat 4: KidTaxMan (big blind) folded before Flop
Seat 5: MissEKAmouse (button) (small blind) collected ($6)


PokerStars Hand #151496866966:  Hold'em Limit ($3/$6 USD) - 2016/04/05 20:53:10 ET
Table 'Azelfafage' 10-max Seat #4 is the button
Seat 4: KidTaxMan ($152.90 in chips)
Seat 5: MissEKAmouse ($150.11 in chips)
KidTaxMan: posts small blind $1
MissEKAmouse: posts big blind $3
*** HOLE CARDS ***
KidTaxMan: raises $3 to $6
MissEKAmouse: folds
Uncalled bet ($3) returned to KidTaxMan
KidTaxMan collected $6 from pot
*** SUMMARY ***
Total pot $6 | Rake $0
Seat 4: KidTaxMan (button) (small blind) collected ($6)
Seat 5: MissEKAmouse (big blind) folded before Flop


PokerStars Hand #151496871105:  Hold'em Limit ($3/$6 USD) - 2016/04/05 20:53:19 ET
Table 'Azelfafage' 10-max Seat #5 is the button
Seat 4: KidTaxMan ($155.90 in chips)
Seat 5: MissEKAmouse ($147.11 in chips)
MissEKAmouse: posts small blind $1
KidTaxMan: posts big blind $3
*** HOLE CARDS ***
MissEKAmouse: raises $3 to $6
KidTaxMan: folds
Uncalled bet ($3) returned to MissEKAmouse
MissEKAmouse collected $6 from pot
MissEKAmouse: doesn't show hand
*** SUMMARY ***
Total pot $6 | Rake $0
Seat 4: KidTaxMan (big blind) folded before Flop
Seat 5: MissEKAmouse (button) (small blind) collected ($6)


PokerStars Hand #151496890037:  Hold'em Limit ($3/$6 USD) - 2016/04/05 20:54:01 ET
Table 'Azelfafage' 10-max Seat #5 is the button
Seat 4: KidTaxMan ($137.90 in chips)
Seat 5: MissEKAmouse ($164.61 in chips)
MissEKAmouse: posts small blind $1
KidTaxMan: posts big blind $3
*** HOLE CARDS ***
MissEKAmouse: folds
Uncalled bet ($2) returned to KidTaxMan
KidTaxMan collected $2 from pot
*** SUMMARY ***
Total pot $2 | Rake $0
Seat 4: KidTaxMan (big blind) collected ($2)
Seat 5: MissEKAmouse (button) (small blind) folded before Flop


PokerStars Hand #151496875878:  Hold'em Limit ($3/$6 USD) - 2016/04/05 20:53:29 ET
Table 'Azelfafage' 10-max Seat #4 is the button
Seat 4: KidTaxMan ($152.90 in chips)
Seat 5: MissEKAmouse ($150.11 in chips)
KidTaxMan: posts small blind $1
MissEKAmouse: posts big blind $3
*** HOLE CARDS ***
KidTaxMan: raises $3 to $6
MissEKAmouse: calls $3
*** FLOP *** [6c 3h Td]
MissEKAmouse: checks
KidTaxMan: bets $3
MissEKAmouse: calls $3
*** TURN *** [6c 3h Td] [Js]
MissEKAmouse: checks
KidTaxMan: bets $6
MissEKAmouse: calls $6
*** RIVER *** [6c 3h Td Js] [Kc]
MissEKAmouse: checks
KidTaxMan: checks
Pandakey leaves the table
*** SHOW DOWN ***
MissEKAmouse: shows [Ah 3d] (a pair of Threes)
KidTaxMan: mucks hand
MissEKAmouse collected $29.50 from pot
*** SUMMARY ***
Total pot $30 | Rake $0.50
Board [6c 3h Td Js Kc]
Seat 4: KidTaxMan (button) (small blind) mucked
Seat 5: MissEKAmouse (big blind) showed [Ah 3d] and won ($29.50) with a pair of Threes


PokerStars Hand #151496923070:  Hold'em Limit ($3/$6 USD) - 2016/04/05 20:55:17 ET
Table 'Azelfafage' 10-max Seat #4 is the button
Seat 4: KidTaxMan ($108.90 in chips)
Seat 5: MissEKAmouse ($192.61 in chips)
KidTaxMan: posts small blind $1
MissEKAmouse: posts big blind $3
*** HOLE CARDS ***
KidTaxMan: raises $3 to $6
MissEKAmouse: calls $3
*** FLOP *** [4d Kd Ac]
MissEKAmouse: checks
KidTaxMan: bets $3
MissEKAmouse: folds
Uncalled bet ($3) returned to KidTaxMan
KidTaxMan collected $11.76 from pot
*** SUMMARY ***
Total pot $12 | Rake $0.24
Board [4d Kd Ac]
Seat 4: KidTaxMan (button) (small blind) collected ($11.76)
Seat 5: MissEKAmouse (big blind) folded on the Flop


PokerStars Hand #151496892637:  Hold'em Limit ($3/$6 USD) - 2016/04/05 20:54:07 ET
Table 'Azelfafage' 10-max Seat #4 is the button
Seat 4: KidTaxMan ($138.90 in chips)
Seat 5: MissEKAmouse ($163.61 in chips)
KidTaxMan: posts small blind $1
MissEKAmouse: posts big blind $3
*** HOLE CARDS ***
KidTaxMan: raises $3 to $6
MissEKAmouse: calls $3
*** FLOP *** [4c 5d 3c]
MissEKAmouse: bets $3
KidTaxMan: calls $3
*** TURN *** [4c 5d 3c] [Ad]
MissEKAmouse: checks
KidTaxMan: checks
*** RIVER *** [4c 5d 3c Ad] [Kh]
MissEKAmouse: checks
KidTaxMan: bets $6
MissEKAmouse: calls $6
*** SHOW DOWN ***
KidTaxMan: shows [8h 9s] (high card Ace)
MissEKAmouse: shows [Jd 5s] (a pair of Fives)
MissEKAmouse collected $29.50 from pot
*** SUMMARY ***
Total pot $30 | Rake $0.50
Board [4c 5d 3c Ad Kh]
Seat 4: KidTaxMan (button) (small blind) showed [8h 9s] and lost with high card Ace
Seat 5: MissEKAmouse (big blind) showed [Jd 5s] and won ($29.50) with a pair of Fives


PokerStars Hand #151496911565:  Hold'em Limit ($3/$6 USD) - 2016/04/05 20:54:49 ET
Table 'Azelfafage' 10-max Seat #4 is the button
Seat 4: KidTaxMan ($124.90 in chips)
Seat 5: MissEKAmouse ($177.11 in chips)
KidTaxMan: posts small blind $1
MissEKAmouse: posts big blind $3
*** HOLE CARDS ***
KidTaxMan: folds
Uncalled bet ($2) returned to MissEKAmouse
MissEKAmouse collected $2 from pot
MissEKAmouse: doesn't show hand
*** SUMMARY ***
Total pot $2 | Rake $0
Seat 4: KidTaxMan (button) (small blind) folded before Flop
Seat 5: MissEKAmouse (big blind) collected ($2)


PokerStars Hand #151496908273:  Hold'em Limit ($3/$6 USD) - 2016/04/05 20:54:42 ET
Table 'Azelfafage' 10-max Seat #5 is the button
Seat 4: KidTaxMan ($123.90 in chips)
Seat 5: MissEKAmouse ($178.11 in chips)
MissEKAmouse: posts small blind $1
KidTaxMan: posts big blind $3
*** HOLE CARDS ***
MissEKAmouse: folds
Uncalled bet ($2) returned to KidTaxMan
KidTaxMan collected $2 from pot
*** SUMMARY ***
Total pot $2 | Rake $0
Seat 4: KidTaxMan (big blind) collected ($2)
Seat 5: MissEKAmouse (button) (small blind) folded before Flop


PokerStars Hand #151496914107:  Hold'em Limit ($3/$6 USD) - 2016/04/05 20:54:55 ET
Table 'Azelfafage' 10-max Seat #5 is the button
Seat 4: KidTaxMan ($123.90 in chips)
Seat 5: MissEKAmouse ($178.11 in chips)
MissEKAmouse: posts small blind $1
KidTaxMan: posts big blind $3
*** HOLE CARDS ***
MissEKAmouse: calls $2
KidTaxMan: raises $3 to $6
MissEKAmouse: calls $3
*** FLOP *** [7h 3c 9d]
KidTaxMan: bets $3
MissEKAmouse: calls $3
*** TURN *** [7h 3c 9d] [Ts]
KidTaxMan: checks
MissEKAmouse: checks
*** RIVER *** [7h 3c 9d Ts] [5h]
KidTaxMan: checks
MissEKAmouse: bets $6
KidTaxMan: calls $6
*** SHOW DOWN ***
MissEKAmouse: shows [5d Qd] (a pair of Fives)
KidTaxMan: mucks hand
MissEKAmouse collected $29.50 from pot
*** SUMMARY ***
Total pot $30 | Rake $0.50
Board [7h 3c 9d Ts 5h]
Seat 4: KidTaxMan (big blind) mucked
Seat 5: MissEKAmouse (button) (small blind) showed [5d Qd] and won ($29.50) with a pair of Fives


PokerStars Hand #151496947552:  Hold'em Limit ($3/$6 USD) - 2016/04/05 20:56:21 ET
Table 'Azelfafage' 10-max Seat #4 is the button
Seat 4: KidTaxMan ($127.30 in chips)
Seat 5: MissEKAmouse ($173.61 in chips)
KidTaxMan: posts small blind $1
MissEKAmouse: posts big blind $3
*** HOLE CARDS ***
KidTaxMan: raises $3 to $6
MissEKAmouse: calls $3
*** FLOP *** [Js 8d Qh]
MissEKAmouse: checks
KidTaxMan: bets $3
MissEKAmouse: folds
Uncalled bet ($3) returned to KidTaxMan
KidTaxMan collected $11.76 from pot
*** SUMMARY ***
Total pot $12 | Rake $0.24
Board [Js 8d Qh]
Seat 4: KidTaxMan (button) (small blind) collected ($11.76)
Seat 5: MissEKAmouse (big blind) folded on the Flop


PokerStars Hand #151496928246:  Hold'em Limit ($3/$6 USD) - 2016/04/05 20:55:30 ET
Table 'Azelfafage' 10-max Seat #5 is the button
Seat 4: KidTaxMan ($114.66 in chips)
Seat 5: MissEKAmouse ($186.61 in chips)
MissEKAmouse: posts small blind $1
KidTaxMan: posts big blind $3
*** HOLE CARDS ***
MissEKAmouse: raises $3 to $6
KidTaxMan: calls $3
*** FLOP *** [As Ad 4s]
KidTaxMan: checks
MissEKAmouse: bets $3
KidTaxMan: raises $3 to $6
MissEKAmouse: folds
Uncalled bet ($3) returned to KidTaxMan
KidTaxMan collected $17.64 from pot
*** SUMMARY ***
Total pot $18 | Rake $0.36
Board [As Ad 4s]
Seat 4: KidTaxMan (big blind) collected ($17.64)
Seat 5: MissEKAmouse (button) (small blind) folded on the Flop


PokerStars Hand #151496934946:  Hold'em Limit ($3/$6 USD) - 2016/04/05 20:55:48 ET
Table 'Azelfafage' 10-max Seat #4 is the button
Seat 4: KidTaxMan ($123.30 in chips)
Seat 5: MissEKAmouse ($177.61 in chips)
KidTaxMan: posts small blind $1
MissEKAmouse: posts big blind $3
*** HOLE CARDS ***
KidTaxMan: folds
Uncalled bet ($2) returned to MissEKAmouse
MissEKAmouse collected $2 from pot
MissEKAmouse: doesn't show hand
*** SUMMARY ***
Total pot $2 | Rake $0
Seat 4: KidTaxMan (button) (small blind) folded before Flop
Seat 5: MissEKAmouse (big blind) collected ($2)


PokerStars Hand #151496936869:  Hold'em Limit ($3/$6 USD) - 2016/04/05 20:55:53 ET
Table 'Azelfafage' 10-max Seat #5 is the button
Seat 4: KidTaxMan ($122.30 in chips)
Seat 5: MissEKAmouse ($178.61 in chips)
MissEKAmouse: posts small blind $1
KidTaxMan: posts big blind $3
*** HOLE CARDS ***
MissEKAmouse: folds
Uncalled bet ($2) returned to KidTaxMan
KidTaxMan collected $2 from pot
*** SUMMARY ***
Total pot $2 | Rake $0
Seat 4: KidTaxMan (big blind) collected ($2)
Seat 5: MissEKAmouse (button) (small blind) folded before Flop


PokerStars Hand #151496940581:  Hold'em Limit ($3/$6 USD) - 2016/04/05 20:56:03 ET
Table 'Azelfafage' 10-max Seat #4 is the button
Seat 4: KidTaxMan ($123.30 in chips)
Seat 5: MissEKAmouse ($177.61 in chips)
KidTaxMan: posts small blind $1
MissEKAmouse: posts big blind $3
*** HOLE CARDS ***
KidTaxMan: raises $3 to $6
MissEKAmouse: folds
Uncalled bet ($3) returned to KidTaxMan
KidTaxMan collected $6 from pot
*** SUMMARY ***
Total pot $6 | Rake $0
Seat 4: KidTaxMan (button) (small blind) collected ($6)
Seat 5: MissEKAmouse (big blind) folded before Flop


PokerStars Hand #151496945131:  Hold'em Limit ($3/$6 USD) - 2016/04/05 20:56:14 ET
Table 'Azelfafage' 10-max Seat #5 is the button
Seat 4: KidTaxMan ($126.30 in chips)
Seat 5: MissEKAmouse ($174.61 in chips)
MissEKAmouse: posts small blind $1
KidTaxMan: posts big blind $3
*** HOLE CARDS ***
MissEKAmouse: folds
Uncalled bet ($2) returned to KidTaxMan
KidTaxMan collected $2 from pot
*** SUMMARY ***
Total pot $2 | Rake $0
Seat 4: KidTaxMan (big blind) collected ($2)
Seat 5: MissEKAmouse (button) (small blind) folded before Flop


PokerStars Hand #151496953501:  Hold'em Limit ($3/$6 USD) - 2016/04/05 20:56:37 ET
Table 'Azelfafage' 10-max Seat #5 is the button
Seat 4: KidTaxMan ($133.06 in chips)
Seat 5: MissEKAmouse ($167.61 in chips)
MissEKAmouse: posts small blind $1
KidTaxMan: posts big blind $3
*** HOLE CARDS ***
MissEKAmouse: raises $3 to $6
KidTaxMan: calls $3
*** FLOP *** [4c 6d Ac]
KidTaxMan: checks
MissEKAmouse: bets $3
KidTaxMan: calls $3
*** TURN *** [4c 6d Ac] [Kh]
KidTaxMan: checks
MissEKAmouse: checks
*** RIVER *** [4c 6d Ac Kh] [6h]
KidTaxMan: bets $6
MissEKAmouse: calls $6
*** SHOW DOWN ***
KidTaxMan: shows [3s Kd] (two pair, Kings and Sixes)
MissEKAmouse: mucks hand
KidTaxMan collected $29.50 from pot
*** SUMMARY ***
Total pot $30 | Rake $0.50
Board [4c 6d Ac Kh 6h]
Seat 4: KidTaxMan (big blind) showed [3s Kd] and won ($29.50) with two pair, Kings and Sixes
Seat 5: MissEKAmouse (button) (small blind) mucked


PokerStars Hand #151499840422:  Hold'em Limit ($3/$6 USD) - 2016/04/05 23:03:06 ET
Table 'Azelfafage' 10-max Seat #1 is the button
Seat 1: gracetime ($42 in chips)
Seat 10: anetkaapro ($75 in chips)
gracetime: posts small blind $1
anetkaapro: posts big blind $3
*** HOLE CARDS ***
gracetime: folds
Uncalled bet ($2) returned to anetkaapro
anetkaapro collected $2 from pot
anetkaapro: doesn't show hand
*** SUMMARY ***
Total pot $2 | Rake $0
Seat 1: gracetime (button) (small blind) folded before Flop
Seat 10: anetkaapro (big blind) collected ($2)


PokerStars Hand #151499837918:  Hold'em Limit ($3/$6 USD) - 2016/04/05 23:02:58 ET
Table 'Azelfafage' 10-max Seat #10 is the button
Seat 1: gracetime ($45 in chips)
Seat 10: anetkaapro ($72 in chips)
anetkaapro: posts small blind $1
gracetime: posts big blind $3
*** HOLE CARDS ***
anetkaapro: raises $3 to $6
gracetime: folds
Uncalled bet ($3) returned to anetkaapro
anetkaapro collected $6 from pot
anetkaapro: doesn't show hand
*** SUMMARY ***
Total pot $6 | Rake $0
Seat 1: gracetime (big blind) folded before Flop
Seat 10: anetkaapro (button) (small blind) collected ($6)


PokerStars Hand #151499841977:  Hold'em Limit ($3/$6 USD) - 2016/04/05 23:03:11 ET
Table 'Azelfafage' 10-max Seat #10 is the button
Seat 1: gracetime ($41 in chips)
Seat 10: anetkaapro ($76 in chips)
anetkaapro: posts small blind $1
gracetime: posts big blind $3
*** HOLE CARDS ***
anetkaapro: raises $3 to $6
gracetime: calls $3
*** FLOP *** [5s 3d Kc]
gracetime: checks
salehdib joins the table at seat #5
anetkaapro: bets $3
gracetime: folds
Uncalled bet ($3) returned to anetkaapro
anetkaapro collected $11.76 from pot
anetkaapro: doesn't show hand
*** SUMMARY ***
Total pot $12 | Rake $0.24
Board [5s 3d Kc]
Seat 1: gracetime (big blind) folded on the Flop
Seat 10: anetkaapro (button) (small blind) collected ($11.76)


PokerStars Hand #151500051563:  Hold'em Limit ($3/$6 USD) - 2016/04/05 23:14:13 ET
Table 'Azelfafage' 10-max Seat #5 is the button
Seat 2: Njiaans ($100.48 in chips)
Seat 5: salehdib ($126.96 in chips)
salehdib: posts small blind $1
Njiaans: posts big blind $3
*** HOLE CARDS ***
salehdib: raises $3 to $6
Njiaans: calls $3
*** FLOP *** [2d 8s 4h]
Njiaans: checks
salehdib: bets $3
Njiaans: raises $3 to $6
salehdib: raises $3 to $9
Njiaans: calls $3
*** TURN *** [2d 8s 4h] [9s]
Njiaans: checks
salehdib: bets $6
Njiaans: calls $6
*** RIVER *** [2d 8s 4h 9s] [5c]
Njiaans: bets $6
salehdib: calls $6
*** SHOW DOWN ***
Njiaans: shows [7s 3s] (high card Nine)
salehdib: shows [Th 8c] (a pair of Eights)
salehdib collected $53.50 from pot
*** SUMMARY ***
Total pot $54 | Rake $0.50
Board [2d 8s 4h 9s 5c]
Seat 2: Njiaans (big blind) showed [7s 3s] and lost with high card Nine
Seat 5: salehdib (button) (small blind) showed [Th 8c] and won ($53.50) with a pair of Eights


PokerStars Hand #151500038976:  Hold'em Limit ($3/$6 USD) - 2016/04/05 23:13:31 ET
Table 'Azelfafage' 10-max Seat #5 is the button
Seat 2: Njiaans ($103.98 in chips)
Seat 5: salehdib ($124.46 in chips)
salehdib: posts small blind $1
anetkaapro: is sitting out
Njiaans: posts big blind $3
*** HOLE CARDS ***
salehdib: raises $3 to $6
Njiaans: calls $3
*** FLOP *** [Kd Qd Qs]
Njiaans: checks
salehdib: bets $3
Njiaans: calls $3
*** TURN *** [Kd Qd Qs] [As]
Njiaans: checks
salehdib: bets $6
Njiaans: calls $6
*** RIVER *** [Kd Qd Qs As] [Kc]
Njiaans: checks
salehdib: bets $6
Njiaans: calls $6
*** SHOW DOWN ***
salehdib: shows [Tc Qh] (a full house, Queens full of Kings)
Njiaans: mucks hand
salehdib collected $41.50 from pot
*** SUMMARY ***
Total pot $42 | Rake $0.50
Board [Kd Qd Qs As Kc]
Seat 2: Njiaans (big blind) mucked
Seat 5: salehdib (button) (small blind) showed [Tc Qh] and won ($41.50) with a full house, Queens full of Kings


PokerStars Hand #151500046123:  Hold'em Limit ($3/$6 USD) - 2016/04/05 23:13:55 ET
Table 'Azelfafage' 10-max Seat #2 is the button
Seat 2: Njiaans ($82.98 in chips)
Seat 5: salehdib ($144.96 in chips)
Njiaans: posts small blind $1
salehdib: posts big blind $3
*** HOLE CARDS ***
Njiaans: raises $3 to $6
salehdib: calls $3
*** FLOP *** [Kd 4c Td]
salehdib: checks
Njiaans: checks
*** TURN *** [Kd 4c Td] [5s]
salehdib: bets $6
Njiaans: calls $6
*** RIVER *** [Kd 4c Td 5s] [Ac]
salehdib: checks
Njiaans: bets $6
salehdib: calls $6
*** SHOW DOWN ***
Njiaans: shows [8d Ah] (a pair of Aces)
salehdib: mucks hand
Njiaans collected $35.50 from pot
*** SUMMARY ***
Total pot $36 | Rake $0.50
Board [Kd 4c Td 5s Ac]
Seat 2: Njiaans (button) (small blind) showed [8d Ah] and won ($35.50) with a pair of Aces
Seat 5: salehdib (big blind) mucked


PokerStars Hand #151500059061:  Hold'em Limit ($3/$6 USD) - 2016/04/05 23:14:37 ET
Table 'Azelfafage' 10-max Seat #2 is the button
Seat 2: Njiaans ($73.48 in chips)
Seat 5: salehdib ($153.46 in chips)
Njiaans: posts small blind $1
salehdib: posts big blind $3
*** HOLE CARDS ***
Njiaans: raises $3 to $6
salehdib: calls $3
*** FLOP *** [8s 2c 6h]
salehdib: checks
DirtyDouble2 joins the table at seat #8
Njiaans: bets $3
salehdib: calls $3
*** TURN *** [8s 2c 6h] [Jd]
salehdib: checks
Njiaans: bets $6
salehdib: folds
Uncalled bet ($6) returned to Njiaans
Njiaans collected $17.64 from pot
Njiaans: doesn't show hand
*** SUMMARY ***
Total pot $18 | Rake $0.36
Board [8s 2c 6h Jd]
Seat 2: Njiaans (button) (small blind) collected ($17.64)
Seat 5: salehdib (big blind) folded on the Turn


PokerStars Hand #151500344298:  Hold'em Limit ($3/$6 USD) - 2016/04/05 23:29:46 ET
Table 'Azelfafage' 10-max Seat #1 is the button
Seat 1: MissEKAmouse ($120 in chips)
Seat 9: harrydonkey ($152.56 in chips)
MissEKAmouse: posts small blind $1
harrydonkey: posts big blind $3
*** HOLE CARDS ***
DirtyDouble2 leaves the table
MissEKAmouse: raises $3 to $6
harrydonkey: calls $3
*** FLOP *** [3h Qh Ah]
harrydonkey: checks
MissEKAmouse: bets $3
harrydonkey: calls $3
*** TURN *** [3h Qh Ah] [Jc]
harrydonkey: checks
MissEKAmouse: checks
*** RIVER *** [3h Qh Ah Jc] [9h]
harrydonkey: bets $6
MissEKAmouse: folds
Uncalled bet ($6) returned to harrydonkey
harrydonkey collected $17.64 from pot
*** SUMMARY ***
Total pot $18 | Rake $0.36
Board [3h Qh Ah Jc 9h]
Seat 1: MissEKAmouse (button) (small blind) folded on the River
Seat 9: harrydonkey (big blind) collected ($17.64)


PokerStars Hand #151500369508:  Hold'em Limit ($3/$6 USD) - 2016/04/05 23:31:11 ET
Table 'Azelfafage' 10-max Seat #9 is the button
Seat 1: MissEKAmouse ($122.64 in chips)
Seat 9: harrydonkey ($157.96 in chips)
harrydonkey: posts small blind $1
MissEKAmouse: posts big blind $3
*** HOLE CARDS ***
harrydonkey: raises $3 to $6
MissEKAmouse: folds
Uncalled bet ($3) returned to harrydonkey
harrydonkey collected $6 from pot
*** SUMMARY ***
Total pot $6 | Rake $0
Seat 1: MissEKAmouse (big blind) folded before Flop
Seat 9: harrydonkey (button) (small blind) collected ($6)


PokerStars Hand #151500354423:  Hold'em Limit ($3/$6 USD) - 2016/04/05 23:30:20 ET
Table 'Azelfafage' 10-max Seat #9 is the button
Seat 1: MissEKAmouse ($120 in chips)
Seat 9: harrydonkey ($161.20 in chips)
harrydonkey: posts small blind $1
MissEKAmouse: posts big blind $3
*** HOLE CARDS ***
harrydonkey: calls $2
MissEKAmouse: raises $3 to $6
harrydonkey: calls $3
*** FLOP *** [Js 3d 2s]
MissEKAmouse: bets $3
harrydonkey: calls $3
*** TURN *** [Js 3d 2s] [3h]
MissEKAmouse: checks
harrydonkey: checks
*** RIVER *** [Js 3d 2s 3h] [Qh]
MissEKAmouse: checks
harrydonkey: checks
*** SHOW DOWN ***
MissEKAmouse: shows [6s As] (a pair of Threes)
harrydonkey: mucks hand
MissEKAmouse collected $17.64 from pot
*** SUMMARY ***
Total pot $18 | Rake $0.36
Board [Js 3d 2s 3h Qh]
Seat 1: MissEKAmouse (big blind) showed [6s As] and won ($17.64) with a pair of Threes
Seat 9: harrydonkey (button) (small blind) mucked


PokerStars Hand #151500364256:  Hold'em Limit ($3/$6 USD) - 2016/04/05 23:30:53 ET
Table 'Azelfafage' 10-max Seat #1 is the button
Seat 1: MissEKAmouse ($128.64 in chips)
Seat 9: harrydonkey ($152.20 in chips)
MissEKAmouse: posts small blind $1
harrydonkey: posts big blind $3
*** HOLE CARDS ***
MissEKAmouse: calls $2
harrydonkey: raises $3 to $6
MissEKAmouse: calls $3
*** FLOP *** [5h Kc 8s]
Sunny1022 joins the table at seat #5
harrydonkey: bets $3
MissEKAmouse: folds
Uncalled bet ($3) returned to harrydonkey
harrydonkey collected $11.76 from pot
*** SUMMARY ***
Total pot $12 | Rake $0.24
Board [5h Kc 8s]
Seat 1: MissEKAmouse (button) (small blind) folded on the Flop
Seat 9: harrydonkey (big blind) collected ($11.76)


