PokerStars Hand #159211666565:  Hold'em Limit ($3/$6 USD) - 2016/09/28 13:54:18 ET
Table 'Azelfafage' 6-max Seat #3 is the button
Seat 1: DirtyBernerd ($150.72 in chips)
Seat 3: RockKillerTY ($186.80 in chips)
RockKillerTY: posts small blind $1
Koraseg: is sitting out
DirtyBernerd: posts big blind $3
*** HOLE CARDS ***
RockKillerTY: raises $3 to $6
DirtyBernerd: calls $3
*** FLOP *** [6c Qs 3s]
Koraseg leaves the table
DirtyBernerd: checks
RockKillerTY: bets $3
AnVan joins the table at seat #2
DirtyBernerd: folds
Uncalled bet ($3) returned to RockKillerTY
RockKillerTY collected $11.76 from pot
RockKillerTY: doesn't show hand
*** SUMMARY ***
Total pot $12 | Rake $0.24
Board [6c Qs 3s]
Seat 1: DirtyBernerd (big blind) folded on the Flop
Seat 3: RockKillerTY (button) (small blind) collected ($11.76)


PokerStars Hand #159219147147:  Hold'em Limit ($3/$6 USD) - 2016/09/28 16:33:12 ET
Table 'Azelfafage' 6-max Seat #3 is the button
Seat 3: Kaikare4ever ($96.01 in chips)
Seat 6: Psynto ($72 in chips)
Kaikare4ever: posts small blind $1
Psynto: posts big blind $3
*** HOLE CARDS ***
Kaikare4ever: folds
Uncalled bet ($2) returned to Psynto
Psynto collected $2 from pot
Psynto: doesn't show hand
*** SUMMARY ***
Total pot $2 | Rake $0
Seat 3: Kaikare4ever (button) (small blind) folded before Flop
Seat 6: Psynto (big blind) collected ($2)


