PokerStars Hand #165558301232:  Hold'em Limit ($3/$6 USD) - 2017/02/02 10:17:46 ET
Table 'Azha II' 6-max Seat #3 is the button
Seat 3: kusznak ($120 in chips)
Seat 4: Actionni13 ($150 in chips)
kusznak: posts small blind $1
Actionni13: posts big blind $3
*** HOLE CARDS ***
kusznak: raises $3 to $6
Actionni13: calls $3
*** FLOP *** [3s Kc 5c]
Actionni13: checks
kusznak: bets $3
Actionni13: raises $3 to $6
kusznak: calls $3
*** TURN *** [3s Kc 5c] [Qc]
Actionni13: bets $6
kusznak: folds
Uncalled bet ($6) returned to Actionni13
Actionni13 collected $23.52 from pot
*** SUMMARY ***
Total pot $24 | Rake $0.48
Board [3s Kc 5c Qc]
Seat 3: kusznak (button) (small blind) folded on the Turn
Seat 4: Actionni13 (big blind) collected ($23.52)


PokerStars Hand #165558318304:  Hold'em Limit ($3/$6 USD) - 2017/02/02 10:18:10 ET
Table 'Azha II' 6-max Seat #3 is the button
Seat 3: kusznak ($109 in chips)
Seat 4: Actionni13 ($160.52 in chips)
kusznak: posts small blind $1
Actionni13: posts big blind $3
*** HOLE CARDS ***
kusznak: raises $3 to $6
Actionni13: folds
Uncalled bet ($3) returned to kusznak
kusznak collected $6 from pot
kusznak: doesn't show hand
*** SUMMARY ***
Total pot $6 | Rake $0
Seat 3: kusznak (button) (small blind) collected ($6)
Seat 4: Actionni13 (big blind) folded before Flop


PokerStars Hand #165558313210:  Hold'em Limit ($3/$6 USD) - 2017/02/02 10:18:03 ET
Table 'Azha II' 6-max Seat #4 is the button
Seat 3: kusznak ($108 in chips)
Seat 4: Actionni13 ($161.52 in chips)
Actionni13: posts small blind $1
kusznak: posts big blind $3
*** HOLE CARDS ***
Actionni13: folds
Uncalled bet ($2) returned to kusznak
kusznak collected $2 from pot
kusznak: doesn't show hand
*** SUMMARY ***
Total pot $2 | Rake $0
Seat 3: kusznak (big blind) collected ($2)
Seat 4: Actionni13 (button) (small blind) folded before Flop


PokerStars Hand #165558322221:  Hold'em Limit ($3/$6 USD) - 2017/02/02 10:18:15 ET
Table 'Azha II' 6-max Seat #4 is the button
Seat 3: kusznak ($112 in chips)
Seat 4: Actionni13 ($157.52 in chips)
Actionni13: posts small blind $1
kusznak: posts big blind $3
*** HOLE CARDS ***
Actionni13: raises $3 to $6
kusznak: calls $3
*** FLOP *** [Jd 2s 9c]
kusznak: checks
Actionni13: bets $3
kusznak: folds
Uncalled bet ($3) returned to Actionni13
Actionni13 collected $11.76 from pot
*** SUMMARY ***
Total pot $12 | Rake $0.24
Board [Jd 2s 9c]
Seat 3: kusznak (big blind) folded on the Flop
Seat 4: Actionni13 (button) (small blind) collected ($11.76)


PokerStars Hand #165560205301:  Hold'em Limit ($3/$6 USD) - 2017/02/02 11:00:40 ET
Table 'Azha II' 6-max Seat #6 is the button
Seat 3: RaisemyNut$ ($149.93 in chips)
Seat 6: Great_Kang ($121 in chips)
Great_Kang: posts small blind $1
belik555: is sitting out
vestimokrec: is sitting out
RaisemyNut$: posts big blind $3
*** HOLE CARDS ***
vestimokrec leaves the table
Great_Kang: raises $3 to $6
belik555 leaves the table
RaisemyNut$: calls $3
*** FLOP *** [5d 6h 2s]
RaisemyNut$: checks
Great_Kang: bets $3
RaisemyNut$: raises $3 to $6
Great_Kang: calls $3
*** TURN *** [5d 6h 2s] [2h]
RaisemyNut$: bets $6
Great_Kang: raises $6 to $12
RaisemyNut$: calls $6
*** RIVER *** [5d 6h 2s 2h] [Td]
RaisemyNut$: checks
Great_Kang: bets $6
RaisemyNut$: folds
Uncalled bet ($6) returned to Great_Kang
Great_Kang collected $47.50 from pot
Great_Kang: doesn't show hand
*** SUMMARY ***
Total pot $48 | Rake $0.50
Board [5d 6h 2s 2h Td]
Seat 3: RaisemyNut$ (big blind) folded on the River
Seat 6: Great_Kang (button) (small blind) collected ($47.50)


