PokerStars Hand #156199652654:  Hold'em Limit ($3/$6 USD) - 2016/07/19 23:17:30 ET
Table 'Azha' 6-max Seat #1 is the button
Seat 1: LifeisagameX ($84 in chips)
Seat 3: Jrracc1 ($120 in chips)
LifeisagameX: posts small blind $1
Jrracc1: posts big blind $3
*** HOLE CARDS ***
LifeisagameX: raises $3 to $6
Jrracc1: folds
Uncalled bet ($3) returned to LifeisagameX
LifeisagameX collected $6 from pot
LifeisagameX: doesn't show hand
*** SUMMARY ***
Total pot $6 | Rake $0
Seat 1: LifeisagameX (button) (small blind) collected ($6)
Seat 3: Jrracc1 (big blind) folded before Flop


PokerStars Hand #156199657524:  Hold'em Limit ($3/$6 USD) - 2016/07/19 23:17:47 ET
Table 'Azha' 6-max Seat #1 is the button
Seat 1: LifeisagameX ($88 in chips)
Seat 3: Jrracc1 ($116 in chips)
LifeisagameX: posts small blind $1
Jrracc1: posts big blind $3
*** HOLE CARDS ***
LifeisagameX: raises $3 to $6
Jrracc1: calls $3
*** FLOP *** [8c Ts Ah]
Jrracc1: checks
LifeisagameX: bets $3
Jrracc1: calls $3
*** TURN *** [8c Ts Ah] [4s]
Jrracc1: checks
LifeisagameX: checks
*** RIVER *** [8c Ts Ah 4s] [Qd]
Jrracc1: bets $6
LifeisagameX: folds
Uncalled bet ($6) returned to Jrracc1
Jrracc1 collected $17.64 from pot
Jrracc1: doesn't show hand
*** SUMMARY ***
Total pot $18 | Rake $0.36
Board [8c Ts Ah 4s Qd]
Seat 1: LifeisagameX (button) (small blind) folded on the River
Seat 3: Jrracc1 (big blind) collected ($17.64)


PokerStars Hand #156199655675:  Hold'em Limit ($3/$6 USD) - 2016/07/19 23:17:41 ET
Table 'Azha' 6-max Seat #3 is the button
Seat 1: LifeisagameX ($87 in chips)
Seat 3: Jrracc1 ($117 in chips)
Jrracc1: posts small blind $1
LifeisagameX: posts big blind $3
*** HOLE CARDS ***
Jrracc1: folds
Uncalled bet ($2) returned to LifeisagameX
LifeisagameX collected $2 from pot
LifeisagameX: doesn't show hand
*** SUMMARY ***
Total pot $2 | Rake $0
Seat 1: LifeisagameX (big blind) collected ($2)
Seat 3: Jrracc1 (button) (small blind) folded before Flop


PokerStars Hand #156199666929:  Hold'em Limit ($3/$6 USD) - 2016/07/19 23:18:20 ET
Table 'Azha' 6-max Seat #1 is the button
Seat 1: LifeisagameX ($85 in chips)
Seat 3: Jrracc1 ($123.64 in chips)
LifeisagameX: posts small blind $1
Jrracc1: posts big blind $3
*** HOLE CARDS ***
LifeisagameX: raises $3 to $6
Jrracc1: raises $3 to $9
LifeisagameX: calls $3
*** FLOP *** [5c 8h Td]
Jrracc1: bets $3
LifeisagameX: calls $3
*** TURN *** [5c 8h Td] [Qh]
Jrracc1: bets $6
LifeisagameX: calls $6
*** RIVER *** [5c 8h Td Qh] [7s]
Jrracc1: bets $6
LifeisagameX: calls $6
*** SHOW DOWN ***
Jrracc1: shows [Ac Ah] (a pair of Aces)
LifeisagameX: mucks hand
Jrracc1 collected $47.50 from pot
*** SUMMARY ***
Total pot $48 | Rake $0.50
Board [5c 8h Td Qh 7s]
Seat 1: LifeisagameX (button) (small blind) mucked
Seat 3: Jrracc1 (big blind) showed [Ac Ah] and won ($47.50) with a pair of Aces


PokerStars Hand #156199663587:  Hold'em Limit ($3/$6 USD) - 2016/07/19 23:18:08 ET
Table 'Azha' 6-max Seat #3 is the button
Seat 1: LifeisagameX ($84 in chips)
Seat 3: Jrracc1 ($124.64 in chips)
Jrracc1: posts small blind $1
LifeisagameX: posts big blind $3
*** HOLE CARDS ***
Jrracc1: folds
Uncalled bet ($2) returned to LifeisagameX
LifeisagameX collected $2 from pot
LifeisagameX: doesn't show hand
*** SUMMARY ***
Total pot $2 | Rake $0
Seat 1: LifeisagameX (big blind) collected ($2)
Seat 3: Jrracc1 (button) (small blind) folded before Flop


PokerStars Hand #156199689216:  Hold'em Limit ($3/$6 USD) - 2016/07/19 23:19:38 ET
Table 'Azha' 6-max Seat #1 is the button
Seat 1: LifeisagameX ($89.76 in chips)
Seat 3: Jrracc1 ($141.14 in chips)
LifeisagameX: posts small blind $1
Jrracc1: posts big blind $3
*** HOLE CARDS ***
LifeisagameX: raises $3 to $6
Jrracc1: calls $3
*** FLOP *** [3s Ac 6c]
Jrracc1: checks
LifeisagameX: bets $3
Jrracc1: raises $3 to $6
LifeisagameX: calls $3
*** TURN *** [3s Ac 6c] [5s]
Jrracc1: bets $6
LifeisagameX: calls $6
*** RIVER *** [3s Ac 6c 5s] [9c]
Jrracc1: bets $6
LifeisagameX: folds
Uncalled bet ($6) returned to Jrracc1
Jrracc1 collected $35.50 from pot
Jrracc1: doesn't show hand
*** SUMMARY ***
Total pot $36 | Rake $0.50
Board [3s Ac 6c 5s 9c]
Seat 1: LifeisagameX (button) (small blind) folded on the River
Seat 3: Jrracc1 (big blind) collected ($35.50)


PokerStars Hand #156199697100:  Hold'em Limit ($3/$6 USD) - 2016/07/19 23:20:06 ET
Table 'Azha' 6-max Seat #3 is the button
Seat 1: LifeisagameX ($84 in chips)
Seat 3: Jrracc1 ($158.64 in chips)
Jrracc1: posts small blind $1
LifeisagameX: posts big blind $3
*** HOLE CARDS ***
Jrracc1: folds
Uncalled bet ($2) returned to LifeisagameX
LifeisagameX collected $2 from pot
LifeisagameX: doesn't show hand
*** SUMMARY ***
Total pot $2 | Rake $0
Seat 1: LifeisagameX (big blind) collected ($2)
Seat 3: Jrracc1 (button) (small blind) folded before Flop


PokerStars Hand #156199674322:  Hold'em Limit ($3/$6 USD) - 2016/07/19 23:18:46 ET
Table 'Azha' 6-max Seat #3 is the button
Seat 1: LifeisagameX ($84 in chips)
Seat 3: Jrracc1 ($147.14 in chips)
Jrracc1: posts small blind $1
LifeisagameX: posts big blind $3
*** HOLE CARDS ***
Jrracc1: raises $3 to $6
LifeisagameX: calls $3
*** FLOP *** [Qh 5d Jh]
LifeisagameX: checks
Jrracc1: checks
*** TURN *** [Qh 5d Jh] [4s]
LifeisagameX: bets $6
Jrracc1: folds
Uncalled bet ($6) returned to LifeisagameX
LifeisagameX collected $11.76 from pot
LifeisagameX: doesn't show hand
*** SUMMARY ***
Total pot $12 | Rake $0.24
Board [Qh 5d Jh 4s]
Seat 1: LifeisagameX (big blind) collected ($11.76)
Seat 3: Jrracc1 (button) (small blind) folded on the Turn


PokerStars Hand #156199700793:  Hold'em Limit ($3/$6 USD) - 2016/07/19 23:20:18 ET
Table 'Azha' 6-max Seat #3 is the button
Seat 1: LifeisagameX ($84 in chips)
Seat 3: Jrracc1 ($158.64 in chips)
Jrracc1: posts small blind $1
LifeisagameX: posts big blind $3
*** HOLE CARDS ***
Jrracc1: raises $3 to $6
LifeisagameX: calls $3
*** FLOP *** [Ad Th Qd]
LifeisagameX: checks
Jrracc1: bets $3
LifeisagameX: raises $3 to $6
Jrracc1: calls $3
*** TURN *** [Ad Th Qd] [Jc]
LifeisagameX: bets $6
Jrracc1: raises $6 to $12
LifeisagameX: calls $6
*** RIVER *** [Ad Th Qd Jc] [Kc]
LifeisagameX: checks
Jrracc1: checks
*** SHOW DOWN ***
LifeisagameX: shows [Jd Qs] (a straight, Ten to Ace)
Jrracc1: shows [2s Ks] (a straight, Ten to Ace)
LifeisagameX collected $23.75 from pot
Jrracc1 collected $23.75 from pot
*** SUMMARY ***
Total pot $48 | Rake $0.50
Board [Ad Th Qd Jc Kc]
Seat 1: LifeisagameX (big blind) showed [Jd Qs] and won ($23.75) with a straight, Ten to Ace
Seat 3: Jrracc1 (button) (small blind) showed [2s Ks] and won ($23.75) with a straight, Ten to Ace


PokerStars Hand #156199708988:  Hold'em Limit ($3/$6 USD) - 2016/07/19 23:20:47 ET
Table 'Azha' 6-max Seat #1 is the button
Seat 1: LifeisagameX ($84 in chips)
Seat 3: Jrracc1 ($158.39 in chips)
LifeisagameX: posts small blind $1
Jrracc1: posts big blind $3
*** HOLE CARDS ***
LifeisagameX: raises $3 to $6
Jrracc1: folds
Uncalled bet ($3) returned to LifeisagameX
LifeisagameX collected $6 from pot
LifeisagameX: doesn't show hand
*** SUMMARY ***
Total pot $6 | Rake $0
Seat 1: LifeisagameX (button) (small blind) collected ($6)
Seat 3: Jrracc1 (big blind) folded before Flop


PokerStars Hand #156199698531:  Hold'em Limit ($3/$6 USD) - 2016/07/19 23:20:11 ET
Table 'Azha' 6-max Seat #1 is the button
Seat 1: LifeisagameX ($85 in chips)
Seat 3: Jrracc1 ($157.64 in chips)
LifeisagameX: posts small blind $1
Jrracc1: posts big blind $3
*** HOLE CARDS ***
LifeisagameX: folds
Uncalled bet ($2) returned to Jrracc1
Jrracc1 collected $2 from pot
Jrracc1: doesn't show hand
*** SUMMARY ***
Total pot $2 | Rake $0
Seat 1: LifeisagameX (button) (small blind) folded before Flop
Seat 3: Jrracc1 (big blind) collected ($2)


PokerStars Hand #156199712884:  Hold'em Limit ($3/$6 USD) - 2016/07/19 23:21:00 ET
Table 'Azha' 6-max Seat #3 is the button
Seat 1: LifeisagameX ($87 in chips)
Seat 3: Jrracc1 ($155.39 in chips)
Jrracc1: posts small blind $1
LifeisagameX: posts big blind $3
*** HOLE CARDS ***
Jrracc1: raises $3 to $6
vnDung joins the table at seat #4
LifeisagameX: raises $3 to $9
Jrracc1: calls $3
*** FLOP *** [2d Jh 6h]
BuzovaPro joins the table at seat #5
LifeisagameX: bets $3
Jrracc1: calls $3
*** TURN *** [2d Jh 6h] [7h]
LifeisagameX: checks
Jrracc1: checks
*** RIVER *** [2d Jh 6h 7h] [5d]
LifeisagameX: checks
Jrracc1: bets $6
LifeisagameX: raises $6 to $12
Jrracc1: folds
Uncalled bet ($6) returned to LifeisagameX
LifeisagameX collected $35.50 from pot
LifeisagameX: doesn't show hand
*** SUMMARY ***
Total pot $36 | Rake $0.50
Board [2d Jh 6h 7h 5d]
Seat 1: LifeisagameX (big blind) collected ($35.50)
Seat 3: Jrracc1 (button) (small blind) folded on the River


PokerStars Hand #156199730293:  Hold'em Limit ($3/$6 USD) - 2016/07/19 23:22:02 ET
Table 'Azha' 6-max Seat #1 is the button
Seat 1: LifeisagameX ($104.50 in chips)
Seat 3: Jrracc1 ($137.39 in chips)
LifeisagameX: posts small blind $1
Jrracc1: posts big blind $3
*** HOLE CARDS ***
LifeisagameX: raises $3 to $6
Jrracc1: calls $3
*** FLOP *** [9h 2c 4h]
Jrracc1: checks
LifeisagameX: checks
*** TURN *** [9h 2c 4h] [7s]
Jrracc1: bets $6
LifeisagameX: calls $6
*** RIVER *** [9h 2c 4h 7s] [7h]
Jrracc1: bets $6
LifeisagameX: calls $6
*** SHOW DOWN ***
Jrracc1: shows [6h Qh] (a flush, Queen high)
LifeisagameX: mucks hand
Jrracc1 collected $35.50 from pot
*** SUMMARY ***
Total pot $36 | Rake $0.50
Board [9h 2c 4h 7s 7h]
Seat 1: LifeisagameX (button) (small blind) mucked
Seat 3: Jrracc1 (big blind) showed [6h Qh] and won ($35.50) with a flush, Queen high


PokerStars Hand #156199760846:  Hold'em Limit ($3/$6 USD) - 2016/07/19 23:23:49 ET
Table 'Azha' 6-max Seat #4 is the button
Seat 4: vnDung ($108.90 in chips)
Seat 5: BuzovaPro ($72 in chips)
vnDung: posts small blind $1
BuzovaPro: posts big blind $3
*** HOLE CARDS ***
vnDung: calls $2
BuzovaPro: checks
*** FLOP *** [7d 9c 5c]
BuzovaPro: bets $3
vnDung: calls $3
*** TURN *** [7d 9c 5c] [4c]
BuzovaPro: bets $6
vnDung: calls $6
*** RIVER *** [7d 9c 5c 4c] [8d]
BuzovaPro: checks
vnDung: checks
*** SHOW DOWN ***
BuzovaPro: shows [3s 8h] (a pair of Eights)
vnDung: mucks hand
BuzovaPro collected $23.52 from pot
*** SUMMARY ***
Total pot $24 | Rake $0.48
Board [7d 9c 5c 4c 8d]
Seat 4: vnDung (button) (small blind) mucked
Seat 5: BuzovaPro (big blind) showed [3s 8h] and won ($23.52) with a pair of Eights


PokerStars Hand #156199757818:  Hold'em Limit ($3/$6 USD) - 2016/07/19 23:23:39 ET
Table 'Azha' 6-max Seat #5 is the button
Seat 4: vnDung ($107.90 in chips)
Seat 5: BuzovaPro ($72 in chips)
BuzovaPro: posts small blind $1
Jrracc1: is sitting out
vnDung: posts big blind $3
*** HOLE CARDS ***
Jrracc1 leaves the table
BuzovaPro: folds
Uncalled bet ($2) returned to vnDung
vnDung collected $2 from pot
vnDung: doesn't show hand
*** SUMMARY ***
Total pot $2 | Rake $0
Seat 4: vnDung (big blind) collected ($2)
Seat 5: BuzovaPro (button) (small blind) folded before Flop


PokerStars Hand #156199767450:  Hold'em Limit ($3/$6 USD) - 2016/07/19 23:24:12 ET
Table 'Azha' 6-max Seat #5 is the button
Seat 4: vnDung ($96.90 in chips)
Seat 5: BuzovaPro ($83.52 in chips)
BuzovaPro: posts small blind $1
vnDung: posts big blind $3
*** HOLE CARDS ***
BuzovaPro: raises $3 to $6
vnDung: calls $3
*** FLOP *** [9h 3c 7c]
vnDung: checks
BuzovaPro: bets $3
vnDung: folds
Uncalled bet ($3) returned to BuzovaPro
BuzovaPro collected $11.76 from pot
BuzovaPro: doesn't show hand
*** SUMMARY ***
Total pot $12 | Rake $0.24
Board [9h 3c 7c]
Seat 4: vnDung (big blind) folded on the Flop
Seat 5: BuzovaPro (button) (small blind) collected ($11.76)


