PokerStars Hand #170746946766:  Hold'em Limit ($3/$6 USD) - 2017/05/21 20:38:15 ET
Table 'Azha' 6-max Seat #3 is the button
Seat 1: Zubasa07 ($288 in chips)
Seat 3: VRN_CATI_PRO ($131.52 in chips)
VRN_CATI_PRO: posts small blind $1
Zubasa07: posts big blind $3
*** HOLE CARDS ***
VRN_CATI_PRO: folds
Uncalled bet ($2) returned to Zubasa07
Zubasa07 collected $2 from pot
Zubasa07: doesn't show hand
*** SUMMARY ***
Total pot $2 | Rake $0
Seat 1: Zubasa07 (big blind) collected ($2)
Seat 3: VRN_CATI_PRO (button) (small blind) folded before Flop


PokerStars Hand #170746928510:  Hold'em Limit ($3/$6 USD) - 2017/05/21 20:37:35 ET
Table 'Azha' 6-max Seat #3 is the button
Seat 1: Zubasa07 ($299 in chips)
Seat 3: VRN_CATI_PRO ($121 in chips)
VRN_CATI_PRO: posts small blind $1
Zubasa07: posts big blind $3
*** HOLE CARDS ***
VRN_CATI_PRO: folds
Uncalled bet ($2) returned to Zubasa07
Zubasa07 collected $2 from pot
Zubasa07: doesn't show hand
*** SUMMARY ***
Total pot $2 | Rake $0
Seat 1: Zubasa07 (big blind) collected ($2)
Seat 3: VRN_CATI_PRO (button) (small blind) folded before Flop


PokerStars Hand #170746944427:  Hold'em Limit ($3/$6 USD) - 2017/05/21 20:38:09 ET
Table 'Azha' 6-max Seat #1 is the button
Seat 1: Zubasa07 ($289 in chips)
Seat 3: VRN_CATI_PRO ($130.52 in chips)
Zubasa07: posts small blind $1
VRN_CATI_PRO: posts big blind $3
*** HOLE CARDS ***
Zubasa07: folds
Uncalled bet ($2) returned to VRN_CATI_PRO
VRN_CATI_PRO collected $2 from pot
*** SUMMARY ***
Total pot $2 | Rake $0
Seat 1: Zubasa07 (button) (small blind) folded before Flop
Seat 3: VRN_CATI_PRO (big blind) collected ($2)


PokerStars Hand #170746942096:  Hold'em Limit ($3/$6 USD) - 2017/05/21 20:38:04 ET
Table 'Azha' 6-max Seat #3 is the button
Seat 1: Zubasa07 ($288 in chips)
Seat 3: VRN_CATI_PRO ($131.52 in chips)
VRN_CATI_PRO: posts small blind $1
Zubasa07: posts big blind $3
*** HOLE CARDS ***
VRN_CATI_PRO: folds
Uncalled bet ($2) returned to Zubasa07
Zubasa07 collected $2 from pot
Zubasa07: doesn't show hand
*** SUMMARY ***
Total pot $2 | Rake $0
Seat 1: Zubasa07 (big blind) collected ($2)
Seat 3: VRN_CATI_PRO (button) (small blind) folded before Flop


PokerStars Hand #170746930672:  Hold'em Limit ($3/$6 USD) - 2017/05/21 20:37:40 ET
Table 'Azha' 6-max Seat #1 is the button
Seat 1: Zubasa07 ($300 in chips)
Seat 3: VRN_CATI_PRO ($120 in chips)
Zubasa07: posts small blind $1
VRN_CATI_PRO: posts big blind $3
*** HOLE CARDS ***
Zubasa07: raises $3 to $6
VRN_CATI_PRO: raises $3 to $9
Zubasa07: calls $3
*** FLOP *** [Jd Js 4h]
VRN_CATI_PRO: bets $3
Zubasa07: calls $3
*** TURN *** [Jd Js 4h] [Ah]
VRN_CATI_PRO: bets $6
Zubasa07: folds
Uncalled bet ($6) returned to VRN_CATI_PRO
VRN_CATI_PRO collected $23.52 from pot
*** SUMMARY ***
Total pot $24 | Rake $0.48
Board [Jd Js 4h Ah]
Seat 1: Zubasa07 (button) (small blind) folded on the Turn
Seat 3: VRN_CATI_PRO (big blind) collected ($23.52)


PokerStars Hand #170746923978:  Hold'em Limit ($3/$6 USD) - 2017/05/21 20:37:26 ET
Table 'Azha' 6-max Seat #1 is the button
Seat 1: Zubasa07 ($300 in chips)
Seat 3: VRN_CATI_PRO ($120 in chips)
Zubasa07: posts small blind $1
VRN_CATI_PRO: posts big blind $3
*** HOLE CARDS ***
Zubasa07: folds
Uncalled bet ($2) returned to VRN_CATI_PRO
VRN_CATI_PRO collected $2 from pot
*** SUMMARY ***
Total pot $2 | Rake $0
Seat 1: Zubasa07 (button) (small blind) folded before Flop
Seat 3: VRN_CATI_PRO (big blind) collected ($2)


PokerStars Hand #170746963935:  Hold'em Limit ($3/$6 USD) - 2017/05/21 20:38:51 ET
Table 'Azha' 6-max Seat #3 is the button
Seat 1: Zubasa07 ($288.75 in chips)
Seat 3: VRN_CATI_PRO ($130.27 in chips)
VRN_CATI_PRO: posts small blind $1
kismespit joins the table at seat #5
Zubasa07: posts big blind $3
*** HOLE CARDS ***
VRN_CATI_PRO: raises $3 to $6
Zubasa07: calls $3
*** FLOP *** [6d 7s 2h]
Zubasa07: checks
VRN_CATI_PRO: bets $3
Zubasa07: calls $3
*** TURN *** [6d 7s 2h] [Qd]
Zubasa07: checks
VRN_CATI_PRO: bets $6
Zubasa07: calls $6
*** RIVER *** [6d 7s 2h Qd] [4d]
Zubasa07: checks
VRN_CATI_PRO: bets $6
Zubasa07: calls $6
*** SHOW DOWN ***
VRN_CATI_PRO: shows [Qc Jc] (a pair of Queens)
Zubasa07: mucks hand
VRN_CATI_PRO collected $41.50 from pot
*** SUMMARY ***
Total pot $42 | Rake $0.50
Board [6d 7s 2h Qd 4d]
Seat 1: Zubasa07 (big blind) mucked
Seat 3: VRN_CATI_PRO (button) (small blind) showed [Qc Jc] and won ($41.50) with a pair of Queens


PokerStars Hand #170746949111:  Hold'em Limit ($3/$6 USD) - 2017/05/21 20:38:19 ET
Table 'Azha' 6-max Seat #1 is the button
Seat 1: Zubasa07 ($289 in chips)
Seat 3: VRN_CATI_PRO ($130.52 in chips)
Zubasa07: posts small blind $1
VRN_CATI_PRO: posts big blind $3
*** HOLE CARDS ***
Zubasa07: raises $3 to $6
VRN_CATI_PRO: calls $3
*** FLOP *** [Ad 9s 7c]
VRN_CATI_PRO: checks
GoliafUa joins the table at seat #4
Zubasa07: bets $3
VRN_CATI_PRO: calls $3
*** TURN *** [Ad 9s 7c] [9d]
VRN_CATI_PRO: checks
Zubasa07: bets $6
VRN_CATI_PRO: calls $6
*** RIVER *** [Ad 9s 7c 9d] [Qd]
VRN_CATI_PRO: checks
Zubasa07: bets $6
VRN_CATI_PRO: calls $6
*** SHOW DOWN ***
Zubasa07: shows [Ts Ah] (two pair, Aces and Nines)
VRN_CATI_PRO: shows [As 3d] (two pair, Aces and Nines)
VRN_CATI_PRO collected $20.75 from pot
Zubasa07 collected $20.75 from pot
*** SUMMARY ***
Total pot $42 | Rake $0.50
Board [Ad 9s 7c 9d Qd]
Seat 1: Zubasa07 (button) (small blind) showed [Ts Ah] and won ($20.75) with two pair, Aces and Nines
Seat 3: VRN_CATI_PRO (big blind) showed [As 3d] and won ($20.75) with two pair, Aces and Nines


PokerStars Hand #170746980066:  Hold'em Limit ($3/$6 USD) - 2017/05/21 20:39:25 ET
Table 'Azha' 6-max Seat #1 is the button
Seat 1: Zubasa07 ($267.75 in chips)
Seat 5: kismespit ($120 in chips)
Zubasa07: posts small blind $1
kismespit: posts big blind $3
*** HOLE CARDS ***
VRN_CATI_PRO leaves the table
Zubasa07: raises $3 to $6
kismespit: calls $3
*** FLOP *** [7s 5s 9h]
kismespit: checks
Zubasa07: bets $3
kismespit: calls $3
*** TURN *** [7s 5s 9h] [3d]
kismespit: checks
Zubasa07: checks
*** RIVER *** [7s 5s 9h 3d] [3h]
kismespit: checks
Zubasa07: bets $6
kismespit: calls $6
*** SHOW DOWN ***
Zubasa07: shows [5h Kc] (two pair, Fives and Threes)
kismespit: mucks hand
Zubasa07 collected $29.50 from pot
*** SUMMARY ***
Total pot $30 | Rake $0.50
Board [7s 5s 9h 3d 3h]
Seat 1: Zubasa07 (button) (small blind) showed [5h Kc] and won ($29.50) with two pair, Fives and Threes
Seat 5: kismespit (big blind) mucked


PokerStars Hand #170746997660:  Hold'em Limit ($3/$6 USD) - 2017/05/21 20:40:03 ET
Table 'Azha' 6-max Seat #5 is the button
Seat 1: Zubasa07 ($282.25 in chips)
Seat 5: kismespit ($105 in chips)
kismespit: posts small blind $1
Zubasa07: posts big blind $3
*** HOLE CARDS ***
kismespit: raises $3 to $6
Zubasa07: folds
Uncalled bet ($3) returned to kismespit
kismespit collected $6 from pot
*** SUMMARY ***
Total pot $6 | Rake $0
Seat 1: Zubasa07 (big blind) folded before Flop
Seat 5: kismespit (button) (small blind) collected ($6)


PokerStars Hand #170747001689:  Hold'em Limit ($3/$6 USD) - 2017/05/21 20:40:11 ET
Table 'Azha' 6-max Seat #1 is the button
Seat 1: Zubasa07 ($279.25 in chips)
Seat 5: kismespit ($108 in chips)
Zubasa07: posts small blind $1
kismespit: posts big blind $3
*** HOLE CARDS ***
Zubasa07: raises $3 to $6
kismespit: calls $3
*** FLOP *** [7s Kd Jd]
kismespit: checks
Zubasa07: bets $3
kismespit: calls $3
*** TURN *** [7s Kd Jd] [Kc]
kismespit: checks
Zubasa07: bets $6
kismespit: calls $6
*** RIVER *** [7s Kd Jd Kc] [Qc]
kismespit: checks
Zubasa07: bets $6
kismespit: calls $6
*** SHOW DOWN ***
Zubasa07: shows [6c Kh] (three of a kind, Kings)
kismespit: mucks hand
Zubasa07 collected $41.50 from pot
*** SUMMARY ***
Total pot $42 | Rake $0.50
Board [7s Kd Jd Kc Qc]
Seat 1: Zubasa07 (button) (small blind) showed [6c Kh] and won ($41.50) with three of a kind, Kings
Seat 5: kismespit (big blind) mucked


PokerStars Hand #170747017275:  Hold'em Limit ($3/$6 USD) - 2017/05/21 20:40:45 ET
Table 'Azha' 6-max Seat #5 is the button
Seat 1: Zubasa07 ($299.75 in chips)
Seat 5: kismespit ($87 in chips)
kismespit: posts small blind $1
Zubasa07: posts big blind $3
*** HOLE CARDS ***
kismespit: folds
Uncalled bet ($2) returned to Zubasa07
Zubasa07 collected $2 from pot
Zubasa07: doesn't show hand
*** SUMMARY ***
Total pot $2 | Rake $0
Seat 1: Zubasa07 (big blind) collected ($2)
Seat 5: kismespit (button) (small blind) folded before Flop


PokerStars Hand #170747019203:  Hold'em Limit ($3/$6 USD) - 2017/05/21 20:40:49 ET
Table 'Azha' 6-max Seat #1 is the button
Seat 1: Zubasa07 ($300.75 in chips)
Seat 5: kismespit ($86 in chips)
Zubasa07: posts small blind $1
kismespit: posts big blind $3
*** HOLE CARDS ***
Zubasa07: raises $3 to $6
kismespit: raises $3 to $9
Zubasa07: calls $3
*** FLOP *** [8s 2d Kc]
kismespit: bets $3
Zubasa07: calls $3
*** TURN *** [8s 2d Kc] [5s]
kismespit: bets $6
Zubasa07: raises $6 to $12
kismespit: calls $6
*** RIVER *** [8s 2d Kc 5s] [Qd]
kismespit: checks
Zubasa07: bets $6
kismespit: calls $6
*** SHOW DOWN ***
Zubasa07: shows [9s 7s] (high card King)
kismespit: shows [Ah Ad] (a pair of Aces)
kismespit collected $59.50 from pot
*** SUMMARY ***
Total pot $60 | Rake $0.50
Board [8s 2d Kc 5s Qd]
Seat 1: Zubasa07 (button) (small blind) showed [9s 7s] and lost with high card King
Seat 5: kismespit (big blind) showed [Ah Ad] and won ($59.50) with a pair of Aces


PokerStars Hand #170747072199:  Hold'em Limit ($3/$6 USD) - 2017/05/21 20:42:43 ET
Table 'Azha' 6-max Seat #1 is the button
Seat 1: Zubasa07 ($258.75 in chips)
Seat 5: kismespit ($127.02 in chips)
Zubasa07: posts small blind $1
kismespit: posts big blind $3
*** HOLE CARDS ***
Zubasa07: raises $3 to $6
kismespit: folds
Uncalled bet ($3) returned to Zubasa07
Zubasa07 collected $6 from pot
Zubasa07: doesn't show hand
*** SUMMARY ***
Total pot $6 | Rake $0
Seat 1: Zubasa07 (button) (small blind) collected ($6)
Seat 5: kismespit (big blind) folded before Flop


PokerStars Hand #170747069728:  Hold'em Limit ($3/$6 USD) - 2017/05/21 20:42:38 ET
Table 'Azha' 6-max Seat #5 is the button
Seat 1: Zubasa07 ($257.75 in chips)
Seat 5: kismespit ($128.02 in chips)
kismespit: posts small blind $1
Zubasa07: posts big blind $3
*** HOLE CARDS ***
kismespit: folds
Uncalled bet ($2) returned to Zubasa07
Zubasa07 collected $2 from pot
Zubasa07: doesn't show hand
*** SUMMARY ***
Total pot $2 | Rake $0
Seat 1: Zubasa07 (big blind) collected ($2)
Seat 5: kismespit (button) (small blind) folded before Flop


PokerStars Hand #170747067008:  Hold'em Limit ($3/$6 USD) - 2017/05/21 20:42:32 ET
Table 'Azha' 6-max Seat #1 is the button
Seat 1: Zubasa07 ($258.75 in chips)
Seat 5: kismespit ($127.02 in chips)
Zubasa07: posts small blind $1
kismespit: posts big blind $3
*** HOLE CARDS ***
Zubasa07: folds
Uncalled bet ($2) returned to kismespit
kismespit collected $2 from pot
kismespit: doesn't show hand
*** SUMMARY ***
Total pot $2 | Rake $0
Seat 1: Zubasa07 (button) (small blind) folded before Flop
Seat 5: kismespit (big blind) collected ($2)


PokerStars Hand #170747046519:  Hold'em Limit ($3/$6 USD) - 2017/05/21 20:41:48 ET
Table 'Azha' 6-max Seat #5 is the button
Seat 1: Zubasa07 ($270.75 in chips)
Seat 5: kismespit ($115.50 in chips)
kismespit: posts small blind $1
Zubasa07: posts big blind $3
*** HOLE CARDS ***
kismespit: raises $3 to $6
Zubasa07: calls $3
*** FLOP *** [4c Ts 8c]
Zubasa07: checks
kismespit: bets $3
Zubasa07: raises $3 to $6
kismespit: calls $3
*** TURN *** [4c Ts 8c] [Ks]
Zubasa07: checks
kismespit: bets $6
Zubasa07: folds
Uncalled bet ($6) returned to kismespit
kismespit collected $23.52 from pot
*** SUMMARY ***
Total pot $24 | Rake $0.48
Board [4c Ts 8c Ks]
Seat 1: Zubasa07 (big blind) folded on the Turn
Seat 5: kismespit (button) (small blind) collected ($23.52)


PokerStars Hand #170747076216:  Hold'em Limit ($3/$6 USD) - 2017/05/21 20:42:52 ET
Table 'Azha' 6-max Seat #5 is the button
Seat 1: Zubasa07 ($261.75 in chips)
Seat 5: kismespit ($124.02 in chips)
kismespit: posts small blind $1
cabrinhakite joins the table at seat #3
Zubasa07: posts big blind $3
*** HOLE CARDS ***
kismespit: raises $3 to $6
Zubasa07: calls $3
*** FLOP *** [Ks 9h 4h]
Zubasa07: checks
kismespit: bets $3
Zubasa07: calls $3
*** TURN *** [Ks 9h 4h] [Kh]
Zubasa07: checks
dobber888 joins the table at seat #6
kismespit: bets $6
Zubasa07: raises $6 to $12
StormToTo joins the table at seat #2
kismespit: calls $6
*** RIVER *** [Ks 9h 4h Kh] [4c]
Zubasa07: bets $6
kismespit: calls $6
*** SHOW DOWN ***
Zubasa07: shows [3d Th] (two pair, Kings and Fours)
kismespit: shows [4d Ah] (a full house, Fours full of Kings)
kismespit collected $53.50 from pot
*** SUMMARY ***
Total pot $54 | Rake $0.50
Board [Ks 9h 4h Kh 4c]
Seat 1: Zubasa07 (big blind) showed [3d Th] and lost with two pair, Kings and Fours
Seat 5: kismespit (button) (small blind) showed [4d Ah] and won ($53.50) with a full house, Fours full of Kings


PokerStars Hand #170751322719:  Hold'em Limit ($3/$6 USD) - 2017/05/22 0:04:50 ET
Table 'Azha' 6-max Seat #5 is the button
Seat 2: Chessnok ($363.07 in chips)
Seat 5: Sagar_7 ($145.41 in chips)
Sagar_7: posts small blind $1
Chessnok: posts big blind $3
*** HOLE CARDS ***
Sagar_7: raises $3 to $6
Chessnok: calls $3
*** FLOP *** [Td 4d Ks]
Chessnok: checks
Sagar_7: bets $3
Chessnok: calls $3
*** TURN *** [Td 4d Ks] [7d]
Chessnok: checks
Sagar_7: checks
*** RIVER *** [Td 4d Ks 7d] [7c]
Chessnok: checks
Sagar_7: bets $6
Chessnok: folds
Uncalled bet ($6) returned to Sagar_7
Sagar_7 collected $17.64 from pot
Sagar_7: doesn't show hand
*** SUMMARY ***
Total pot $18 | Rake $0.36
Board [Td 4d Ks 7d 7c]
Seat 2: Chessnok (big blind) folded on the River
Seat 5: Sagar_7 (button) (small blind) collected ($17.64)


PokerStars Hand #170751344665:  Hold'em Limit ($3/$6 USD) - 2017/05/22 0:06:13 ET
Table 'Azha' 6-max Seat #5 is the button
Seat 2: Chessnok ($362.59 in chips)
Seat 5: Sagar_7 ($145.05 in chips)
Sagar_7: posts small blind $1
Chessnok: posts big blind $3
*** HOLE CARDS ***
Sagar_7: raises $3 to $6
Chessnok: raises $3 to $9
Sagar_7: calls $3
*** FLOP *** [Td Kh 4c]
Chessnok: checks
Sagar_7: bets $3
Chessnok: calls $3
*** TURN *** [Td Kh 4c] [3c]
Chessnok: checks
Sagar_7: bets $6
Chessnok: calls $6
*** RIVER *** [Td Kh 4c 3c] [2d]
Chessnok: checks
Sagar_7: bets $6
Chessnok: calls $6
*** SHOW DOWN ***
Sagar_7: shows [Ts Kd] (two pair, Kings and Tens)
Chessnok: mucks hand
Sagar_7 collected $47.50 from pot
*** SUMMARY ***
Total pot $48 | Rake $0.50
Board [Td Kh 4c 3c 2d]
Seat 2: Chessnok (big blind) mucked
Seat 5: Sagar_7 (button) (small blind) showed [Ts Kd] and won ($47.50) with two pair, Kings and Tens


PokerStars Hand #170751368245:  Hold'em Limit ($3/$6 USD) - 2017/05/22 0:07:42 ET
Table 'Azha' 6-max Seat #2 is the button
Seat 2: Chessnok ($334.59 in chips)
Seat 5: Sagar_7 ($172.19 in chips)
Chessnok: posts small blind $1
Sagar_7: posts big blind $3
*** HOLE CARDS ***
Chessnok: folds
Uncalled bet ($2) returned to Sagar_7
Sagar_7 collected $2 from pot
Sagar_7: doesn't show hand
*** SUMMARY ***
Total pot $2 | Rake $0
Seat 2: Chessnok (button) (small blind) folded before Flop
Seat 5: Sagar_7 (big blind) collected ($2)


PokerStars Hand #170751366965:  Hold'em Limit ($3/$6 USD) - 2017/05/22 0:07:37 ET
Table 'Azha' 6-max Seat #5 is the button
Seat 2: Chessnok ($333.59 in chips)
Seat 5: Sagar_7 ($173.19 in chips)
Sagar_7: posts small blind $1
Chessnok: posts big blind $3
*** HOLE CARDS ***
Sagar_7: folds
Uncalled bet ($2) returned to Chessnok
Chessnok collected $2 from pot
Chessnok: doesn't show hand
*** SUMMARY ***
Total pot $2 | Rake $0
Seat 2: Chessnok (big blind) collected ($2)
Seat 5: Sagar_7 (button) (small blind) folded before Flop


PokerStars Hand #170751363392:  Hold'em Limit ($3/$6 USD) - 2017/05/22 0:07:24 ET
Table 'Azha' 6-max Seat #5 is the button
Seat 2: Chessnok ($329.59 in chips)
Seat 5: Sagar_7 ($177.19 in chips)
Sagar_7: posts small blind $1
Chessnok: posts big blind $3
*** HOLE CARDS ***
Sagar_7: folds
Uncalled bet ($2) returned to Chessnok
Chessnok collected $2 from pot
Chessnok: doesn't show hand
*** SUMMARY ***
Total pot $2 | Rake $0
Seat 2: Chessnok (big blind) collected ($2)
Seat 5: Sagar_7 (button) (small blind) folded before Flop


PokerStars Hand #170751361582:  Hold'em Limit ($3/$6 USD) - 2017/05/22 0:07:17 ET
Table 'Azha' 6-max Seat #2 is the button
Seat 2: Chessnok ($330.59 in chips)
Seat 5: Sagar_7 ($176.19 in chips)
Chessnok: posts small blind $1
Sagar_7: posts big blind $3
*** HOLE CARDS ***
Chessnok: folds
Uncalled bet ($2) returned to Sagar_7
Sagar_7 collected $2 from pot
Sagar_7: doesn't show hand
*** SUMMARY ***
Total pot $2 | Rake $0
Seat 2: Chessnok (button) (small blind) folded before Flop
Seat 5: Sagar_7 (big blind) collected ($2)


PokerStars Hand #170751360212:  Hold'em Limit ($3/$6 USD) - 2017/05/22 0:07:12 ET
Table 'Azha' 6-max Seat #5 is the button
Seat 2: Chessnok ($329.59 in chips)
Seat 5: Sagar_7 ($177.19 in chips)
Sagar_7: posts small blind $1
Chessnok: posts big blind $3
*** HOLE CARDS ***
Sagar_7: folds
Uncalled bet ($2) returned to Chessnok
Chessnok collected $2 from pot
Chessnok: doesn't show hand
*** SUMMARY ***
Total pot $2 | Rake $0
Seat 2: Chessnok (big blind) collected ($2)
Seat 5: Sagar_7 (button) (small blind) folded before Flop


PokerStars Hand #170751353239:  Hold'em Limit ($3/$6 USD) - 2017/05/22 0:06:45 ET
Table 'Azha' 6-max Seat #2 is the button
Seat 2: Chessnok ($338.59 in chips)
Seat 5: Sagar_7 ($168.55 in chips)
Chessnok: posts small blind $1
Sagar_7: posts big blind $3
*** HOLE CARDS ***
Chessnok: raises $3 to $6
Sagar_7: calls $3
*** FLOP *** [4s 2c 3h]
Sagar_7: checks
Chessnok: bets $3
Sagar_7: calls $3
*** TURN *** [4s 2c 3h] [8s]
Sagar_7: checks
Chessnok: checks
*** RIVER *** [4s 2c 3h 8s] [Td]
Sagar_7: bets $6
Chessnok: folds
Uncalled bet ($6) returned to Sagar_7
Sagar_7 collected $17.64 from pot
Sagar_7: doesn't show hand
*** SUMMARY ***
Total pot $18 | Rake $0.36
Board [4s 2c 3h 8s Td]
Seat 2: Chessnok (button) (small blind) folded on the River
Seat 5: Sagar_7 (big blind) collected ($17.64)


PokerStars Hand #170751369571:  Hold'em Limit ($3/$6 USD) - 2017/05/22 0:07:47 ET
Table 'Azha' 6-max Seat #5 is the button
Seat 2: Chessnok ($333.59 in chips)
Seat 5: Sagar_7 ($173.19 in chips)
Sagar_7: posts small blind $1
Chessnok: posts big blind $3
*** HOLE CARDS ***
Sagar_7: raises $3 to $6
Chessnok: folds
Uncalled bet ($3) returned to Sagar_7
Sagar_7 collected $6 from pot
Sagar_7: doesn't show hand
*** SUMMARY ***
Total pot $6 | Rake $0
Seat 2: Chessnok (big blind) folded before Flop
Seat 5: Sagar_7 (button) (small blind) collected ($6)


PokerStars Hand #170751377912:  Hold'em Limit ($3/$6 USD) - 2017/05/22 0:08:18 ET
Table 'Azha' 6-max Seat #2 is the button
Seat 2: Chessnok ($345.11 in chips)
Seat 5: Sagar_7 ($161.19 in chips)
Chessnok: posts small blind $1
Sagar_7: posts big blind $3
*** HOLE CARDS ***
Chessnok: folds
Uncalled bet ($2) returned to Sagar_7
Sagar_7 collected $2 from pot
Sagar_7: doesn't show hand
*** SUMMARY ***
Total pot $2 | Rake $0
Seat 2: Chessnok (button) (small blind) folded before Flop
Seat 5: Sagar_7 (big blind) collected ($2)


PokerStars Hand #170751372852:  Hold'em Limit ($3/$6 USD) - 2017/05/22 0:07:59 ET
Table 'Azha' 6-max Seat #5 is the button
Seat 2: Chessnok ($333.59 in chips)
Seat 5: Sagar_7 ($173.19 in chips)
Sagar_7: posts small blind $1
Chessnok: posts big blind $3
*** HOLE CARDS ***
Sagar_7: raises $3 to $6
Chessnok: calls $3
*** FLOP *** [3s 2h 9s]
Chessnok: checks
Sagar_7: bets $3
Chessnok: raises $3 to $6
Sagar_7: calls $3
*** TURN *** [3s 2h 9s] [Qs]
Chessnok: bets $6
Sagar_7: folds
Uncalled bet ($6) returned to Chessnok
Chessnok collected $23.52 from pot
Chessnok: doesn't show hand
*** SUMMARY ***
Total pot $24 | Rake $0.48
Board [3s 2h 9s Qs]
Seat 2: Chessnok (big blind) collected ($23.52)
Seat 5: Sagar_7 (button) (small blind) folded on the Turn


