PokerStars Hand #161807024959:  Hold'em Limit ($3/$6 USD) - 2016/11/22 16:01:41 ET
Table 'Azimech' 10-max Seat #6 is the button
Seat 5: ineedbullets ($99.69 in chips)
Seat 6: crash19867 ($73.75 in chips)
crash19867: posts small blind $1
assitoni: is sitting out
ineedbullets: posts big blind $3
*** HOLE CARDS ***
crash19867: folds
Uncalled bet ($2) returned to ineedbullets
ineedbullets collected $2 from pot
ineedbullets: doesn't show hand
*** SUMMARY ***
Total pot $2 | Rake $0
Seat 5: ineedbullets (big blind) collected ($2)
Seat 6: crash19867 (button) (small blind) folded before Flop


PokerStars Hand #161807029737:  Hold'em Limit ($3/$6 USD) - 2016/11/22 16:01:47 ET
Table 'Azimech' 10-max Seat #5 is the button
Seat 5: ineedbullets ($100.69 in chips)
Seat 6: crash19867 ($72.75 in chips)
ineedbullets: posts small blind $1
crash19867: posts big blind $3
*** HOLE CARDS ***
ineedbullets: calls $2
crash19867: checks
*** FLOP *** [Ac 7s 4s]
crash19867: checks
ineedbullets: checks
*** TURN *** [Ac 7s 4s] [3c]
crash19867: checks
ineedbullets: checks
*** RIVER *** [Ac 7s 4s 3c] [Tc]
crash19867: checks
ineedbullets: checks
*** SHOW DOWN ***
crash19867: shows [2c 3s] (a pair of Threes)
ineedbullets: mucks hand
crash19867 collected $5.88 from pot
*** SUMMARY ***
Total pot $6 | Rake $0.12
Board [Ac 7s 4s 3c Tc]
Seat 5: ineedbullets (button) (small blind) mucked
Seat 6: crash19867 (big blind) showed [2c 3s] and won ($5.88) with a pair of Threes


PokerStars Hand #161807047386:  Hold'em Limit ($3/$6 USD) - 2016/11/22 16:02:07 ET
Table 'Azimech' 10-max Seat #5 is the button
Seat 5: ineedbullets ($98.69 in chips)
Seat 6: crash19867 ($74.63 in chips)
ineedbullets: posts small blind $1
crash19867: posts big blind $3
*** HOLE CARDS ***
ineedbullets: folds
Uncalled bet ($2) returned to crash19867
crash19867 collected $2 from pot
crash19867: doesn't show hand
*** SUMMARY ***
Total pot $2 | Rake $0
Seat 5: ineedbullets (button) (small blind) folded before Flop
Seat 6: crash19867 (big blind) collected ($2)


PokerStars Hand #161807043280:  Hold'em Limit ($3/$6 USD) - 2016/11/22 16:02:02 ET
Table 'Azimech' 10-max Seat #6 is the button
Seat 5: ineedbullets ($97.69 in chips)
Seat 6: crash19867 ($75.63 in chips)
crash19867: posts small blind $1
ineedbullets: posts big blind $3
*** HOLE CARDS ***
crash19867: folds
Uncalled bet ($2) returned to ineedbullets
ineedbullets collected $2 from pot
ineedbullets: doesn't show hand
*** SUMMARY ***
Total pot $2 | Rake $0
Seat 5: ineedbullets (big blind) collected ($2)
Seat 6: crash19867 (button) (small blind) folded before Flop


PokerStars Hand #161807060096:  Hold'em Limit ($3/$6 USD) - 2016/11/22 16:02:17 ET
Table 'Azimech' 10-max Seat #5 is the button
Seat 5: ineedbullets ($98.69 in chips)
Seat 6: crash19867 ($74.63 in chips)
ineedbullets: posts small blind $1
crash19867: posts big blind $3
*** HOLE CARDS ***
ineedbullets: raises $3 to $6
crash19867: folds
Uncalled bet ($3) returned to ineedbullets
ineedbullets collected $6 from pot
ineedbullets: doesn't show hand
*** SUMMARY ***
Total pot $6 | Rake $0
Seat 5: ineedbullets (button) (small blind) collected ($6)
Seat 6: crash19867 (big blind) folded before Flop


PokerStars Hand #161807051746:  Hold'em Limit ($3/$6 USD) - 2016/11/22 16:02:12 ET
Table 'Azimech' 10-max Seat #6 is the button
Seat 5: ineedbullets ($97.69 in chips)
Seat 6: crash19867 ($75.63 in chips)
crash19867: posts small blind $1
ineedbullets: posts big blind $3
*** HOLE CARDS ***
crash19867: folds
Uncalled bet ($2) returned to ineedbullets
ineedbullets collected $2 from pot
ineedbullets: doesn't show hand
*** SUMMARY ***
Total pot $2 | Rake $0
Seat 5: ineedbullets (big blind) collected ($2)
Seat 6: crash19867 (button) (small blind) folded before Flop


PokerStars Hand #161807100019:  Hold'em Limit ($3/$6 USD) - 2016/11/22 16:03:01 ET
Table 'Azimech' 10-max Seat #5 is the button
Seat 5: ineedbullets ($84.45 in chips)
Seat 6: crash19867 ($88.13 in chips)
ineedbullets: posts small blind $1
crash19867: posts big blind $3
*** HOLE CARDS ***
ineedbullets: raises $3 to $6
crash19867: folds
Uncalled bet ($3) returned to ineedbullets
ineedbullets collected $6 from pot
ineedbullets: doesn't show hand
*** SUMMARY ***
Total pot $6 | Rake $0
Seat 5: ineedbullets (button) (small blind) collected ($6)
Seat 6: crash19867 (big blind) folded before Flop


PokerStars Hand #161807065289:  Hold'em Limit ($3/$6 USD) - 2016/11/22 16:02:23 ET
Table 'Azimech' 10-max Seat #6 is the button
Seat 5: ineedbullets ($101.69 in chips)
Seat 6: crash19867 ($71.63 in chips)
crash19867: posts small blind $1
ineedbullets: posts big blind $3
*** HOLE CARDS ***
crash19867: raises $3 to $6
ineedbullets: calls $3
*** FLOP *** [2s 8h 3c]
ineedbullets: checks
crash19867: checks
*** TURN *** [2s 8h 3c] [4d]
ineedbullets: bets $6
crash19867: folds
Uncalled bet ($6) returned to ineedbullets
ineedbullets collected $11.76 from pot
*** SUMMARY ***
Total pot $12 | Rake $0.24
Board [2s 8h 3c 4d]
Seat 5: ineedbullets (big blind) collected ($11.76)
Seat 6: crash19867 (button) (small blind) folded on the Turn


PokerStars Hand #161807093994:  Hold'em Limit ($3/$6 USD) - 2016/11/22 16:02:54 ET
Table 'Azimech' 10-max Seat #6 is the button
Seat 5: ineedbullets ($83.45 in chips)
Seat 6: crash19867 ($89.13 in chips)
crash19867: posts small blind $1
ineedbullets: posts big blind $3
*** HOLE CARDS ***
crash19867: folds
Uncalled bet ($2) returned to ineedbullets
ineedbullets collected $2 from pot
ineedbullets: doesn't show hand
*** SUMMARY ***
Total pot $2 | Rake $0
Seat 5: ineedbullets (big blind) collected ($2)
Seat 6: crash19867 (button) (small blind) folded before Flop


PokerStars Hand #161807076947:  Hold'em Limit ($3/$6 USD) - 2016/11/22 16:02:36 ET
Table 'Azimech' 10-max Seat #5 is the button
Seat 5: ineedbullets ($107.45 in chips)
Seat 6: crash19867 ($65.63 in chips)
ineedbullets: posts small blind $1
crash19867: posts big blind $3
*** HOLE CARDS ***
ineedbullets: raises $3 to $6
crash19867: raises $3 to $9
ineedbullets: calls $3
*** FLOP *** [Qs 9d 6d]
crash19867: bets $3
ineedbullets: calls $3
*** TURN *** [Qs 9d 6d] [4d]
crash19867: bets $6
ineedbullets: calls $6
*** RIVER *** [Qs 9d 6d 4d] [2s]
crash19867: checks
ineedbullets: bets $6
crash19867: calls $6
*** SHOW DOWN ***
ineedbullets: shows [Kd 8s] (high card King)
crash19867: shows [As Kc] (high card Ace)
crash19867 collected $47.50 from pot
*** SUMMARY ***
Total pot $48 | Rake $0.50
Board [Qs 9d 6d 4d 2s]
Seat 5: ineedbullets (button) (small blind) showed [Kd 8s] and lost with high card King
Seat 6: crash19867 (big blind) showed [As Kc] and won ($47.50) with high card Ace


PokerStars Hand #161807115064:  Hold'em Limit ($3/$6 USD) - 2016/11/22 16:03:18 ET
Table 'Azimech' 10-max Seat #5 is the button
Seat 5: ineedbullets ($84.45 in chips)
Seat 6: crash19867 ($88.01 in chips)
ineedbullets: posts small blind $1
crash19867: posts big blind $3
*** HOLE CARDS ***
ineedbullets: folds
Uncalled bet ($2) returned to crash19867
crash19867 collected $2 from pot
crash19867: doesn't show hand
*** SUMMARY ***
Total pot $2 | Rake $0
Seat 5: ineedbullets (button) (small blind) folded before Flop
Seat 6: crash19867 (big blind) collected ($2)


PokerStars Hand #161807104666:  Hold'em Limit ($3/$6 USD) - 2016/11/22 16:03:06 ET
Table 'Azimech' 10-max Seat #6 is the button
Seat 5: ineedbullets ($87.45 in chips)
Seat 6: crash19867 ($85.13 in chips)
crash19867: posts small blind $1
ineedbullets: posts big blind $3
*** HOLE CARDS ***
crash19867: calls $2
ineedbullets: checks
*** FLOP *** [7s 4d Kc]
ineedbullets: checks
ToDaFelt joins the table at seat #7
crash19867: bets $3
ineedbullets: folds
Uncalled bet ($3) returned to crash19867
crash19867 collected $5.88 from pot
crash19867: doesn't show hand
*** SUMMARY ***
Total pot $6 | Rake $0.12
Board [7s 4d Kc]
Seat 5: ineedbullets (big blind) folded on the Flop
Seat 6: crash19867 (button) (small blind) collected ($5.88)


PokerStars Hand #161807191042:  Hold'em Limit ($3/$6 USD) - 2016/11/22 16:04:42 ET
Table 'Azimech' 10-max Seat #5 is the button
Seat 5: ineedbullets ($62.45 in chips)
Seat 7: ToDaFelt ($95 in chips)
ineedbullets: posts small blind $1
crash19867: is sitting out
ToDaFelt: posts big blind $3
*** HOLE CARDS ***
ineedbullets: raises $3 to $6
crash19867 leaves the table
ToDaFelt: raises $3 to $9
ineedbullets: calls $3
*** FLOP *** [Jc Ts 2d]
ToDaFelt: bets $3
ineedbullets: raises $3 to $6
kolaz03 joins the table at seat #6
ToDaFelt: calls $3
*** TURN *** [Jc Ts 2d] [8h]
ToDaFelt: checks
ineedbullets: checks
*** RIVER *** [Jc Ts 2d 8h] [4d]
ToDaFelt: checks
ineedbullets: bets $6
ToDaFelt: calls $6
*** SHOW DOWN ***
ineedbullets: shows [3c Tc] (a pair of Tens)
ToDaFelt: mucks hand
ineedbullets collected $41.50 from pot
*** SUMMARY ***
Total pot $42 | Rake $0.50
Board [Jc Ts 2d 8h 4d]
Seat 5: ineedbullets (button) (small blind) showed [3c Tc] and won ($41.50) with a pair of Tens
Seat 7: ToDaFelt (big blind) mucked


PokerStars Hand #161807241222:  Hold'em Limit ($3/$6 USD) - 2016/11/22 16:05:37 ET
Table 'Azimech' 10-max Seat #7 is the button
Seat 5: ineedbullets ($82.95 in chips)
Seat 7: ToDaFelt ($74 in chips)
ToDaFelt: posts small blind $1
ineedbullets: posts big blind $3
*** HOLE CARDS ***
ToDaFelt: raises $3 to $6
ineedbullets: calls $3
*** FLOP *** [6h 8d 3d]
ineedbullets: checks
ToDaFelt: bets $3
ineedbullets: calls $3
*** TURN *** [6h 8d 3d] [Js]
ineedbullets: checks
ToDaFelt: checks
*** RIVER *** [6h 8d 3d Js] [2h]
ineedbullets: bets $6
ToDaFelt: calls $6
*** SHOW DOWN ***
ineedbullets: shows [4d 7c] (high card Jack)
ToDaFelt: shows [Ad 5s] (high card Ace)
ToDaFelt collected $29.50 from pot
*** SUMMARY ***
Total pot $30 | Rake $0.50
Board [6h 8d 3d Js 2h]
Seat 5: ineedbullets (big blind) showed [4d 7c] and lost with high card Jack
Seat 7: ToDaFelt (button) (small blind) showed [Ad 5s] and won ($29.50) with high card Ace


