PokerStars Hand #157908647902:  Hold'em Limit ($3/$6 USD) - 2016/08/29 17:45:42 ET
Table 'Azimech' 6-max Seat #1 is the button
Seat 1: Zubasa07 ($500 in chips)
Seat 3: BAKU7777777 ($97.55 in chips)
vestimokrec joins the table at seat #4
Zubasa07: posts small blind $1
BAKU7777777: posts big blind $3
*** HOLE CARDS ***
Zubasa07: raises $3 to $6
ValeryRon joins the table at seat #5
BAKU7777777: folds
Uncalled bet ($3) returned to Zubasa07
Zubasa07 collected $6 from pot
Zubasa07: doesn't show hand
*** SUMMARY ***
Total pot $6 | Rake $0
Seat 1: Zubasa07 (button) (small blind) collected ($6)
Seat 3: BAKU7777777 (big blind) folded before Flop


PokerStars Hand #157910010632:  Hold'em Limit ($3/$6 USD) - 2016/08/29 18:18:32 ET
Table 'Azimech' 6-max Seat #4 is the button
Seat 2: kungsbjörn ($224.81 in chips)
Seat 4: vestimokrec ($77.17 in chips)
vestimokrec: posts small blind $1
kungsbjörn: posts big blind $3
*** HOLE CARDS ***
vestimokrec: raises $3 to $6
kungsbjörn: calls $3
*** FLOP *** [Ad Ts 3d]
Maliance joins the table at seat #3
kungsbjörn: checks
vestimokrec: bets $3
kungsbjörn: folds
Uncalled bet ($3) returned to vestimokrec
vestimokrec collected $11.76 from pot
vestimokrec: doesn't show hand
*** SUMMARY ***
Total pot $12 | Rake $0.24
Board [Ad Ts 3d]
Seat 2: kungsbjörn (big blind) folded on the Flop
Seat 4: vestimokrec (button) (small blind) collected ($11.76)


