PokerStars Hand #145783844933:  Hold'em Limit ($3/$6 USD) - 2015/12/23 5:42:52 ET
Table 'Azimech' 2-max Seat #1 is the button
Seat 1: aremom4e ($19.52 in chips)
Seat 2: Actionni13 ($167.50 in chips)
aremom4e: posts small blind $1
Actionni13: posts big blind $3
*** HOLE CARDS ***
aremom4e: folds
Uncalled bet ($2) returned to Actionni13
Actionni13 collected $2 from pot
Actionni13: doesn't show hand
*** SUMMARY ***
Total pot $2 | Rake $0
Seat 1: aremom4e (button) (small blind) folded before Flop
Seat 2: Actionni13 (big blind) collected ($2)


PokerStars Hand #145783857041:  Hold'em Limit ($3/$6 USD) - 2015/12/23 5:43:18 ET
Table 'Azimech' 2-max Seat #1 is the button
Seat 1: aremom4e ($63.52 in chips)
Seat 2: Actionni13 ($183 in chips)
aremom4e: posts small blind $1
Actionni13: posts big blind $3
*** HOLE CARDS ***
aremom4e: raises $3 to $6
Actionni13: calls $3
*** FLOP *** [5d 4c 4h]
Actionni13: checks
aremom4e: bets $3
Actionni13: calls $3
*** TURN *** [5d 4c 4h] [8d]
Actionni13: bets $6
aremom4e: folds
Uncalled bet ($6) returned to Actionni13
Actionni13 collected $17.64 from pot
Actionni13: doesn't show hand
*** SUMMARY ***
Total pot $18 | Rake $0.36
Board [5d 4c 4h 8d]
Seat 1: aremom4e (button) (small blind) folded on the Turn
Seat 2: Actionni13 (big blind) collected ($17.64)


PokerStars Hand #145783849078:  Hold'em Limit ($3/$6 USD) - 2015/12/23 5:43:01 ET
Table 'Azimech' 2-max Seat #2 is the button
Seat 1: aremom4e ($78.52 in chips)
Seat 2: Actionni13 ($168.50 in chips)
Actionni13: posts small blind $1
aremom4e: posts big blind $3
*** HOLE CARDS ***
Actionni13: raises $3 to $6
aremom4e: calls $3
*** FLOP *** [3h 8d 2h]
aremom4e: checks
Actionni13: bets $3
aremom4e: calls $3
*** TURN *** [3h 8d 2h] [Qc]
aremom4e: checks
Actionni13: bets $6
aremom4e: calls $6
*** RIVER *** [3h 8d 2h Qc] [7h]
aremom4e: checks
Actionni13: bets $6
aremom4e: folds
Uncalled bet ($6) returned to Actionni13
Actionni13 collected $29.50 from pot
Actionni13: doesn't show hand
*** SUMMARY ***
Total pot $30 | Rake $0.50
Board [3h 8d 2h Qc 7h]
Seat 1: aremom4e (big blind) folded on the River
Seat 2: Actionni13 (button) (small blind) collected ($29.50)


PokerStars Hand #145783880158:  Hold'em Limit ($3/$6 USD) - 2015/12/23 5:44:08 ET
Table 'Azimech' 2-max Seat #1 is the button
Seat 1: aremom4e ($66.04 in chips)
Seat 2: Actionni13 ($179.64 in chips)
aremom4e: posts small blind $1
Actionni13: posts big blind $3
*** HOLE CARDS ***
aremom4e: raises $3 to $6
Actionni13: raises $3 to $9
aremom4e: calls $3
*** FLOP *** [Th Qd 2c]
Actionni13: bets $3
aremom4e: calls $3
*** TURN *** [Th Qd 2c] [5c]
Actionni13: bets $6
aremom4e: raises $6 to $12
Actionni13: raises $6 to $18
aremom4e: calls $6
*** RIVER *** [Th Qd 2c 5c] [7d]
Actionni13: bets $6
aremom4e: calls $6
*** SHOW DOWN ***
Actionni13: shows [Qh Kh] (a pair of Queens)
aremom4e: shows [5d 5s] (three of a kind, Fives)
aremom4e collected $71.50 from pot
*** SUMMARY ***
Total pot $72 | Rake $0.50
Board [Th Qd 2c 5c 7d]
Seat 1: aremom4e (button) (small blind) showed [5d 5s] and won ($71.50) with three of a kind, Fives
Seat 2: Actionni13 (big blind) showed [Qh Kh] and lost with a pair of Queens


PokerStars Hand #145783866977:  Hold'em Limit ($3/$6 USD) - 2015/12/23 5:43:39 ET
Table 'Azimech' 2-max Seat #2 is the button
Seat 1: aremom4e ($54.52 in chips)
Seat 2: Actionni13 ($191.64 in chips)
Actionni13: posts small blind $1
aremom4e: posts big blind $3
*** HOLE CARDS ***
Actionni13: raises $3 to $6
aremom4e: raises $3 to $9
Actionni13: calls $3
*** FLOP *** [Qc 2h 3h]
aremom4e: bets $3
Actionni13: calls $3
*** TURN *** [Qc 2h 3h] [3d]
aremom4e: bets $6
Actionni13: folds
Uncalled bet ($6) returned to aremom4e
aremom4e collected $23.52 from pot
aremom4e: doesn't show hand
*** SUMMARY ***
Total pot $24 | Rake $0.48
Board [Qc 2h 3h 3d]
Seat 1: aremom4e (big blind) collected ($23.52)
Seat 2: Actionni13 (button) (small blind) folded on the Turn


PokerStars Hand #145783896954:  Hold'em Limit ($3/$6 USD) - 2015/12/23 5:44:44 ET
Table 'Azimech' 2-max Seat #2 is the button
Seat 1: aremom4e ($101.54 in chips)
Seat 2: Actionni13 ($150 in chips)
Actionni13: posts small blind $1
aremom4e: posts big blind $3
*** HOLE CARDS ***
Actionni13: raises $3 to $6
aremom4e: calls $3
*** FLOP *** [Jh 3d Jd]
aremom4e: checks
Actionni13: bets $3
aremom4e: calls $3
*** TURN *** [Jh 3d Jd] [7c]
aremom4e: checks
Actionni13: checks
*** RIVER *** [Jh 3d Jd 7c] [Kc]
aremom4e: bets $6
Actionni13: raises $6 to $12
aremom4e: calls $6
*** SHOW DOWN ***
Actionni13: shows [5h Ks] (two pair, Kings and Jacks)
aremom4e: shows [2s Kd] (two pair, Kings and Jacks)
aremom4e collected $20.75 from pot
Actionni13 collected $20.75 from pot
*** SUMMARY ***
Total pot $42 | Rake $0.50
Board [Jh 3d Jd 7c Kc]
Seat 1: aremom4e (big blind) showed [2s Kd] and won ($20.75) with two pair, Kings and Jacks
Seat 2: Actionni13 (button) (small blind) showed [5h Ks] and won ($20.75) with two pair, Kings and Jacks


PokerStars Hand #145783928227:  Hold'em Limit ($3/$6 USD) - 2015/12/23 5:45:52 ET
Table 'Azimech' 2-max Seat #2 is the button
Seat 1: aremom4e ($95.05 in chips)
Seat 2: Actionni13 ($155.64 in chips)
Actionni13: posts small blind $1
aremom4e: posts big blind $3
*** HOLE CARDS ***
Actionni13: raises $3 to $6
aremom4e: calls $3
*** FLOP *** [6s Jd 2c]
aremom4e: checks
Actionni13: bets $3
aremom4e: folds
Uncalled bet ($3) returned to Actionni13
Actionni13 collected $11.76 from pot
Actionni13: doesn't show hand
*** SUMMARY ***
Total pot $12 | Rake $0.24
Board [6s Jd 2c]
Seat 1: aremom4e (big blind) folded on the Flop
Seat 2: Actionni13 (button) (small blind) collected ($11.76)


PokerStars Hand #145783917983:  Hold'em Limit ($3/$6 USD) - 2015/12/23 5:45:30 ET
Table 'Azimech' 2-max Seat #1 is the button
Seat 1: aremom4e ($89.29 in chips)
Seat 2: Actionni13 ($161.64 in chips)
aremom4e: posts small blind $1
Actionni13: posts big blind $3
*** HOLE CARDS ***
aremom4e: calls $2
Actionni13: raises $3 to $6
aremom4e: calls $3
*** FLOP *** [6c 9s 4c]
Actionni13: checks
aremom4e: checks
*** TURN *** [6c 9s 4c] [2h]
Actionni13: checks
aremom4e: bets $6
Actionni13: folds
Uncalled bet ($6) returned to aremom4e
aremom4e collected $11.76 from pot
aremom4e: doesn't show hand
*** SUMMARY ***
Total pot $12 | Rake $0.24
Board [6c 9s 4c 2h]
Seat 1: aremom4e (button) (small blind) collected ($11.76)
Seat 2: Actionni13 (big blind) folded on the Turn


PokerStars Hand #145783915519:  Hold'em Limit ($3/$6 USD) - 2015/12/23 5:45:25 ET
Table 'Azimech' 2-max Seat #2 is the button
Seat 1: aremom4e ($92.29 in chips)
Seat 2: Actionni13 ($158.64 in chips)
Actionni13: posts small blind $1
aremom4e: posts big blind $3
*** HOLE CARDS ***
Actionni13: raises $3 to $6
aremom4e: folds
Uncalled bet ($3) returned to Actionni13
Actionni13 collected $6 from pot
Actionni13: doesn't show hand
*** SUMMARY ***
Total pot $6 | Rake $0
Seat 1: aremom4e (big blind) folded before Flop
Seat 2: Actionni13 (button) (small blind) collected ($6)


PokerStars Hand #145783909047:  Hold'em Limit ($3/$6 USD) - 2015/12/23 5:45:11 ET
Table 'Azimech' 2-max Seat #1 is the button
Seat 1: aremom4e ($101.29 in chips)
Seat 2: Actionni13 ($150 in chips)
aremom4e: posts small blind $1
Actionni13: posts big blind $3
*** HOLE CARDS ***
aremom4e: raises $3 to $6
Actionni13: raises $3 to $9
aremom4e: calls $3
*** FLOP *** [Ks Ts Ac]
Actionni13: bets $3
aremom4e: folds
Uncalled bet ($3) returned to Actionni13
Actionni13 collected $17.64 from pot
Actionni13: doesn't show hand
*** SUMMARY ***
Total pot $18 | Rake $0.36
Board [Ks Ts Ac]
Seat 1: aremom4e (button) (small blind) folded on the Flop
Seat 2: Actionni13 (big blind) collected ($17.64)


PokerStars Hand #145783943339:  Hold'em Limit ($3/$6 USD) - 2015/12/23 5:46:25 ET
Table 'Azimech' 2-max Seat #1 is the button
Seat 1: aremom4e ($89.05 in chips)
Seat 2: Actionni13 ($161.40 in chips)
aremom4e: posts small blind $1
Actionni13: posts big blind $3
*** HOLE CARDS ***
aremom4e: raises $3 to $6
Actionni13: calls $3
*** FLOP *** [Tc 4h 2c]
Actionni13: checks
aremom4e: bets $3
Actionni13: raises $3 to $6
aremom4e: calls $3
*** TURN *** [Tc 4h 2c] [7d]
Actionni13: bets $6
aremom4e: calls $6
*** RIVER *** [Tc 4h 2c 7d] [Ks]
Actionni13: checks
aremom4e: bets $6
Actionni13: folds
Uncalled bet ($6) returned to aremom4e
aremom4e collected $35.50 from pot
aremom4e: doesn't show hand
*** SUMMARY ***
Total pot $36 | Rake $0.50
Board [Tc 4h 2c 7d Ks]
Seat 1: aremom4e (button) (small blind) collected ($35.50)
Seat 2: Actionni13 (big blind) folded on the River


PokerStars Hand #145783938306:  Hold'em Limit ($3/$6 USD) - 2015/12/23 5:46:14 ET
Table 'Azimech' 2-max Seat #1 is the button
Seat 1: aremom4e ($93.05 in chips)
Seat 2: Actionni13 ($157.40 in chips)
aremom4e: posts small blind $1
Actionni13: posts big blind $3
*** HOLE CARDS ***
aremom4e: folds
Uncalled bet ($2) returned to Actionni13
Actionni13 collected $2 from pot
Actionni13: doesn't show hand
*** SUMMARY ***
Total pot $2 | Rake $0
Seat 1: aremom4e (button) (small blind) folded before Flop
Seat 2: Actionni13 (big blind) collected ($2)


PokerStars Hand #145783936097:  Hold'em Limit ($3/$6 USD) - 2015/12/23 5:46:09 ET
Table 'Azimech' 2-max Seat #2 is the button
Seat 1: aremom4e ($92.05 in chips)
Seat 2: Actionni13 ($158.40 in chips)
Actionni13: posts small blind $1
aremom4e: posts big blind $3
*** HOLE CARDS ***
Actionni13: folds
Uncalled bet ($2) returned to aremom4e
aremom4e collected $2 from pot
aremom4e: doesn't show hand
*** SUMMARY ***
Total pot $2 | Rake $0
Seat 1: aremom4e (big blind) collected ($2)
Seat 2: Actionni13 (button) (small blind) folded before Flop


PokerStars Hand #145783932734:  Hold'em Limit ($3/$6 USD) - 2015/12/23 5:46:02 ET
Table 'Azimech' 2-max Seat #1 is the button
Seat 1: aremom4e ($89.05 in chips)
Seat 2: Actionni13 ($161.40 in chips)
aremom4e: posts small blind $1
Actionni13: posts big blind $3
*** HOLE CARDS ***
aremom4e: raises $3 to $6
Actionni13: folds
Uncalled bet ($3) returned to aremom4e
aremom4e collected $6 from pot
aremom4e: doesn't show hand
*** SUMMARY ***
Total pot $6 | Rake $0
Seat 1: aremom4e (button) (small blind) collected ($6)
Seat 2: Actionni13 (big blind) folded before Flop


PokerStars Hand #145783962041:  Hold'em Limit ($3/$6 USD) - 2015/12/23 5:47:06 ET
Table 'Azimech' 2-max Seat #1 is the button
Seat 1: aremom4e ($100.55 in chips)
Seat 2: Actionni13 ($155.76 in chips)
aremom4e: posts small blind $1
Actionni13: posts big blind $3
*** HOLE CARDS ***
aremom4e: raises $3 to $6
Actionni13: folds
Uncalled bet ($3) returned to aremom4e
aremom4e collected $6 from pot
aremom4e: doesn't show hand
*** SUMMARY ***
Total pot $6 | Rake $0
Seat 1: aremom4e (button) (small blind) collected ($6)
Seat 2: Actionni13 (big blind) folded before Flop


PokerStars Hand #145783957742:  Hold'em Limit ($3/$6 USD) - 2015/12/23 5:46:56 ET
Table 'Azimech' 2-max Seat #2 is the button
Seat 1: aremom4e ($106.55 in chips)
Seat 2: Actionni13 ($150 in chips)
Actionni13: posts small blind $1
aremom4e: posts big blind $3
*** HOLE CARDS ***
Actionni13: raises $3 to $6
aremom4e: calls $3
*** FLOP *** [Qc 4h 3d]
aremom4e: checks
Actionni13: bets $3
aremom4e: folds
Uncalled bet ($3) returned to Actionni13
Actionni13 collected $11.76 from pot
Actionni13: doesn't show hand
*** SUMMARY ***
Total pot $12 | Rake $0.24
Board [Qc 4h 3d]
Seat 1: aremom4e (big blind) folded on the Flop
Seat 2: Actionni13 (button) (small blind) collected ($11.76)


PokerStars Hand #145783975393:  Hold'em Limit ($3/$6 USD) - 2015/12/23 5:47:34 ET
Table 'Azimech' 2-max Seat #1 is the button
Seat 1: aremom4e ($121.05 in chips)
Seat 2: Actionni13 ($150 in chips)
aremom4e: posts small blind $1
Actionni13: posts big blind $3
*** HOLE CARDS ***
aremom4e: raises $3 to $6
Actionni13: raises $3 to $9
aremom4e: calls $3
*** FLOP *** [8s 3h Kd]
Actionni13: bets $3
aremom4e: calls $3
*** TURN *** [8s 3h Kd] [3c]
Actionni13: bets $6
aremom4e: raises $6 to $12
Actionni13: folds
Uncalled bet ($6) returned to aremom4e
aremom4e collected $35.50 from pot
aremom4e: doesn't show hand
*** SUMMARY ***
Total pot $36 | Rake $0.50
Board [8s 3h Kd 3c]
Seat 1: aremom4e (button) (small blind) collected ($35.50)
Seat 2: Actionni13 (big blind) folded on the Turn


PokerStars Hand #145783965006:  Hold'em Limit ($3/$6 USD) - 2015/12/23 5:47:12 ET
Table 'Azimech' 2-max Seat #2 is the button
Seat 1: aremom4e ($103.55 in chips)
Seat 2: Actionni13 ($152.76 in chips)
Actionni13: posts small blind $1
aremom4e: posts big blind $3
*** HOLE CARDS ***
Actionni13: raises $3 to $6
aremom4e: calls $3
*** FLOP *** [4c 6h 5s]
aremom4e: checks
Actionni13: checks
*** TURN *** [4c 6h 5s] [Qc]
aremom4e: bets $6
Actionni13: raises $6 to $12
aremom4e: calls $6
*** RIVER *** [4c 6h 5s Qc] [7h]
aremom4e: checks
Actionni13: checks
*** SHOW DOWN ***
aremom4e: shows [Th 8s] (a straight, Four to Eight)
Actionni13: mucks hand
aremom4e collected $35.50 from pot
*** SUMMARY ***
Total pot $36 | Rake $0.50
Board [4c 6h 5s Qc 7h]
Seat 1: aremom4e (big blind) showed [Th 8s] and won ($35.50) with a straight, Four to Eight
Seat 2: Actionni13 (button) (small blind) mucked


PokerStars Hand #145783993674:  Hold'em Limit ($3/$6 USD) - 2015/12/23 5:48:14 ET
Table 'Azimech' 2-max Seat #2 is the button
Seat 1: aremom4e ($142.55 in chips)
Seat 2: Actionni13 ($150 in chips)
Actionni13: posts small blind $1
aremom4e: posts big blind $3
*** HOLE CARDS ***
Actionni13: raises $3 to $6
aremom4e: calls $3
*** FLOP *** [Jh Th 4h]
aremom4e: checks
Actionni13: bets $3
aremom4e said, "brb"
aremom4e: folds
Uncalled bet ($3) returned to Actionni13
Actionni13 collected $11.76 from pot
Actionni13: doesn't show hand
*** SUMMARY ***
Total pot $12 | Rake $0.24
Board [Jh Th 4h]
Seat 1: aremom4e (big blind) folded on the Flop
Seat 2: Actionni13 (button) (small blind) collected ($11.76)


PokerStars Hand #145783990049:  Hold'em Limit ($3/$6 USD) - 2015/12/23 5:48:06 ET
Table 'Azimech' 2-max Seat #1 is the button
Seat 1: aremom4e ($139.55 in chips)
Seat 2: Actionni13 ($150 in chips)
aremom4e: posts small blind $1
Actionni13: posts big blind $3
*** HOLE CARDS ***
aremom4e: raises $3 to $6
Actionni13: folds
Uncalled bet ($3) returned to aremom4e
aremom4e collected $6 from pot
aremom4e: doesn't show hand
*** SUMMARY ***
Total pot $6 | Rake $0
Seat 1: aremom4e (button) (small blind) collected ($6)
Seat 2: Actionni13 (big blind) folded before Flop


PokerStars Hand #145783987618:  Hold'em Limit ($3/$6 USD) - 2015/12/23 5:48:01 ET
Table 'Azimech' 2-max Seat #2 is the button
Seat 1: aremom4e ($138.55 in chips)
Seat 2: Actionni13 ($150 in chips)
Actionni13: posts small blind $1
aremom4e: posts big blind $3
*** HOLE CARDS ***
Actionni13: folds
Uncalled bet ($2) returned to aremom4e
aremom4e collected $2 from pot
aremom4e: doesn't show hand
*** SUMMARY ***
Total pot $2 | Rake $0
Seat 1: aremom4e (big blind) collected ($2)
Seat 2: Actionni13 (button) (small blind) folded before Flop


PokerStars Hand #145783999395:  Hold'em Limit ($3/$6 USD) - 2015/12/23 5:48:26 ET
Table 'Azimech' 2-max Seat #1 is the button
Seat 1: aremom4e ($136.55 in chips)
Seat 2: Actionni13 ($155.76 in chips)
aremom4e: posts small blind $1
Actionni13: posts big blind $3
*** HOLE CARDS ***
aremom4e has timed out
aremom4e: folds
Uncalled bet ($2) returned to Actionni13
Actionni13 collected $2 from pot
Actionni13: doesn't show hand
*** SUMMARY ***
Total pot $2 | Rake $0
Seat 1: aremom4e (button) (small blind) folded before Flop
Seat 2: Actionni13 (big blind) collected ($2)


