PokerStars Hand #173015210521:  Hold'em Limit ($3/$6 USD) - 2017/07/14 8:17:02 ET
Table 'Azmidiske' 6-max Seat #4 is the button
Seat 3: andyrr ($87.88 in chips)
Seat 4: Mordnilap ($83.64 in chips)
Mordnilap: posts small blind $1
andyrr: posts big blind $3
*** HOLE CARDS ***
Mordnilap: raises $3 to $6
andyrr: raises $3 to $9
Mordnilap: calls $3
*** FLOP *** [6s 9c Qh]
andyrr: bets $3
Mordnilap: calls $3
*** TURN *** [6s 9c Qh] [4h]
andyrr: bets $6
Mordnilap: folds
Uncalled bet ($6) returned to andyrr
andyrr collected $23.52 from pot
*** SUMMARY ***
Total pot $24 | Rake $0.48
Board [6s 9c Qh 4h]
Seat 3: andyrr (big blind) collected ($23.52)
Seat 4: Mordnilap (button) (small blind) folded on the Turn


PokerStars Hand #173015206346:  Hold'em Limit ($3/$6 USD) - 2017/07/14 8:16:53 ET
Table 'Azmidiske' 6-max Seat #3 is the button
Seat 3: andyrr ($96.88 in chips)
Seat 4: Mordnilap ($75 in chips)
andyrr: posts small blind $1
Mordnilap: posts big blind $3
*** HOLE CARDS ***
andyrr: raises $3 to $6
Mordnilap: raises $3 to $9
andyrr: calls $3
*** FLOP *** [Ad Th 4c]
Mordnilap: bets $3
andyrr: folds
Uncalled bet ($3) returned to Mordnilap
Mordnilap collected $17.64 from pot
Mordnilap: doesn't show hand
*** SUMMARY ***
Total pot $18 | Rake $0.36
Board [Ad Th 4c]
Seat 3: andyrr (button) (small blind) folded on the Flop
Seat 4: Mordnilap (big blind) collected ($17.64)


PokerStars Hand #173015203773:  Hold'em Limit ($3/$6 USD) - 2017/07/14 8:16:47 ET
Table 'Azmidiske' 6-max Seat #4 is the button
Seat 3: andyrr ($99.88 in chips)
Seat 4: Mordnilap ($72 in chips)
Mordnilap: posts small blind $1
andyrr: posts big blind $3
*** HOLE CARDS ***
Mordnilap: raises $3 to $6
andyrr: folds
Uncalled bet ($3) returned to Mordnilap
Mordnilap collected $6 from pot
Mordnilap: doesn't show hand
*** SUMMARY ***
Total pot $6 | Rake $0
Seat 3: andyrr (big blind) folded before Flop
Seat 4: Mordnilap (button) (small blind) collected ($6)


PokerStars Hand #173015193170:  Hold'em Limit ($3/$6 USD) - 2017/07/14 8:16:24 ET
Table 'Azmidiske' 6-max Seat #3 is the button
Seat 3: andyrr ($100 in chips)
Seat 4: Mordnilap ($72 in chips)
andyrr: posts small blind $1
Mordnilap: posts big blind $3
*** HOLE CARDS ***
andyrr: raises $3 to $6
Mordnilap: calls $3
*** FLOP *** [6h Qs 9h]
Mordnilap: checks
andyrr: checks
*** TURN *** [6h Qs 9h] [6s]
Mordnilap: checks
andyrr: checks
*** RIVER *** [6h Qs 9h 6s] [7c]
Mordnilap: checks
andyrr: checks
*** SHOW DOWN ***
Mordnilap: shows [Kh 3h] (a pair of Sixes)
andyrr: shows [Kd 4c] (a pair of Sixes)
Mordnilap collected $5.88 from pot
andyrr collected $5.88 from pot
*** SUMMARY ***
Total pot $12 | Rake $0.24
Board [6h Qs 9h 6s 7c]
Seat 3: andyrr (button) (small blind) showed [Kd 4c] and won ($5.88) with a pair of Sixes
Seat 4: Mordnilap (big blind) showed [Kh 3h] and won ($5.88) with a pair of Sixes


PokerStars Hand #173015237357:  Hold'em Limit ($3/$6 USD) - 2017/07/14 8:18:01 ET
Table 'Azmidiske' 6-max Seat #4 is the button
Seat 3: andyrr ($113.90 in chips)
Seat 4: Mordnilap ($73 in chips)
Mordnilap: posts small blind $1
andyrr: posts big blind $3
*** HOLE CARDS ***
Mordnilap: folds
Uncalled bet ($2) returned to andyrr
andyrr collected $2 from pot
*** SUMMARY ***
Total pot $2 | Rake $0
Seat 3: andyrr (big blind) collected ($2)
Seat 4: Mordnilap (button) (small blind) folded before Flop


PokerStars Hand #173015235414:  Hold'em Limit ($3/$6 USD) - 2017/07/14 8:17:57 ET
Table 'Azmidiske' 6-max Seat #3 is the button
Seat 3: andyrr ($114.90 in chips)
Seat 4: Mordnilap ($72 in chips)
andyrr: posts small blind $1
Mordnilap: posts big blind $3
*** HOLE CARDS ***
andyrr: folds
Uncalled bet ($2) returned to Mordnilap
Mordnilap collected $2 from pot
Mordnilap: doesn't show hand
*** SUMMARY ***
Total pot $2 | Rake $0
Seat 3: andyrr (button) (small blind) folded before Flop
Seat 4: Mordnilap (big blind) collected ($2)


PokerStars Hand #173015231761:  Hold'em Limit ($3/$6 USD) - 2017/07/14 8:17:49 ET
Table 'Azmidiske' 6-max Seat #4 is the button
Seat 3: andyrr ($113.90 in chips)
Seat 4: Mordnilap ($72 in chips)
Mordnilap: posts small blind $1
andyrr: posts big blind $3
*** HOLE CARDS ***
Mordnilap: folds
Uncalled bet ($2) returned to andyrr
andyrr collected $2 from pot
*** SUMMARY ***
Total pot $2 | Rake $0
Seat 3: andyrr (big blind) collected ($2)
Seat 4: Mordnilap (button) (small blind) folded before Flop


PokerStars Hand #173015217541:  Hold'em Limit ($3/$6 USD) - 2017/07/14 8:17:17 ET
Table 'Azmidiske' 6-max Seat #3 is the button
Seat 3: andyrr ($99.40 in chips)
Seat 4: Mordnilap ($72 in chips)
andyrr: posts small blind $1
Mordnilap: posts big blind $3
*** HOLE CARDS ***
andyrr: raises $3 to $6
Mordnilap: calls $3
*** FLOP *** [6d 5c Qh]
Mordnilap: checks
andyrr: bets $3
Mordnilap: calls $3
*** TURN *** [6d 5c Qh] [3s]
Mordnilap: checks
andyrr: bets $6
Mordnilap: calls $6
*** RIVER *** [6d 5c Qh 3s] [Jh]
Mordnilap: checks
andyrr: checks
*** SHOW DOWN ***
Mordnilap: shows [4h Kc] (high card King)
andyrr: shows [8c 8s] (a pair of Eights)
andyrr collected $29.50 from pot
*** SUMMARY ***
Total pot $30 | Rake $0.50
Board [6d 5c Qh 3s Jh]
Seat 3: andyrr (button) (small blind) showed [8c 8s] and won ($29.50) with a pair of Eights
Seat 4: Mordnilap (big blind) showed [4h Kc] and lost with high card King


PokerStars Hand #173015239282:  Hold'em Limit ($3/$6 USD) - 2017/07/14 8:18:05 ET
Table 'Azmidiske' 6-max Seat #3 is the button
Seat 3: andyrr ($114.90 in chips)
Seat 4: Mordnilap ($72 in chips)
andyrr: posts small blind $1
Mordnilap: posts big blind $3
*** HOLE CARDS ***
andyrr: raises $3 to $6
Mordnilap: calls $3
*** FLOP *** [7d 2d 2s]
Mordnilap: checks
andyrr: checks
*** TURN *** [7d 2d 2s] [6c]
Mordnilap: bets $6
andyrr: calls $6
*** RIVER *** [7d 2d 2s 6c] [5c]
Mordnilap: bets $6
andyrr: folds
Uncalled bet ($6) returned to Mordnilap
Mordnilap collected $23.52 from pot
Mordnilap: doesn't show hand
*** SUMMARY ***
Total pot $24 | Rake $0.48
Board [7d 2d 2s 6c 5c]
Seat 3: andyrr (button) (small blind) folded on the River
Seat 4: Mordnilap (big blind) collected ($23.52)


PokerStars Hand #173018121654:  Hold'em Limit ($3/$6 USD) - 2017/07/14 9:55:34 ET
Table 'Azmidiske' 6-max Seat #3 is the button
Seat 3: oregordog ($99 in chips)
Seat 4: TbIP-TbIP 88 ($92.26 in chips)
oregordog: posts small blind $1
TbIP-TbIP 88: posts big blind $3
*** HOLE CARDS ***
oregordog: folds
Uncalled bet ($2) returned to TbIP-TbIP 88
TbIP-TbIP 88 collected $2 from pot
TbIP-TbIP 88: doesn't show hand
*** SUMMARY ***
Total pot $2 | Rake $0
Seat 3: oregordog (button) (small blind) folded before Flop
Seat 4: TbIP-TbIP 88 (big blind) collected ($2)


PokerStars Hand #173018103698:  Hold'em Limit ($3/$6 USD) - 2017/07/14 9:54:58 ET
Table 'Azmidiske' 6-max Seat #4 is the button
Seat 3: oregordog ($105 in chips)
Seat 4: TbIP-TbIP 88 ($86.50 in chips)
TbIP-TbIP 88: posts small blind $1
oregordog: posts big blind $3
*** HOLE CARDS ***
TbIP-TbIP 88: raises $3 to $6
oregordog: calls $3
*** FLOP *** [Kh 9s 4s]
oregordog: checks
TbIP-TbIP 88: bets $3
oregordog: folds
Uncalled bet ($3) returned to TbIP-TbIP 88
TbIP-TbIP 88 collected $11.76 from pot
TbIP-TbIP 88: doesn't show hand
*** SUMMARY ***
Total pot $12 | Rake $0.24
Board [Kh 9s 4s]
Seat 3: oregordog (big blind) folded on the Flop
Seat 4: TbIP-TbIP 88 (button) (small blind) collected ($11.76)


PokerStars Hand #173018149642:  Hold'em Limit ($3/$6 USD) - 2017/07/14 9:56:34 ET
Table 'Azmidiske' 6-max Seat #4 is the button
Seat 3: oregordog ($77 in chips)
Seat 4: TbIP-TbIP 88 ($113.76 in chips)
TbIP-TbIP 88: posts small blind $1
oregordog: posts big blind $3
*** HOLE CARDS ***
TbIP-TbIP 88: raises $3 to $6
oregordog: raises $3 to $9
Gil.Gameshko joins the table at seat #2
TbIP-TbIP 88: calls $3
*** FLOP *** [7s Qh Th]
oregordog: bets $3
TbIP-TbIP 88: calls $3
*** TURN *** [7s Qh Th] [5d]
oregordog: bets $6
TbIP-TbIP 88: calls $6
*** RIVER *** [7s Qh Th 5d] [6h]
oregordog: checks
TbIP-TbIP 88: checks
*** SHOW DOWN ***
oregordog: shows [Ks 6c] (a pair of Sixes)
TbIP-TbIP 88: mucks hand
oregordog collected $35.50 from pot
*** SUMMARY ***
Total pot $36 | Rake $0.50
Board [7s Qh Th 5d 6h]
Seat 3: oregordog (big blind) showed [Ks 6c] and won ($35.50) with a pair of Sixes
Seat 4: TbIP-TbIP 88 (button) (small blind) mucked


PokerStars Hand #173018146037:  Hold'em Limit ($3/$6 USD) - 2017/07/14 9:56:26 ET
Table 'Azmidiske' 6-max Seat #3 is the button
Seat 3: oregordog ($74 in chips)
Seat 4: TbIP-TbIP 88 ($116.76 in chips)
oregordog: posts small blind $1
TbIP-TbIP 88: posts big blind $3
*** HOLE CARDS ***
oregordog: raises $3 to $6
TbIP-TbIP 88: folds
Uncalled bet ($3) returned to oregordog
oregordog collected $6 from pot
oregordog: doesn't show hand
*** SUMMARY ***
Total pot $6 | Rake $0
Seat 3: oregordog (button) (small blind) collected ($6)
Seat 4: TbIP-TbIP 88 (big blind) folded before Flop


PokerStars Hand #173018125543:  Hold'em Limit ($3/$6 USD) - 2017/07/14 9:55:42 ET
Table 'Azmidiske' 6-max Seat #4 is the button
Seat 3: oregordog ($98 in chips)
Seat 4: TbIP-TbIP 88 ($93.26 in chips)
TbIP-TbIP 88: posts small blind $1
oregordog: posts big blind $3
*** HOLE CARDS ***
TbIP-TbIP 88: raises $3 to $6
oregordog: calls $3
*** FLOP *** [2s 4d Ks]
oregordog: checks
TbIP-TbIP 88: bets $3
oregordog: raises $3 to $6
TbIP-TbIP 88: calls $3
*** TURN *** [2s 4d Ks] [9d]
oregordog: bets $6
TbIP-TbIP 88: raises $6 to $12
oregordog: calls $6
*** RIVER *** [2s 4d Ks 9d] [Js]
oregordog: checks
TbIP-TbIP 88: bets $6
oregordog: folds
Uncalled bet ($6) returned to TbIP-TbIP 88
TbIP-TbIP 88 collected $47.50 from pot
TbIP-TbIP 88: doesn't show hand
*** SUMMARY ***
Total pot $48 | Rake $0.50
Board [2s 4d Ks 9d Js]
Seat 3: oregordog (big blind) folded on the River
Seat 4: TbIP-TbIP 88 (button) (small blind) collected ($47.50)


PokerStars Hand #173018167293:  Hold'em Limit ($3/$6 USD) - 2017/07/14 9:57:12 ET
Table 'Azmidiske' 6-max Seat #3 is the button
Seat 3: oregordog ($94.50 in chips)
Seat 4: TbIP-TbIP 88 ($95.76 in chips)
oregordog: posts small blind $1
TbIP-TbIP 88: posts big blind $3
*** HOLE CARDS ***
oregordog: raises $3 to $6
TbIP-TbIP 88: raises $3 to $9
oregordog: calls $3
*** FLOP *** [3s 5h Qh]
TbIP-TbIP 88: bets $3
oregordog: calls $3
*** TURN *** [3s 5h Qh] [6h]
TbIP-TbIP 88: checks
oregordog: checks
*** RIVER *** [3s 5h Qh 6h] [5s]
TbIP-TbIP 88: checks
oregordog: checks
*** SHOW DOWN ***
TbIP-TbIP 88: shows [Kc Jc] (a pair of Fives)
oregordog: mucks hand
TbIP-TbIP 88 collected $23.52 from pot
*** SUMMARY ***
Total pot $24 | Rake $0.48
Board [3s 5h Qh 6h 5s]
Seat 3: oregordog (button) (small blind) mucked
Seat 4: TbIP-TbIP 88 (big blind) showed [Kc Jc] and won ($23.52) with a pair of Fives


