PokerStars Hand #161803982792:  Hold'em Limit ($3/$6 USD) - 2016/11/22 15:05:46 ET
Table 'Azmidiske' 6-max Seat #1 is the button
Seat 1: assitoni ($72 in chips)
Seat 3: DimaZips ($100 in chips)
assitoni: posts small blind $1
DimaZips: posts big blind $3
*** HOLE CARDS ***
assitoni: folds
Uncalled bet ($2) returned to DimaZips
DimaZips collected $2 from pot
DimaZips: doesn't show hand
*** SUMMARY ***
Total pot $2 | Rake $0
Seat 1: assitoni (button) (small blind) folded before Flop
Seat 3: DimaZips (big blind) collected ($2)


PokerStars Hand #161804000346:  Hold'em Limit ($3/$6 USD) - 2016/11/22 15:06:04 ET
Table 'Azmidiske' 6-max Seat #3 is the button
Seat 1: assitoni ($72 in chips)
Seat 3: DimaZips ($101 in chips)
DimaZips: posts small blind $1
assitoni: posts big blind $3
*** HOLE CARDS ***
DimaZips: raises $3 to $6
assitoni: raises $3 to $9
DimaZips: calls $3
*** FLOP *** [5s 5h Jc]
assitoni: bets $3
DimaZips: folds
Uncalled bet ($3) returned to assitoni
assitoni collected $17.64 from pot
assitoni: doesn't show hand
*** SUMMARY ***
Total pot $18 | Rake $0.36
Board [5s 5h Jc]
Seat 1: assitoni (big blind) collected ($17.64)
Seat 3: DimaZips (button) (small blind) folded on the Flop


PokerStars Hand #161804031961:  Hold'em Limit ($3/$6 USD) - 2016/11/22 15:06:29 ET
Table 'Azmidiske' 6-max Seat #1 is the button
Seat 1: assitoni ($80.64 in chips)
Seat 3: DimaZips ($92 in chips)
assitoni: posts small blind $1
DimaZips: posts big blind $3
*** HOLE CARDS ***
assitoni: folds
Uncalled bet ($2) returned to DimaZips
DimaZips collected $2 from pot
DimaZips: doesn't show hand
vestimokrec joins the table at seat #4
*** SUMMARY ***
Total pot $2 | Rake $0
Seat 1: assitoni (button) (small blind) folded before Flop
Seat 3: DimaZips (big blind) collected ($2)


