PokerStars Hand #158544667975:  Hold'em Limit ($3/$6 USD) - 2016/09/13 8:12:18 ET
Table 'Azmidiske' 6-max Seat #3 is the button
Seat 3: llmaiconll ($119.76 in chips)
Seat 4: VolkovDmitri ($125.76 in chips)
llmaiconll: posts small blind $1
VolkovDmitri: posts big blind $3
*** HOLE CARDS ***
llmaiconll: folds
Uncalled bet ($2) returned to VolkovDmitri
VolkovDmitri collected $2 from pot
VolkovDmitri: doesn't show hand
*** SUMMARY ***
Total pot $2 | Rake $0
Seat 3: llmaiconll (button) (small blind) folded before Flop
Seat 4: VolkovDmitri (big blind) collected ($2)


PokerStars Hand #158544658736:  Hold'em Limit ($3/$6 USD) - 2016/09/13 8:11:59 ET
Table 'Azmidiske' 6-max Seat #4 is the button
Seat 3: llmaiconll ($125.76 in chips)
Seat 4: VolkovDmitri ($120 in chips)
VolkovDmitri: posts small blind $1
llmaiconll: posts big blind $3
*** HOLE CARDS ***
VolkovDmitri: raises $3 to $6
llmaiconll: calls $3
*** FLOP *** [2d Jd 5c]
llmaiconll: checks
VolkovDmitri: bets $3
B_loJkl joins the table at seat #5
llmaiconll: folds
Uncalled bet ($3) returned to VolkovDmitri
VolkovDmitri collected $11.76 from pot
VolkovDmitri: doesn't show hand
*** SUMMARY ***
Total pot $12 | Rake $0.24
Board [2d Jd 5c]
Seat 3: llmaiconll (big blind) folded on the Flop
Seat 4: VolkovDmitri (button) (small blind) collected ($11.76)


PokerStars Hand #158546576481:  Hold'em Limit ($3/$6 USD) - 2016/09/13 9:16:12 ET
Table 'Azmidiske' 6-max Seat #3 is the button
Seat 3: B_loJkl ($161.52 in chips)
Seat 4: VolkovDmitri ($183.35 in chips)
B_loJkl: posts small blind $1
VolkovDmitri: posts big blind $3
*** HOLE CARDS ***
B_loJkl: raises $3 to $6
VolkovDmitri: calls $3
*** FLOP *** [8d Qc 5c]
VolkovDmitri: checks
B_loJkl: checks
*** TURN *** [8d Qc 5c] [Jh]
VolkovDmitri: bets $6
B_loJkl: folds
Uncalled bet ($6) returned to VolkovDmitri
VolkovDmitri collected $11.76 from pot
VolkovDmitri: doesn't show hand
*** SUMMARY ***
Total pot $12 | Rake $0.24
Board [8d Qc 5c Jh]
Seat 3: B_loJkl (button) (small blind) folded on the Turn
Seat 4: VolkovDmitri (big blind) collected ($11.76)


PokerStars Hand #158546565919:  Hold'em Limit ($3/$6 USD) - 2016/09/13 9:15:52 ET
Table 'Azmidiske' 6-max Seat #4 is the button
Seat 3: B_loJkl ($150 in chips)
Seat 4: VolkovDmitri ($195.35 in chips)
VolkovDmitri: posts small blind $1
AllinRamstad: is sitting out
B_loJkl: posts big blind $3
*** HOLE CARDS ***
VolkovDmitri: raises $3 to $6
B_loJkl: calls $3
*** FLOP *** [4h 9s 2h]
B_loJkl: checks
VolkovDmitri: checks
*** TURN *** [4h 9s 2h] [6s]
AllinRamstad leaves the table
B_loJkl: bets $6
VolkovDmitri: calls $6
*** RIVER *** [4h 9s 2h 6s] [2d]
B_loJkl: checks
VolkovDmitri: checks
*** SHOW DOWN ***
B_loJkl: shows [5h Kc] (a pair of Deuces)
VolkovDmitri: mucks hand
B_loJkl collected $23.52 from pot
*** SUMMARY ***
Total pot $24 | Rake $0.48
Board [4h 9s 2h 6s 2d]
Seat 3: B_loJkl (big blind) showed [5h Kc] and won ($23.52) with a pair of Deuces
Seat 4: VolkovDmitri (button) (small blind) mucked


PokerStars Hand #158546552387:  Hold'em Limit ($3/$6 USD) - 2016/09/13 9:15:27 ET
Table 'Azmidiske' 6-max Seat #4 is the button
Seat 2: AllinRamstad ($147.47 in chips)
Seat 4: VolkovDmitri ($191.35 in chips)
VolkovDmitri: posts small blind $1
AllinRamstad: posts big blind $3
*** HOLE CARDS ***
VolkovDmitri: raises $3 to $6
B_loJkl joins the table at seat #3
Mordnilap leaves the table
beverly7777 leaves the table
AllinRamstad: folds
Uncalled bet ($3) returned to VolkovDmitri
VolkovDmitri collected $6 from pot
VolkovDmitri: doesn't show hand
*** SUMMARY ***
Total pot $6 | Rake $0
Seat 2: AllinRamstad (big blind) folded before Flop
Seat 4: VolkovDmitri (button) (small blind) collected ($6)


