PokerStars Hand #166388724179:  Hold'em Limit ($3/$6 USD) - 2017/02/18 6:31:10 ET
Table 'Baade' 6-max Seat #4 is the button
Seat 2: fluit83 ($54 in chips)
Seat 4: MTails ($120 in chips)
MTails: posts small blind $1
fluit83: posts big blind $3
*** HOLE CARDS ***
MTails: raises $3 to $6
fluit83: folds
Uncalled bet ($3) returned to MTails
MTails collected $6 from pot
*** SUMMARY ***
Total pot $6 | Rake $0
Seat 2: fluit83 (big blind) folded before Flop
Seat 4: MTails (button) (small blind) collected ($6)


PokerStars Hand #166388733956:  Hold'em Limit ($3/$6 USD) - 2017/02/18 6:31:28 ET
Table 'Baade' 6-max Seat #2 is the button
Seat 2: fluit83 ($51 in chips)
Seat 4: MTails ($123 in chips)
fluit83: posts small blind $1
MTails: posts big blind $3
*** HOLE CARDS ***
fluit83: calls $2
MTails: raises $3 to $6
fluit83: calls $3
*** FLOP *** [Kd 6c 2c]
MTails: bets $3
fluit83: folds
Uncalled bet ($3) returned to MTails
MTails collected $11.76 from pot
*** SUMMARY ***
Total pot $12 | Rake $0.24
Board [Kd 6c 2c]
Seat 2: fluit83 (button) (small blind) folded on the Flop
Seat 4: MTails (big blind) collected ($11.76)


PokerStars Hand #166388750918:  Hold'em Limit ($3/$6 USD) - 2017/02/18 6:32:00 ET
Table 'Baade' 6-max Seat #4 is the button
Seat 2: fluit83 ($41 in chips)
Seat 4: MTails ($132.76 in chips)
MTails: posts small blind $1
fluit83: posts big blind $3
*** HOLE CARDS ***
MTails: raises $3 to $6
fluit83: calls $3
*** FLOP *** [7c Kc 3s]
fluit83: checks
MTails: bets $3
fluit83: calls $3
*** TURN *** [7c Kc 3s] [4s]
fluit83: checks
MTails: bets $6
fluit83: calls $6
*** RIVER *** [7c Kc 3s 4s] [Ks]
fluit83: checks
MTails: checks
*** SHOW DOWN ***
fluit83: shows [Qc Kd] (three of a kind, Kings)
MTails: mucks hand
fluit83 collected $29.50 from pot
*** SUMMARY ***
Total pot $30 | Rake $0.50
Board [7c Kc 3s 4s Ks]
Seat 2: fluit83 (big blind) showed [Qc Kd] and won ($29.50) with three of a kind, Kings
Seat 4: MTails (button) (small blind) mucked


PokerStars Hand #166388747514:  Hold'em Limit ($3/$6 USD) - 2017/02/18 6:31:53 ET
Table 'Baade' 6-max Seat #2 is the button
Seat 2: fluit83 ($42 in chips)
Seat 4: MTails ($131.76 in chips)
fluit83: posts small blind $1
MTails: posts big blind $3
*** HOLE CARDS ***
kolaz03 joins the table at seat #3
fluit83: folds
Uncalled bet ($2) returned to MTails
MTails collected $2 from pot
MTails: doesn't show hand
*** SUMMARY ***
Total pot $2 | Rake $0
Seat 2: fluit83 (button) (small blind) folded before Flop
Seat 4: MTails (big blind) collected ($2)


PokerStars Hand #166388743014:  Hold'em Limit ($3/$6 USD) - 2017/02/18 6:31:45 ET
Table 'Baade' 6-max Seat #4 is the button
Seat 2: fluit83 ($45 in chips)
Seat 4: MTails ($128.76 in chips)
MTails: posts small blind $1
fluit83: posts big blind $3
*** HOLE CARDS ***
MTails: raises $3 to $6
fluit83: folds
Uncalled bet ($3) returned to MTails
MTails collected $6 from pot
*** SUMMARY ***
Total pot $6 | Rake $0
Seat 2: fluit83 (big blind) folded before Flop
Seat 4: MTails (button) (small blind) collected ($6)


PokerStars Hand #166389185543:  Hold'em Limit ($3/$6 USD) - 2017/02/18 6:45:28 ET
Table 'Baade' 6-max Seat #2 is the button
Seat 2: fluit83 ($46.85 in chips)
Seat 5: cbarnes ($254.47 in chips)
fluit83: posts small blind $1
cbarnes: posts big blind $3
*** HOLE CARDS ***
fluit83: calls $2
cbarnes: checks
*** FLOP *** [Td Ts 2s]
cbarnes: bets $3
fluit83: folds
Uncalled bet ($3) returned to cbarnes
cbarnes collected $5.88 from pot
cbarnes: shows [2d Qc] (two pair, Tens and Deuces)
*** SUMMARY ***
Total pot $6 | Rake $0.12
Board [Td Ts 2s]
Seat 2: fluit83 (button) (small blind) folded on the Flop
Seat 5: cbarnes (big blind) collected ($5.88)


PokerStars Hand #166389174017:  Hold'em Limit ($3/$6 USD) - 2017/02/18 6:45:07 ET
Table 'Baade' 6-max Seat #5 is the button
Seat 2: fluit83 ($67.85 in chips)
Seat 5: cbarnes ($233.97 in chips)
cbarnes: posts small blind $1
fluit83: posts big blind $3
*** HOLE CARDS ***
cbarnes: raises $3 to $6
fluit83: calls $3
*** FLOP *** [6c 9d 8h]
fluit83: checks
cbarnes: bets $3
fluit83: calls $3
*** TURN *** [6c 9d 8h] [9s]
fluit83: checks
cbarnes: bets $6
fluit83: calls $6
*** RIVER *** [6c 9d 8h 9s] [3h]
fluit83: checks
cbarnes: bets $6
fluit83: calls $6
*** SHOW DOWN ***
cbarnes: shows [Qd Qh] (two pair, Queens and Nines)
fluit83: mucks hand
cbarnes collected $41.50 from pot
*** SUMMARY ***
Total pot $42 | Rake $0.50
Board [6c 9d 8h 9s 3h]
Seat 2: fluit83 (big blind) mucked
Seat 5: cbarnes (button) (small blind) showed [Qd Qh] and won ($41.50) with two pair, Queens and Nines


PokerStars Hand #166389159046:  Hold'em Limit ($3/$6 USD) - 2017/02/18 6:44:40 ET
Table 'Baade' 6-max Seat #1 is the button
Seat 1: tedros404 ($151 in chips)
Seat 5: cbarnes ($232.97 in chips)
tedros404: posts small blind $1
kolaz03: is sitting out
cbarnes: posts big blind $3
*** HOLE CARDS ***
kolaz03 leaves the table
tedros404: folds
Uncalled bet ($2) returned to cbarnes
tedros404 leaves the table
cbarnes collected $2 from pot
*** SUMMARY ***
Total pot $2 | Rake $0
Seat 1: tedros404 (button) (small blind) folded before Flop
Seat 5: cbarnes (big blind) collected ($2)


PokerStars Hand #166389193532:  Hold'em Limit ($3/$6 USD) - 2017/02/18 6:45:43 ET
Table 'Baade' 6-max Seat #5 is the button
Seat 2: fluit83 ($43.85 in chips)
Seat 5: cbarnes ($257.35 in chips)
cbarnes: posts small blind $1
fluit83: posts big blind $3
*** HOLE CARDS ***
cbarnes: raises $3 to $6
fluit83: calls $3
*** FLOP *** [6s 9s Qs]
fluit83: checks
cbarnes: bets $3
fluit83: raises $3 to $6
cbarnes: calls $3
*** TURN *** [6s 9s Qs] [Ac]
fluit83: bets $6
cbarnes: raises $6 to $12
fluit83: calls $6
*** RIVER *** [6s 9s Qs Ac] [Jc]
fluit83: checks
cbarnes: bets $6
fluit83: calls $6
*** SHOW DOWN ***
cbarnes: shows [5s Ks] (a flush, King high)
fluit83: mucks hand
cbarnes collected $59.50 from pot
*** SUMMARY ***
Total pot $60 | Rake $0.50
Board [6s 9s Qs Ac Jc]
Seat 2: fluit83 (big blind) mucked
Seat 5: cbarnes (button) (small blind) showed [5s Ks] and won ($59.50) with a flush, King high


PokerStars Hand #166389208612:  Hold'em Limit ($3/$6 USD) - 2017/02/18 6:46:10 ET
Table 'Baade' 6-max Seat #5 is the button
Seat 2: fluit83 ($12.85 in chips)
Seat 5: cbarnes ($287.85 in chips)
cbarnes: posts small blind $1
fluit83: posts big blind $3
*** HOLE CARDS ***
cbarnes: folds
Uncalled bet ($2) returned to fluit83
fluit83 collected $2 from pot
fluit83: doesn't show hand
*** SUMMARY ***
Total pot $2 | Rake $0
Seat 2: fluit83 (big blind) collected ($2)
Seat 5: cbarnes (button) (small blind) folded before Flop


PokerStars Hand #166389206004:  Hold'em Limit ($3/$6 USD) - 2017/02/18 6:46:06 ET
Table 'Baade' 6-max Seat #2 is the button
Seat 2: fluit83 ($13.85 in chips)
Seat 5: cbarnes ($286.85 in chips)
fluit83: posts small blind $1
cbarnes: posts big blind $3
*** HOLE CARDS ***
fluit83: folds
Uncalled bet ($2) returned to cbarnes
cbarnes collected $2 from pot
*** SUMMARY ***
Total pot $2 | Rake $0
Seat 2: fluit83 (button) (small blind) folded before Flop
Seat 5: cbarnes (big blind) collected ($2)


PokerStars Hand #166389224468:  Hold'em Limit ($3/$6 USD) - 2017/02/18 6:46:40 ET
Table 'Baade' 6-max Seat #5 is the button
Seat 2: fluit83 ($7.85 in chips)
Seat 5: cbarnes ($292.61 in chips)
cbarnes: posts small blind $1
fluit83: posts big blind $3
*** HOLE CARDS ***
cbarnes: folds
Uncalled bet ($2) returned to fluit83
fluit83 collected $2 from pot
fluit83: doesn't show hand
*** SUMMARY ***
Total pot $2 | Rake $0
Seat 2: fluit83 (big blind) collected ($2)
Seat 5: cbarnes (button) (small blind) folded before Flop


PokerStars Hand #166389217779:  Hold'em Limit ($3/$6 USD) - 2017/02/18 6:46:27 ET
Table 'Baade' 6-max Seat #2 is the button
Seat 2: fluit83 ($13.85 in chips)
Seat 5: cbarnes ($286.85 in chips)
fluit83: posts small blind $1
cbarnes: posts big blind $3
*** HOLE CARDS ***
fluit83: raises $3 to $6
cbarnes: calls $3
*** FLOP *** [4s 6h 7c]
cbarnes: checks
fluit83: checks
*** TURN *** [4s 6h 7c] [Jd]
cbarnes: bets $6
fluit83: folds
Uncalled bet ($6) returned to cbarnes
cbarnes collected $11.76 from pot
*** SUMMARY ***
Total pot $12 | Rake $0.24
Board [4s 6h 7c Jd]
Seat 2: fluit83 (button) (small blind) folded on the Turn
Seat 5: cbarnes (big blind) collected ($11.76)


PokerStars Hand #166389215294:  Hold'em Limit ($3/$6 USD) - 2017/02/18 6:46:23 ET
Table 'Baade' 6-max Seat #5 is the button
Seat 2: fluit83 ($12.85 in chips)
Seat 5: cbarnes ($287.85 in chips)
cbarnes: posts small blind $1
fluit83: posts big blind $3
*** HOLE CARDS ***
cbarnes: folds
Uncalled bet ($2) returned to fluit83
fluit83 collected $2 from pot
fluit83: doesn't show hand
*** SUMMARY ***
Total pot $2 | Rake $0
Seat 2: fluit83 (big blind) collected ($2)
Seat 5: cbarnes (button) (small blind) folded before Flop


PokerStars Hand #166389212343:  Hold'em Limit ($3/$6 USD) - 2017/02/18 6:46:17 ET
Table 'Baade' 6-max Seat #2 is the button
Seat 2: fluit83 ($13.85 in chips)
Seat 5: cbarnes ($286.85 in chips)
fluit83: posts small blind $1
cbarnes: posts big blind $3
*** HOLE CARDS ***
fluit83: folds
Uncalled bet ($2) returned to cbarnes
cbarnes collected $2 from pot
*** SUMMARY ***
Total pot $2 | Rake $0
Seat 2: fluit83 (button) (small blind) folded before Flop
Seat 5: cbarnes (big blind) collected ($2)


PokerStars Hand #166389227161:  Hold'em Limit ($3/$6 USD) - 2017/02/18 6:46:45 ET
Table 'Baade' 6-max Seat #2 is the button
Seat 2: fluit83 ($8.85 in chips)
Seat 5: cbarnes ($291.61 in chips)
fluit83: posts small blind $1
cbarnes: posts big blind $3
*** HOLE CARDS ***
fluit83: raises $3 to $6
cbarnes: raises $3 to $9
fluit83: calls $2.85 and is all-in
Uncalled bet ($0.15) returned to cbarnes
*** FLOP *** [8s 3c Ts]
*** TURN *** [8s 3c Ts] [2d]
*** RIVER *** [8s 3c Ts 2d] [5s]
*** SHOW DOWN ***
cbarnes: shows [7h Td] (a pair of Tens)
fluit83: shows [5c 8h] (two pair, Eights and Fives)
fluit83 collected $17.35 from pot
*** SUMMARY ***
Total pot $17.70 | Rake $0.35
Board [8s 3c Ts 2d 5s]
Seat 2: fluit83 (button) (small blind) showed [5c 8h] and won ($17.35) with two pair, Eights and Fives
Seat 5: cbarnes (big blind) showed [7h Td] and lost with a pair of Tens


PokerStars Hand #166389249681:  Hold'em Limit ($3/$6 USD) - 2017/02/18 6:47:26 ET
Table 'Baade' 6-max Seat #5 is the button
Seat 2: fluit83 ($13.35 in chips)
Seat 5: cbarnes ($286.76 in chips)
cbarnes: posts small blind $1
fluit83: posts big blind $3
*** HOLE CARDS ***
cbarnes: folds
Uncalled bet ($2) returned to fluit83
fluit83 collected $2 from pot
fluit83: doesn't show hand
*** SUMMARY ***
Total pot $2 | Rake $0
Seat 2: fluit83 (big blind) collected ($2)
Seat 5: cbarnes (button) (small blind) folded before Flop


PokerStars Hand #166389246453:  Hold'em Limit ($3/$6 USD) - 2017/02/18 6:47:20 ET
Table 'Baade' 6-max Seat #2 is the button
Seat 2: fluit83 ($14.35 in chips)
Seat 5: cbarnes ($285.76 in chips)
fluit83: posts small blind $1
cbarnes: posts big blind $3
*** HOLE CARDS ***
fluit83: folds
Uncalled bet ($2) returned to cbarnes
cbarnes collected $2 from pot
*** SUMMARY ***
Total pot $2 | Rake $0
Seat 2: fluit83 (button) (small blind) folded before Flop
Seat 5: cbarnes (big blind) collected ($2)


PokerStars Hand #166389237343:  Hold'em Limit ($3/$6 USD) - 2017/02/18 6:47:03 ET
Table 'Baade' 6-max Seat #5 is the button
Seat 2: fluit83 ($17.35 in chips)
Seat 5: cbarnes ($282.76 in chips)
cbarnes: posts small blind $1
fluit83: posts big blind $3
*** HOLE CARDS ***
cbarnes: raises $3 to $6
fluit83: folds
Uncalled bet ($3) returned to cbarnes
cbarnes collected $6 from pot
*** SUMMARY ***
Total pot $6 | Rake $0
Seat 2: fluit83 (big blind) folded before Flop
Seat 5: cbarnes (button) (small blind) collected ($6)


PokerStars Hand #166389252739:  Hold'em Limit ($3/$6 USD) - 2017/02/18 6:47:32 ET
Table 'Baade' 6-max Seat #2 is the button
Seat 2: fluit83 ($14.35 in chips)
Seat 5: cbarnes ($285.76 in chips)
fluit83: posts small blind $1
cbarnes: posts big blind $3
*** HOLE CARDS ***
fluit83: raises $3 to $6
cbarnes: calls $3
*** FLOP *** [8h Ad Ks]
cbarnes: checks
fluit83: bets $3
cbarnes: raises $3 to $6
fluit83: raises $2.35 to $8.35 and is all-in
cbarnes: calls $2.35
*** TURN *** [8h Ad Ks] [Jd]
*** RIVER *** [8h Ad Ks Jd] [Jh]
*** SHOW DOWN ***
cbarnes: shows [9d 8s] (two pair, Jacks and Eights)
fluit83: shows [5s 5h] (two pair, Jacks and Fives)
cbarnes collected $28.20 from pot
*** SUMMARY ***
Total pot $28.70 | Rake $0.50
Board [8h Ad Ks Jd Jh]
Seat 2: fluit83 (button) (small blind) showed [5s 5h] and lost with two pair, Jacks and Fives
Seat 5: cbarnes (big blind) showed [9d 8s] and won ($28.20) with two pair, Jacks and Eights


