PokerStars Hand #147706658010:  Hold'em Limit ($3/$6 USD) - 2016/01/26 9:38:18 ET
Table 'Baboquivari' 6-max Seat #1 is the button
Seat 1: VolkovDmitri ($120 in chips)
Seat 3: partyalex92 ($84.98 in chips)
VolkovDmitri: posts small blind $1
partyalex92: posts big blind $3
*** HOLE CARDS ***
VolkovDmitri: raises $3 to $6
partyalex92: calls $3
*** FLOP *** [5d 7c 3c]
partyalex92: checks
VolkovDmitri: bets $3
partyalex92: raises $3 to $6
VolkovDmitri: calls $3
*** TURN *** [5d 7c 3c] [7s]
partyalex92: bets $6
VolkovDmitri: calls $6
*** RIVER *** [5d 7c 3c 7s] [4d]
partyalex92: bets $6
VolkovDmitri: calls $6
*** SHOW DOWN ***
partyalex92: shows [Qc 6d] (a straight, Three to Seven)
VolkovDmitri: mucks hand
partyalex92 collected $47.50 from pot
*** SUMMARY ***
Total pot $48 | Rake $0.50
Board [5d 7c 3c 7s 4d]
Seat 1: VolkovDmitri (button) (small blind) mucked
Seat 3: partyalex92 (big blind) showed [Qc 6d] and won ($47.50) with a straight, Three to Seven


PokerStars Hand #147706639067:  Hold'em Limit ($3/$6 USD) - 2016/01/26 9:37:52 ET
Table 'Baboquivari' 6-max Seat #3 is the button
Seat 1: VolkovDmitri ($120 in chips)
Seat 3: partyalex92 ($70.48 in chips)
partyalex92: posts small blind $1
VolkovDmitri: posts big blind $3
*** HOLE CARDS ***
partyalex92: calls $2
VolkovDmitri: raises $3 to $6
partyalex92: calls $3
*** FLOP *** [Js Ks 3c]
VolkovDmitri: bets $3
partyalex92: calls $3
*** TURN *** [Js Ks 3c] [Qd]
SmellyToes4u joins the table at seat #4
VolkovDmitri: checks
partyalex92: bets $6
VolkovDmitri: calls $6
*** RIVER *** [Js Ks 3c Qd] [Tc]
VolkovDmitri: checks
partyalex92: bets $6
VolkovDmitri: folds
Uncalled bet ($6) returned to partyalex92
partyalex92 collected $29.50 from pot
*** SUMMARY ***
Total pot $30 | Rake $0.50
Board [Js Ks 3c Qd Tc]
Seat 1: VolkovDmitri (big blind) folded on the River
Seat 3: partyalex92 (button) (small blind) collected ($29.50)


PokerStars Hand #147706609206:  Hold'em Limit ($3/$6 USD) - 2016/01/26 9:37:11 ET
Table 'Baboquivari' 6-max Seat #1 is the button
Seat 1: VolkovDmitri ($120 in chips)
Seat 3: partyalex92 ($52.98 in chips)
VolkovDmitri: posts small blind $1
partyalex92: posts big blind $3
*** HOLE CARDS ***
VolkovDmitri: raises $3 to $6
partyalex92: calls $3
*** FLOP *** [Ts 6s 2c]
partyalex92: bets $3
VolkovDmitri: raises $3 to $6
partyalex92: calls $3
*** TURN *** [Ts 6s 2c] [As]
partyalex92: checks
VolkovDmitri: bets $6
partyalex92: calls $6
*** RIVER *** [Ts 6s 2c As] [5c]
partyalex92: checks
VolkovDmitri: checks
*** SHOW DOWN ***
partyalex92: shows [3h 4h] (a straight, Deuce to Six)
VolkovDmitri: mucks hand
partyalex92 collected $35.50 from pot
*** SUMMARY ***
Total pot $36 | Rake $0.50
Board [Ts 6s 2c As 5c]
Seat 1: VolkovDmitri (button) (small blind) mucked
Seat 3: partyalex92 (big blind) showed [3h 4h] and won ($35.50) with a straight, Deuce to Six


PokerStars Hand #147706803842:  Hold'em Limit ($3/$6 USD) - 2016/01/26 9:41:40 ET
Table 'Baboquivari' 6-max Seat #4 is the button
Seat 3: partyalex92 ($34.04 in chips)
Seat 4: SmellyToes4u ($106.50 in chips)
SmellyToes4u: posts small blind $1
partyalex92: posts big blind $3
*** HOLE CARDS ***
SmellyToes4u: folds
Uncalled bet ($2) returned to partyalex92
partyalex92 collected $2 from pot
*** SUMMARY ***
Total pot $2 | Rake $0
Seat 3: partyalex92 (big blind) collected ($2)
Seat 4: SmellyToes4u (button) (small blind) folded before Flop


PokerStars Hand #147706800602:  Hold'em Limit ($3/$6 USD) - 2016/01/26 9:41:36 ET
Table 'Baboquivari' 6-max Seat #3 is the button
Seat 3: partyalex92 ($35.04 in chips)
Seat 4: SmellyToes4u ($105.50 in chips)
partyalex92: posts small blind $1
SmellyToes4u: posts big blind $3
*** HOLE CARDS ***
partyalex92: folds
Uncalled bet ($2) returned to SmellyToes4u
SmellyToes4u collected $2 from pot
SmellyToes4u: doesn't show hand
*** SUMMARY ***
Total pot $2 | Rake $0
Seat 3: partyalex92 (button) (small blind) folded before Flop
Seat 4: SmellyToes4u (big blind) collected ($2)


PokerStars Hand #147706787152:  Hold'em Limit ($3/$6 USD) - 2016/01/26 9:41:17 ET
Table 'Baboquivari' 6-max Seat #4 is the button
Seat 3: partyalex92 ($56.04 in chips)
Seat 4: SmellyToes4u ($85 in chips)
SmellyToes4u: posts small blind $1
VolkovDmitri: is sitting out
partyalex92: posts big blind $3
*** HOLE CARDS ***
SmellyToes4u: raises $3 to $6
partyalex92: calls $3
*** FLOP *** [4h Ks 2s]
partyalex92: bets $3
SmellyToes4u: calls $3
*** TURN *** [4h Ks 2s] [Kd]
partyalex92: checks
SmellyToes4u: bets $6
partyalex92: calls $6
*** RIVER *** [4h Ks 2s Kd] [7d]
partyalex92: checks
SmellyToes4u: bets $6
partyalex92: calls $6
*** SHOW DOWN ***
SmellyToes4u: shows [Kh 8c] (three of a kind, Kings)
partyalex92: mucks hand
SmellyToes4u collected $41.50 from pot
*** SUMMARY ***
Total pot $42 | Rake $0.50
Board [4h Ks 2s Kd 7d]
Seat 3: partyalex92 (big blind) mucked
Seat 4: SmellyToes4u (button) (small blind) showed [Kh 8c] and won ($41.50) with three of a kind, Kings


PokerStars Hand #147706848941:  Hold'em Limit ($3/$6 USD) - 2016/01/26 9:42:43 ET
Table 'Baboquivari' 6-max Seat #4 is the button
Seat 3: partyalex92 ($16.56 in chips)
Seat 4: SmellyToes4u ($122.50 in chips)
SmellyToes4u: posts small blind $1
partyalex92: posts big blind $3
*** HOLE CARDS ***
SmellyToes4u: folds
Uncalled bet ($2) returned to partyalex92
partyalex92 collected $2 from pot
*** SUMMARY ***
Total pot $2 | Rake $0
Seat 3: partyalex92 (big blind) collected ($2)
Seat 4: SmellyToes4u (button) (small blind) folded before Flop


PokerStars Hand #147706830580:  Hold'em Limit ($3/$6 USD) - 2016/01/26 9:42:18 ET
Table 'Baboquivari' 6-max Seat #3 is the button
Seat 3: partyalex92 ($31.56 in chips)
Seat 4: SmellyToes4u ($108 in chips)
partyalex92: posts small blind $1
SmellyToes4u: posts big blind $3
*** HOLE CARDS ***
partyalex92: raises $3 to $6
SmellyToes4u: calls $3
*** FLOP *** [2h 7h Qs]
SmellyToes4u: checks
partyalex92: bets $3
SmellyToes4u: calls $3
*** TURN *** [2h 7h Qs] [5c]
SmellyToes4u: checks
partyalex92: checks
*** RIVER *** [2h 7h Qs 5c] [3s]
SmellyToes4u: bets $6
partyalex92: calls $6
*** SHOW DOWN ***
SmellyToes4u: shows [Ad 5d] (a pair of Fives)
partyalex92: mucks hand
SmellyToes4u collected $29.50 from pot
*** SUMMARY ***
Total pot $30 | Rake $0.50
Board [2h 7h Qs 5c 3s]
Seat 3: partyalex92 (button) (small blind) mucked
Seat 4: SmellyToes4u (big blind) showed [Ad 5d] and won ($29.50) with a pair of Fives


PokerStars Hand #147706821475:  Hold'em Limit ($3/$6 USD) - 2016/01/26 9:42:05 ET
Table 'Baboquivari' 6-max Seat #4 is the button
Seat 3: partyalex92 ($20.04 in chips)
Seat 4: SmellyToes4u ($120 in chips)
SmellyToes4u: posts small blind $1
partyalex92: posts big blind $3
*** HOLE CARDS ***
SmellyToes4u: raises $3 to $6
partyalex92: raises $3 to $9
SmellyToes4u: calls $3
*** FLOP *** [2d Js Qs]
partyalex92: bets $3
SmellyToes4u: calls $3
*** TURN *** [2d Js Qs] [6d]
partyalex92: bets $6
SmellyToes4u: folds
Uncalled bet ($6) returned to partyalex92
partyalex92 collected $23.52 from pot
*** SUMMARY ***
Total pot $24 | Rake $0.48
Board [2d Js Qs 6d]
Seat 3: partyalex92 (big blind) collected ($23.52)
Seat 4: SmellyToes4u (button) (small blind) folded on the Turn


PokerStars Hand #147706808354:  Hold'em Limit ($3/$6 USD) - 2016/01/26 9:41:47 ET
Table 'Baboquivari' 6-max Seat #3 is the button
Seat 3: partyalex92 ($35.04 in chips)
Seat 4: SmellyToes4u ($105.50 in chips)
partyalex92: posts small blind $1
SmellyToes4u: posts big blind $3
*** HOLE CARDS ***
partyalex92: raises $3 to $6
SmellyToes4u: calls $3
*** FLOP *** [Th Jh 7d]
SmellyToes4u: checks
partyalex92: bets $3
SmellyToes4u: calls $3
*** TURN *** [Th Jh 7d] [8d]
SmellyToes4u: checks
partyalex92: checks
*** RIVER *** [Th Jh 7d 8d] [4c]
SmellyToes4u: bets $6
partyalex92: calls $6
*** SHOW DOWN ***
SmellyToes4u: shows [9s Kh] (a straight, Seven to Jack)
partyalex92: mucks hand
SmellyToes4u collected $29.50 from pot
*** SUMMARY ***
Total pot $30 | Rake $0.50
Board [Th Jh 7d 8d 4c]
Seat 3: partyalex92 (button) (small blind) mucked
Seat 4: SmellyToes4u (big blind) showed [9s Kh] and won ($29.50) with a straight, Seven to Jack


PokerStars Hand #147706889663:  Hold'em Limit ($3/$6 USD) - 2016/01/26 9:43:40 ET
Table 'Baboquivari' 6-max Seat #4 is the button
Seat 3: partyalex92 ($6.70 in chips)
Seat 4: SmellyToes4u ($131.20 in chips)
SmellyToes4u: posts small blind $1
partyalex92: posts big blind $3
*** HOLE CARDS ***
SmellyToes4u: folds
Uncalled bet ($2) returned to partyalex92
partyalex92 collected $2 from pot
*** SUMMARY ***
Total pot $2 | Rake $0
Seat 3: partyalex92 (big blind) collected ($2)
Seat 4: SmellyToes4u (button) (small blind) folded before Flop


PokerStars Hand #147706874998:  Hold'em Limit ($3/$6 USD) - 2016/01/26 9:43:20 ET
Table 'Baboquivari' 6-max Seat #3 is the button
Seat 3: partyalex92 ($21.70 in chips)
Seat 4: SmellyToes4u ($116.70 in chips)
partyalex92: posts small blind $1
SmellyToes4u: posts big blind $3
*** HOLE CARDS ***
partyalex92: calls $2
SmellyToes4u: raises $3 to $6
partyalex92: calls $3
*** FLOP *** [6c 3c 7c]
SmellyToes4u: bets $3
partyalex92: calls $3
*** TURN *** [6c 3c 7c] [8s]
SmellyToes4u: bets $6
partyalex92: calls $6
*** RIVER *** [6c 3c 7c 8s] [Ac]
SmellyToes4u: bets $6
partyalex92: folds
Uncalled bet ($6) returned to SmellyToes4u
SmellyToes4u collected $29.50 from pot
SmellyToes4u: doesn't show hand
*** SUMMARY ***
Total pot $30 | Rake $0.50
Board [6c 3c 7c 8s Ac]
Seat 3: partyalex92 (button) (small blind) folded on the River
Seat 4: SmellyToes4u (big blind) collected ($29.50)


PokerStars Hand #147706872142:  Hold'em Limit ($3/$6 USD) - 2016/01/26 9:43:16 ET
Table 'Baboquivari' 6-max Seat #4 is the button
Seat 3: partyalex92 ($20.70 in chips)
Seat 4: SmellyToes4u ($117.70 in chips)
SmellyToes4u: posts small blind $1
partyalex92: posts big blind $3
*** HOLE CARDS ***
SmellyToes4u: folds
Uncalled bet ($2) returned to partyalex92
partyalex92 collected $2 from pot
*** SUMMARY ***
Total pot $2 | Rake $0
Seat 3: partyalex92 (big blind) collected ($2)
Seat 4: SmellyToes4u (button) (small blind) folded before Flop


PokerStars Hand #147706862849:  Hold'em Limit ($3/$6 USD) - 2016/01/26 9:43:03 ET
Table 'Baboquivari' 6-max Seat #3 is the button
Seat 3: partyalex92 ($10.56 in chips)
Seat 4: SmellyToes4u ($128.26 in chips)
partyalex92: posts small blind $1
SmellyToes4u: posts big blind $3
*** HOLE CARDS ***
partyalex92: raises $3 to $6
SmellyToes4u: calls $3
*** FLOP *** [7d 7c 3s]
SmellyToes4u: bets $3
partyalex92: raises $1.56 to $4.56 and is all-in
SmellyToes4u: calls $1.56
*** TURN *** [7d 7c 3s] [Ts]
*** RIVER *** [7d 7c 3s Ts] [Ac]
*** SHOW DOWN ***
SmellyToes4u: shows [6d 5s] (a pair of Sevens)
partyalex92: shows [9d As] (two pair, Aces and Sevens)
partyalex92 collected $20.70 from pot
*** SUMMARY ***
Total pot $21.12 | Rake $0.42
Board [7d 7c 3s Ts Ac]
Seat 3: partyalex92 (button) (small blind) showed [9d As] and won ($20.70) with two pair, Aces and Sevens
Seat 4: SmellyToes4u (big blind) showed [6d 5s] and lost with a pair of Sevens


PokerStars Hand #147706855356:  Hold'em Limit ($3/$6 USD) - 2016/01/26 9:42:52 ET
Table 'Baboquivari' 6-max Seat #4 is the button
Seat 3: partyalex92 ($16.56 in chips)
Seat 4: SmellyToes4u ($122.50 in chips)
SmellyToes4u: posts small blind $1
partyalex92: posts big blind $3
*** HOLE CARDS ***
SmellyToes4u: raises $3 to $6
partyalex92: calls $3
*** FLOP *** [Tc 5h Kd]
partyalex92: checks
SmellyToes4u: bets $3
partyalex92: folds
Uncalled bet ($3) returned to SmellyToes4u
SmellyToes4u collected $11.76 from pot
SmellyToes4u: doesn't show hand
*** SUMMARY ***
Total pot $12 | Rake $0.24
Board [Tc 5h Kd]
Seat 3: partyalex92 (big blind) folded on the Flop
Seat 4: SmellyToes4u (button) (small blind) collected ($11.76)


PokerStars Hand #147706852217:  Hold'em Limit ($3/$6 USD) - 2016/01/26 9:42:48 ET
Table 'Baboquivari' 6-max Seat #3 is the button
Seat 3: partyalex92 ($17.56 in chips)
Seat 4: SmellyToes4u ($121.50 in chips)
partyalex92: posts small blind $1
SmellyToes4u: posts big blind $3
*** HOLE CARDS ***
partyalex92: folds
Uncalled bet ($2) returned to SmellyToes4u
SmellyToes4u collected $2 from pot
SmellyToes4u: doesn't show hand
*** SUMMARY ***
Total pot $2 | Rake $0
Seat 3: partyalex92 (button) (small blind) folded before Flop
Seat 4: SmellyToes4u (big blind) collected ($2)


PokerStars Hand #147706915326:  Hold'em Limit ($3/$6 USD) - 2016/01/26 9:44:16 ET
Table 'Baboquivari' 6-max Seat #4 is the button
Seat 3: partyalex92 ($19.09 in chips)
Seat 4: SmellyToes4u ($118.50 in chips)
SmellyToes4u: posts small blind $1
partyalex92: posts big blind $3
*** HOLE CARDS ***
SmellyToes4u: raises $3 to $6
partyalex92: calls $3
*** FLOP *** [Qh 6c 5h]
partyalex92: bets $3
SmellyToes4u: raises $3 to $6
partyalex92: calls $3
*** TURN *** [Qh 6c 5h] [Tc]
partyalex92: bets $6
SmellyToes4u: raises $6 to $12
partyalex92: calls $1.09 and is all-in
Uncalled bet ($4.91) returned to SmellyToes4u
*** RIVER *** [Qh 6c 5h Tc] [Js]
*** SHOW DOWN ***
partyalex92: shows [Td 5d] (two pair, Tens and Fives)
SmellyToes4u: shows [Qd Jd] (two pair, Queens and Jacks)
SmellyToes4u collected $37.68 from pot
*** SUMMARY ***
Total pot $38.18 | Rake $0.50
Board [Qh 6c 5h Tc Js]
Seat 3: partyalex92 (big blind) showed [Td 5d] and lost with two pair, Tens and Fives
Seat 4: SmellyToes4u (button) (small blind) showed [Qd Jd] and won ($37.68) with two pair, Queens and Jacks


PokerStars Hand #147706911704:  Hold'em Limit ($3/$6 USD) - 2016/01/26 9:44:11 ET
Table 'Baboquivari' 6-max Seat #3 is the button
Seat 3: partyalex92 ($16.09 in chips)
Seat 4: SmellyToes4u ($121.50 in chips)
partyalex92: posts small blind $1
SmellyToes4u: posts big blind $3
*** HOLE CARDS ***
partyalex92: raises $3 to $6
SmellyToes4u: folds
Uncalled bet ($3) returned to partyalex92
partyalex92 collected $6 from pot
*** SUMMARY ***
Total pot $6 | Rake $0
Seat 3: partyalex92 (button) (small blind) collected ($6)
Seat 4: SmellyToes4u (big blind) folded before Flop


PokerStars Hand #147706906598:  Hold'em Limit ($3/$6 USD) - 2016/01/26 9:44:04 ET
Table 'Baboquivari' 6-max Seat #4 is the button
Seat 3: partyalex92 ($15.09 in chips)
Seat 4: SmellyToes4u ($122.50 in chips)
SmellyToes4u: posts small blind $1
partyalex92: posts big blind $3
*** HOLE CARDS ***
SmellyToes4u: folds
Uncalled bet ($2) returned to partyalex92
partyalex92 collected $2 from pot
*** SUMMARY ***
Total pot $2 | Rake $0
Seat 3: partyalex92 (big blind) collected ($2)
Seat 4: SmellyToes4u (button) (small blind) folded before Flop


PokerStars Hand #147706893508:  Hold'em Limit ($3/$6 USD) - 2016/01/26 9:43:45 ET
Table 'Baboquivari' 6-max Seat #3 is the button
Seat 3: partyalex92 ($7.70 in chips)
Seat 4: SmellyToes4u ($130.20 in chips)
partyalex92: posts small blind $1
SmellyToes4u: posts big blind $3
*** HOLE CARDS ***
partyalex92: raises $3 to $6
SmellyToes4u: raises $3 to $9
partyalex92: calls $1.70 and is all-in
Uncalled bet ($1.30) returned to SmellyToes4u
*** FLOP *** [Qc Kd Td]
*** TURN *** [Qc Kd Td] [4c]
*** RIVER *** [Qc Kd Td 4c] [Th]
*** SHOW DOWN ***
SmellyToes4u: shows [8d 2d] (a pair of Tens)
partyalex92: shows [Ks 2c] (two pair, Kings and Tens)
partyalex92 collected $15.09 from pot
*** SUMMARY ***
Total pot $15.40 | Rake $0.31
Board [Qc Kd Td 4c Th]
Seat 3: partyalex92 (button) (small blind) showed [Ks 2c] and won ($15.09) with two pair, Kings and Tens
Seat 4: SmellyToes4u (big blind) showed [8d 2d] and lost with a pair of Tens


