PokerStars Hand #158867640960:  Hold'em Limit ($3/$6 USD) - 2016/09/20 15:22:53 ET
Table 'Baboquivari' 10-max Seat #1 is the button
Seat 1: Ag3r0n ($73 in chips)
Seat 6: WesleyBeatsu ($72 in chips)
Ag3r0n: posts small blind $1
WesleyBeatsu: posts big blind $3
*** HOLE CARDS ***
Ag3r0n: raises $3 to $6
WesleyBeatsu: folds
Uncalled bet ($3) returned to Ag3r0n
Ag3r0n collected $6 from pot
*** SUMMARY ***
Total pot $6 | Rake $0
Seat 1: Ag3r0n (button) (small blind) collected ($6)
Seat 6: WesleyBeatsu (big blind) folded before Flop


PokerStars Hand #158867689911:  Hold'em Limit ($3/$6 USD) - 2016/09/20 15:23:49 ET
Table 'Baboquivari' 10-max Seat #6 is the button
Seat 1: Ag3r0n ($89.50 in chips)
Seat 6: WesleyBeatsu ($55 in chips)
WesleyBeatsu: posts small blind $1
Ag3r0n: posts big blind $3
*** HOLE CARDS ***
WesleyBeatsu: raises $3 to $6
Ag3r0n: raises $3 to $9
WesleyBeatsu: calls $3
*** FLOP *** [3h Qd Ah]
Ag3r0n: bets $3
WesleyBeatsu: calls $3
*** TURN *** [3h Qd Ah] [4d]
Ag3r0n: bets $6
WesleyBeatsu: calls $6
*** RIVER *** [3h Qd Ah 4d] [9s]
Ag3r0n: bets $6
WesleyBeatsu: calls $6
*** SHOW DOWN ***
Ag3r0n: shows [Ks Kd] (a pair of Kings)
WesleyBeatsu: mucks hand
Ag3r0n collected $47.50 from pot
*** SUMMARY ***
Total pot $48 | Rake $0.50
Board [3h Qd Ah 4d 9s]
Seat 1: Ag3r0n (big blind) showed [Ks Kd] and won ($47.50) with a pair of Kings
Seat 6: WesleyBeatsu (button) (small blind) mucked


PokerStars Hand #158867679754:  Hold'em Limit ($3/$6 USD) - 2016/09/20 15:23:38 ET
Table 'Baboquivari' 10-max Seat #1 is the button
Seat 1: Ag3r0n ($86.50 in chips)
Seat 6: WesleyBeatsu ($58 in chips)
Ag3r0n: posts small blind $1
WesleyBeatsu: posts big blind $3
*** HOLE CARDS ***
Ag3r0n: raises $3 to $6
WesleyBeatsu: folds
Uncalled bet ($3) returned to Ag3r0n
Ag3r0n collected $6 from pot
*** SUMMARY ***
Total pot $6 | Rake $0
Seat 1: Ag3r0n (button) (small blind) collected ($6)
Seat 6: WesleyBeatsu (big blind) folded before Flop


PokerStars Hand #158867670707:  Hold'em Limit ($3/$6 USD) - 2016/09/20 15:23:27 ET
Table 'Baboquivari' 10-max Seat #6 is the button
Seat 1: Ag3r0n ($89.50 in chips)
Seat 6: WesleyBeatsu ($55 in chips)
WesleyBeatsu: posts small blind $1
Ag3r0n: posts big blind $3
*** HOLE CARDS ***
WesleyBeatsu: raises $3 to $6
Ag3r0n: folds
Uncalled bet ($3) returned to WesleyBeatsu
WesleyBeatsu collected $6 from pot
WesleyBeatsu: doesn't show hand
*** SUMMARY ***
Total pot $6 | Rake $0
Seat 1: Ag3r0n (big blind) folded before Flop
Seat 6: WesleyBeatsu (button) (small blind) collected ($6)


PokerStars Hand #158867666823:  Hold'em Limit ($3/$6 USD) - 2016/09/20 15:23:23 ET
Table 'Baboquivari' 10-max Seat #1 is the button
Seat 1: Ag3r0n ($90.50 in chips)
Seat 6: WesleyBeatsu ($54 in chips)
Ag3r0n: posts small blind $1
WesleyBeatsu: posts big blind $3
*** HOLE CARDS ***
Ag3r0n: folds
Uncalled bet ($2) returned to WesleyBeatsu
WesleyBeatsu collected $2 from pot
WesleyBeatsu: doesn't show hand
*** SUMMARY ***
Total pot $2 | Rake $0
Seat 1: Ag3r0n (button) (small blind) folded before Flop
Seat 6: WesleyBeatsu (big blind) collected ($2)


PokerStars Hand #158867662679:  Hold'em Limit ($3/$6 USD) - 2016/09/20 15:23:18 ET
Table 'Baboquivari' 10-max Seat #6 is the button
Seat 1: Ag3r0n ($89.50 in chips)
Seat 6: WesleyBeatsu ($55 in chips)
WesleyBeatsu: posts small blind $1
Ag3r0n: posts big blind $3
*** HOLE CARDS ***
WesleyBeatsu: folds
Uncalled bet ($2) returned to Ag3r0n
Ag3r0n collected $2 from pot
*** SUMMARY ***
Total pot $2 | Rake $0
Seat 1: Ag3r0n (big blind) collected ($2)
Seat 6: WesleyBeatsu (button) (small blind) folded before Flop


PokerStars Hand #158867658942:  Hold'em Limit ($3/$6 USD) - 2016/09/20 15:23:14 ET
Table 'Baboquivari' 10-max Seat #1 is the button
Seat 1: Ag3r0n ($90.50 in chips)
Seat 6: WesleyBeatsu ($54 in chips)
Ag3r0n: posts small blind $1
WesleyBeatsu: posts big blind $3
*** HOLE CARDS ***
Ag3r0n: folds
Uncalled bet ($2) returned to WesleyBeatsu
WesleyBeatsu collected $2 from pot
WesleyBeatsu: doesn't show hand
*** SUMMARY ***
Total pot $2 | Rake $0
Seat 1: Ag3r0n (button) (small blind) folded before Flop
Seat 6: WesleyBeatsu (big blind) collected ($2)


PokerStars Hand #158867647635:  Hold'em Limit ($3/$6 USD) - 2016/09/20 15:23:01 ET
Table 'Baboquivari' 10-max Seat #6 is the button
Seat 1: Ag3r0n ($76 in chips)
Seat 6: WesleyBeatsu ($69 in chips)
WesleyBeatsu: posts small blind $1
Ag3r0n: posts big blind $3
*** HOLE CARDS ***
WesleyBeatsu: raises $3 to $6
Ag3r0n: calls $3
*** FLOP *** [2d 8c 3h]
Ag3r0n: checks
WesleyBeatsu: bets $3
Ag3r0n: calls $3
*** TURN *** [2d 8c 3h] [3d]
Ag3r0n: checks
WesleyBeatsu: bets $6
Ag3r0n: raises $6 to $12
WesleyBeatsu: folds
Uncalled bet ($6) returned to Ag3r0n
Ag3r0n collected $29.50 from pot
*** SUMMARY ***
Total pot $30 | Rake $0.50
Board [2d 8c 3h 3d]
Seat 1: Ag3r0n (big blind) collected ($29.50)
Seat 6: WesleyBeatsu (button) (small blind) folded on the Turn


PokerStars Hand #158867725509:  Hold'em Limit ($3/$6 USD) - 2016/09/20 15:24:29 ET
Table 'Baboquivari' 10-max Seat #1 is the button
Seat 1: Ag3r0n ($128.50 in chips)
Seat 6: WesleyBeatsu ($15 in chips)
Ag3r0n: posts small blind $1
WesleyBeatsu: posts big blind $3
*** HOLE CARDS ***
WesleyBeatsu said, "u are cheater"
Ag3r0n: raises $3 to $6
WesleyBeatsu: calls $3
*** FLOP *** [Jc 7d 2h]
Ag3r0n said, ":'("
WesleyBeatsu: bets $3
Ag3r0n: raises $3 to $6
WesleyBeatsu: raises $3 to $9 and is all-in
Ag3r0n: calls $3
*** TURN *** [Jc 7d 2h] [Qh]
*** RIVER *** [Jc 7d 2h Qh] [3d]
WesleyBeatsu said, "loook"
*** SHOW DOWN ***
WesleyBeatsu: shows [7s 9c] (a pair of Sevens)
Ag3r0n: shows [Qd Kd] (a pair of Queens)
Ag3r0n collected $29.50 from pot
Ag3r0n said, "can't be a true"
*** SUMMARY ***
Total pot $30 | Rake $0.50
Board [Jc 7d 2h Qh 3d]
Seat 1: Ag3r0n (button) (small blind) showed [Qd Kd] and won ($29.50) with a pair of Queens
Seat 6: WesleyBeatsu (big blind) showed [7s 9c] and lost with a pair of Sevens


PokerStars Hand #158867721611:  Hold'em Limit ($3/$6 USD) - 2016/09/20 15:24:25 ET
Table 'Baboquivari' 10-max Seat #6 is the button
Seat 1: Ag3r0n ($127.50 in chips)
Seat 6: WesleyBeatsu ($16 in chips)
WesleyBeatsu: posts small blind $1
Ag3r0n: posts big blind $3
*** HOLE CARDS ***
WesleyBeatsu: folds
Uncalled bet ($2) returned to Ag3r0n
Ag3r0n collected $2 from pot
*** SUMMARY ***
Total pot $2 | Rake $0
Seat 1: Ag3r0n (big blind) collected ($2)
Seat 6: WesleyBeatsu (button) (small blind) folded before Flop


PokerStars Hand #158867710113:  Hold'em Limit ($3/$6 USD) - 2016/09/20 15:24:12 ET
Table 'Baboquivari' 10-max Seat #1 is the button
Seat 1: Ag3r0n ($113 in chips)
Seat 6: WesleyBeatsu ($31 in chips)
Ag3r0n: posts small blind $1
WesleyBeatsu: posts big blind $3
*** HOLE CARDS ***
Ag3r0n: raises $3 to $6
WesleyBeatsu: calls $3
*** FLOP *** [8s 5h Ad]
WesleyBeatsu: checks
Ag3r0n: bets $3
WesleyBeatsu: calls $3
*** TURN *** [8s 5h Ad] [4d]
WesleyBeatsu: checks
Ag3r0n: checks
*** RIVER *** [8s 5h Ad 4d] [7c]
WesleyBeatsu: checks
Ag3r0n: bets $6
WesleyBeatsu: calls $6
*** SHOW DOWN ***
Ag3r0n: shows [Qh 6s] (a straight, Four to Eight)
WesleyBeatsu: mucks hand
Ag3r0n collected $29.50 from pot
WesleyBeatsu said, "hehhh"
*** SUMMARY ***
Total pot $30 | Rake $0.50
Board [8s 5h Ad 4d 7c]
Seat 1: Ag3r0n (button) (small blind) showed [Qh 6s] and won ($29.50) with a straight, Four to Eight
Seat 6: WesleyBeatsu (big blind) mucked


PokerStars Hand #158867706137:  Hold'em Limit ($3/$6 USD) - 2016/09/20 15:24:08 ET
Table 'Baboquivari' 10-max Seat #6 is the button
Seat 1: Ag3r0n ($112 in chips)
Seat 6: WesleyBeatsu ($32 in chips)
WesleyBeatsu: posts small blind $1
Ag3r0n: posts big blind $3
*** HOLE CARDS ***
WesleyBeatsu: folds
Uncalled bet ($2) returned to Ag3r0n
Ag3r0n collected $2 from pot
*** SUMMARY ***
Total pot $2 | Rake $0
Seat 1: Ag3r0n (big blind) collected ($2)
Seat 6: WesleyBeatsu (button) (small blind) folded before Flop


PokerStars Hand #158867702008:  Hold'em Limit ($3/$6 USD) - 2016/09/20 15:24:03 ET
Table 'Baboquivari' 10-max Seat #1 is the button
Seat 1: Ag3r0n ($113 in chips)
Seat 6: WesleyBeatsu ($31 in chips)
Ag3r0n: posts small blind $1
WesleyBeatsu: posts big blind $3
*** HOLE CARDS ***
Ag3r0n: folds
Uncalled bet ($2) returned to WesleyBeatsu
WesleyBeatsu collected $2 from pot
WesleyBeatsu: doesn't show hand
*** SUMMARY ***
Total pot $2 | Rake $0
Seat 1: Ag3r0n (button) (small blind) folded before Flop
Seat 6: WesleyBeatsu (big blind) collected ($2)


