PokerStars Hand #148377049943:  Hold'em Limit ($3/$6 USD) - 2016/02/07 4:12:49 ET
Table 'Bacchus' 6-max Seat #4 is the button
Seat 4: Agrotait ($102.86 in chips)
Seat 5: teddyroxpin ($173.26 in chips)
Agrotait: posts small blind $1
teddyroxpin: posts big blind $3
*** HOLE CARDS ***
Agrotait: raises $3 to $6
teddyroxpin: raises $3 to $9
Agrotait: calls $3
*** FLOP *** [Ad 8c Qh]
krossguard leaves the table
teddyroxpin: bets $3
Agrotait: calls $3
*** TURN *** [Ad 8c Qh] [6d]
teddyroxpin: checks
Agrotait: bets $6
teddyroxpin: folds
Uncalled bet ($6) returned to Agrotait
Agrotait collected $23.52 from pot
Agrotait: doesn't show hand
*** SUMMARY ***
Total pot $24 | Rake $0.48
Board [Ad 8c Qh 6d]
Seat 4: Agrotait (button) (small blind) collected ($23.52)
Seat 5: teddyroxpin (big blind) folded on the Turn


PokerStars Hand #148377087219:  Hold'em Limit ($3/$6 USD) - 2016/02/07 4:14:14 ET
Table 'Bacchus' 6-max Seat #5 is the button
Seat 4: Agrotait ($114.38 in chips)
Seat 5: teddyroxpin ($189.46 in chips)
teddyroxpin: posts small blind $1
Agrotait: posts big blind $3
*** HOLE CARDS ***
teddyroxpin: raises $3 to $6
Agrotait: calls $3
*** FLOP *** [2h 3h Th]
Agrotait: checks
teddyroxpin: bets $3
Agrotait: calls $3
*** TURN *** [2h 3h Th] [6d]
Agrotait: checks
teddyroxpin: checks
*** RIVER *** [2h 3h Th 6d] [Kh]
Agrotait: checks
teddyroxpin: bets $6
Agrotait: calls $6
*** SHOW DOWN ***
teddyroxpin: shows [8c 4c] (high card King)
Agrotait: shows [Js Td] (a pair of Tens)
Agrotait collected $29.50 from pot
*** SUMMARY ***
Total pot $30 | Rake $0.50
Board [2h 3h Th 6d Kh]
Seat 4: Agrotait (big blind) showed [Js Td] and won ($29.50) with a pair of Tens
Seat 5: teddyroxpin (button) (small blind) showed [8c 4c] and lost with high card King


PokerStars Hand #148377116509:  Hold'em Limit ($3/$6 USD) - 2016/02/07 4:15:20 ET
Table 'Bacchus' 6-max Seat #4 is the button
Seat 4: Agrotait ($128.88 in chips)
Seat 5: teddyroxpin ($174.46 in chips)
Agrotait: posts small blind $1
MMike1948 joins the table at seat #1
teddyroxpin: posts big blind $3
*** HOLE CARDS ***
Agrotait: folds
Uncalled bet ($2) returned to teddyroxpin
teddyroxpin collected $2 from pot
*** SUMMARY ***
Total pot $2 | Rake $0
Seat 4: Agrotait (button) (small blind) folded before Flop
Seat 5: teddyroxpin (big blind) collected ($2)


