PokerStars Hand #146464985662:  Hold'em Limit ($3/$6 USD) - 2016/01/04 14:33:54 ET
Table 'Badenia III' 6-max Seat #2 is the button
Seat 2: AA_ILI ($228.36 in chips)
Seat 5: RUNNINGMAN70 ($112.34 in chips)
AA_ILI: posts small blind $1
RUNNINGMAN70: posts big blind $3
*** HOLE CARDS ***
mateuniooo30 said, "I have Ak ;)"
AA_ILI: raises $3 to $6
RUNNINGMAN70: calls $3
*** FLOP *** [9d 7s 5c]
RUNNINGMAN70: checks
AA_ILI: bets $3
RUNNINGMAN70: calls $3
*** TURN *** [9d 7s 5c] [Jc]
RUNNINGMAN70: checks
AA_ILI: checks
*** RIVER *** [9d 7s 5c Jc] [4d]
RUNNINGMAN70: checks
AA_ILI: checks
*** SHOW DOWN ***
RUNNINGMAN70: shows [Kc 8c] (high card King)
AA_ILI: shows [Tc 5h] (a pair of Fives)
AA_ILI collected $17.64 from pot
*** SUMMARY ***
Total pot $18 | Rake $0.36
Board [9d 7s 5c Jc 4d]
Seat 2: AA_ILI (button) (small blind) showed [Tc 5h] and won ($17.64) with a pair of Fives
Seat 5: RUNNINGMAN70 (big blind) showed [Kc 8c] and lost with high card King


PokerStars Hand #146464977788:  Hold'em Limit ($3/$6 USD) - 2016/01/04 14:33:46 ET
Table 'Badenia III' 6-max Seat #5 is the button
Seat 2: AA_ILI ($231.36 in chips)
Seat 5: RUNNINGMAN70 ($109.34 in chips)
RUNNINGMAN70: posts small blind $1
AA_ILI: posts big blind $3
*** HOLE CARDS ***
RUNNINGMAN70: raises $3 to $6
AA_ILI: folds
Uncalled bet ($3) returned to RUNNINGMAN70
RUNNINGMAN70 collected $6 from pot
RUNNINGMAN70: doesn't show hand
*** SUMMARY ***
Total pot $6 | Rake $0
Seat 2: AA_ILI (big blind) folded before Flop
Seat 5: RUNNINGMAN70 (button) (small blind) collected ($6)


PokerStars Hand #146464969466:  Hold'em Limit ($3/$6 USD) - 2016/01/04 14:33:38 ET
Table 'Badenia III' 6-max Seat #2 is the button
Seat 2: AA_ILI ($232.36 in chips)
Seat 5: RUNNINGMAN70 ($108.34 in chips)
AA_ILI: posts small blind $1
mateuniooo30: is sitting out
RUNNINGMAN70: posts big blind $3
*** HOLE CARDS ***
AA_ILI: folds
Uncalled bet ($2) returned to RUNNINGMAN70
RUNNINGMAN70 collected $2 from pot
RUNNINGMAN70: doesn't show hand
*** SUMMARY ***
Total pot $2 | Rake $0
Seat 2: AA_ILI (button) (small blind) folded before Flop
Seat 5: RUNNINGMAN70 (big blind) collected ($2)


PokerStars Hand #146465016808:  Hold'em Limit ($3/$6 USD) - 2016/01/04 14:34:23 ET
Table 'Badenia III' 6-max Seat #5 is the button
Seat 2: AA_ILI ($237 in chips)
Seat 5: RUNNINGMAN70 ($103.34 in chips)
RUNNINGMAN70: posts small blind $1
AA_ILI: posts big blind $3
*** HOLE CARDS ***
RUNNINGMAN70: folds
Uncalled bet ($2) returned to AA_ILI
AA_ILI collected $2 from pot
*** SUMMARY ***
Total pot $2 | Rake $0
Seat 2: AA_ILI (big blind) collected ($2)
Seat 5: RUNNINGMAN70 (button) (small blind) folded before Flop


PokerStars Hand #146465028438:  Hold'em Limit ($3/$6 USD) - 2016/01/04 14:34:35 ET
Table 'Badenia III' 6-max Seat #5 is the button
Seat 2: AA_ILI ($237 in chips)
Seat 5: RUNNINGMAN70 ($103.34 in chips)
RUNNINGMAN70: posts small blind $1
AA_ILI: posts big blind $3
*** HOLE CARDS ***
RUNNINGMAN70: folds
Uncalled bet ($2) returned to AA_ILI
AA_ILI collected $2 from pot
*** SUMMARY ***
Total pot $2 | Rake $0
Seat 2: AA_ILI (big blind) collected ($2)
Seat 5: RUNNINGMAN70 (button) (small blind) folded before Flop


PokerStars Hand #146465022778:  Hold'em Limit ($3/$6 USD) - 2016/01/04 14:34:29 ET
Table 'Badenia III' 6-max Seat #2 is the button
Seat 2: AA_ILI ($238 in chips)
Seat 5: RUNNINGMAN70 ($102.34 in chips)
AA_ILI: posts small blind $1
RUNNINGMAN70: posts big blind $3
*** HOLE CARDS ***
AA_ILI: folds
Uncalled bet ($2) returned to RUNNINGMAN70
RUNNINGMAN70 collected $2 from pot
RUNNINGMAN70: doesn't show hand
*** SUMMARY ***
Total pot $2 | Rake $0
Seat 2: AA_ILI (button) (small blind) folded before Flop
Seat 5: RUNNINGMAN70 (big blind) collected ($2)


PokerStars Hand #146465040490:  Hold'em Limit ($3/$6 USD) - 2016/01/04 14:34:46 ET
Table 'Badenia III' 6-max Seat #5 is the button
Seat 2: AA_ILI ($241 in chips)
Seat 5: RUNNINGMAN70 ($99.34 in chips)
RUNNINGMAN70: posts small blind $1
AA_ILI: posts big blind $3
*** HOLE CARDS ***
RUNNINGMAN70: folds
Uncalled bet ($2) returned to AA_ILI
AA_ILI collected $2 from pot
*** SUMMARY ***
Total pot $2 | Rake $0
Seat 2: AA_ILI (big blind) collected ($2)
Seat 5: RUNNINGMAN70 (button) (small blind) folded before Flop


PokerStars Hand #146465033180:  Hold'em Limit ($3/$6 USD) - 2016/01/04 14:34:39 ET
Table 'Badenia III' 6-max Seat #2 is the button
Seat 2: AA_ILI ($238 in chips)
Seat 5: RUNNINGMAN70 ($102.34 in chips)
AA_ILI: posts small blind $1
RUNNINGMAN70: posts big blind $3
*** HOLE CARDS ***
AA_ILI: raises $3 to $6
RUNNINGMAN70: folds
Uncalled bet ($3) returned to AA_ILI
AA_ILI collected $6 from pot
*** SUMMARY ***
Total pot $6 | Rake $0
Seat 2: AA_ILI (button) (small blind) collected ($6)
Seat 5: RUNNINGMAN70 (big blind) folded before Flop


PokerStars Hand #146465045183:  Hold'em Limit ($3/$6 USD) - 2016/01/04 14:34:51 ET
Table 'Badenia III' 6-max Seat #2 is the button
Seat 2: AA_ILI ($242 in chips)
Seat 5: RUNNINGMAN70 ($98.34 in chips)
AA_ILI: posts small blind $1
RUNNINGMAN70: posts big blind $3
*** HOLE CARDS ***
AA_ILI: folds
Uncalled bet ($2) returned to RUNNINGMAN70
RUNNINGMAN70 collected $2 from pot
RUNNINGMAN70: doesn't show hand
*** SUMMARY ***
Total pot $2 | Rake $0
Seat 2: AA_ILI (button) (small blind) folded before Flop
Seat 5: RUNNINGMAN70 (big blind) collected ($2)


PokerStars Hand #146465050455:  Hold'em Limit ($3/$6 USD) - 2016/01/04 14:34:55 ET
Table 'Badenia III' 6-max Seat #5 is the button
Seat 2: AA_ILI ($241 in chips)
Seat 5: RUNNINGMAN70 ($99.34 in chips)
RUNNINGMAN70: posts small blind $1
AA_ILI: posts big blind $3
*** HOLE CARDS ***
RUNNINGMAN70: raises $3 to $6
PelonCabelao leaves the table
AA_ILI: calls $3
*** FLOP *** [Qd 8h 5d]
AA_ILI: checks
RUNNINGMAN70: bets $3
AA_ILI: calls $3
*** TURN *** [Qd 8h 5d] [Kh]
AA_ILI: checks
RUNNINGMAN70: bets $6
AA_ILI: raises $6 to $12
RUNNINGMAN70: calls $6
*** RIVER *** [Qd 8h 5d Kh] [9c]
AA_ILI: bets $6
RUNNINGMAN70: calls $6
*** SHOW DOWN ***
AA_ILI: shows [Kd 5c] (two pair, Kings and Fives)
RUNNINGMAN70: mucks hand
AA_ILI collected $53.50 from pot
*** SUMMARY ***
Total pot $54 | Rake $0.50
Board [Qd 8h 5d Kh 9c]
Seat 2: AA_ILI (big blind) showed [Kd 5c] and won ($53.50) with two pair, Kings and Fives
Seat 5: RUNNINGMAN70 (button) (small blind) mucked


PokerStars Hand #146465083648:  Hold'em Limit ($3/$6 USD) - 2016/01/04 14:35:27 ET
Table 'Badenia III' 6-max Seat #2 is the button
Seat 2: AA_ILI ($267.50 in chips)
Seat 5: RUNNINGMAN70 ($72.34 in chips)
AA_ILI: posts small blind $1
RUNNINGMAN70: posts big blind $3
*** HOLE CARDS ***
AA_ILI: raises $3 to $6
RUNNINGMAN70: calls $3
*** FLOP *** [Tc Ac 8h]
RUNNINGMAN70: checks
AA_ILI: bets $3
RUNNINGMAN70: raises $3 to $6
AA_ILI: raises $3 to $9
RUNNINGMAN70: calls $3
*** TURN *** [Tc Ac 8h] [8s]
RUNNINGMAN70: checks
AA_ILI: checks
*** RIVER *** [Tc Ac 8h 8s] [Jd]
RUNNINGMAN70: checks
AA_ILI: bets $6
RUNNINGMAN70: calls $6
*** SHOW DOWN ***
AA_ILI: shows [6c 3c] (a pair of Eights)
RUNNINGMAN70: shows [Td Qs] (two pair, Tens and Eights)
RUNNINGMAN70 collected $41.50 from pot
*** SUMMARY ***
Total pot $42 | Rake $0.50
Board [Tc Ac 8h 8s Jd]
Seat 2: AA_ILI (button) (small blind) showed [6c 3c] and lost with a pair of Eights
Seat 5: RUNNINGMAN70 (big blind) showed [Td Qs] and won ($41.50) with two pair, Tens and Eights


