PokerStars Hand #152358934475:  Hold'em Limit ($3/$6 USD) - 2016/04/24 0:30:55 ET
Table 'Badenia' 10-max Seat #5 is the button
Seat 1: LifeisagameX ($68.64 in chips)
Seat 5: 7 Huligan 7 ($21 in chips)
7 Huligan 7: posts small blind $1
LifeisagameX: posts big blind $3
*** HOLE CARDS ***
7 Huligan 7: raises $3 to $6
LifeisagameX: raises $3 to $9
7 Huligan 7: calls $3
*** FLOP *** [5d 2d Ah]
LifeisagameX: bets $3
7 Huligan 7: folds
Uncalled bet ($3) returned to LifeisagameX
LifeisagameX collected $17.64 from pot
LifeisagameX: doesn't show hand
*** SUMMARY ***
Total pot $18 | Rake $0.36
Board [5d 2d Ah]
Seat 1: LifeisagameX (big blind) collected ($17.64)
Seat 5: 7 Huligan 7 (button) (small blind) folded on the Flop


PokerStars Hand #152358932860:  Hold'em Limit ($3/$6 USD) - 2016/04/24 0:30:49 ET
Table 'Badenia' 10-max Seat #1 is the button
Seat 1: LifeisagameX ($69.64 in chips)
Seat 5: 7 Huligan 7 ($20 in chips)
LifeisagameX: posts small blind $1
7 Huligan 7: posts big blind $3
*** HOLE CARDS ***
LifeisagameX: folds
Uncalled bet ($2) returned to 7 Huligan 7
7 Huligan 7 collected $2 from pot
7 Huligan 7: doesn't show hand
*** SUMMARY ***
Total pot $2 | Rake $0
Seat 1: LifeisagameX (button) (small blind) folded before Flop
Seat 5: 7 Huligan 7 (big blind) collected ($2)


PokerStars Hand #152358927789:  Hold'em Limit ($3/$6 USD) - 2016/04/24 0:30:31 ET
Table 'Badenia' 10-max Seat #5 is the button
Seat 1: LifeisagameX ($68.64 in chips)
Seat 5: 7 Huligan 7 ($21 in chips)
7 Huligan 7: posts small blind $1
LifeisagameX: posts big blind $3
*** HOLE CARDS ***
7 Huligan 7: folds
Uncalled bet ($2) returned to LifeisagameX
LifeisagameX collected $2 from pot
LifeisagameX: doesn't show hand
*** SUMMARY ***
Total pot $2 | Rake $0
Seat 1: LifeisagameX (big blind) collected ($2)
Seat 5: 7 Huligan 7 (button) (small blind) folded before Flop


PokerStars Hand #152358919151:  Hold'em Limit ($3/$6 USD) - 2016/04/24 0:29:59 ET
Table 'Badenia' 10-max Seat #1 is the button
Seat 1: LifeisagameX ($60 in chips)
Seat 5: 7 Huligan 7 ($30 in chips)
LifeisagameX: posts small blind $1
7 Huligan 7: posts big blind $3
*** HOLE CARDS ***
LifeisagameX: raises $3 to $6
7 Huligan 7: calls $3
*** FLOP *** [2d 6h 6d]
7 Huligan 7: checks
LifeisagameX: bets $3
7 Huligan 7: calls $3
*** TURN *** [2d 6h 6d] [Ks]
7 Huligan 7: checks
LifeisagameX: bets $6
7 Huligan 7: folds
Uncalled bet ($6) returned to LifeisagameX
LifeisagameX collected $17.64 from pot
LifeisagameX: doesn't show hand
*** SUMMARY ***
Total pot $18 | Rake $0.36
Board [2d 6h 6d Ks]
Seat 1: LifeisagameX (button) (small blind) collected ($17.64)
Seat 5: 7 Huligan 7 (big blind) folded on the Turn


PokerStars Hand #152358941270:  Hold'em Limit ($3/$6 USD) - 2016/04/24 0:31:20 ET
Table 'Badenia' 10-max Seat #1 is the button
Seat 1: LifeisagameX ($77.28 in chips)
Seat 5: 7 Huligan 7 ($12 in chips)
LifeisagameX: posts small blind $1
7 Huligan 7: posts big blind $3
*** HOLE CARDS ***
LifeisagameX: raises $3 to $6
7 Huligan 7: calls $3
*** FLOP *** [5s 7h 8h]
7 Huligan 7: bets $3
LifeisagameX: calls $3
*** TURN *** [5s 7h 8h] [6c]
7 Huligan 7: bets $3 and is all-in
LifeisagameX: calls $3
*** RIVER *** [5s 7h 8h 6c] [2d]
*** SHOW DOWN ***
7 Huligan 7: shows [2h 3c] (a pair of Deuces)
LifeisagameX: mucks hand
7 Huligan 7 collected $23.52 from pot
*** SUMMARY ***
Total pot $24 | Rake $0.48
Board [5s 7h 8h 6c 2d]
Seat 1: LifeisagameX (button) (small blind) mucked
Seat 5: 7 Huligan 7 (big blind) showed [2h 3c] and won ($23.52) with a pair of Deuces


PokerStars Hand #152358979192:  Hold'em Limit ($3/$6 USD) - 2016/04/24 0:33:43 ET
Table 'Badenia' 10-max Seat #1 is the button
Seat 1: LifeisagameX ($64.79 in chips)
Seat 5: 7 Huligan 7 ($23.03 in chips)
LifeisagameX: posts small blind $1
7 Huligan 7: posts big blind $3
*** HOLE CARDS ***
LifeisagameX: raises $3 to $6
7 Huligan 7: raises $3 to $9
LifeisagameX: calls $3
*** FLOP *** [3h 7h Ah]
7 Huligan 7: bets $3
LifeisagameX: calls $3
*** TURN *** [3h 7h Ah] [5c]
7 Huligan 7: bets $6
LifeisagameX: calls $6
*** RIVER *** [3h 7h Ah 5c] [5h]
7 Huligan 7: bets $5.03 and is all-in
LifeisagameX: calls $5.03
*** SHOW DOWN ***
7 Huligan 7: shows [Kc Jc] (a pair of Fives)
LifeisagameX: shows [7d 6s] (two pair, Sevens and Fives)
LifeisagameX collected $45.56 from pot
*** SUMMARY ***
Total pot $46.06 | Rake $0.50
Board [3h 7h Ah 5c 5h]
Seat 1: LifeisagameX (button) (small blind) showed [7d 6s] and won ($45.56) with two pair, Sevens and Fives
Seat 5: 7 Huligan 7 (big blind) showed [Kc Jc] and lost with a pair of Fives


PokerStars Hand #152358964539:  Hold'em Limit ($3/$6 USD) - 2016/04/24 0:32:47 ET
Table 'Badenia' 10-max Seat #5 is the button
Seat 1: LifeisagameX ($65.04 in chips)
Seat 5: 7 Huligan 7 ($23.28 in chips)
7 Huligan 7: posts small blind $1
LifeisagameX: posts big blind $3
*** HOLE CARDS ***
7 Huligan 7: raises $3 to $6
LifeisagameX: calls $3
*** FLOP *** [Jc 6c 6h]
LifeisagameX: checks
7 Huligan 7: checks
*** TURN *** [Jc 6c 6h] [4h]
LifeisagameX: checks
7 Huligan 7: bets $6
LifeisagameX: calls $6
*** RIVER *** [Jc 6c 6h 4h] [Ks]
LifeisagameX: checks
7 Huligan 7: bets $6
LifeisagameX: calls $6
*** SHOW DOWN ***
7 Huligan 7: shows [Td Ac] (a pair of Sixes)
LifeisagameX: shows [3s Ah] (a pair of Sixes)
LifeisagameX collected $17.75 from pot
7 Huligan 7 collected $17.75 from pot
*** SUMMARY ***
Total pot $36 | Rake $0.50
Board [Jc 6c 6h 4h Ks]
Seat 1: LifeisagameX (big blind) showed [3s Ah] and won ($17.75) with a pair of Sixes
Seat 5: 7 Huligan 7 (button) (small blind) showed [Td Ac] and won ($17.75) with a pair of Sixes


PokerStars Hand #152358948634:  Hold'em Limit ($3/$6 USD) - 2016/04/24 0:31:48 ET
Table 'Badenia' 10-max Seat #5 is the button
Seat 1: LifeisagameX ($65.28 in chips)
Seat 5: 7 Huligan 7 ($23.52 in chips)
7 Huligan 7: posts small blind $1
LifeisagameX: posts big blind $3
*** HOLE CARDS ***
7 Huligan 7: raises $3 to $6
LifeisagameX: calls $3
*** FLOP *** [6s Th Ks]
LifeisagameX: checks
7 Huligan 7: bets $3
LifeisagameX: folds
Uncalled bet ($3) returned to 7 Huligan 7
7 Huligan 7 collected $11.76 from pot
7 Huligan 7: doesn't show hand
*** SUMMARY ***
Total pot $12 | Rake $0.24
Board [6s Th Ks]
Seat 1: LifeisagameX (big blind) folded on the Flop
Seat 5: 7 Huligan 7 (button) (small blind) collected ($11.76)


PokerStars Hand #152358958113:  Hold'em Limit ($3/$6 USD) - 2016/04/24 0:32:23 ET
Table 'Badenia' 10-max Seat #1 is the button
Seat 1: LifeisagameX ($59.28 in chips)
Seat 5: 7 Huligan 7 ($29.28 in chips)
LifeisagameX: posts small blind $1
7 Huligan 7: posts big blind $3
*** HOLE CARDS ***
LifeisagameX: raises $3 to $6
7 Huligan 7: calls $3
*** FLOP *** [3s Tc 3d]
7 Huligan 7: checks
LifeisagameX: bets $3
7 Huligan 7: folds
Uncalled bet ($3) returned to LifeisagameX
LifeisagameX collected $11.76 from pot
LifeisagameX: doesn't show hand
*** SUMMARY ***
Total pot $12 | Rake $0.24
Board [3s Tc 3d]
Seat 1: LifeisagameX (button) (small blind) collected ($11.76)
Seat 5: 7 Huligan 7 (big blind) folded on the Flop


