PokerStars Hand #166718456225:  Hold'em Limit ($3/$6 USD) - 2017/02/24 16:51:43 ET
Table 'Badenia II' 6-max Seat #4 is the button
Seat 1: Chessnok ($133.50 in chips)
Seat 4: ribban4747 ($15.76 in chips)
ribban4747: posts small blind $1
Chessnok: posts big blind $3
*** HOLE CARDS ***
ribban4747: raises $3 to $6
Chessnok: calls $3
*** FLOP *** [Ks Th Ts]
Chessnok: checks
ribban4747: bets $3
Chessnok: folds
Uncalled bet ($3) returned to ribban4747
ribban4747 collected $11.76 from pot
*** SUMMARY ***
Total pot $12 | Rake $0.24
Board [Ks Th Ts]
Seat 1: Chessnok (big blind) folded on the Flop
Seat 4: ribban4747 (button) (small blind) collected ($11.76)


PokerStars Hand #166718441985:  Hold'em Limit ($3/$6 USD) - 2017/02/24 16:51:27 ET
Table 'Badenia II' 6-max Seat #1 is the button
Seat 1: Chessnok ($139.50 in chips)
Seat 4: ribban4747 ($10 in chips)
Chessnok: posts small blind $1
ribban4747: posts big blind $3
*** HOLE CARDS ***
Chessnok: raises $3 to $6
ribban4747: calls $3
*** FLOP *** [Ad 3s 6h]
ribban4747: bets $3
Chessnok: folds
Uncalled bet ($3) returned to ribban4747
ribban4747 collected $11.76 from pot
*** SUMMARY ***
Total pot $12 | Rake $0.24
Board [Ad 3s 6h]
Seat 1: Chessnok (button) (small blind) folded on the Flop
Seat 4: ribban4747 (big blind) collected ($11.76)


PokerStars Hand #166718416515:  Hold'em Limit ($3/$6 USD) - 2017/02/24 16:50:58 ET
Table 'Badenia II' 6-max Seat #4 is the button
Seat 1: Chessnok ($119 in chips)
Seat 4: ribban4747 ($31 in chips)
ribban4747: posts small blind $1
Chessnok: posts big blind $3
*** HOLE CARDS ***
ribban4747: raises $3 to $6
Chessnok: calls $3
*** FLOP *** [4c 3h 2c]
Chessnok: checks
ribban4747: bets $3
Chessnok: calls $3
*** TURN *** [4c 3h 2c] [6s]
Chessnok: checks
ribban4747: bets $6
Chessnok: calls $6
*** RIVER *** [4c 3h 2c 6s] [3d]
Chessnok: checks
ribban4747: bets $6
Chessnok: calls $6
*** SHOW DOWN ***
ribban4747: shows [9h Jc] (a pair of Threes)
Chessnok: shows [4s Tc] (two pair, Fours and Threes)
Chessnok collected $41.50 from pot
*** SUMMARY ***
Total pot $42 | Rake $0.50
Board [4c 3h 2c 6s 3d]
Seat 1: Chessnok (big blind) showed [4s Tc] and won ($41.50) with two pair, Fours and Threes
Seat 4: ribban4747 (button) (small blind) showed [9h Jc] and lost with a pair of Threes


PokerStars Hand #166718522270:  Hold'em Limit ($3/$6 USD) - 2017/02/24 16:52:58 ET
Table 'Badenia II' 6-max Seat #4 is the button
Seat 1: Chessnok ($141.24 in chips)
Seat 4: ribban4747 ($6.78 in chips)
ribban4747: posts small blind $1
Chessnok: posts big blind $3
*** HOLE CARDS ***
ribban4747: folds
Uncalled bet ($2) returned to Chessnok
Chessnok collected $2 from pot
Chessnok: doesn't show hand
*** SUMMARY ***
Total pot $2 | Rake $0
Seat 1: Chessnok (big blind) collected ($2)
Seat 4: ribban4747 (button) (small blind) folded before Flop


PokerStars Hand #166718511541:  Hold'em Limit ($3/$6 USD) - 2017/02/24 16:52:46 ET
Table 'Badenia II' 6-max Seat #1 is the button
Seat 1: Chessnok ($135.48 in chips)
Seat 4: ribban4747 ($12.78 in chips)
Chessnok: posts small blind $1
ribban4747: posts big blind $3
*** HOLE CARDS ***
Chessnok: raises $3 to $6
ribban4747: calls $3
*** FLOP *** [2s 9s 7s]
ribban4747: checks
Chessnok: bets $3
ribban4747: folds
Uncalled bet ($3) returned to Chessnok
Chessnok collected $11.76 from pot
Chessnok: doesn't show hand
*** SUMMARY ***
Total pot $12 | Rake $0.24
Board [2s 9s 7s]
Seat 1: Chessnok (button) (small blind) collected ($11.76)
Seat 4: ribban4747 (big blind) folded on the Flop


PokerStars Hand #166718490964:  Hold'em Limit ($3/$6 USD) - 2017/02/24 16:52:22 ET
Table 'Badenia II' 6-max Seat #4 is the button
Seat 1: Chessnok ($142 in chips)
Seat 4: ribban4747 ($6.52 in chips)
ribban4747: posts small blind $1
Chessnok: posts big blind $3
*** HOLE CARDS ***
ribban4747: raises $3 to $6
Chessnok: calls $3
*** FLOP *** [2h 5s Th]
Chessnok: checks
ribban4747: bets $0.52 and is all-in
Chessnok: calls $0.52
*** TURN *** [2h 5s Th] [Tc]
*** RIVER *** [2h 5s Th Tc] [Jh]
*** SHOW DOWN ***
Chessnok: shows [2d As] (two pair, Tens and Deuces)
ribban4747: shows [4h Kh] (a flush, King high)
ribban4747 collected $12.78 from pot
*** SUMMARY ***
Total pot $13.04 | Rake $0.26
Board [2h 5s Th Tc Jh]
Seat 1: Chessnok (big blind) showed [2d As] and lost with two pair, Tens and Deuces
Seat 4: ribban4747 (button) (small blind) showed [4h Kh] and won ($12.78) with a flush, King high


PokerStars Hand #166718467138:  Hold'em Limit ($3/$6 USD) - 2017/02/24 16:51:55 ET
Table 'Badenia II' 6-max Seat #1 is the button
Seat 1: Chessnok ($127.50 in chips)
Seat 4: ribban4747 ($21.52 in chips)
Chessnok: posts small blind $1
ribban4747: posts big blind $3
*** HOLE CARDS ***
Chessnok: raises $3 to $6
ribban4747: calls $3
*** FLOP *** [Jc 2s Jd]
ribban4747: checks
Chessnok: bets $3
ribban4747: calls $3
*** TURN *** [Jc 2s Jd] [8d]
ribban4747: checks
Chessnok: bets $6
ribban4747: calls $6
*** RIVER *** [Jc 2s Jd 8d] [4s]
ribban4747: checks
Chessnok: bets $6
ribban4747: folds
Uncalled bet ($6) returned to Chessnok
Chessnok collected $29.50 from pot
Chessnok: doesn't show hand
*** SUMMARY ***
Total pot $30 | Rake $0.50
Board [Jc 2s Jd 8d 4s]
Seat 1: Chessnok (button) (small blind) collected ($29.50)
Seat 4: ribban4747 (big blind) folded on the River


PokerStars Hand #166718559151:  Hold'em Limit ($3/$6 USD) - 2017/02/24 16:53:41 ET
Table 'Badenia II' 6-max Seat #1 is the button
Seat 1: Chessnok ($148.79 in chips)
Seat 4: ribban4747 ($29 in chips)
Chessnok: posts small blind $1
ribban4747: posts big blind $3
*** HOLE CARDS ***
Chessnok: raises $3 to $6
ribban4747: calls $3
*** FLOP *** [5h Ks Kh]
ribban4747: bets $3
Chessnok: calls $3
*** TURN *** [5h Ks Kh] [5c]
ribban4747: bets $6
Chessnok: raises $6 to $12
ribban4747: calls $6
*** RIVER *** [5h Ks Kh 5c] [2h]
ribban4747: bets $6
Chessnok: calls $6
*** SHOW DOWN ***
ribban4747: shows [8s Ac] (two pair, Kings and Fives)
Chessnok: shows [Jd Jc] (two pair, Kings and Jacks)
Chessnok collected $53.50 from pot
*** SUMMARY ***
Total pot $54 | Rake $0.50
Board [5h Ks Kh 5c 2h]
Seat 1: Chessnok (button) (small blind) showed [Jd Jc] and won ($53.50) with two pair, Kings and Jacks
Seat 4: ribban4747 (big blind) showed [8s Ac] and lost with two pair, Kings and Fives


PokerStars Hand #166718553967:  Hold'em Limit ($3/$6 USD) - 2017/02/24 16:53:35 ET
Table 'Badenia II' 6-max Seat #4 is the button
Seat 1: Chessnok ($147.79 in chips)
Seat 4: ribban4747 ($30 in chips)
ribban4747: posts small blind $1
Chessnok: posts big blind $3
*** HOLE CARDS ***
ribban4747: folds
Uncalled bet ($2) returned to Chessnok
Chessnok collected $2 from pot
Chessnok: doesn't show hand
*** SUMMARY ***
Total pot $2 | Rake $0
Seat 1: Chessnok (big blind) collected ($2)
Seat 4: ribban4747 (button) (small blind) folded before Flop


PokerStars Hand #166718526787:  Hold'em Limit ($3/$6 USD) - 2017/02/24 16:53:04 ET
Table 'Badenia II' 6-max Seat #1 is the button
Seat 1: Chessnok ($142.24 in chips)
Seat 4: ribban4747 ($5.78 in chips)
Chessnok: posts small blind $1
ribban4747: posts big blind $3
*** HOLE CARDS ***
Chessnok: raises $3 to $6
ribban4747: calls $2.78 and is all-in
Uncalled bet ($0.22) returned to Chessnok
*** FLOP *** [2s 8s 5d]
*** TURN *** [2s 8s 5d] [Qd]
*** RIVER *** [2s 8s 5d Qd] [Jc]
*** SHOW DOWN ***
ribban4747: shows [4d 7s] (high card Queen)
Chessnok: shows [7c Ah] (high card Ace)
Chessnok collected $11.33 from pot
*** SUMMARY ***
Total pot $11.56 | Rake $0.23
Board [2s 8s 5d Qd Jc]
Seat 1: Chessnok (button) (small blind) showed [7c Ah] and won ($11.33) with high card Ace
Seat 4: ribban4747 (big blind) showed [4d 7s] and lost with high card Queen


PokerStars Hand #166718618954:  Hold'em Limit ($3/$6 USD) - 2017/02/24 16:54:50 ET
Table 'Badenia II' 6-max Seat #4 is the button
Seat 1: Chessnok ($189.69 in chips)
Seat 4: ribban4747 ($15 in chips)
ribban4747: posts small blind $1
Chessnok: posts big blind $3
*** HOLE CARDS ***
ribban4747: raises $3 to $6
Chessnok: calls $3
*** FLOP *** [2d Ah 5c]
Chessnok: checks
ribban4747: bets $3
Chessnok: calls $3
*** TURN *** [2d Ah 5c] [8s]
Chessnok: checks
ribban4747: bets $6 and is all-in
Chessnok: folds
Uncalled bet ($6) returned to ribban4747
ribban4747 collected $17.64 from pot
*** SUMMARY ***
Total pot $18 | Rake $0.36
Board [2d Ah 5c 8s]
Seat 1: Chessnok (big blind) folded on the Turn
Seat 4: ribban4747 (button) (small blind) collected ($17.64)


PokerStars Hand #166718601518:  Hold'em Limit ($3/$6 USD) - 2017/02/24 16:54:30 ET
Table 'Badenia II' 6-max Seat #1 is the button
Seat 1: Chessnok ($181.05 in chips)
Seat 4: ribban4747 ($24 in chips)
Chessnok: posts small blind $1
ribban4747: posts big blind $3
*** HOLE CARDS ***
Chessnok: raises $3 to $6
ribban4747: calls $3
*** FLOP *** [8c Ah 6h]
ribban4747: checks
Chessnok: bets $3
ribban4747: calls $3
*** TURN *** [8c Ah 6h] [Qs]
ribban4747: checks
Chessnok: bets $6
ribban4747: folds
Uncalled bet ($6) returned to Chessnok
Chessnok collected $17.64 from pot
Chessnok: doesn't show hand
*** SUMMARY ***
Total pot $18 | Rake $0.36
Board [8c Ah 6h Qs]
Seat 1: Chessnok (button) (small blind) collected ($17.64)
Seat 4: ribban4747 (big blind) folded on the Turn


PokerStars Hand #166718592147:  Hold'em Limit ($3/$6 USD) - 2017/02/24 16:54:19 ET
Table 'Badenia II' 6-max Seat #4 is the button
Seat 1: Chessnok ($175.29 in chips)
Seat 4: ribban4747 ($30 in chips)
ribban4747: posts small blind $1
Chessnok: posts big blind $3
*** HOLE CARDS ***
ribban4747: calls $2
Chessnok: raises $3 to $6
ribban4747: calls $3
*** FLOP *** [6d 3d As]
Chessnok: bets $3
ribban4747: folds
Uncalled bet ($3) returned to Chessnok
Chessnok collected $11.76 from pot
Chessnok: doesn't show hand
*** SUMMARY ***
Total pot $12 | Rake $0.24
Board [6d 3d As]
Seat 1: Chessnok (big blind) collected ($11.76)
Seat 4: ribban4747 (button) (small blind) folded on the Flop


PokerStars Hand #166718660344:  Hold'em Limit ($3/$6 USD) - 2017/02/24 16:55:42 ET
Table 'Badenia II' 6-max Seat #1 is the button
Seat 1: Chessnok ($159.44 in chips)
Seat 4: ribban4747 ($43.89 in chips)
Chessnok: posts small blind $1
ribban4747: posts big blind $3
*** HOLE CARDS ***
Chessnok: raises $3 to $6
ribban4747: calls $3
*** FLOP *** [Th 3c Qc]
ribban4747: checks
Chessnok: bets $3
ribban4747: calls $3
*** TURN *** [Th 3c Qc] [7c]
ribban4747: checks
Chessnok: bets $6
ribban4747: calls $6
*** RIVER *** [Th 3c Qc 7c] [Kc]
ribban4747: bets $6
Chessnok: calls $6
*** SHOW DOWN ***
ribban4747: shows [Js 8c] (a flush, King high)
Chessnok: mucks hand
ribban4747 collected $41.50 from pot
*** SUMMARY ***
Total pot $42 | Rake $0.50
Board [Th 3c Qc 7c Kc]
Seat 1: Chessnok (button) (small blind) mucked
Seat 4: ribban4747 (big blind) showed [Js 8c] and won ($41.50) with a flush, King high


PokerStars Hand #166718648052:  Hold'em Limit ($3/$6 USD) - 2017/02/24 16:55:25 ET
Table 'Badenia II' 6-max Seat #4 is the button
Seat 1: Chessnok ($180.44 in chips)
Seat 4: ribban4747 ($23.39 in chips)
ribban4747: posts small blind $1
Chessnok: posts big blind $3
*** HOLE CARDS ***
ribban4747: calls $2
Chessnok: raises $3 to $6
ribban4747: calls $3
*** FLOP *** [5c Jh Qs]
Chessnok: bets $3
ribban4747: calls $3
*** TURN *** [5c Jh Qs] [6c]
Chessnok: bets $6
ribban4747: calls $6
*** RIVER *** [5c Jh Qs 6c] [2c]
Chessnok: checks
ribban4747: bets $6
Chessnok: calls $6
*** SHOW DOWN ***
ribban4747: shows [5s 2d] (two pair, Fives and Deuces)
Chessnok: mucks hand
ribban4747 collected $41.50 from pot
*** SUMMARY ***
Total pot $42 | Rake $0.50
Board [5c Jh Qs 6c 2c]
Seat 1: Chessnok (big blind) mucked
Seat 4: ribban4747 (button) (small blind) showed [5s 2d] and won ($41.50) with two pair, Fives and Deuces


PokerStars Hand #166718632961:  Hold'em Limit ($3/$6 USD) - 2017/02/24 16:55:06 ET
Table 'Badenia II' 6-max Seat #1 is the button
Seat 1: Chessnok ($180.69 in chips)
Seat 4: ribban4747 ($23.64 in chips)
Chessnok: posts small blind $1
ribban4747: posts big blind $3
*** HOLE CARDS ***
Chessnok: raises $3 to $6
ribban4747: calls $3
*** FLOP *** [6s 5h 7h]
ribban4747: bets $3
Chessnok: calls $3
*** TURN *** [6s 5h 7h] [3h]
ribban4747: bets $6
Chessnok: calls $6
*** RIVER *** [6s 5h 7h 3h] [9d]
ribban4747: bets $6
Chessnok: raises $6 to $12
ribban4747: calls $2.64 and is all-in
Uncalled bet ($3.36) returned to Chessnok
*** SHOW DOWN ***
Chessnok: shows [8s 5s] (a straight, Five to Nine)
ribban4747: shows [6h 8c] (a straight, Five to Nine)
ribban4747 collected $23.39 from pot
Chessnok collected $23.39 from pot
*** SUMMARY ***
Total pot $47.28 | Rake $0.50
Board [6s 5h 7h 3h 9d]
Seat 1: Chessnok (button) (small blind) showed [8s 5s] and won ($23.39) with a straight, Five to Nine
Seat 4: ribban4747 (big blind) showed [6h 8c] and won ($23.39) with a straight, Five to Nine


PokerStars Hand #166718698419:  Hold'em Limit ($3/$6 USD) - 2017/02/24 16:56:35 ET
Table 'Badenia II' 6-max Seat #4 is the button
Seat 1: Chessnok ($84.44 in chips)
Seat 4: ribban4747 ($117.39 in chips)
ribban4747: posts small blind $1
Chessnok: posts big blind $3
*** HOLE CARDS ***
ribban4747: calls $2
Chessnok: raises $3 to $6
ribban4747: calls $3
*** FLOP *** [6s 9s Jc]
Chessnok: bets $3
ribban4747: raises $3 to $6
Chessnok: calls $3
*** TURN *** [6s 9s Jc] [Js]
Chessnok: checks
ribban4747: bets $6
Chessnok: calls $6
*** RIVER *** [6s 9s Jc Js] [3d]
Chessnok: checks
ribban4747: bets $6
Chessnok: calls $6
*** SHOW DOWN ***
ribban4747: shows [Td Jd] (three of a kind, Jacks)
Chessnok: mucks hand
ribban4747 collected $47.50 from pot
*** SUMMARY ***
Total pot $48 | Rake $0.50
Board [6s 9s Jc Js 3d]
Seat 1: Chessnok (big blind) mucked
Seat 4: ribban4747 (button) (small blind) showed [Td Jd] and won ($47.50) with three of a kind, Jacks


PokerStars Hand #166718685769:  Hold'em Limit ($3/$6 USD) - 2017/02/24 16:56:17 ET
Table 'Badenia II' 6-max Seat #1 is the button
Seat 1: Chessnok ($117.44 in chips)
Seat 4: ribban4747 ($84.89 in chips)
Chessnok: posts small blind $1
ribban4747: posts big blind $3
*** HOLE CARDS ***
Chessnok: raises $3 to $6
ribban4747: calls $3
*** FLOP *** [2s 4h 7s]
ribban4747: bets $3
Chessnok: calls $3
*** TURN *** [2s 4h 7s] [Jc]
ribban4747: bets $6
Chessnok: raises $6 to $12
ribban4747: raises $6 to $18
Chessnok: calls $6
*** RIVER *** [2s 4h 7s Jc] [Ac]
ribban4747: bets $6
Chessnok: calls $6
*** SHOW DOWN ***
ribban4747: shows [Js 7h] (two pair, Jacks and Sevens)
Chessnok: mucks hand
ribban4747 collected $65.50 from pot
*** SUMMARY ***
Total pot $66 | Rake $0.50
Board [2s 4h 7s Jc Ac]
Seat 1: Chessnok (button) (small blind) mucked
Seat 4: ribban4747 (big blind) showed [Js 7h] and won ($65.50) with two pair, Jacks and Sevens


PokerStars Hand #166718673930:  Hold'em Limit ($3/$6 USD) - 2017/02/24 16:56:01 ET
Table 'Badenia II' 6-max Seat #4 is the button
Seat 1: Chessnok ($138.44 in chips)
Seat 4: ribban4747 ($64.39 in chips)
ribban4747: posts small blind $1
Chessnok: posts big blind $3
*** HOLE CARDS ***
ribban4747: calls $2
Chessnok: raises $3 to $6
ribban4747: calls $3
*** FLOP *** [8h 9s 5d]
Chessnok: bets $3
ribban4747: calls $3
*** TURN *** [8h 9s 5d] [Qs]
Chessnok: bets $6
ribban4747: raises $6 to $12
Chessnok: calls $6
*** RIVER *** [8h 9s 5d Qs] [As]
Chessnok: checks
ribban4747: bets $6
Chessnok: folds
Uncalled bet ($6) returned to ribban4747
ribban4747 collected $41.50 from pot
*** SUMMARY ***
Total pot $42 | Rake $0.50
Board [8h 9s 5d Qs As]
Seat 1: Chessnok (big blind) folded on the River
Seat 4: ribban4747 (button) (small blind) collected ($41.50)


PokerStars Hand #166718713033:  Hold'em Limit ($3/$6 USD) - 2017/02/24 16:56:55 ET
Table 'Badenia II' 6-max Seat #1 is the button
Seat 1: Chessnok ($60.44 in chips)
Seat 4: ribban4747 ($140.89 in chips)
Chessnok: posts small blind $1
ribban4747: posts big blind $3
*** HOLE CARDS ***
Chessnok: raises $3 to $6
ribban4747: calls $3
*** FLOP *** [2h 7d Jh]
ribban4747: bets $3
Chessnok: calls $3
*** TURN *** [2h 7d Jh] [4c]
ABATAPP joins the table at seat #5
ribban4747: bets $6
Chessnok: calls $6
*** RIVER *** [2h 7d Jh 4c] [Qh]
ribban4747: bets $6
Chessnok: folds
Uncalled bet ($6) returned to ribban4747
ribban4747 collected $29.50 from pot
*** SUMMARY ***
Total pot $30 | Rake $0.50
Board [2h 7d Jh 4c Qh]
Seat 1: Chessnok (button) (small blind) folded on the River
Seat 4: ribban4747 (big blind) collected ($29.50)


PokerStars Hand #166722603809:  Hold'em Limit ($3/$6 USD) - 2017/02/24 18:15:57 ET
Table 'Badenia II' 6-max Seat #3 is the button
Seat 2: Psgunnnnnnnn ($105.59 in chips)
Seat 3: Great_Kang ($120 in chips)
Great_Kang: posts small blind $1
ABATAPP: is sitting out
Psgunnnnnnnn: posts big blind $3
*** HOLE CARDS ***
ABATAPP leaves the table
Great_Kang: raises $3 to $6
Psgunnnnnnnn: calls $3
*** FLOP *** [8d 8c 4c]
Psgunnnnnnnn: checks
Great_Kang: bets $3
Psgunnnnnnnn: calls $3
*** TURN *** [8d 8c 4c] [3c]
Psgunnnnnnnn: checks
Great_Kang: bets $6
Psgunnnnnnnn: raises $6 to $12
Great_Kang: folds
Uncalled bet ($6) returned to Psgunnnnnnnn
Psgunnnnnnnn collected $29.50 from pot
*** SUMMARY ***
Total pot $30 | Rake $0.50
Board [8d 8c 4c 3c]
Seat 2: Psgunnnnnnnn (big blind) collected ($29.50)
Seat 3: Great_Kang (button) (small blind) folded on the Turn


