PokerStars Hand #175346297451:  Hold'em Limit ($3/$6 USD) - 2017/09/07 18:25:09 ET
Table 'Badenia' 6-max Seat #1 is the button
Seat 1: pianopoker ($44.09 in chips)
Seat 4: Actionni13 ($166.74 in chips)
pianopoker: posts small blind $1
Actionni13: posts big blind $3
*** HOLE CARDS ***
pianopoker: folds
Uncalled bet ($2) returned to Actionni13
Actionni13 collected $2 from pot
Actionni13: doesn't show hand
*** SUMMARY ***
Total pot $2 | Rake $0
Seat 1: pianopoker (button) (small blind) folded before Flop
Seat 4: Actionni13 (big blind) collected ($2)


PokerStars Hand #175346291052:  Hold'em Limit ($3/$6 USD) - 2017/09/07 18:25:00 ET
Table 'Badenia' 6-max Seat #4 is the button
Seat 1: pianopoker ($47.09 in chips)
Seat 4: Actionni13 ($163.74 in chips)
Actionni13: posts small blind $1
pianopoker: posts big blind $3
*** HOLE CARDS ***
NewRocker joins the table at seat #6
Actionni13: raises $3 to $6
pianopoker: folds
Uncalled bet ($3) returned to Actionni13
Actionni13 collected $6 from pot
Actionni13: doesn't show hand
*** SUMMARY ***
Total pot $6 | Rake $0
Seat 1: pianopoker (big blind) folded before Flop
Seat 4: Actionni13 (button) (small blind) collected ($6)


PokerStars Hand #175348111873:  Hold'em Limit ($3/$6 USD) - 2017/09/07 19:13:32 ET
Table 'Badenia' 6-max Seat #5 is the button
Seat 1: pianopoker ($253.18 in chips)
Seat 5: ionellu ($261.16 in chips)
ionellu: posts small blind $1
pianopoker: posts big blind $3
*** HOLE CARDS ***
ionellu: folds
Uncalled bet ($2) returned to pianopoker
pianopoker collected $2 from pot
*** SUMMARY ***
Total pot $2 | Rake $0
Seat 1: pianopoker (big blind) collected ($2)
Seat 5: ionellu (button) (small blind) folded before Flop


PokerStars Hand #175348089848:  Hold'em Limit ($3/$6 USD) - 2017/09/07 19:12:54 ET
Table 'Badenia' 6-max Seat #5 is the button
Seat 1: pianopoker ($279.18 in chips)
Seat 5: ionellu ($235.66 in chips)
ionellu: posts small blind $1
B_loJkl: is sitting out
pianopoker: posts big blind $3
*** HOLE CARDS ***
ionellu: folds
Uncalled bet ($2) returned to pianopoker
B_loJkl leaves the table
pianopoker collected $2 from pot
*** SUMMARY ***
Total pot $2 | Rake $0
Seat 1: pianopoker (big blind) collected ($2)
Seat 5: ionellu (button) (small blind) folded before Flop


PokerStars Hand #175348093364:  Hold'em Limit ($3/$6 USD) - 2017/09/07 19:13:00 ET
Table 'Badenia' 6-max Seat #1 is the button
Seat 1: pianopoker ($280.18 in chips)
Seat 5: ionellu ($234.66 in chips)
pianopoker: posts small blind $1
ionellu: posts big blind $3
*** HOLE CARDS ***
pianopoker: raises $3 to $6
ionellu: calls $3
*** FLOP *** [Kd Jc 2h]
ionellu: checks
pianopoker: bets $3
ionellu: calls $3
*** TURN *** [Kd Jc 2h] [6c]
ionellu: checks
pianopoker: bets $6
ionellu: calls $6
*** RIVER *** [Kd Jc 2h 6c] [Kc]
ionellu: checks
pianopoker: bets $6
ionellu: raises $6 to $12
pianopoker: calls $6
*** SHOW DOWN ***
ionellu: shows [Ks 5h] (three of a kind, Kings)
pianopoker: mucks hand
ionellu collected $53.50 from pot
*** SUMMARY ***
Total pot $54 | Rake $0.50
Board [Kd Jc 2h 6c Kc]
Seat 1: pianopoker (button) (small blind) mucked
Seat 5: ionellu (big blind) showed [Ks 5h] and won ($53.50) with three of a kind, Kings


