PokerStars Hand #157850853538:  Hold'em Limit ($3/$6 USD) - 2016/08/28 12:31:07 ET
Table 'Baetsle' 6-max Seat #4 is the button
Seat 1: ruslik1005 ($21 in chips)
Seat 4: VolkovDmitri ($140.50 in chips)
VolkovDmitri: posts small blind $1
ruslik1005: posts big blind $3
*** HOLE CARDS ***
VolkovDmitri: folds
Uncalled bet ($2) returned to ruslik1005
ruslik1005 collected $2 from pot
ruslik1005: doesn't show hand
*** SUMMARY ***
Total pot $2 | Rake $0
Seat 1: ruslik1005 (big blind) collected ($2)
Seat 4: VolkovDmitri (button) (small blind) folded before Flop


PokerStars Hand #157850834010:  Hold'em Limit ($3/$6 USD) - 2016/08/28 12:30:41 ET
Table 'Baetsle' 6-max Seat #1 is the button
Seat 1: ruslik1005 ($42 in chips)
Seat 4: VolkovDmitri ($120 in chips)
ruslik1005: posts small blind $1
VolkovDmitri: posts big blind $3
*** HOLE CARDS ***
ruslik1005: calls $2
VolkovDmitri: raises $3 to $6
ruslik1005: calls $3
*** FLOP *** [2h Kd Jh]
VolkovDmitri: bets $3
ruslik1005: calls $3
*** TURN *** [2h Kd Jh] [Qs]
RockKillerTY joins the table at seat #2
VolkovDmitri: bets $6
ruslik1005: calls $6
*** RIVER *** [2h Kd Jh Qs] [Ad]
VolkovDmitri: checks
ruslik1005: bets $6
VolkovDmitri: calls $6
*** SHOW DOWN ***
ruslik1005: shows [Kh 6d] (a pair of Kings)
VolkovDmitri: shows [Qh Ks] (two pair, Kings and Queens)
VolkovDmitri collected $41.50 from pot
*** SUMMARY ***
Total pot $42 | Rake $0.50
Board [2h Kd Jh Qs Ad]
Seat 1: ruslik1005 (button) (small blind) showed [Kh 6d] and lost with a pair of Kings
Seat 4: VolkovDmitri (big blind) showed [Qh Ks] and won ($41.50) with two pair, Kings and Queens


PokerStars Hand #157850959378:  Hold'em Limit ($3/$6 USD) - 2016/08/28 12:33:31 ET
Table 'Baetsle' 6-max Seat #1 is the button
Seat 1: ruslik1005 ($6.79 in chips)
Seat 2: RockKillerTY ($146.29 in chips)
ruslik1005: posts small blind $1
RockKillerTY: posts big blind $3
*** HOLE CARDS ***
ruslik1005: raises $3 to $6
VolkovDmitri leaves the table
RockKillerTY: calls $3
*** FLOP *** [5s As Ah]
RockKillerTY: checks
ruslik1005: bets $0.79 and is all-in
RockKillerTY: calls $0.79
*** TURN *** [5s As Ah] [4h]
*** RIVER *** [5s As Ah 4h] [9d]
*** SHOW DOWN ***
RockKillerTY: shows [Qc Tc] (a pair of Aces)
ruslik1005: shows [Ks 8c] (a pair of Aces - King kicker)
ruslik1005 collected $13.31 from pot
*** SUMMARY ***
Total pot $13.58 | Rake $0.27
Board [5s As Ah 4h 9d]
Seat 1: ruslik1005 (button) (small blind) showed [Ks 8c] and won ($13.31) with a pair of Aces
Seat 2: RockKillerTY (big blind) showed [Qc Tc] and lost with a pair of Aces


PokerStars Hand #157850971518:  Hold'em Limit ($3/$6 USD) - 2016/08/28 12:33:48 ET
Table 'Baetsle' 6-max Seat #2 is the button
Seat 1: ruslik1005 ($13.31 in chips)
Seat 2: RockKillerTY ($139.50 in chips)
RockKillerTY: posts small blind $1
ruslik1005: posts big blind $3
*** HOLE CARDS ***
RockKillerTY: raises $3 to $6
ruslik1005: calls $3
*** FLOP *** [6h 7c 3h]
ruslik1005: checks
RockKillerTY: bets $3
ruslik1005: raises $3 to $6
RockKillerTY: calls $3
*** TURN *** [6h 7c 3h] [9s]
ruslik1005: bets $1.31 and is all-in
RockKillerTY: calls $1.31
*** RIVER *** [6h 7c 3h 9s] [Qs]
*** SHOW DOWN ***
ruslik1005: shows [3s 6c] (two pair, Sixes and Threes)
RockKillerTY: shows [7s 5d] (a pair of Sevens)
ruslik1005 collected $26.12 from pot
*** SUMMARY ***
Total pot $26.62 | Rake $0.50
Board [6h 7c 3h 9s Qs]
Seat 1: ruslik1005 (big blind) showed [3s 6c] and won ($26.12) with two pair, Sixes and Threes
Seat 2: RockKillerTY (button) (small blind) showed [7s 5d] and lost with a pair of Sevens


PokerStars Hand #157850987017:  Hold'em Limit ($3/$6 USD) - 2016/08/28 12:34:09 ET
Table 'Baetsle' 6-max Seat #1 is the button
Seat 1: ruslik1005 ($26.12 in chips)
Seat 2: RockKillerTY ($126.19 in chips)
ruslik1005: posts small blind $1
RockKillerTY: posts big blind $3
*** HOLE CARDS ***
ruslik1005: calls $2
RockKillerTY: raises $3 to $6
ruslik1005: calls $3
*** FLOP *** [3h 5s Jc]
RockKillerTY: bets $3
ruslik1005: folds
Uncalled bet ($3) returned to RockKillerTY
RockKillerTY collected $11.76 from pot
RockKillerTY: doesn't show hand
*** SUMMARY ***
Total pot $12 | Rake $0.24
Board [3h 5s Jc]
Seat 1: ruslik1005 (button) (small blind) folded on the Flop
Seat 2: RockKillerTY (big blind) collected ($11.76)


PokerStars Hand #157851041245:  Hold'em Limit ($3/$6 USD) - 2016/08/28 12:35:23 ET
Table 'Baetsle' 6-max Seat #2 is the button
Seat 1: ruslik1005 ($42.62 in chips)
Seat 2: RockKillerTY ($108.83 in chips)
RockKillerTY: posts small blind $1
ruslik1005: posts big blind $3
*** HOLE CARDS ***
RockKillerTY: raises $3 to $6
ruslik1005: raises $3 to $9
RockKillerTY: calls $3
*** FLOP *** [Th 4d 2h]
ruslik1005: bets $3
RockKillerTY: calls $3
*** TURN *** [Th 4d 2h] [7h]
ruslik1005: bets $6
RockKillerTY: calls $6
*** RIVER *** [Th 4d 2h 7h] [Kc]
ruslik1005: bets $6
RockKillerTY: raises $6 to $12
ruslik1005: calls $6
*** SHOW DOWN ***
RockKillerTY: shows [Kd 4s] (two pair, Kings and Fours)
ruslik1005: mucks hand
RockKillerTY collected $59.50 from pot
*** SUMMARY ***
Total pot $60 | Rake $0.50
Board [Th 4d 2h 7h Kc]
Seat 1: ruslik1005 (big blind) mucked
Seat 2: RockKillerTY (button) (small blind) showed [Kd 4s] and won ($59.50) with two pair, Kings and Fours


PokerStars Hand #157851031236:  Hold'em Limit ($3/$6 USD) - 2016/08/28 12:35:09 ET
Table 'Baetsle' 6-max Seat #1 is the button
Seat 1: ruslik1005 ($39.74 in chips)
Seat 2: RockKillerTY ($111.83 in chips)
ruslik1005: posts small blind $1
RockKillerTY: posts big blind $3
*** HOLE CARDS ***
ruslik1005: calls $2
RockKillerTY: checks
*** FLOP *** [Th Qc 4h]
RockKillerTY: checks
ruslik1005: checks
*** TURN *** [Th Qc 4h] [Tc]
RockKillerTY: checks
ruslik1005: checks
*** RIVER *** [Th Qc 4h Tc] [5d]
RockKillerTY: checks
ruslik1005: checks
*** SHOW DOWN ***
RockKillerTY: shows [3h 7c] (a pair of Tens)
ruslik1005: shows [8s Js] (a pair of Tens - Queen+Jack kicker)
ruslik1005 collected $5.88 from pot
*** SUMMARY ***
Total pot $6 | Rake $0.12
Board [Th Qc 4h Tc 5d]
Seat 1: ruslik1005 (button) (small blind) showed [8s Js] and won ($5.88) with a pair of Tens
Seat 2: RockKillerTY (big blind) showed [3h 7c] and lost with a pair of Tens


PokerStars Hand #157850998429:  Hold'em Limit ($3/$6 USD) - 2016/08/28 12:34:24 ET
Table 'Baetsle' 6-max Seat #2 is the button
Seat 1: ruslik1005 ($20.12 in chips)
Seat 2: RockKillerTY ($131.95 in chips)
RockKillerTY: posts small blind $1
ruslik1005: posts big blind $3
*** HOLE CARDS ***
RockKillerTY: raises $3 to $6
ruslik1005: calls $3
*** FLOP *** [2d 6d 5d]
ruslik1005: checks
RockKillerTY: bets $3
ruslik1005: raises $3 to $6
RockKillerTY: calls $3
*** TURN *** [2d 6d 5d] [6c]
ruslik1005: bets $6
RockKillerTY: raises $6 to $12
ruslik1005: calls $2.12 and is all-in
Uncalled bet ($3.88) returned to RockKillerTY
*** RIVER *** [2d 6d 5d 6c] [Ts]
*** SHOW DOWN ***
ruslik1005: shows [4s 6h] (three of a kind, Sixes)
RockKillerTY: shows [Ks 9c] (a pair of Sixes)
ruslik1005 collected $39.74 from pot
*** SUMMARY ***
Total pot $40.24 | Rake $0.50
Board [2d 6d 5d 6c Ts]
Seat 1: ruslik1005 (big blind) showed [4s 6h] and won ($39.74) with three of a kind, Sixes
Seat 2: RockKillerTY (button) (small blind) showed [Ks 9c] and lost with a pair of Sixes


