PokerStars Hand #167379824576:  Hold'em Limit ($3/$6 USD) - 2017/03/10 8:27:41 ET
Table 'Baham II' 6-max Seat #2 is the button
Seat 2: sim5sim5 ($72 in chips)
Seat 5: tilion22 ($120 in chips)
sim5sim5: posts small blind $1
tilion22: posts big blind $3
*** HOLE CARDS ***
sim5sim5: raises $3 to $6
tilion22: calls $3
*** FLOP *** [3d 2c Td]
tilion22: checks
sim5sim5: bets $3
tilion22: calls $3
*** TURN *** [3d 2c Td] [Ah]
tilion22: checks
sim5sim5: bets $6
tilion22: calls $6
*** RIVER *** [3d 2c Td Ah] [3c]
tilion22: checks
sim5sim5: bets $6
tilion22: calls $6
*** SHOW DOWN ***
sim5sim5: shows [9h 7c] (a pair of Threes)
tilion22: shows [5h Th] (two pair, Tens and Threes)
tilion22 collected $41.50 from pot
*** SUMMARY ***
Total pot $42 | Rake $0.50
Board [3d 2c Td Ah 3c]
Seat 2: sim5sim5 (button) (small blind) showed [9h 7c] and lost with a pair of Threes
Seat 5: tilion22 (big blind) showed [5h Th] and won ($41.50) with two pair, Tens and Threes


PokerStars Hand #167379869501:  Hold'em Limit ($3/$6 USD) - 2017/03/10 8:29:04 ET
Table 'Baham II' 6-max Seat #5 is the button
Seat 2: sim5sim5 ($80.64 in chips)
Seat 5: tilion22 ($131.25 in chips)
tilion22: posts small blind $1
sim5sim5: posts big blind $3
*** HOLE CARDS ***
tilion22: folds
Uncalled bet ($2) returned to sim5sim5
sim5sim5 collected $2 from pot
sim5sim5: doesn't show hand
*** SUMMARY ***
Total pot $2 | Rake $0
Seat 2: sim5sim5 (big blind) collected ($2)
Seat 5: tilion22 (button) (small blind) folded before Flop


PokerStars Hand #167379857863:  Hold'em Limit ($3/$6 USD) - 2017/03/10 8:28:42 ET
Table 'Baham II' 6-max Seat #2 is the button
Seat 2: sim5sim5 ($72 in chips)
Seat 5: tilion22 ($140.25 in chips)
sim5sim5: posts small blind $1
tilion22: posts big blind $3
*** HOLE CARDS ***
sim5sim5: raises $3 to $6
tilion22: calls $3
*** FLOP *** [6c 3c 2s]
tilion22: checks
sim5sim5: bets $3
tilion22: calls $3
*** TURN *** [6c 3c 2s] [Qd]
tilion22: checks
sim5sim5: bets $6
tilion22: folds
Uncalled bet ($6) returned to sim5sim5
sim5sim5 collected $17.64 from pot
sim5sim5: doesn't show hand
*** SUMMARY ***
Total pot $18 | Rake $0.36
Board [6c 3c 2s Qd]
Seat 2: sim5sim5 (button) (small blind) collected ($17.64)
Seat 5: tilion22 (big blind) folded on the Turn


PokerStars Hand #167379840621:  Hold'em Limit ($3/$6 USD) - 2017/03/10 8:28:10 ET
Table 'Baham II' 6-max Seat #5 is the button
Seat 2: sim5sim5 ($72 in chips)
Seat 5: tilion22 ($140.50 in chips)
tilion22: posts small blind $1
sim5sim5: posts big blind $3
*** HOLE CARDS ***
tilion22: raises $3 to $6
sim5sim5: calls $3
*** FLOP *** [Jh Js 9s]
sim5sim5: checks
tilion22: bets $3
Agrotait leaves the table
sim5sim5: calls $3
*** TURN *** [Jh Js 9s] [Ts]
sim5sim5: checks
tilion22: bets $6
sim5sim5: calls $6
*** RIVER *** [Jh Js 9s Ts] [Th]
sim5sim5: checks
tilion22: checks
*** SHOW DOWN ***
sim5sim5: shows [7d Qs] (two pair, Jacks and Tens)
tilion22: shows [6d Qc] (two pair, Jacks and Tens)
sim5sim5 collected $14.75 from pot
tilion22 collected $14.75 from pot
*** SUMMARY ***
Total pot $30 | Rake $0.50
Board [Jh Js 9s Ts Th]
Seat 2: sim5sim5 (big blind) showed [7d Qs] and won ($14.75) with two pair, Jacks and Tens
Seat 5: tilion22 (button) (small blind) showed [6d Qc] and won ($14.75) with two pair, Jacks and Tens


PokerStars Hand #167379901720:  Hold'em Limit ($3/$6 USD) - 2017/03/10 8:30:04 ET
Table 'Baham II' 6-max Seat #2 is the button
Seat 2: sim5sim5 ($97.14 in chips)
Seat 5: tilion22 ($114.01 in chips)
sim5sim5: posts small blind $1
tilion22: posts big blind $3
*** HOLE CARDS ***
sim5sim5: folds
Uncalled bet ($2) returned to tilion22
Whitty29 joins the table at seat #6
tilion22 collected $2 from pot
tilion22: doesn't show hand
*** SUMMARY ***
Total pot $2 | Rake $0
Seat 2: sim5sim5 (button) (small blind) folded before Flop
Seat 5: tilion22 (big blind) collected ($2)


PokerStars Hand #167379888912:  Hold'em Limit ($3/$6 USD) - 2017/03/10 8:29:40 ET
Table 'Baham II' 6-max Seat #5 is the button
Seat 2: sim5sim5 ($73.64 in chips)
Seat 5: tilion22 ($138.01 in chips)
tilion22: posts small blind $1
sim5sim5: posts big blind $3
*** HOLE CARDS ***
tilion22: raises $3 to $6
sim5sim5: raises $3 to $9
tilion22: calls $3
*** FLOP *** [4h 9s 4s]
sim5sim5: bets $3
tilion22: calls $3
*** TURN *** [4h 9s 4s] [Qc]
sim5sim5: bets $6
tilion22: calls $6
*** RIVER *** [4h 9s 4s Qc] [Ts]
sim5sim5: bets $6
tilion22: calls $6
*** SHOW DOWN ***
sim5sim5: shows [Qh 7h] (two pair, Queens and Fours)
tilion22: mucks hand
sim5sim5 collected $47.50 from pot
*** SUMMARY ***
Total pot $48 | Rake $0.50
Board [4h 9s 4s Qc Ts]
Seat 2: sim5sim5 (big blind) showed [Qh 7h] and won ($47.50) with two pair, Queens and Fours
Seat 5: tilion22 (button) (small blind) mucked


PokerStars Hand #167379884195:  Hold'em Limit ($3/$6 USD) - 2017/03/10 8:29:31 ET
Table 'Baham II' 6-max Seat #2 is the button
Seat 2: sim5sim5 ($74.64 in chips)
Seat 5: tilion22 ($137.01 in chips)
sim5sim5: posts small blind $1
tilion22: posts big blind $3
*** HOLE CARDS ***
sim5sim5: folds
Uncalled bet ($2) returned to tilion22
tilion22 collected $2 from pot
tilion22: doesn't show hand
*** SUMMARY ***
Total pot $2 | Rake $0
Seat 2: sim5sim5 (button) (small blind) folded before Flop
Seat 5: tilion22 (big blind) collected ($2)


PokerStars Hand #167379876157:  Hold'em Limit ($3/$6 USD) - 2017/03/10 8:29:16 ET
Table 'Baham II' 6-max Seat #5 is the button
Seat 2: sim5sim5 ($80.64 in chips)
Seat 5: tilion22 ($131.25 in chips)
tilion22: posts small blind $1
sim5sim5: posts big blind $3
*** HOLE CARDS ***
tilion22: raises $3 to $6
sim5sim5: calls $3
*** FLOP *** [Kc Td Tc]
sim5sim5: checks
tilion22: bets $3
sim5sim5: folds
Uncalled bet ($3) returned to tilion22
tilion22 collected $11.76 from pot
tilion22: doesn't show hand
*** SUMMARY ***
Total pot $12 | Rake $0.24
Board [Kc Td Tc]
Seat 2: sim5sim5 (big blind) folded on the Flop
Seat 5: tilion22 (button) (small blind) collected ($11.76)


PokerStars Hand #167379872276:  Hold'em Limit ($3/$6 USD) - 2017/03/10 8:29:09 ET
Table 'Baham II' 6-max Seat #2 is the button
Seat 2: sim5sim5 ($81.64 in chips)
Seat 5: tilion22 ($130.25 in chips)
sim5sim5: posts small blind $1
tilion22: posts big blind $3
*** HOLE CARDS ***
sim5sim5: folds
Uncalled bet ($2) returned to tilion22
tilion22 collected $2 from pot
tilion22: doesn't show hand
*** SUMMARY ***
Total pot $2 | Rake $0
Seat 2: sim5sim5 (button) (small blind) folded before Flop
Seat 5: tilion22 (big blind) collected ($2)


PokerStars Hand #167380153732:  Hold'em Limit ($3/$6 USD) - 2017/03/10 8:37:48 ET
Table 'Baham II' 6-max Seat #6 is the button
Seat 1: B_loJkl ($106.33 in chips)
Seat 6: Whitty29 ($338.91 in chips)
Whitty29: posts small blind $1
B_loJkl: posts big blind $3
*** HOLE CARDS ***
Whitty29: folds
Uncalled bet ($2) returned to B_loJkl
B_loJkl collected $2 from pot
B_loJkl: doesn't show hand
*** SUMMARY ***
Total pot $2 | Rake $0
Seat 1: B_loJkl (big blind) collected ($2)
Seat 6: Whitty29 (button) (small blind) folded before Flop


PokerStars Hand #167380141973:  Hold'em Limit ($3/$6 USD) - 2017/03/10 8:37:27 ET
Table 'Baham II' 6-max Seat #1 is the button
Seat 1: B_loJkl ($100.57 in chips)
Seat 6: Whitty29 ($344.91 in chips)
B_loJkl: posts small blind $1
Whitty29: posts big blind $3
*** HOLE CARDS ***
B_loJkl: raises $3 to $6
Whitty29: calls $3
*** FLOP *** [Js Qd 5h]
Whitty29: checks
B_loJkl: bets $3
Whitty29: folds
Uncalled bet ($3) returned to B_loJkl
B_loJkl collected $11.76 from pot
B_loJkl: doesn't show hand
*** SUMMARY ***
Total pot $12 | Rake $0.24
Board [Js Qd 5h]
Seat 1: B_loJkl (button) (small blind) collected ($11.76)
Seat 6: Whitty29 (big blind) folded on the Flop


PokerStars Hand #167380139106:  Hold'em Limit ($3/$6 USD) - 2017/03/10 8:37:22 ET
Table 'Baham II' 6-max Seat #6 is the button
Seat 1: B_loJkl ($99.57 in chips)
Seat 6: Whitty29 ($345.91 in chips)
Whitty29: posts small blind $1
B_loJkl: posts big blind $3
*** HOLE CARDS ***
Whitty29: folds
Uncalled bet ($2) returned to B_loJkl
B_loJkl collected $2 from pot
B_loJkl: doesn't show hand
*** SUMMARY ***
Total pot $2 | Rake $0
Seat 1: B_loJkl (big blind) collected ($2)
Seat 6: Whitty29 (button) (small blind) folded before Flop


PokerStars Hand #167380121110:  Hold'em Limit ($3/$6 USD) - 2017/03/10 8:36:48 ET
Table 'Baham II' 6-max Seat #1 is the button
Seat 1: B_loJkl ($90.93 in chips)
Seat 6: Whitty29 ($354.91 in chips)
B_loJkl: posts small blind $1
tilion22: is sitting out
Whitty29: posts big blind $3
*** HOLE CARDS ***
tilion22 leaves the table
B_loJkl: raises $3 to $6
Whitty29: calls $3
*** FLOP *** [3d 6h 2s]
Whitty29: checks
B_loJkl: bets $3
Whitty29: calls $3
*** TURN *** [3d 6h 2s] [9s]
Whitty29: checks
B_loJkl: bets $6
Whitty29: folds
Uncalled bet ($6) returned to B_loJkl
B_loJkl collected $17.64 from pot
B_loJkl: doesn't show hand
*** SUMMARY ***
Total pot $18 | Rake $0.36
Board [3d 6h 2s 9s]
Seat 1: B_loJkl (button) (small blind) collected ($17.64)
Seat 6: Whitty29 (big blind) folded on the Turn


PokerStars Hand #167380173759:  Hold'em Limit ($3/$6 USD) - 2017/03/10 8:38:25 ET
Table 'Baham II' 6-max Seat #1 is the button
Seat 1: B_loJkl ($137.83 in chips)
Seat 6: Whitty29 ($306.91 in chips)
B_loJkl: posts small blind $1
Whitty29: posts big blind $3
*** HOLE CARDS ***
B_loJkl: raises $3 to $6
Whitty29: calls $3
*** FLOP *** [Jh 2c Js]
Whitty29: checks
B_loJkl: bets $3
Whitty29: folds
Uncalled bet ($3) returned to B_loJkl
B_loJkl collected $11.76 from pot
B_loJkl: doesn't show hand
*** SUMMARY ***
Total pot $12 | Rake $0.24
Board [Jh 2c Js]
Seat 1: B_loJkl (button) (small blind) collected ($11.76)
Seat 6: Whitty29 (big blind) folded on the Flop


PokerStars Hand #167380171049:  Hold'em Limit ($3/$6 USD) - 2017/03/10 8:38:20 ET
Table 'Baham II' 6-max Seat #6 is the button
Seat 1: B_loJkl ($136.83 in chips)
Seat 6: Whitty29 ($307.91 in chips)
Whitty29: posts small blind $1
B_loJkl: posts big blind $3
*** HOLE CARDS ***
Whitty29: folds
Uncalled bet ($2) returned to B_loJkl
B_loJkl collected $2 from pot
B_loJkl: doesn't show hand
*** SUMMARY ***
Total pot $2 | Rake $0
Seat 1: B_loJkl (big blind) collected ($2)
Seat 6: Whitty29 (button) (small blind) folded before Flop


PokerStars Hand #167380156422:  Hold'em Limit ($3/$6 USD) - 2017/03/10 8:37:53 ET
Table 'Baham II' 6-max Seat #1 is the button
Seat 1: B_loJkl ($107.33 in chips)
Seat 6: Whitty29 ($337.91 in chips)
B_loJkl: posts small blind $1
Whitty29: posts big blind $3
*** HOLE CARDS ***
B_loJkl: raises $3 to $6
Whitty29: raises $3 to $9
B_loJkl: calls $3
*** FLOP *** [Jd 5s 3d]
Whitty29: bets $3
B_loJkl: calls $3
*** TURN *** [Jd 5s 3d] [4c]
Whitty29: bets $6
B_loJkl: raises $6 to $12
Whitty29: calls $6
*** RIVER *** [Jd 5s 3d 4c] [Qd]
Whitty29: checks
B_loJkl: bets $6
Whitty29: calls $6
*** SHOW DOWN ***
B_loJkl: shows [Tc Jc] (a pair of Jacks)
Whitty29: mucks hand
B_loJkl collected $59.50 from pot
*** SUMMARY ***
Total pot $60 | Rake $0.50
Board [Jd 5s 3d 4c Qd]
Seat 1: B_loJkl (button) (small blind) showed [Tc Jc] and won ($59.50) with a pair of Jacks
Seat 6: Whitty29 (big blind) mucked


PokerStars Hand #167380213181:  Hold'em Limit ($3/$6 USD) - 2017/03/10 8:39:37 ET
Table 'Baham II' 6-max Seat #6 is the button
Seat 1: B_loJkl ($112.59 in chips)
Seat 6: Whitty29 ($331.41 in chips)
Whitty29: posts small blind $1
B_loJkl: posts big blind $3
*** HOLE CARDS ***
Whitty29: calls $2
B_loJkl: raises $3 to $6
Whitty29: calls $3
*** FLOP *** [3c Js Th]
B_loJkl: bets $3
Whitty29: calls $3
*** TURN *** [3c Js Th] [3s]
B_loJkl: bets $6
Whitty29: calls $6
*** RIVER *** [3c Js Th 3s] [4d]
B_loJkl: checks
Whitty29: checks
*** SHOW DOWN ***
B_loJkl: shows [Ad 6h] (a pair of Threes)
Whitty29: mucks hand
B_loJkl collected $29.50 from pot
*** SUMMARY ***
Total pot $30 | Rake $0.50
Board [3c Js Th 3s 4d]
Seat 1: B_loJkl (big blind) showed [Ad 6h] and won ($29.50) with a pair of Threes
Seat 6: Whitty29 (button) (small blind) mucked


PokerStars Hand #167380208683:  Hold'em Limit ($3/$6 USD) - 2017/03/10 8:39:28 ET
Table 'Baham II' 6-max Seat #1 is the button
Seat 1: B_loJkl ($113.59 in chips)
Seat 6: Whitty29 ($330.41 in chips)
B_loJkl: posts small blind $1
Whitty29: posts big blind $3
*** HOLE CARDS ***
B_loJkl: folds
Uncalled bet ($2) returned to Whitty29
Whitty29 collected $2 from pot
*** SUMMARY ***
Total pot $2 | Rake $0
Seat 1: B_loJkl (button) (small blind) folded before Flop
Seat 6: Whitty29 (big blind) collected ($2)


PokerStars Hand #167380205588:  Hold'em Limit ($3/$6 USD) - 2017/03/10 8:39:23 ET
Table 'Baham II' 6-max Seat #6 is the button
Seat 1: B_loJkl ($112.59 in chips)
Seat 6: Whitty29 ($331.41 in chips)
Whitty29: posts small blind $1
B_loJkl: posts big blind $3
*** HOLE CARDS ***
Whitty29: folds
Uncalled bet ($2) returned to B_loJkl
B_loJkl collected $2 from pot
B_loJkl: doesn't show hand
*** SUMMARY ***
Total pot $2 | Rake $0
Seat 1: B_loJkl (big blind) collected ($2)
Seat 6: Whitty29 (button) (small blind) folded before Flop


PokerStars Hand #167380202489:  Hold'em Limit ($3/$6 USD) - 2017/03/10 8:39:17 ET
Table 'Baham II' 6-max Seat #1 is the button
Seat 1: B_loJkl ($113.59 in chips)
Seat 6: Whitty29 ($330.41 in chips)
B_loJkl: posts small blind $1
Whitty29: posts big blind $3
*** HOLE CARDS ***
B_loJkl: folds
Uncalled bet ($2) returned to Whitty29
Whitty29 collected $2 from pot
*** SUMMARY ***
Total pot $2 | Rake $0
Seat 1: B_loJkl (button) (small blind) folded before Flop
Seat 6: Whitty29 (big blind) collected ($2)


PokerStars Hand #167380179584:  Hold'em Limit ($3/$6 USD) - 2017/03/10 8:38:36 ET
Table 'Baham II' 6-max Seat #6 is the button
Seat 1: B_loJkl ($143.59 in chips)
Seat 6: Whitty29 ($300.91 in chips)
Whitty29: posts small blind $1
B_loJkl: posts big blind $3
*** HOLE CARDS ***
Whitty29: raises $3 to $6
B_loJkl: calls $3
*** FLOP *** [4d 3d Ts]
B_loJkl: checks
Whitty29: bets $3
B_loJkl: raises $3 to $6
Whitty29: calls $3
*** TURN *** [4d 3d Ts] [8s]
B_loJkl: bets $6
Whitty29: calls $6
*** RIVER *** [4d 3d Ts 8s] [3h]
B_loJkl: bets $6
Whitty29: raises $6 to $12
B_loJkl: calls $6
*** SHOW DOWN ***
Whitty29: shows [6s 3s] (three of a kind, Threes)
B_loJkl: mucks hand
Whitty29 collected $59.50 from pot
*** SUMMARY ***
Total pot $60 | Rake $0.50
Board [4d 3d Ts 8s 3h]
Seat 1: B_loJkl (big blind) mucked
Seat 6: Whitty29 (button) (small blind) showed [6s 3s] and won ($59.50) with three of a kind, Threes


PokerStars Hand #167380223499:  Hold'em Limit ($3/$6 USD) - 2017/03/10 8:39:56 ET
Table 'Baham II' 6-max Seat #1 is the button
Seat 1: B_loJkl ($127.09 in chips)
Seat 6: Whitty29 ($316.41 in chips)
B_loJkl: posts small blind $1
Whitty29: posts big blind $3
*** HOLE CARDS ***
B_loJkl: raises $3 to $6
Whitty29: calls $3
*** FLOP *** [8d Th 7d]
Whitty29: checks
Chrisgalo33 joins the table at seat #5
B_loJkl: bets $3
Whitty29: calls $3
*** TURN *** [8d Th 7d] [8s]
Whitty29: checks
B_loJkl: bets $6
Whitty29: raises $6 to $12
B_loJkl: calls $6
*** RIVER *** [8d Th 7d 8s] [Ac]
Whitty29: bets $6
tilion22 joins the table at seat #2
B_loJkl: folds
Uncalled bet ($6) returned to Whitty29
Whitty29 collected $41.50 from pot
*** SUMMARY ***
Total pot $42 | Rake $0.50
Board [8d Th 7d 8s Ac]
Seat 1: B_loJkl (button) (small blind) folded on the River
Seat 6: Whitty29 (big blind) collected ($41.50)


PokerStars Hand #167380253258:  Hold'em Limit ($3/$6 USD) - 2017/03/10 8:40:50 ET
Table 'Baham II' 6-max Seat #6 is the button
Seat 1: B_loJkl ($106.09 in chips)
Seat 6: Whitty29 ($336.91 in chips)
Whitty29: posts small blind $1
B_loJkl: posts big blind $3
*** HOLE CARDS ***
Whitty29: raises $3 to $6
B_loJkl: calls $3
*** FLOP *** [2s 4s Th]
B_loJkl: checks
Whitty29: bets $3
B_loJkl: folds
Uncalled bet ($3) returned to Whitty29
Whitty29 collected $11.76 from pot
*** SUMMARY ***
Total pot $12 | Rake $0.24
Board [2s 4s Th]
Seat 1: B_loJkl (big blind) folded on the Flop
Seat 6: Whitty29 (button) (small blind) collected ($11.76)


PokerStars Hand #167382848840:  Hold'em Limit ($3/$6 USD) - 2017/03/10 9:55:32 ET
Table 'Baham II' 6-max Seat #4 is the button
Seat 1: B_loJkl ($294.65 in chips)
Seat 4: Koraseg ($95.99 in chips)
Koraseg: posts small blind $1
B_loJkl: posts big blind $3
*** HOLE CARDS ***
Koraseg: raises $3 to $6
B_loJkl: calls $3
*** FLOP *** [2d 6s 5c]
B_loJkl: checks
Koraseg: bets $3
B_loJkl: calls $3
*** TURN *** [2d 6s 5c] [Js]
B_loJkl: checks
Koraseg: checks
*** RIVER *** [2d 6s 5c Js] [7s]
B_loJkl: bets $6
Koraseg: folds
Uncalled bet ($6) returned to B_loJkl
B_loJkl collected $17.64 from pot
B_loJkl: doesn't show hand
*** SUMMARY ***
Total pot $18 | Rake $0.36
Board [2d 6s 5c Js 7s]
Seat 1: B_loJkl (big blind) collected ($17.64)
Seat 4: Koraseg (button) (small blind) folded on the River


