PokerStars Hand #145858742441:  Hold'em Limit ($3/$6 USD) - 2015/12/24 14:23:53 ET
Table 'Bahner' 2-max Seat #2 is the button
Seat 1: elifnur2008 ($113.23 in chips)
Seat 2: batmann89 ($47.04 in chips)
batmann89: posts small blind $1
elifnur2008: posts big blind $3
*** HOLE CARDS ***
batmann89: folds
Uncalled bet ($2) returned to elifnur2008
elifnur2008 collected $2 from pot
elifnur2008: doesn't show hand
*** SUMMARY ***
Total pot $2 | Rake $0
Seat 1: elifnur2008 (big blind) collected ($2)
Seat 2: batmann89 (button) (small blind) folded before Flop


PokerStars Hand #145858739014:  Hold'em Limit ($3/$6 USD) - 2015/12/24 14:23:49 ET
Table 'Bahner' 2-max Seat #1 is the button
Seat 1: elifnur2008 ($114.23 in chips)
Seat 2: batmann89 ($46.04 in chips)
elifnur2008: posts small blind $1
batmann89: posts big blind $3
*** HOLE CARDS ***
elifnur2008: folds
Uncalled bet ($2) returned to batmann89
batmann89 collected $2 from pot
batmann89: doesn't show hand
*** SUMMARY ***
Total pot $2 | Rake $0
Seat 1: elifnur2008 (button) (small blind) folded before Flop
Seat 2: batmann89 (big blind) collected ($2)


PokerStars Hand #145858725507:  Hold'em Limit ($3/$6 USD) - 2015/12/24 14:23:31 ET
Table 'Bahner' 2-max Seat #2 is the button
Seat 1: elifnur2008 ($137.50 in chips)
Seat 2: batmann89 ($23.27 in chips)
batmann89: posts small blind $1
elifnur2008: posts big blind $3
*** HOLE CARDS ***
batmann89: raises $3 to $6
elifnur2008: calls $3
*** FLOP *** [Qc Td 8c]
elifnur2008: checks
batmann89: bets $3
elifnur2008: calls $3
*** TURN *** [Qc Td 8c] [7c]
elifnur2008: checks
batmann89: bets $6
elifnur2008: raises $6 to $12
batmann89: raises $2.27 to $14.27 and is all-in
elifnur2008: calls $2.27
*** RIVER *** [Qc Td 8c 7c] [5d]
*** SHOW DOWN ***
elifnur2008: shows [3d Qs] (a pair of Queens)
batmann89: shows [Ad Qh] (a pair of Queens - Ace kicker)
batmann89 collected $46.04 from pot
*** SUMMARY ***
Total pot $46.54 | Rake $0.50
Board [Qc Td 8c 7c 5d]
Seat 1: elifnur2008 (big blind) showed [3d Qs] and lost with a pair of Queens
Seat 2: batmann89 (button) (small blind) showed [Ad Qh] and won ($46.04) with a pair of Queens


PokerStars Hand #145858777490:  Hold'em Limit ($3/$6 USD) - 2015/12/24 14:24:39 ET
Table 'Bahner' 2-max Seat #2 is the button
Seat 1: elifnur2008 ($128.73 in chips)
Seat 2: batmann89 ($30.80 in chips)
batmann89: posts small blind $1
elifnur2008: posts big blind $3
*** HOLE CARDS ***
batmann89: raises $3 to $6
elifnur2008: raises $3 to $9
batmann89: calls $3
*** FLOP *** [6c Qh 2h]
elifnur2008: bets $3
batmann89: raises $3 to $6
elifnur2008: calls $3
*** TURN *** [6c Qh 2h] [Qd]
elifnur2008: checks
batmann89: bets $6
elifnur2008: calls $6
*** RIVER *** [6c Qh 2h Qd] [9d]
elifnur2008: checks
batmann89: bets $6
elifnur2008: calls $6
*** SHOW DOWN ***
batmann89: shows [4s 5c] (a pair of Queens)
elifnur2008: shows [8c 8d] (two pair, Queens and Eights)
elifnur2008 collected $53.50 from pot
*** SUMMARY ***
Total pot $54 | Rake $0.50
Board [6c Qh 2h Qd 9d]
Seat 1: elifnur2008 (big blind) showed [8c 8d] and won ($53.50) with two pair, Queens and Eights
Seat 2: batmann89 (button) (small blind) showed [4s 5c] and lost with a pair of Queens


PokerStars Hand #145858770294:  Hold'em Limit ($3/$6 USD) - 2015/12/24 14:24:30 ET
Table 'Bahner' 2-max Seat #1 is the button
Seat 1: elifnur2008 ($134.73 in chips)
Seat 2: batmann89 ($25.04 in chips)
elifnur2008: posts small blind $1
batmann89: posts big blind $3
*** HOLE CARDS ***
elifnur2008: calls $2
batmann89: raises $3 to $6
elifnur2008: calls $3
*** FLOP *** [2h Js Kd]
batmann89: bets $3
elifnur2008: folds
Uncalled bet ($3) returned to batmann89
batmann89 collected $11.76 from pot
batmann89: doesn't show hand
*** SUMMARY ***
Total pot $12 | Rake $0.24
Board [2h Js Kd]
Seat 1: elifnur2008 (button) (small blind) folded on the Flop
Seat 2: batmann89 (big blind) collected ($11.76)


PokerStars Hand #145858753297:  Hold'em Limit ($3/$6 USD) - 2015/12/24 14:24:07 ET
Table 'Bahner' 2-max Seat #2 is the button
Seat 1: elifnur2008 ($117.23 in chips)
Seat 2: batmann89 ($43.04 in chips)
batmann89: posts small blind $1
elifnur2008: posts big blind $3
*** HOLE CARDS ***
batmann89: raises $3 to $6
elifnur2008: raises $3 to $9
batmann89: calls $3
*** FLOP *** [Kc 8h 3c]
elifnur2008: bets $3
batmann89: calls $3
*** TURN *** [Kc 8h 3c] [6h]
elifnur2008: bets $6
batmann89: calls $6
*** RIVER *** [Kc 8h 3c 6h] [Ad]
elifnur2008: bets $6
batmann89: folds
Uncalled bet ($6) returned to elifnur2008
elifnur2008 collected $35.50 from pot
elifnur2008: doesn't show hand
*** SUMMARY ***
Total pot $36 | Rake $0.50
Board [Kc 8h 3c 6h Ad]
Seat 1: elifnur2008 (big blind) collected ($35.50)
Seat 2: batmann89 (button) (small blind) folded on the River


PokerStars Hand #145858746135:  Hold'em Limit ($3/$6 USD) - 2015/12/24 14:23:58 ET
Table 'Bahner' 2-max Seat #1 is the button
Seat 1: elifnur2008 ($114.23 in chips)
Seat 2: batmann89 ($46.04 in chips)
elifnur2008: posts small blind $1
batmann89: posts big blind $3
*** HOLE CARDS ***
elifnur2008: raises $3 to $6
batmann89: folds
Uncalled bet ($3) returned to elifnur2008
elifnur2008 collected $6 from pot
elifnur2008: doesn't show hand
*** SUMMARY ***
Total pot $6 | Rake $0
Seat 1: elifnur2008 (button) (small blind) collected ($6)
Seat 2: batmann89 (big blind) folded before Flop


PokerStars Hand #145858815823:  Hold'em Limit ($3/$6 USD) - 2015/12/24 14:25:29 ET
Table 'Bahner' 2-max Seat #1 is the button
Seat 1: elifnur2008 ($143.98 in chips)
Seat 2: batmann89 ($14.60 in chips)
elifnur2008: posts small blind $1
batmann89: posts big blind $3
*** HOLE CARDS ***
elifnur2008: raises $3 to $6
batmann89: raises $3 to $9
elifnur2008: calls $3
*** FLOP *** [4d Kd 8c]
batmann89: bets $3
elifnur2008: calls $3
*** TURN *** [4d Kd 8c] [7s]
batmann89: bets $2.60 and is all-in
elifnur2008: calls $2.60
*** RIVER *** [4d Kd 8c 7s] [8h]
*** SHOW DOWN ***
batmann89: shows [Qd 8d] (three of a kind, Eights)
elifnur2008: shows [9c Jh] (a pair of Eights)
batmann89 collected $28.70 from pot
*** SUMMARY ***
Total pot $29.20 | Rake $0.50
Board [4d Kd 8c 7s 8h]
Seat 1: elifnur2008 (button) (small blind) showed [9c Jh] and lost with a pair of Eights
Seat 2: batmann89 (big blind) showed [Qd 8d] and won ($28.70) with three of a kind, Eights


PokerStars Hand #145858802853:  Hold'em Limit ($3/$6 USD) - 2015/12/24 14:25:12 ET
Table 'Bahner' 2-max Seat #2 is the button
Seat 1: elifnur2008 ($151.43 in chips)
Seat 2: batmann89 ($7.45 in chips)
batmann89: posts small blind $1
elifnur2008: posts big blind $3
*** HOLE CARDS ***
batmann89: raises $3 to $6
elifnur2008: calls $3
*** FLOP *** [7d Td 8s]
elifnur2008: checks
batmann89: bets $1.45 and is all-in
elifnur2008: calls $1.45
*** TURN *** [7d Td 8s] [8h]
*** RIVER *** [7d Td 8s 8h] [5s]
*** SHOW DOWN ***
elifnur2008: shows [Kc 3d] (a pair of Eights)
batmann89: shows [7s Ah] (two pair, Eights and Sevens)
batmann89 collected $14.60 from pot
*** SUMMARY ***
Total pot $14.90 | Rake $0.30
Board [7d Td 8s 8h 5s]
Seat 1: elifnur2008 (big blind) showed [Kc 3d] and lost with a pair of Eights
Seat 2: batmann89 (button) (small blind) showed [7s Ah] and won ($14.60) with two pair, Eights and Sevens


PokerStars Hand #145858792820:  Hold'em Limit ($3/$6 USD) - 2015/12/24 14:24:59 ET
Table 'Bahner' 2-max Seat #1 is the button
Seat 1: elifnur2008 ($155.23 in chips)
Seat 2: batmann89 ($3.80 in chips)
elifnur2008: posts small blind $1
batmann89: posts big blind $3
*** HOLE CARDS ***
elifnur2008: raises $3 to $6
batmann89: calls $0.80 and is all-in
Uncalled bet ($2.20) returned to elifnur2008
*** FLOP *** [Jd 3h Jh]
*** TURN *** [Jd 3h Jh] [5h]
*** RIVER *** [Jd 3h Jh 5h] [2d]
*** SHOW DOWN ***
batmann89: shows [9s 5c] (two pair, Jacks and Fives)
elifnur2008: shows [4h 3c] (two pair, Jacks and Threes)
batmann89 collected $7.45 from pot
*** SUMMARY ***
Total pot $7.60 | Rake $0.15
Board [Jd 3h Jh 5h 2d]
Seat 1: elifnur2008 (button) (small blind) showed [4h 3c] and lost with two pair, Jacks and Threes
Seat 2: batmann89 (big blind) showed [9s 5c] and won ($7.45) with two pair, Jacks and Fives


PokerStars Hand #145858861131:  Hold'em Limit ($3/$6 USD) - 2015/12/24 14:26:28 ET
Table 'Bahner' 2-max Seat #2 is the button
Seat 1: elifnur2008 ($142.88 in chips)
Seat 2: batmann89 ($14.70 in chips)
batmann89: posts small blind $1
elifnur2008: posts big blind $3
*** HOLE CARDS ***
batmann89: raises $3 to $6
elifnur2008: calls $3
*** FLOP *** [9c Th Jd]
elifnur2008: checks
batmann89: bets $3
elifnur2008: calls $3
*** TURN *** [9c Th Jd] [8d]
elifnur2008: checks
batmann89: checks
*** RIVER *** [9c Th Jd 8d] [Td]
elifnur2008: bets $6
batmann89: calls $5.70 and is all-in
Uncalled bet ($0.30) returned to elifnur2008
*** SHOW DOWN ***
elifnur2008: shows [Qh 9s] (a straight, Eight to Queen)
batmann89: shows [6h Ac] (a pair of Tens)
elifnur2008 collected $28.90 from pot
*** SUMMARY ***
Total pot $29.40 | Rake $0.50
Board [9c Th Jd 8d Td]
Seat 1: elifnur2008 (big blind) showed [Qh 9s] and won ($28.90) with a straight, Eight to Queen
Seat 2: batmann89 (button) (small blind) showed [6h Ac] and lost with a pair of Tens


PokerStars Hand #145858855764:  Hold'em Limit ($3/$6 USD) - 2015/12/24 14:26:21 ET
Table 'Bahner' 2-max Seat #1 is the button
Seat 1: elifnur2008 ($143.88 in chips)
Seat 2: batmann89 ($13.70 in chips)
elifnur2008: posts small blind $1
batmann89: posts big blind $3
*** HOLE CARDS ***
elifnur2008: folds
Uncalled bet ($2) returned to batmann89
batmann89 collected $2 from pot
batmann89: doesn't show hand
*** SUMMARY ***
Total pot $2 | Rake $0
Seat 1: elifnur2008 (button) (small blind) folded before Flop
Seat 2: batmann89 (big blind) collected ($2)


PokerStars Hand #145858831584:  Hold'em Limit ($3/$6 USD) - 2015/12/24 14:25:50 ET
Table 'Bahner' 2-max Seat #2 is the button
Seat 1: elifnur2008 ($129.38 in chips)
Seat 2: batmann89 ($28.70 in chips)
batmann89: posts small blind $1
elifnur2008: posts big blind $3
*** HOLE CARDS ***
batmann89: raises $3 to $6
elifnur2008: calls $3
*** FLOP *** [2c Kc Jc]
elifnur2008: checks
batmann89: bets $3
elifnur2008: calls $3
*** TURN *** [2c Kc Jc] [Ad]
elifnur2008: checks
batmann89: bets $6
elifnur2008: raises $6 to $12
batmann89: folds
Uncalled bet ($6) returned to elifnur2008
elifnur2008 collected $29.50 from pot
elifnur2008: doesn't show hand
*** SUMMARY ***
Total pot $30 | Rake $0.50
Board [2c Kc Jc Ad]
Seat 1: elifnur2008 (big blind) collected ($29.50)
Seat 2: batmann89 (button) (small blind) folded on the Turn


