PokerStars Hand #145485672361:  Hold'em Limit ($3/$6 USD) - 2015/12/17 11:35:52 ET
Table 'Bahner' 2-max Seat #2 is the button
Seat 1: vitalik1203 ($126.76 in chips)
Seat 2: Avereem ($78 in chips)
Avereem: posts small blind $1
vitalik1203: posts big blind $3
*** HOLE CARDS ***
Avereem: raises $3 to $6
vitalik1203: raises $3 to $9
Avereem: calls $3
*** FLOP *** [8c 6h 7d]
vitalik1203: bets $3
Avereem: calls $3
*** TURN *** [8c 6h 7d] [Ad]
vitalik1203: bets $6
Avereem: raises $6 to $12
vitalik1203: calls $6
*** RIVER *** [8c 6h 7d Ad] [5d]
vitalik1203: checks
Avereem: bets $6
vitalik1203: folds
Uncalled bet ($6) returned to Avereem
Avereem collected $47.50 from pot
Avereem: doesn't show hand
*** SUMMARY ***
Total pot $48 | Rake $0.50
Board [8c 6h 7d Ad 5d]
Seat 1: vitalik1203 (big blind) folded on the River
Seat 2: Avereem (button) (small blind) collected ($47.50)


PokerStars Hand #145485709604:  Hold'em Limit ($3/$6 USD) - 2015/12/17 11:36:39 ET
Table 'Bahner' 2-max Seat #1 is the button
Seat 1: vitalik1203 ($102.76 in chips)
Seat 2: Avereem ($101.50 in chips)
vitalik1203: posts small blind $1
Avereem: posts big blind $3
*** HOLE CARDS ***
vitalik1203: raises $3 to $6
Avereem: calls $3
*** FLOP *** [Kd Ks As]
Avereem: checks
vitalik1203: bets $3
Avereem: folds
Uncalled bet ($3) returned to vitalik1203
vitalik1203 collected $11.76 from pot
vitalik1203: doesn't show hand
*** SUMMARY ***
Total pot $12 | Rake $0.24
Board [Kd Ks As]
Seat 1: vitalik1203 (button) (small blind) collected ($11.76)
Seat 2: Avereem (big blind) folded on the Flop


PokerStars Hand #145485733310:  Hold'em Limit ($3/$6 USD) - 2015/12/17 11:37:10 ET
Table 'Bahner' 2-max Seat #2 is the button
Seat 1: vitalik1203 ($108.52 in chips)
Seat 2: Avereem ($95.50 in chips)
Avereem: posts small blind $1
vitalik1203: posts big blind $3
*** HOLE CARDS ***
Avereem: raises $3 to $6
vitalik1203: raises $3 to $9
Avereem: calls $3
*** FLOP *** [6s 4h Jc]
vitalik1203: bets $3
Avereem: calls $3
*** TURN *** [6s 4h Jc] [4d]
vitalik1203: bets $6
Avereem: raises $6 to $12
vitalik1203: raises $6 to $18
Avereem: calls $6
*** RIVER *** [6s 4h Jc 4d] [6c]
vitalik1203: bets $6
Avereem: calls $6
*** SHOW DOWN ***
vitalik1203: shows [Js 8s] (two pair, Jacks and Sixes)
Avereem: shows [Jd 9c] (two pair, Jacks and Sixes - Nine kicker)
Avereem collected $71.50 from pot
*** SUMMARY ***
Total pot $72 | Rake $0.50
Board [6s 4h Jc 4d 6c]
Seat 1: vitalik1203 (big blind) showed [Js 8s] and lost with two pair, Jacks and Sixes
Seat 2: Avereem (button) (small blind) showed [Jd 9c] and won ($71.50) with two pair, Jacks and Sixes


PokerStars Hand #145485772654:  Hold'em Limit ($3/$6 USD) - 2015/12/17 11:38:01 ET
Table 'Bahner' 2-max Seat #1 is the button
Seat 1: vitalik1203 ($72.52 in chips)
Seat 2: Avereem ($131 in chips)
vitalik1203: posts small blind $1
Avereem: posts big blind $3
*** HOLE CARDS ***
vitalik1203: raises $3 to $6
Avereem: calls $3
*** FLOP *** [3h Js Th]
Avereem: checks
vitalik1203: bets $3
Avereem: folds
Uncalled bet ($3) returned to vitalik1203
vitalik1203 collected $11.76 from pot
vitalik1203: doesn't show hand
*** SUMMARY ***
Total pot $12 | Rake $0.24
Board [3h Js Th]
Seat 1: vitalik1203 (button) (small blind) collected ($11.76)
Seat 2: Avereem (big blind) folded on the Flop


PokerStars Hand #145485787276:  Hold'em Limit ($3/$6 USD) - 2015/12/17 11:38:20 ET
Table 'Bahner' 2-max Seat #2 is the button
Seat 1: vitalik1203 ($78.28 in chips)
Seat 2: Avereem ($125 in chips)
Avereem: posts small blind $1
vitalik1203: posts big blind $3
*** HOLE CARDS ***
Avereem: raises $3 to $6
vitalik1203: calls $3
*** FLOP *** [3c 2s Td]
vitalik1203: checks
Avereem: bets $3
vitalik1203: calls $3
*** TURN *** [3c 2s Td] [Ks]
vitalik1203: checks
Avereem: bets $6
vitalik1203: folds
Uncalled bet ($6) returned to Avereem
Avereem collected $17.64 from pot
Avereem: doesn't show hand
*** SUMMARY ***
Total pot $18 | Rake $0.36
Board [3c 2s Td Ks]
Seat 1: vitalik1203 (big blind) folded on the Turn
Seat 2: Avereem (button) (small blind) collected ($17.64)


PokerStars Hand #145485809848:  Hold'em Limit ($3/$6 USD) - 2015/12/17 11:38:49 ET
Table 'Bahner' 2-max Seat #1 is the button
Seat 1: vitalik1203 ($69.28 in chips)
Seat 2: Avereem ($133.64 in chips)
vitalik1203: posts small blind $1
Avereem: posts big blind $3
*** HOLE CARDS ***
vitalik1203: raises $3 to $6
Avereem: calls $3
*** FLOP *** [2h 6h Qh]
Avereem: checks
vitalik1203: checks
*** TURN *** [2h 6h Qh] [Ts]
Avereem: bets $6
vitalik1203: calls $6
*** RIVER *** [2h 6h Qh Ts] [2c]
Avereem: bets $6
vitalik1203: folds
Uncalled bet ($6) returned to Avereem
Avereem collected $23.52 from pot
Avereem: doesn't show hand
*** SUMMARY ***
Total pot $24 | Rake $0.48
Board [2h 6h Qh Ts 2c]
Seat 1: vitalik1203 (button) (small blind) folded on the River
Seat 2: Avereem (big blind) collected ($23.52)


PokerStars Hand #145485847196:  Hold'em Limit ($3/$6 USD) - 2015/12/17 11:39:37 ET
Table 'Bahner' 2-max Seat #2 is the button
Seat 1: vitalik1203 ($57.28 in chips)
Seat 2: Avereem ($145.16 in chips)
Avereem: posts small blind $1
vitalik1203: posts big blind $3
*** HOLE CARDS ***
Avereem: folds
Uncalled bet ($2) returned to vitalik1203
vitalik1203 collected $2 from pot
vitalik1203: doesn't show hand
*** SUMMARY ***
Total pot $2 | Rake $0
Seat 1: vitalik1203 (big blind) collected ($2)
Seat 2: Avereem (button) (small blind) folded before Flop


PokerStars Hand #145485854412:  Hold'em Limit ($3/$6 USD) - 2015/12/17 11:39:46 ET
Table 'Bahner' 2-max Seat #1 is the button
Seat 1: vitalik1203 ($58.28 in chips)
Seat 2: Avereem ($144.16 in chips)
vitalik1203: posts small blind $1
Avereem: posts big blind $3
*** HOLE CARDS ***
vitalik1203: folds
Uncalled bet ($2) returned to Avereem
vitalik1203 leaves the table
Avereem collected $2 from pot
Avereem: doesn't show hand
*** SUMMARY ***
Total pot $2 | Rake $0
Seat 1: vitalik1203 (button) (small blind) folded before Flop
Seat 2: Avereem (big blind) collected ($2)


PokerStars Hand #145486713599:  Hold'em Limit ($3/$6 USD) - 2015/12/17 11:58:59 ET
Table 'Bahner' 2-max Seat #2 is the button
Seat 1: vitalik1203 ($124 in chips)
Seat 2: Avereem ($141.16 in chips)
Avereem: posts small blind $1
vitalik1203: posts big blind $3
*** HOLE CARDS ***
Avereem: raises $3 to $6
vitalik1203: calls $3
*** FLOP *** [Jh Kd 9s]
vitalik1203: checks
Avereem: bets $3
vitalik1203: calls $3
*** TURN *** [Jh Kd 9s] [4h]
vitalik1203: checks
Avereem: checks
*** RIVER *** [Jh Kd 9s 4h] [9h]
vitalik1203: checks
Avereem: bets $6
vitalik1203: folds
Uncalled bet ($6) returned to Avereem
Avereem collected $17.64 from pot
Avereem: doesn't show hand
*** SUMMARY ***
Total pot $18 | Rake $0.36
Board [Jh Kd 9s 4h 9h]
Seat 1: vitalik1203 (big blind) folded on the River
Seat 2: Avereem (button) (small blind) collected ($17.64)


PokerStars Hand #145486768870:  Hold'em Limit ($3/$6 USD) - 2015/12/17 12:00:25 ET
Table 'Bahner' 2-max Seat #2 is the button
Seat 1: vitalik1203 ($88 in chips)
Seat 2: Avereem ($176.30 in chips)
Avereem: posts small blind $1
vitalik1203: posts big blind $3
*** HOLE CARDS ***
Avereem: raises $3 to $6
vitalik1203: raises $3 to $9
Avereem: calls $3
*** FLOP *** [7s Kc 6d]
vitalik1203: bets $3
Avereem: folds
Uncalled bet ($3) returned to vitalik1203
vitalik1203 collected $17.64 from pot
vitalik1203: doesn't show hand
*** SUMMARY ***
Total pot $18 | Rake $0.36
Board [7s Kc 6d]
Seat 1: vitalik1203 (big blind) collected ($17.64)
Seat 2: Avereem (button) (small blind) folded on the Flop


PokerStars Hand #145486738806:  Hold'em Limit ($3/$6 USD) - 2015/12/17 11:59:39 ET
Table 'Bahner' 2-max Seat #1 is the button
Seat 1: vitalik1203 ($115 in chips)
Seat 2: Avereem ($149.80 in chips)
vitalik1203: posts small blind $1
Avereem: posts big blind $3
*** HOLE CARDS ***
vitalik1203: raises $3 to $6
Avereem: raises $3 to $9
vitalik1203: raises $3 to $12
Betting is capped
Avereem: calls $3
*** FLOP *** [7c 8d 7h]
Avereem: bets $3
vitalik1203: calls $3
*** TURN *** [7c 8d 7h] [Kh]
Avereem: bets $6
vitalik1203: calls $6
*** RIVER *** [7c 8d 7h Kh] [4h]
Avereem: bets $6
vitalik1203: calls $6
*** SHOW DOWN ***
Avereem: shows [Jh Kd] (two pair, Kings and Sevens)
vitalik1203: mucks hand
Avereem collected $53.50 from pot
*** SUMMARY ***
Total pot $54 | Rake $0.50
Board [7c 8d 7h Kh 4h]
Seat 1: vitalik1203 (button) (small blind) mucked
Seat 2: Avereem (big blind) showed [Jh Kd] and won ($53.50) with two pair, Kings and Sevens


PokerStars Hand #145486783967:  Hold'em Limit ($3/$6 USD) - 2015/12/17 12:00:47 ET
Table 'Bahner' 2-max Seat #1 is the button
Seat 1: vitalik1203 ($96.64 in chips)
Seat 2: Avereem ($167.30 in chips)
vitalik1203: posts small blind $1
Avereem: posts big blind $3
*** HOLE CARDS ***
vitalik1203: raises $3 to $6
Avereem: calls $3
*** FLOP *** [9d Qd Td]
Avereem: checks
vitalik1203: checks
*** TURN *** [9d Qd Td] [4h]
Avereem: bets $6
vitalik1203: calls $6
*** RIVER *** [9d Qd Td 4h] [7d]
Avereem: bets $6
vitalik1203: calls $6
*** SHOW DOWN ***
Avereem: shows [6c 8d] (a flush, Queen high)
vitalik1203: mucks hand
Avereem collected $35.50 from pot
*** SUMMARY ***
Total pot $36 | Rake $0.50
Board [9d Qd Td 4h 7d]
Seat 1: vitalik1203 (button) (small blind) mucked
Seat 2: Avereem (big blind) showed [6c 8d] and won ($35.50) with a flush, Queen high


PokerStars Hand #145486809993:  Hold'em Limit ($3/$6 USD) - 2015/12/17 12:01:22 ET
Table 'Bahner' 2-max Seat #2 is the button
Seat 1: vitalik1203 ($78.64 in chips)
Seat 2: Avereem ($184.80 in chips)
Avereem: posts small blind $1
vitalik1203: posts big blind $3
*** HOLE CARDS ***
Avereem: raises $3 to $6
vitalik1203: raises $3 to $9
Avereem: calls $3
*** FLOP *** [6c 4d 9c]
vitalik1203: bets $3
Avereem: calls $3
*** TURN *** [6c 4d 9c] [Ts]
vitalik1203: bets $6
Avereem: calls $6
*** RIVER *** [6c 4d 9c Ts] [2c]
vitalik1203: bets $6
Avereem: calls $6
*** SHOW DOWN ***
vitalik1203: shows [6h 9d] (two pair, Nines and Sixes)
Avereem: mucks hand
vitalik1203 collected $47.50 from pot
*** SUMMARY ***
Total pot $48 | Rake $0.50
Board [6c 4d 9c Ts 2c]
Seat 1: vitalik1203 (big blind) showed [6h 9d] and won ($47.50) with two pair, Nines and Sixes
Seat 2: Avereem (button) (small blind) mucked


PokerStars Hand #145486858181:  Hold'em Limit ($3/$6 USD) - 2015/12/17 12:02:24 ET
Table 'Bahner' 2-max Seat #1 is the button
Seat 1: vitalik1203 ($102.14 in chips)
Seat 2: Avereem ($160.80 in chips)
vitalik1203: posts small blind $1
Avereem: posts big blind $3
*** HOLE CARDS ***
vitalik1203: calls $2
Avereem: checks
*** FLOP *** [Tc 3c 3s]
Avereem: bets $3
vitalik1203: calls $3
*** TURN *** [Tc 3c 3s] [2h]
Avereem: bets $6
vitalik1203: calls $6
*** RIVER *** [Tc 3c 3s 2h] [4d]
Avereem: bets $6
vitalik1203: calls $6
*** SHOW DOWN ***
Avereem: shows [7s 4h] (two pair, Fours and Threes)
vitalik1203: shows [4s Ts] (two pair, Tens and Fours)
vitalik1203 collected $35.50 from pot
*** SUMMARY ***
Total pot $36 | Rake $0.50
Board [Tc 3c 3s 2h 4d]
Seat 1: vitalik1203 (button) (small blind) showed [4s Ts] and won ($35.50) with two pair, Tens and Fours
Seat 2: Avereem (big blind) showed [7s 4h] and lost with two pair, Fours and Threes


PokerStars Hand #145486898068:  Hold'em Limit ($3/$6 USD) - 2015/12/17 12:03:15 ET
Table 'Bahner' 2-max Seat #2 is the button
Seat 1: vitalik1203 ($119.64 in chips)
Seat 2: Avereem ($142.80 in chips)
Avereem: posts small blind $1
vitalik1203: posts big blind $3
*** HOLE CARDS ***
Avereem: raises $3 to $6
vitalik1203: raises $3 to $9
Avereem: calls $3
*** FLOP *** [Js 9c 5h]
vitalik1203: bets $3
Avereem: calls $3
*** TURN *** [Js 9c 5h] [Qh]
vitalik1203: bets $6
Avereem: raises $6 to $12
vitalik1203: raises $6 to $18
Avereem: calls $6
*** RIVER *** [Js 9c 5h Qh] [6c]
vitalik1203: bets $6
Avereem: calls $6
*** SHOW DOWN ***
vitalik1203: shows [9s 9d] (three of a kind, Nines)
Avereem: mucks hand
vitalik1203 collected $71.50 from pot
*** SUMMARY ***
Total pot $72 | Rake $0.50
Board [Js 9c 5h Qh 6c]
Seat 1: vitalik1203 (big blind) showed [9s 9d] and won ($71.50) with three of a kind, Nines
Seat 2: Avereem (button) (small blind) mucked


PokerStars Hand #145487002857:  Hold'em Limit ($3/$6 USD) - 2015/12/17 12:05:26 ET
Table 'Bahner' 2-max Seat #2 is the button
Seat 1: vitalik1203 ($158.02 in chips)
Seat 2: Avereem ($103.80 in chips)
Avereem: posts small blind $1
vitalik1203: posts big blind $3
*** HOLE CARDS ***
Avereem: raises $3 to $6
vitalik1203: calls $3
*** FLOP *** [Qs Kd As]
vitalik1203: checks
Avereem: bets $3
vitalik1203: folds
Uncalled bet ($3) returned to Avereem
Avereem collected $11.76 from pot
Avereem: doesn't show hand
*** SUMMARY ***
Total pot $12 | Rake $0.24
Board [Qs Kd As]
Seat 1: vitalik1203 (big blind) folded on the Flop
Seat 2: Avereem (button) (small blind) collected ($11.76)


PokerStars Hand #145486947259:  Hold'em Limit ($3/$6 USD) - 2015/12/17 12:04:16 ET
Table 'Bahner' 2-max Seat #1 is the button
Seat 1: vitalik1203 ($155.14 in chips)
Seat 2: Avereem ($106.80 in chips)
vitalik1203: posts small blind $1
Avereem: posts big blind $3
*** HOLE CARDS ***
vitalik1203: calls $2
Avereem: checks
*** FLOP *** [Qs 7d 3c]
Avereem: checks
vitalik1203 is disconnected
vitalik1203 is connected
vitalik1203: checks
*** TURN *** [Qs 7d 3c] [4c]
Avereem: checks
vitalik1203: bets $6
Avereem: folds
Uncalled bet ($6) returned to vitalik1203
vitalik1203 collected $5.88 from pot
*** SUMMARY ***
Total pot $6 | Rake $0.12
Board [Qs 7d 3c 4c]
Seat 1: vitalik1203 (button) (small blind) collected ($5.88)
Seat 2: Avereem (big blind) folded on the Turn


PokerStars Hand #145487030623:  Hold'em Limit ($3/$6 USD) - 2015/12/17 12:06:00 ET
Table 'Bahner' 2-max Seat #1 is the button
Seat 1: vitalik1203 ($152.02 in chips)
Seat 2: Avereem ($109.56 in chips)
vitalik1203: posts small blind $1
Avereem: posts big blind $3
*** HOLE CARDS ***
vitalik1203: raises $3 to $6
Avereem: raises $3 to $9
vitalik1203: calls $3
*** FLOP *** [2s Jc 7s]
Avereem: bets $3
vitalik1203: folds
Uncalled bet ($3) returned to Avereem
Avereem collected $17.64 from pot
Avereem: doesn't show hand
*** SUMMARY ***
Total pot $18 | Rake $0.36
Board [2s Jc 7s]
Seat 1: vitalik1203 (button) (small blind) folded on the Flop
Seat 2: Avereem (big blind) collected ($17.64)


PokerStars Hand #145487103122:  Hold'em Limit ($3/$6 USD) - 2015/12/17 12:07:30 ET
Table 'Bahner' 2-max Seat #1 is the button
Seat 1: vitalik1203 ($137.02 in chips)
Seat 2: Avereem ($123.96 in chips)
vitalik1203: posts small blind $1
Avereem: posts big blind $3
*** HOLE CARDS ***
vitalik1203: folds
Uncalled bet ($2) returned to Avereem
Avereem collected $2 from pot
Avereem: doesn't show hand
*** SUMMARY ***
Total pot $2 | Rake $0
Seat 1: vitalik1203 (button) (small blind) folded before Flop
Seat 2: Avereem (big blind) collected ($2)


PokerStars Hand #145487063159:  Hold'em Limit ($3/$6 USD) - 2015/12/17 12:06:41 ET
Table 'Bahner' 2-max Seat #2 is the button
Seat 1: vitalik1203 ($143.02 in chips)
Seat 2: Avereem ($118.20 in chips)
Avereem: posts small blind $1
vitalik1203: posts big blind $3
*** HOLE CARDS ***
Avereem: raises $3 to $6
vitalik1203: calls $3
*** FLOP *** [5c 8h 2s]
vitalik1203: checks
Avereem: bets $3
vitalik1203: folds
Uncalled bet ($3) returned to Avereem
Avereem collected $11.76 from pot
Avereem: doesn't show hand
*** SUMMARY ***
Total pot $12 | Rake $0.24
Board [5c 8h 2s]
Seat 1: vitalik1203 (big blind) folded on the Flop
Seat 2: Avereem (button) (small blind) collected ($11.76)


PokerStars Hand #145487146309:  Hold'em Limit ($3/$6 USD) - 2015/12/17 12:08:23 ET
Table 'Bahner' 2-max Seat #1 is the button
Seat 1: vitalik1203 ($127.02 in chips)
Seat 2: Avereem ($133.60 in chips)
vitalik1203: posts small blind $1
Avereem: posts big blind $3
*** HOLE CARDS ***
vitalik1203: raises $3 to $6
Avereem: folds
Uncalled bet ($3) returned to vitalik1203
vitalik1203 collected $6 from pot
vitalik1203: doesn't show hand
*** SUMMARY ***
Total pot $6 | Rake $0
Seat 1: vitalik1203 (button) (small blind) collected ($6)
Seat 2: Avereem (big blind) folded before Flop


PokerStars Hand #145487107108:  Hold'em Limit ($3/$6 USD) - 2015/12/17 12:07:35 ET
Table 'Bahner' 2-max Seat #2 is the button
Seat 1: vitalik1203 ($136.02 in chips)
Seat 2: Avereem ($124.96 in chips)
Avereem: posts small blind $1
vitalik1203: posts big blind $3
*** HOLE CARDS ***
Avereem: raises $3 to $6
vitalik1203: calls $3
*** FLOP *** [3c Ad 9c]
vitalik1203: checks
Avereem: bets $3
vitalik1203: calls $3
*** TURN *** [3c Ad 9c] [6h]
vitalik1203: checks
Avereem: checks
*** RIVER *** [3c Ad 9c 6h] [9s]
vitalik1203: checks
Avereem: checks
*** SHOW DOWN ***
vitalik1203: shows [Ts 5h] (a pair of Nines)
Avereem: shows [7d Ks] (a pair of Nines - Ace+King kicker)
Avereem collected $17.64 from pot
*** SUMMARY ***
Total pot $18 | Rake $0.36
Board [3c Ad 9c 6h 9s]
Seat 1: vitalik1203 (big blind) showed [Ts 5h] and lost with a pair of Nines
Seat 2: Avereem (button) (small blind) showed [7d Ks] and won ($17.64) with a pair of Nines


PokerStars Hand #145487195239:  Hold'em Limit ($3/$6 USD) - 2015/12/17 12:09:25 ET
Table 'Bahner' 2-max Seat #1 is the button
Seat 1: vitalik1203 ($156.52 in chips)
Seat 2: Avereem ($103.60 in chips)
vitalik1203: posts small blind $1
Avereem: posts big blind $3
*** HOLE CARDS ***
vitalik1203 has timed out
vitalik1203: folds
Uncalled bet ($2) returned to Avereem
Avereem collected $2 from pot
Avereem: doesn't show hand
*** SUMMARY ***
Total pot $2 | Rake $0
Seat 1: vitalik1203 (button) (small blind) folded before Flop
Seat 2: Avereem (big blind) collected ($2)


PokerStars Hand #145487154626:  Hold'em Limit ($3/$6 USD) - 2015/12/17 12:08:34 ET
Table 'Bahner' 2-max Seat #2 is the button
Seat 1: vitalik1203 ($130.02 in chips)
Seat 2: Avereem ($130.60 in chips)
Avereem: posts small blind $1
vitalik1203: posts big blind $3
*** HOLE CARDS ***
Avereem: raises $3 to $6
vitalik1203: calls $3
*** FLOP *** [2c 7c 5h]
vitalik1203: bets $3
Avereem: calls $3
*** TURN *** [2c 7c 5h] [4c]
vitalik1203: bets $6
Avereem: calls $6
*** RIVER *** [2c 7c 5h 4c] [9d]
vitalik1203: bets $6
Avereem: raises $6 to $12
vitalik1203: calls $6
*** SHOW DOWN ***
Avereem: shows [9c 5d] (two pair, Nines and Fives)
vitalik1203: shows [3h 6s] (a straight, Three to Seven)
vitalik1203 collected $53.50 from pot
*** SUMMARY ***
Total pot $54 | Rake $0.50
Board [2c 7c 5h 4c 9d]
Seat 1: vitalik1203 (big blind) showed [3h 6s] and won ($53.50) with a straight, Three to Seven
Seat 2: Avereem (button) (small blind) showed [9c 5d] and lost with two pair, Nines and Fives


PokerStars Hand #145487313673:  Hold'em Limit ($3/$6 USD) - 2015/12/17 12:11:54 ET
Table 'Bahner' 2-max Seat #2 is the button
Seat 1: vitalik1203 ($148.52 in chips)
Seat 2: Avereem ($111.36 in chips)
Avereem: posts small blind $1
vitalik1203: posts big blind $3
*** HOLE CARDS ***
Avereem: raises $3 to $6
vitalik1203: calls $3
*** FLOP *** [Td 6h Jd]
vitalik1203: checks
Avereem: bets $3
vitalik1203: folds
Uncalled bet ($3) returned to Avereem
Avereem collected $11.76 from pot
Avereem: doesn't show hand
*** SUMMARY ***
Total pot $12 | Rake $0.24
Board [Td 6h Jd]
Seat 1: vitalik1203 (big blind) folded on the Flop
Seat 2: Avereem (button) (small blind) collected ($11.76)


PokerStars Hand #145487308440:  Hold'em Limit ($3/$6 USD) - 2015/12/17 12:11:47 ET
Table 'Bahner' 2-max Seat #1 is the button
Seat 1: vitalik1203 ($149.52 in chips)
Seat 2: Avereem ($110.36 in chips)
vitalik1203: posts small blind $1
Avereem: posts big blind $3
*** HOLE CARDS ***
vitalik1203: folds
Uncalled bet ($2) returned to Avereem
Avereem collected $2 from pot
Avereem: doesn't show hand
*** SUMMARY ***
Total pot $2 | Rake $0
Seat 1: vitalik1203 (button) (small blind) folded before Flop
Seat 2: Avereem (big blind) collected ($2)


PokerStars Hand #145487286459:  Hold'em Limit ($3/$6 USD) - 2015/12/17 12:11:19 ET
Table 'Bahner' 2-max Seat #2 is the button
Seat 1: vitalik1203 ($155.52 in chips)
Seat 2: Avereem ($104.60 in chips)
Avereem: posts small blind $1
vitalik1203: posts big blind $3
*** HOLE CARDS ***
Avereem: raises $3 to $6
vitalik1203: calls $3
*** FLOP *** [Td Kh Js]
vitalik1203: checks
Avereem: bets $3
vitalik1203: folds
Uncalled bet ($3) returned to Avereem
Avereem collected $11.76 from pot
Avereem: doesn't show hand
*** SUMMARY ***
Total pot $12 | Rake $0.24
Board [Td Kh Js]
Seat 1: vitalik1203 (big blind) folded on the Flop
Seat 2: Avereem (button) (small blind) collected ($11.76)


PokerStars Hand #145487329869:  Hold'em Limit ($3/$6 USD) - 2015/12/17 12:12:14 ET
Table 'Bahner' 2-max Seat #1 is the button
Seat 1: vitalik1203 ($142.52 in chips)
Seat 2: Avereem ($117.12 in chips)
vitalik1203: posts small blind $1
Avereem: posts big blind $3
*** HOLE CARDS ***
vitalik1203: raises $3 to $6
Avereem: raises $3 to $9
vitalik1203: raises $3 to $12
Betting is capped
Avereem: calls $3
*** FLOP *** [7h 5h Qc]
Avereem: checks
vitalik1203: bets $3
Avereem: raises $3 to $6
vitalik1203: calls $3
*** TURN *** [7h 5h Qc] [Tc]
Avereem: bets $6
vitalik1203: raises $6 to $12
Avereem: calls $6
*** RIVER *** [7h 5h Qc Tc] [3d]
Avereem: checks
vitalik1203: bets $6
Avereem: calls $6
*** SHOW DOWN ***
vitalik1203: shows [7s Th] (two pair, Tens and Sevens)
Avereem: mucks hand
vitalik1203 collected $71.50 from pot
*** SUMMARY ***
Total pot $72 | Rake $0.50
Board [7h 5h Qc Tc 3d]
Seat 1: vitalik1203 (button) (small blind) showed [7s Th] and won ($71.50) with two pair, Tens and Sevens
Seat 2: Avereem (big blind) mucked


PokerStars Hand #145487413847:  Hold'em Limit ($3/$6 USD) - 2015/12/17 12:13:59 ET
Table 'Bahner' 2-max Seat #1 is the button
Seat 1: vitalik1203 ($169.02 in chips)
Seat 2: Avereem ($89.76 in chips)
vitalik1203: posts small blind $1
Avereem: posts big blind $3
*** HOLE CARDS ***
vitalik1203: folds
Uncalled bet ($2) returned to Avereem
Avereem collected $2 from pot
Avereem: doesn't show hand
*** SUMMARY ***
Total pot $2 | Rake $0
Seat 1: vitalik1203 (button) (small blind) folded before Flop
Seat 2: Avereem (big blind) collected ($2)


PokerStars Hand #145487380738:  Hold'em Limit ($3/$6 USD) - 2015/12/17 12:13:17 ET
Table 'Bahner' 2-max Seat #2 is the button
Seat 1: vitalik1203 ($178.02 in chips)
Seat 2: Avereem ($81.12 in chips)
Avereem: posts small blind $1
vitalik1203: posts big blind $3
*** HOLE CARDS ***
Avereem: raises $3 to $6
vitalik1203: calls $3
*** FLOP *** [5s Ac 3h]
vitalik1203: checks
Avereem: bets $3
vitalik1203: calls $3
*** TURN *** [5s Ac 3h] [Jd]
vitalik1203: checks
Avereem: bets $6
vitalik1203: folds
Uncalled bet ($6) returned to Avereem
Avereem collected $17.64 from pot
Avereem: doesn't show hand
*** SUMMARY ***
Total pot $18 | Rake $0.36
Board [5s Ac 3h Jd]
Seat 1: vitalik1203 (big blind) folded on the Turn
Seat 2: Avereem (button) (small blind) collected ($17.64)


PokerStars Hand #145487419182:  Hold'em Limit ($3/$6 USD) - 2015/12/17 12:14:05 ET
Table 'Bahner' 2-max Seat #2 is the button
Seat 1: vitalik1203 ($168.02 in chips)
Seat 2: Avereem ($90.76 in chips)
Avereem: posts small blind $1
vitalik1203: posts big blind $3
*** HOLE CARDS ***
Avereem: folds
Uncalled bet ($2) returned to vitalik1203
vitalik1203 collected $2 from pot
*** SUMMARY ***
Total pot $2 | Rake $0
Seat 1: vitalik1203 (big blind) collected ($2)
Seat 2: Avereem (button) (small blind) folded before Flop


PokerStars Hand #145487425687:  Hold'em Limit ($3/$6 USD) - 2015/12/17 12:14:13 ET
Table 'Bahner' 2-max Seat #1 is the button
Seat 1: vitalik1203 ($169.02 in chips)
Seat 2: Avereem ($89.76 in chips)
vitalik1203: posts small blind $1
Avereem: posts big blind $3
*** HOLE CARDS ***
vitalik1203: calls $2
Avereem: raises $3 to $6
vitalik1203: calls $3
*** FLOP *** [5c Ad 3d]
Avereem: bets $3
vitalik1203: calls $3
*** TURN *** [5c Ad 3d] [8d]
Avereem: bets $6
vitalik1203: calls $6
*** RIVER *** [5c Ad 3d 8d] [6d]
Avereem: checks
vitalik1203: bets $6
Avereem: folds
Uncalled bet ($6) returned to vitalik1203
vitalik1203 collected $29.50 from pot
vitalik1203: doesn't show hand
*** SUMMARY ***
Total pot $30 | Rake $0.50
Board [5c Ad 3d 8d 6d]
Seat 1: vitalik1203 (button) (small blind) collected ($29.50)
Seat 2: Avereem (big blind) folded on the River


PokerStars Hand #145487484150:  Hold'em Limit ($3/$6 USD) - 2015/12/17 12:15:25 ET
Table 'Bahner' 2-max Seat #2 is the button
Seat 1: vitalik1203 ($183.52 in chips)
Seat 2: Avereem ($78 in chips)
Avereem: posts small blind $1
vitalik1203: posts big blind $3
*** HOLE CARDS ***
Avereem: folds
Uncalled bet ($2) returned to vitalik1203
vitalik1203 collected $2 from pot
vitalik1203: doesn't show hand
*** SUMMARY ***
Total pot $2 | Rake $0
Seat 1: vitalik1203 (big blind) collected ($2)
Seat 2: Avereem (button) (small blind) folded before Flop


PokerStars Hand #145487489522:  Hold'em Limit ($3/$6 USD) - 2015/12/17 12:15:32 ET
Table 'Bahner' 2-max Seat #1 is the button
Seat 1: vitalik1203 ($184.52 in chips)
Seat 2: Avereem ($78 in chips)
vitalik1203: posts small blind $1
Avereem: posts big blind $3
*** HOLE CARDS ***
vitalik1203: raises $3 to $6
Avereem: calls $3
*** FLOP *** [8d 3d Qh]
Avereem: checks
vitalik1203: bets $3
Avereem: folds
Uncalled bet ($3) returned to vitalik1203
vitalik1203 collected $11.76 from pot
vitalik1203: doesn't show hand
*** SUMMARY ***
Total pot $12 | Rake $0.24
Board [8d 3d Qh]
Seat 1: vitalik1203 (button) (small blind) collected ($11.76)
Seat 2: Avereem (big blind) folded on the Flop


PokerStars Hand #145487503045:  Hold'em Limit ($3/$6 USD) - 2015/12/17 12:15:48 ET
Table 'Bahner' 2-max Seat #2 is the button
Seat 1: vitalik1203 ($190.28 in chips)
Seat 2: Avereem ($78 in chips)
Avereem: posts small blind $1
vitalik1203: posts big blind $3
*** HOLE CARDS ***
Avereem: raises $3 to $6
vitalik1203: raises $3 to $9
Avereem: calls $3
*** FLOP *** [6d Js 3d]
vitalik1203: bets $3
Avereem: calls $3
*** TURN *** [6d Js 3d] [2h]
vitalik1203: bets $6
Avereem: raises $6 to $12
vitalik1203: calls $6
*** RIVER *** [6d Js 3d 2h] [5c]
vitalik1203: checks
Avereem: bets $6
vitalik1203: folds
Uncalled bet ($6) returned to Avereem
Avereem collected $47.50 from pot
Avereem: doesn't show hand
*** SUMMARY ***
Total pot $48 | Rake $0.50
Board [6d Js 3d 2h 5c]
Seat 1: vitalik1203 (big blind) folded on the River
Seat 2: Avereem (button) (small blind) collected ($47.50)


PokerStars Hand #145487547487:  Hold'em Limit ($3/$6 USD) - 2015/12/17 12:16:43 ET
Table 'Bahner' 2-max Seat #1 is the button
Seat 1: vitalik1203 ($166.28 in chips)
Seat 2: Avereem ($101.50 in chips)
vitalik1203: posts small blind $1
Avereem: posts big blind $3
*** HOLE CARDS ***
vitalik1203: calls $2
Avereem: checks
*** FLOP *** [6d 4h Ad]
Avereem: bets $3
vitalik1203: calls $3
*** TURN *** [6d 4h Ad] [7d]
Avereem: bets $6
vitalik1203: calls $6
*** RIVER *** [6d 4h Ad 7d] [8c]
Avereem: bets $6
vitalik1203: calls $6
*** SHOW DOWN ***
Avereem: shows [9h 2d] (high card Ace)
vitalik1203: shows [5s 3d] (a straight, Four to Eight)
vitalik1203 collected $35.50 from pot
*** SUMMARY ***
Total pot $36 | Rake $0.50
Board [6d 4h Ad 7d 8c]
Seat 1: vitalik1203 (button) (small blind) showed [5s 3d] and won ($35.50) with a straight, Four to Eight
Seat 2: Avereem (big blind) showed [9h 2d] and lost with high card Ace


PokerStars Hand #145487583471:  Hold'em Limit ($3/$6 USD) - 2015/12/17 12:17:27 ET
Table 'Bahner' 2-max Seat #2 is the button
Seat 1: vitalik1203 ($183.78 in chips)
Seat 2: Avereem ($83.50 in chips)
Avereem: posts small blind $1
vitalik1203: posts big blind $3
*** HOLE CARDS ***
Avereem: raises $3 to $6
vitalik1203: raises $3 to $9
Avereem: calls $3
*** FLOP *** [3s 6d Qc]
vitalik1203: bets $3
Avereem: calls $3
*** TURN *** [3s 6d Qc] [Kc]
vitalik1203: bets $6
Avereem: calls $6
*** RIVER *** [3s 6d Qc Kc] [6h]
vitalik1203: checks
Avereem: bets $6
vitalik1203 has timed out
vitalik1203: folds
Uncalled bet ($6) returned to Avereem
Avereem collected $35.50 from pot
Avereem: doesn't show hand
*** SUMMARY ***
Total pot $36 | Rake $0.50
Board [3s 6d Qc Kc 6h]
Seat 1: vitalik1203 (big blind) folded on the River
Seat 2: Avereem (button) (small blind) collected ($35.50)


PokerStars Hand #145490335688:  Hold'em Limit ($3/$6 USD) - 2015/12/17 13:13:05 ET
Table 'Bahner' 2-max Seat #2 is the button
Seat 1: AllandAllAA ($69.23 in chips)
Seat 2: Avereem ($124.50 in chips)
Avereem: posts small blind $1
AllandAllAA: posts big blind $3
*** HOLE CARDS ***
Avereem: raises $3 to $6
AllandAllAA: calls $3
*** FLOP *** [4c Jc 5d]
AllandAllAA: checks
Avereem: bets $3
AllandAllAA: calls $3
*** TURN *** [4c Jc 5d] [Qd]
AllandAllAA: checks
Avereem: bets $6
AllandAllAA: folds
Uncalled bet ($6) returned to Avereem
Avereem collected $17.64 from pot
Avereem: doesn't show hand
*** SUMMARY ***
Total pot $18 | Rake $0.36
Board [4c Jc 5d Qd]
Seat 1: AllandAllAA (big blind) folded on the Turn
Seat 2: Avereem (button) (small blind) collected ($17.64)


