PokerStars Hand #144858975120:  Hold'em Limit ($3/$6 USD) - 2015/12/05 10:00:47 ET
Table 'Bahner' 2-max Seat #1 is the button
Seat 1: BigYelloFish ($118.76 in chips)
Seat 2: jl45259071 ($104.63 in chips)
BigYelloFish: posts small blind $1
jl45259071: posts big blind $3
*** HOLE CARDS ***
BigYelloFish: raises $3 to $6
jl45259071: raises $3 to $9
BigYelloFish: calls $3
*** FLOP *** [Ad 5c Tc]
jl45259071: bets $3
BigYelloFish: calls $3
*** TURN *** [Ad 5c Tc] [Ah]
jl45259071: bets $6
BigYelloFish: calls $6
*** RIVER *** [Ad 5c Tc Ah] [5h]
jl45259071: bets $6
BigYelloFish: raises $6 to $12
jl45259071: calls $6
*** SHOW DOWN ***
BigYelloFish: shows [8h 5d] (a full house, Fives full of Aces)
jl45259071: mucks hand
BigYelloFish collected $59.50 from pot
*** SUMMARY ***
Total pot $60 | Rake $0.50
Board [Ad 5c Tc Ah 5h]
Seat 1: BigYelloFish (button) (small blind) showed [8h 5d] and won ($59.50) with a full house, Fives full of Aces
Seat 2: jl45259071 (big blind) mucked


PokerStars Hand #144859024595:  Hold'em Limit ($3/$6 USD) - 2015/12/05 10:01:59 ET
Table 'Bahner' 2-max Seat #2 is the button
Seat 1: BigYelloFish ($144.76 in chips)
Seat 2: jl45259071 ($77.13 in chips)
jl45259071: posts small blind $1
BigYelloFish: posts big blind $3
*** HOLE CARDS ***
jl45259071: calls $2
BigYelloFish: checks
*** FLOP *** [4d 3h Ts]
BigYelloFish: checks
jl45259071: checks
*** TURN *** [4d 3h Ts] [9s]
BigYelloFish: checks
jl45259071: bets $6
BigYelloFish: folds
Uncalled bet ($6) returned to jl45259071
jl45259071 collected $5.88 from pot
jl45259071: doesn't show hand
*** SUMMARY ***
Total pot $6 | Rake $0.12
Board [4d 3h Ts 9s]
Seat 1: BigYelloFish (big blind) folded on the Turn
Seat 2: jl45259071 (button) (small blind) collected ($5.88)


PokerStars Hand #144858996096:  Hold'em Limit ($3/$6 USD) - 2015/12/05 10:01:19 ET
Table 'Bahner' 2-max Seat #1 is the button
Seat 1: BigYelloFish ($127.26 in chips)
Seat 2: jl45259071 ($95.13 in chips)
BigYelloFish: posts small blind $1
jl45259071: posts big blind $3
*** HOLE CARDS ***
BigYelloFish: raises $3 to $6
jl45259071: calls $3
*** FLOP *** [Tc 5d 3d]
jl45259071: checks
BigYelloFish: bets $3
jl45259071: raises $3 to $6
BigYelloFish: calls $3
*** TURN *** [Tc 5d 3d] [Qs]
jl45259071: checks
BigYelloFish: bets $6
jl45259071: calls $6
*** RIVER *** [Tc 5d 3d Qs] [4h]
jl45259071: checks
BigYelloFish: bets $6
jl45259071: folds
Uncalled bet ($6) returned to BigYelloFish
BigYelloFish collected $35.50 from pot
BigYelloFish: doesn't show hand
*** SUMMARY ***
Total pot $36 | Rake $0.50
Board [Tc 5d 3d Qs 4h]
Seat 1: BigYelloFish (button) (small blind) collected ($35.50)
Seat 2: jl45259071 (big blind) folded on the River


PokerStars Hand #144858985817:  Hold'em Limit ($3/$6 USD) - 2015/12/05 10:01:04 ET
Table 'Bahner' 2-max Seat #2 is the button
Seat 1: BigYelloFish ($148.26 in chips)
Seat 2: jl45259071 ($74.63 in chips)
jl45259071: posts small blind $1
BigYelloFish: posts big blind $3
*** HOLE CARDS ***
jl45259071: raises $3 to $6
BigYelloFish: calls $3
*** FLOP *** [6d Jd Kc]
BigYelloFish: checks
jl45259071: bets $3
BigYelloFish: calls $3
*** TURN *** [6d Jd Kc] [Kd]
BigYelloFish: checks
jl45259071: bets $6
BigYelloFish: calls $6
*** RIVER *** [6d Jd Kc Kd] [Ks]
BigYelloFish: checks
jl45259071: bets $6
BigYelloFish: calls $6
*** SHOW DOWN ***
jl45259071: shows [Td Qd] (a flush, King high)
BigYelloFish: mucks hand
jl45259071 collected $41.50 from pot
*** SUMMARY ***
Total pot $42 | Rake $0.50
Board [6d Jd Kc Kd Ks]
Seat 1: BigYelloFish (big blind) mucked
Seat 2: jl45259071 (button) (small blind) showed [Td Qd] and won ($41.50) with a flush, King high


PokerStars Hand #144859055570:  Hold'em Limit ($3/$6 USD) - 2015/12/05 10:02:41 ET
Table 'Bahner' 2-max Seat #1 is the button
Seat 1: BigYelloFish ($129.76 in chips)
Seat 2: jl45259071 ($91.53 in chips)
BigYelloFish: posts small blind $1
jl45259071: posts big blind $3
*** HOLE CARDS ***
BigYelloFish: calls $2
jl45259071: checks
*** FLOP *** [Js 5c 7c]
jl45259071: checks
BigYelloFish: bets $3
jl45259071: calls $3
*** TURN *** [Js 5c 7c] [8c]
jl45259071: bets $6
BigYelloFish: raises $6 to $12
jl45259071: calls $6
*** RIVER *** [Js 5c 7c 8c] [4h]
jl45259071: checks
BigYelloFish: bets $6
jl45259071: calls $6
*** SHOW DOWN ***
BigYelloFish: shows [9c 3c] (a flush, Nine high)
jl45259071: mucks hand
BigYelloFish collected $47.50 from pot
*** SUMMARY ***
Total pot $48 | Rake $0.50
Board [Js 5c 7c 8c 4h]
Seat 1: BigYelloFish (button) (small blind) showed [9c 3c] and won ($47.50) with a flush, Nine high
Seat 2: jl45259071 (big blind) mucked


PokerStars Hand #144859047901:  Hold'em Limit ($3/$6 USD) - 2015/12/05 10:02:31 ET
Table 'Bahner' 2-max Seat #2 is the button
Seat 1: BigYelloFish ($132.76 in chips)
Seat 2: jl45259071 ($88.65 in chips)
jl45259071: posts small blind $1
BigYelloFish: posts big blind $3
*** HOLE CARDS ***
jl45259071: calls $2
BigYelloFish: checks
*** FLOP *** [2c 9d Jh]
BigYelloFish: checks
jl45259071: bets $3
BigYelloFish: folds
Uncalled bet ($3) returned to jl45259071
jl45259071 collected $5.88 from pot
jl45259071: doesn't show hand
*** SUMMARY ***
Total pot $6 | Rake $0.12
Board [2c 9d Jh]
Seat 1: BigYelloFish (big blind) folded on the Flop
Seat 2: jl45259071 (button) (small blind) collected ($5.88)


PokerStars Hand #144859033522:  Hold'em Limit ($3/$6 USD) - 2015/12/05 10:02:11 ET
Table 'Bahner' 2-max Seat #1 is the button
Seat 1: BigYelloFish ($141.76 in chips)
Seat 2: jl45259071 ($80.01 in chips)
BigYelloFish: posts small blind $1
jl45259071: posts big blind $3
*** HOLE CARDS ***
BigYelloFish: raises $3 to $6
jl45259071: calls $3
*** FLOP *** [6d 6s Qd]
jl45259071: checks
BigYelloFish: bets $3
jl45259071: calls $3
*** TURN *** [6d 6s Qd] [3s]
jl45259071: checks
BigYelloFish: checks
*** RIVER *** [6d 6s Qd 3s] [3d]
jl45259071: checks
BigYelloFish: checks
*** SHOW DOWN ***
jl45259071: shows [Kh 4d] (two pair, Sixes and Threes)
BigYelloFish: mucks hand
jl45259071 collected $17.64 from pot
*** SUMMARY ***
Total pot $18 | Rake $0.36
Board [6d 6s Qd 3s 3d]
Seat 1: BigYelloFish (button) (small blind) mucked
Seat 2: jl45259071 (big blind) showed [Kh 4d] and won ($17.64) with two pair, Sixes and Threes


PokerStars Hand #144859103819:  Hold'em Limit ($3/$6 USD) - 2015/12/05 10:03:47 ET
Table 'Bahner' 2-max Seat #1 is the button
Seat 1: BigYelloFish ($135.26 in chips)
Seat 2: jl45259071 ($84.81 in chips)
BigYelloFish: posts small blind $1
jl45259071: posts big blind $3
*** HOLE CARDS ***
BigYelloFish: calls $2
jl45259071: checks
*** FLOP *** [Jd Js Ah]
jl45259071: checks
BigYelloFish: checks
*** TURN *** [Jd Js Ah] [3h]
jl45259071: checks
BigYelloFish: checks
*** RIVER *** [Jd Js Ah 3h] [8s]
jl45259071: checks
BigYelloFish: checks
*** SHOW DOWN ***
jl45259071: shows [9s 5d] (a pair of Jacks)
BigYelloFish: shows [9c 5h] (a pair of Jacks)
jl45259071 collected $2.94 from pot
BigYelloFish collected $2.94 from pot
*** SUMMARY ***
Total pot $6 | Rake $0.12
Board [Jd Js Ah 3h 8s]
Seat 1: BigYelloFish (button) (small blind) showed [9c 5h] and won ($2.94) with a pair of Jacks
Seat 2: jl45259071 (big blind) showed [9s 5d] and won ($2.94) with a pair of Jacks


PokerStars Hand #144859093350:  Hold'em Limit ($3/$6 USD) - 2015/12/05 10:03:33 ET
Table 'Bahner' 2-max Seat #2 is the button
Seat 1: BigYelloFish ($141.26 in chips)
Seat 2: jl45259071 ($79.05 in chips)
jl45259071: posts small blind $1
BigYelloFish: posts big blind $3
*** HOLE CARDS ***
jl45259071: calls $2
BigYelloFish: checks
*** FLOP *** [5c 7c Tc]
BigYelloFish: checks
jl45259071: bets $3
BigYelloFish: calls $3
*** TURN *** [5c 7c Tc] [Kd]
BigYelloFish: checks
jl45259071: checks
*** RIVER *** [5c 7c Tc Kd] [Jh]
BigYelloFish: checks
jl45259071: bets $6
BigYelloFish: folds
Uncalled bet ($6) returned to jl45259071
jl45259071 collected $11.76 from pot
jl45259071: doesn't show hand
*** SUMMARY ***
Total pot $12 | Rake $0.24
Board [5c 7c Tc Kd Jh]
Seat 1: BigYelloFish (big blind) folded on the River
Seat 2: jl45259071 (button) (small blind) collected ($11.76)


PokerStars Hand #144859086321:  Hold'em Limit ($3/$6 USD) - 2015/12/05 10:03:23 ET
Table 'Bahner' 2-max Seat #1 is the button
Seat 1: BigYelloFish ($150.26 in chips)
Seat 2: jl45259071 ($70.41 in chips)
BigYelloFish: posts small blind $1
jl45259071: posts big blind $3
*** HOLE CARDS ***
BigYelloFish: raises $3 to $6
jl45259071: raises $3 to $9
BigYelloFish: calls $3
*** FLOP *** [Tc 4c 9s]
jl45259071: bets $3
BigYelloFish: folds
Uncalled bet ($3) returned to jl45259071
jl45259071 collected $17.64 from pot
jl45259071: doesn't show hand
*** SUMMARY ***
Total pot $18 | Rake $0.36
Board [Tc 4c 9s]
Seat 1: BigYelloFish (button) (small blind) folded on the Flop
Seat 2: jl45259071 (big blind) collected ($17.64)


PokerStars Hand #144859080262:  Hold'em Limit ($3/$6 USD) - 2015/12/05 10:03:15 ET
Table 'Bahner' 2-max Seat #2 is the button
Seat 1: BigYelloFish ($153.26 in chips)
Seat 2: jl45259071 ($67.53 in chips)
jl45259071: posts small blind $1
BigYelloFish: posts big blind $3
*** HOLE CARDS ***
jl45259071: calls $2
BigYelloFish: checks
*** FLOP *** [6h Qc 3s]
BigYelloFish: checks
jl45259071: bets $3
BigYelloFish: folds
Uncalled bet ($3) returned to jl45259071
jl45259071 collected $5.88 from pot
jl45259071: doesn't show hand
*** SUMMARY ***
Total pot $6 | Rake $0.12
Board [6h Qc 3s]
Seat 1: BigYelloFish (big blind) folded on the Flop
Seat 2: jl45259071 (button) (small blind) collected ($5.88)


PokerStars Hand #144859114115:  Hold'em Limit ($3/$6 USD) - 2015/12/05 10:04:00 ET
Table 'Bahner' 2-max Seat #2 is the button
Seat 1: BigYelloFish ($135.20 in chips)
Seat 2: jl45259071 ($84.75 in chips)
jl45259071: posts small blind $1
BigYelloFish: posts big blind $3
*** HOLE CARDS ***
jl45259071: calls $2
BigYelloFish: checks
*** FLOP *** [9h 3d 4c]
BigYelloFish: checks
jl45259071: bets $3
BigYelloFish: calls $3
*** TURN *** [9h 3d 4c] [Js]
BigYelloFish: checks
jl45259071: bets $6
BigYelloFish: calls $6
*** RIVER *** [9h 3d 4c Js] [5h]
BigYelloFish: checks
jl45259071: bets $6
BigYelloFish: calls $6
*** SHOW DOWN ***
jl45259071: shows [9c Jd] (two pair, Jacks and Nines)
BigYelloFish: mucks hand
jl45259071 collected $35.50 from pot
*** SUMMARY ***
Total pot $36 | Rake $0.50
Board [9h 3d 4c Js 5h]
Seat 1: BigYelloFish (big blind) mucked
Seat 2: jl45259071 (button) (small blind) showed [9c Jd] and won ($35.50) with two pair, Jacks and Nines


PokerStars Hand #144859125230:  Hold'em Limit ($3/$6 USD) - 2015/12/05 10:04:15 ET
Table 'Bahner' 2-max Seat #1 is the button
Seat 1: BigYelloFish ($117.20 in chips)
Seat 2: jl45259071 ($102.25 in chips)
BigYelloFish: posts small blind $1
jl45259071: posts big blind $3
*** HOLE CARDS ***
BigYelloFish: folds
Uncalled bet ($2) returned to jl45259071
jl45259071 collected $2 from pot
jl45259071: doesn't show hand
*** SUMMARY ***
Total pot $2 | Rake $0
Seat 1: BigYelloFish (button) (small blind) folded before Flop
Seat 2: jl45259071 (big blind) collected ($2)


PokerStars Hand #144859128785:  Hold'em Limit ($3/$6 USD) - 2015/12/05 10:04:20 ET
Table 'Bahner' 2-max Seat #2 is the button
Seat 1: BigYelloFish ($116.20 in chips)
Seat 2: jl45259071 ($103.25 in chips)
jl45259071: posts small blind $1
BigYelloFish: posts big blind $3
*** HOLE CARDS ***
jl45259071: folds
Uncalled bet ($2) returned to BigYelloFish
BigYelloFish collected $2 from pot
BigYelloFish: doesn't show hand
*** SUMMARY ***
Total pot $2 | Rake $0
Seat 1: BigYelloFish (big blind) collected ($2)
Seat 2: jl45259071 (button) (small blind) folded before Flop


PokerStars Hand #144859135187:  Hold'em Limit ($3/$6 USD) - 2015/12/05 10:04:29 ET
Table 'Bahner' 2-max Seat #1 is the button
Seat 1: BigYelloFish ($117.20 in chips)
Seat 2: jl45259071 ($102.25 in chips)
BigYelloFish: posts small blind $1
jl45259071: posts big blind $3
*** HOLE CARDS ***
BigYelloFish: raises $3 to $6
jl45259071: calls $3
*** FLOP *** [9c Kc 5c]
jl45259071: checks
BigYelloFish: checks
*** TURN *** [9c Kc 5c] [3s]
jl45259071: bets $6
BigYelloFish: calls $6
*** RIVER *** [9c Kc 5c 3s] [9s]
jl45259071: bets $6
BigYelloFish: folds
Uncalled bet ($6) returned to jl45259071
jl45259071 collected $23.52 from pot
jl45259071: doesn't show hand
*** SUMMARY ***
Total pot $24 | Rake $0.48
Board [9c Kc 5c 3s 9s]
Seat 1: BigYelloFish (button) (small blind) folded on the River
Seat 2: jl45259071 (big blind) collected ($23.52)


PokerStars Hand #144859156996:  Hold'em Limit ($3/$6 USD) - 2015/12/05 10:04:58 ET
Table 'Bahner' 2-max Seat #1 is the button
Seat 1: BigYelloFish ($90.20 in chips)
Seat 2: jl45259071 ($128.27 in chips)
BigYelloFish: posts small blind $1
jl45259071: posts big blind $3
*** HOLE CARDS ***
BigYelloFish: raises $3 to $6
jl45259071: folds
Uncalled bet ($3) returned to BigYelloFish
BigYelloFish collected $6 from pot
BigYelloFish: doesn't show hand
*** SUMMARY ***
Total pot $6 | Rake $0
Seat 1: BigYelloFish (button) (small blind) collected ($6)
Seat 2: jl45259071 (big blind) folded before Flop


PokerStars Hand #144859145679:  Hold'em Limit ($3/$6 USD) - 2015/12/05 10:04:43 ET
Table 'Bahner' 2-max Seat #2 is the button
Seat 1: BigYelloFish ($105.20 in chips)
Seat 2: jl45259071 ($113.77 in chips)
jl45259071: posts small blind $1
BigYelloFish: posts big blind $3
*** HOLE CARDS ***
jl45259071: calls $2
BigYelloFish: raises $3 to $6
jl45259071: calls $3
*** FLOP *** [5s 4c Qh]
BigYelloFish: bets $3
jl45259071: calls $3
*** TURN *** [5s 4c Qh] [As]
BigYelloFish: bets $6
jl45259071: raises $6 to $12
BigYelloFish: folds
Uncalled bet ($6) returned to jl45259071
jl45259071 collected $29.50 from pot
jl45259071: doesn't show hand
*** SUMMARY ***
Total pot $30 | Rake $0.50
Board [5s 4c Qh As]
Seat 1: BigYelloFish (big blind) folded on the Turn
Seat 2: jl45259071 (button) (small blind) collected ($29.50)


PokerStars Hand #144859161196:  Hold'em Limit ($3/$6 USD) - 2015/12/05 10:05:03 ET
Table 'Bahner' 2-max Seat #2 is the button
Seat 1: BigYelloFish ($93.20 in chips)
Seat 2: jl45259071 ($125.27 in chips)
jl45259071: posts small blind $1
BigYelloFish: posts big blind $3
*** HOLE CARDS ***
jl45259071: calls $2
BigYelloFish: checks
*** FLOP *** [9d 8d 6c]
BigYelloFish: checks
jl45259071: bets $3
BigYelloFish: folds
Uncalled bet ($3) returned to jl45259071
jl45259071 collected $5.88 from pot
jl45259071: doesn't show hand
*** SUMMARY ***
Total pot $6 | Rake $0.12
Board [9d 8d 6c]
Seat 1: BigYelloFish (big blind) folded on the Flop
Seat 2: jl45259071 (button) (small blind) collected ($5.88)


PokerStars Hand #144859167856:  Hold'em Limit ($3/$6 USD) - 2015/12/05 10:05:12 ET
Table 'Bahner' 2-max Seat #1 is the button
Seat 1: BigYelloFish ($90.20 in chips)
Seat 2: jl45259071 ($128.15 in chips)
BigYelloFish: posts small blind $1
jl45259071: posts big blind $3
*** HOLE CARDS ***
BigYelloFish: raises $3 to $6
jl45259071: calls $3
*** FLOP *** [Th 5s Ah]
jl45259071: checks
BigYelloFish: bets $3
jl45259071: calls $3
*** TURN *** [Th 5s Ah] [8h]
jl45259071: checks
BigYelloFish: bets $6
jl45259071: raises $6 to $12
BigYelloFish: calls $6
*** RIVER *** [Th 5s Ah 8h] [Ad]
jl45259071: bets $6
BigYelloFish: calls $6
*** SHOW DOWN ***
jl45259071: shows [3h 9h] (a flush, Ace high)
BigYelloFish: mucks hand
jl45259071 collected $53.50 from pot
*** SUMMARY ***
Total pot $54 | Rake $0.50
Board [Th 5s Ah 8h Ad]
Seat 1: BigYelloFish (button) (small blind) mucked
Seat 2: jl45259071 (big blind) showed [3h 9h] and won ($53.50) with a flush, Ace high


PokerStars Hand #144859197882:  Hold'em Limit ($3/$6 USD) - 2015/12/05 10:05:52 ET
Table 'Bahner' 2-max Seat #1 is the button
Seat 1: BigYelloFish ($89.70 in chips)
Seat 2: jl45259071 ($127.65 in chips)
BigYelloFish: posts small blind $1
jl45259071: posts big blind $3
*** HOLE CARDS ***
BigYelloFish: raises $3 to $6
jl45259071: calls $3
*** FLOP *** [6h Jh 7s]
jl45259071: checks
BigYelloFish: checks
*** TURN *** [6h Jh 7s] [Jd]
jl45259071: bets $6
BigYelloFish: folds
Uncalled bet ($6) returned to jl45259071
jl45259071 collected $11.76 from pot
jl45259071: doesn't show hand
*** SUMMARY ***
Total pot $12 | Rake $0.24
Board [6h Jh 7s Jd]
Seat 1: BigYelloFish (button) (small blind) folded on the Turn
Seat 2: jl45259071 (big blind) collected ($11.76)


PokerStars Hand #144859207243:  Hold'em Limit ($3/$6 USD) - 2015/12/05 10:06:05 ET
Table 'Bahner' 2-max Seat #2 is the button
Seat 1: BigYelloFish ($83.70 in chips)
Seat 2: jl45259071 ($133.41 in chips)
jl45259071: posts small blind $1
BigYelloFish: posts big blind $3
*** HOLE CARDS ***
jl45259071: calls $2
BigYelloFish: checks
*** FLOP *** [Qs Th Jc]
BigYelloFish: checks
jl45259071: bets $3
BigYelloFish: folds
Uncalled bet ($3) returned to jl45259071
jl45259071 collected $5.88 from pot
*** SUMMARY ***
Total pot $6 | Rake $0.12
Board [Qs Th Jc]
Seat 1: BigYelloFish (big blind) folded on the Flop
Seat 2: jl45259071 (button) (small blind) collected ($5.88)


PokerStars Hand #144859225733:  Hold'em Limit ($3/$6 USD) - 2015/12/05 10:06:29 ET
Table 'Bahner' 2-max Seat #2 is the button
Seat 1: BigYelloFish ($89.34 in chips)
Seat 2: jl45259071 ($127.29 in chips)
jl45259071: posts small blind $1
BigYelloFish: posts big blind $3
*** HOLE CARDS ***
jl45259071: raises $3 to $6
BigYelloFish: folds
Uncalled bet ($3) returned to jl45259071
jl45259071 collected $6 from pot
jl45259071: doesn't show hand
*** SUMMARY ***
Total pot $6 | Rake $0
Seat 1: BigYelloFish (big blind) folded before Flop
Seat 2: jl45259071 (button) (small blind) collected ($6)


PokerStars Hand #144859214380:  Hold'em Limit ($3/$6 USD) - 2015/12/05 10:06:14 ET
Table 'Bahner' 2-max Seat #1 is the button
Seat 1: BigYelloFish ($80.70 in chips)
Seat 2: jl45259071 ($136.29 in chips)
BigYelloFish: posts small blind $1
jl45259071: posts big blind $3
*** HOLE CARDS ***
BigYelloFish: raises $3 to $6
jl45259071: calls $3
*** FLOP *** [7d Ks Qs]
jl45259071: checks
BigYelloFish: bets $3
jl45259071: calls $3
*** TURN *** [7d Ks Qs] [5d]
jl45259071: checks
BigYelloFish: checks
*** RIVER *** [7d Ks Qs 5d] [Kc]
jl45259071: checks
BigYelloFish: checks
*** SHOW DOWN ***
jl45259071: shows [Ac 2s] (a pair of Kings)
BigYelloFish: shows [As Jc] (a pair of Kings - Ace+Queen+Jack kicker)
BigYelloFish collected $17.64 from pot
*** SUMMARY ***
Total pot $18 | Rake $0.36
Board [7d Ks Qs 5d Kc]
Seat 1: BigYelloFish (button) (small blind) showed [As Jc] and won ($17.64) with a pair of Kings
Seat 2: jl45259071 (big blind) showed [Ac 2s] and lost with a pair of Kings


PokerStars Hand #144859230223:  Hold'em Limit ($3/$6 USD) - 2015/12/05 10:06:35 ET
Table 'Bahner' 2-max Seat #1 is the button
Seat 1: BigYelloFish ($86.34 in chips)
Seat 2: jl45259071 ($130.29 in chips)
BigYelloFish: posts small blind $1
jl45259071: posts big blind $3
*** HOLE CARDS ***
BigYelloFish: folds
Uncalled bet ($2) returned to jl45259071
jl45259071 collected $2 from pot
jl45259071: doesn't show hand
*** SUMMARY ***
Total pot $2 | Rake $0
Seat 1: BigYelloFish (button) (small blind) folded before Flop
Seat 2: jl45259071 (big blind) collected ($2)


PokerStars Hand #144859233774:  Hold'em Limit ($3/$6 USD) - 2015/12/05 10:06:40 ET
Table 'Bahner' 2-max Seat #2 is the button
Seat 1: BigYelloFish ($85.34 in chips)
Seat 2: jl45259071 ($131.29 in chips)
jl45259071: posts small blind $1
BigYelloFish: posts big blind $3
*** HOLE CARDS ***
jl45259071: calls $2
BigYelloFish: checks
*** FLOP *** [2c Qc Ah]
BigYelloFish: checks
jl45259071: bets $3
BigYelloFish: folds
Uncalled bet ($3) returned to jl45259071
jl45259071 collected $5.88 from pot
jl45259071: doesn't show hand
*** SUMMARY ***
Total pot $6 | Rake $0.12
Board [2c Qc Ah]
Seat 1: BigYelloFish (big blind) folded on the Flop
Seat 2: jl45259071 (button) (small blind) collected ($5.88)


PokerStars Hand #144859241327:  Hold'em Limit ($3/$6 USD) - 2015/12/05 10:06:50 ET
Table 'Bahner' 2-max Seat #1 is the button
Seat 1: BigYelloFish ($82.34 in chips)
Seat 2: jl45259071 ($134.17 in chips)
BigYelloFish: posts small blind $1
jl45259071: posts big blind $3
*** HOLE CARDS ***
BigYelloFish: calls $2
jl45259071: checks
*** FLOP *** [Jc 9c 7s]
jl45259071: checks
BigYelloFish: checks
*** TURN *** [Jc 9c 7s] [5h]
jl45259071: bets $6
BigYelloFish: folds
Uncalled bet ($6) returned to jl45259071
jl45259071 collected $5.88 from pot
jl45259071: doesn't show hand
*** SUMMARY ***
Total pot $6 | Rake $0.12
Board [Jc 9c 7s 5h]
Seat 1: BigYelloFish (button) (small blind) folded on the Turn
Seat 2: jl45259071 (big blind) collected ($5.88)


PokerStars Hand #144859249733:  Hold'em Limit ($3/$6 USD) - 2015/12/05 10:07:01 ET
Table 'Bahner' 2-max Seat #2 is the button
Seat 1: BigYelloFish ($79.34 in chips)
Seat 2: jl45259071 ($137.05 in chips)
jl45259071: posts small blind $1
BigYelloFish: posts big blind $3
*** HOLE CARDS ***
jl45259071: calls $2
BigYelloFish: raises $3 to $6
jl45259071: calls $3
*** FLOP *** [3c 3s Jd]
BigYelloFish: bets $3
jl45259071: calls $3
*** TURN *** [3c 3s Jd] [9c]
BigYelloFish: checks
jl45259071: bets $6
BigYelloFish: folds
Uncalled bet ($6) returned to jl45259071
jl45259071 collected $17.64 from pot
*** SUMMARY ***
Total pot $18 | Rake $0.36
Board [3c 3s Jd 9c]
Seat 1: BigYelloFish (big blind) folded on the Turn
Seat 2: jl45259071 (button) (small blind) collected ($17.64)


PokerStars Hand #144859263948:  Hold'em Limit ($3/$6 USD) - 2015/12/05 10:07:20 ET
Table 'Bahner' 2-max Seat #2 is the button
Seat 1: BigYelloFish ($69.34 in chips)
Seat 2: jl45259071 ($146.69 in chips)
jl45259071: posts small blind $1
BigYelloFish: posts big blind $3
*** HOLE CARDS ***
jl45259071: folds
Uncalled bet ($2) returned to BigYelloFish
BigYelloFish collected $2 from pot
BigYelloFish: doesn't show hand
*** SUMMARY ***
Total pot $2 | Rake $0
Seat 1: BigYelloFish (big blind) collected ($2)
Seat 2: jl45259071 (button) (small blind) folded before Flop


PokerStars Hand #144859260070:  Hold'em Limit ($3/$6 USD) - 2015/12/05 10:07:15 ET
Table 'Bahner' 2-max Seat #1 is the button
Seat 1: BigYelloFish ($70.34 in chips)
Seat 2: jl45259071 ($145.69 in chips)
BigYelloFish: posts small blind $1
jl45259071: posts big blind $3
*** HOLE CARDS ***
BigYelloFish: folds
Uncalled bet ($2) returned to jl45259071
jl45259071 collected $2 from pot
jl45259071: doesn't show hand
*** SUMMARY ***
Total pot $2 | Rake $0
Seat 1: BigYelloFish (button) (small blind) folded before Flop
Seat 2: jl45259071 (big blind) collected ($2)


PokerStars Hand #144859268216:  Hold'em Limit ($3/$6 USD) - 2015/12/05 10:07:26 ET
Table 'Bahner' 2-max Seat #1 is the button
Seat 1: BigYelloFish ($70.34 in chips)
Seat 2: jl45259071 ($145.69 in chips)
BigYelloFish: posts small blind $1
jl45259071: posts big blind $3
*** HOLE CARDS ***
BigYelloFish: raises $3 to $6
jl45259071: calls $3
*** FLOP *** [3c Kc 8h]
jl45259071: checks
BigYelloFish: bets $3
jl45259071: calls $3
*** TURN *** [3c Kc 8h] [6c]
jl45259071: checks
BigYelloFish: checks
*** RIVER *** [3c Kc 8h 6c] [Td]
jl45259071: checks
BigYelloFish: checks
*** SHOW DOWN ***
jl45259071: shows [Jc 9d] (high card King)
BigYelloFish: shows [7s Qh] (high card King - Queen kicker)
BigYelloFish collected $17.64 from pot
*** SUMMARY ***
Total pot $18 | Rake $0.36
Board [3c Kc 8h 6c Td]
Seat 1: BigYelloFish (button) (small blind) showed [7s Qh] and won ($17.64) with high card King
Seat 2: jl45259071 (big blind) showed [Jc 9d] and lost with high card King


PokerStars Hand #144859281890:  Hold'em Limit ($3/$6 USD) - 2015/12/05 10:07:45 ET
Table 'Bahner' 2-max Seat #2 is the button
Seat 1: BigYelloFish ($78.98 in chips)
Seat 2: jl45259071 ($136.69 in chips)
jl45259071: posts small blind $1
BigYelloFish: posts big blind $3
*** HOLE CARDS ***
jl45259071: calls $2
BigYelloFish: checks
*** FLOP *** [5c Ah 7d]
BigYelloFish: checks
jl45259071: bets $3
BigYelloFish: folds
Uncalled bet ($3) returned to jl45259071
jl45259071 collected $5.88 from pot
jl45259071: doesn't show hand
*** SUMMARY ***
Total pot $6 | Rake $0.12
Board [5c Ah 7d]
Seat 1: BigYelloFish (big blind) folded on the Flop
Seat 2: jl45259071 (button) (small blind) collected ($5.88)


PokerStars Hand #144859290382:  Hold'em Limit ($3/$6 USD) - 2015/12/05 10:07:56 ET
Table 'Bahner' 2-max Seat #1 is the button
Seat 1: BigYelloFish ($75.98 in chips)
Seat 2: jl45259071 ($139.57 in chips)
BigYelloFish: posts small blind $1
jl45259071: posts big blind $3
*** HOLE CARDS ***
BigYelloFish: raises $3 to $6
jl45259071: calls $3
*** FLOP *** [Qh Th Tc]
jl45259071: checks
BigYelloFish: bets $3
jl45259071: folds
Uncalled bet ($3) returned to BigYelloFish
BigYelloFish collected $11.76 from pot
BigYelloFish: doesn't show hand
*** SUMMARY ***
Total pot $12 | Rake $0.24
Board [Qh Th Tc]
Seat 1: BigYelloFish (button) (small blind) collected ($11.76)
Seat 2: jl45259071 (big blind) folded on the Flop


PokerStars Hand #144859299553:  Hold'em Limit ($3/$6 USD) - 2015/12/05 10:08:08 ET
Table 'Bahner' 2-max Seat #2 is the button
Seat 1: BigYelloFish ($81.74 in chips)
Seat 2: jl45259071 ($133.57 in chips)
jl45259071: posts small blind $1
BigYelloFish: posts big blind $3
*** HOLE CARDS ***
jl45259071: calls $2
BigYelloFish: checks
*** FLOP *** [2s Jc 4d]
BigYelloFish: checks
jl45259071: bets $3
BigYelloFish: calls $3
*** TURN *** [2s Jc 4d] [6s]
BigYelloFish: checks
jl45259071: bets $6
BigYelloFish: calls $6
*** RIVER *** [2s Jc 4d 6s] [3d]
BigYelloFish: checks
jl45259071: bets $6
BigYelloFish: folds
Uncalled bet ($6) returned to jl45259071
jl45259071 collected $23.52 from pot
jl45259071: doesn't show hand
*** SUMMARY ***
Total pot $24 | Rake $0.48
Board [2s Jc 4d 6s 3d]
Seat 1: BigYelloFish (big blind) folded on the River
Seat 2: jl45259071 (button) (small blind) collected ($23.52)


PokerStars Hand #144859313019:  Hold'em Limit ($3/$6 USD) - 2015/12/05 10:08:27 ET
Table 'Bahner' 2-max Seat #1 is the button
Seat 1: BigYelloFish ($69.74 in chips)
Seat 2: jl45259071 ($145.09 in chips)
BigYelloFish: posts small blind $1
jl45259071: posts big blind $3
*** HOLE CARDS ***
BigYelloFish: raises $3 to $6
jl45259071: calls $3
*** FLOP *** [Td Qh 6d]
jl45259071: checks
BigYelloFish: bets $3
jl45259071: raises $3 to $6
BigYelloFish: calls $3
*** TURN *** [Td Qh 6d] [3d]
jl45259071: bets $6
BigYelloFish: calls $6
*** RIVER *** [Td Qh 6d 3d] [2c]
jl45259071: bets $6
BigYelloFish: calls $6
*** SHOW DOWN ***
jl45259071: shows [4c Qd] (a pair of Queens)
BigYelloFish: mucks hand
jl45259071 collected $47.50 from pot
*** SUMMARY ***
Total pot $48 | Rake $0.50
Board [Td Qh 6d 3d 2c]
Seat 1: BigYelloFish (button) (small blind) mucked
Seat 2: jl45259071 (big blind) showed [4c Qd] and won ($47.50) with a pair of Queens


PokerStars Hand #144859326307:  Hold'em Limit ($3/$6 USD) - 2015/12/05 10:08:44 ET
Table 'Bahner' 2-max Seat #2 is the button
Seat 1: BigYelloFish ($45.74 in chips)
Seat 2: jl45259071 ($168.59 in chips)
jl45259071: posts small blind $1
BigYelloFish: posts big blind $3
*** HOLE CARDS ***
jl45259071: calls $2
BigYelloFish: raises $3 to $6
jl45259071: calls $3
*** FLOP *** [9d 7d 3s]
BigYelloFish: bets $3
jl45259071: folds
Uncalled bet ($3) returned to BigYelloFish
BigYelloFish collected $11.76 from pot
BigYelloFish: doesn't show hand
*** SUMMARY ***
Total pot $12 | Rake $0.24
Board [9d 7d 3s]
Seat 1: BigYelloFish (big blind) collected ($11.76)
Seat 2: jl45259071 (button) (small blind) folded on the Flop


PokerStars Hand #144859335018:  Hold'em Limit ($3/$6 USD) - 2015/12/05 10:08:56 ET
Table 'Bahner' 2-max Seat #1 is the button
Seat 1: BigYelloFish ($51.50 in chips)
Seat 2: jl45259071 ($162.59 in chips)
BigYelloFish: posts small blind $1
jl45259071: posts big blind $3
*** HOLE CARDS ***
BigYelloFish: raises $3 to $6
jl45259071: calls $3
*** FLOP *** [Qs Ac Ah]
jl45259071: checks
BigYelloFish: bets $3
jl45259071: calls $3
*** TURN *** [Qs Ac Ah] [4c]
jl45259071: checks
BigYelloFish: bets $6
jl45259071: folds
Uncalled bet ($6) returned to BigYelloFish
BigYelloFish collected $17.64 from pot
BigYelloFish: doesn't show hand
*** SUMMARY ***
Total pot $18 | Rake $0.36
Board [Qs Ac Ah 4c]
Seat 1: BigYelloFish (button) (small blind) collected ($17.64)
Seat 2: jl45259071 (big blind) folded on the Turn


PokerStars Hand #144859347096:  Hold'em Limit ($3/$6 USD) - 2015/12/05 10:09:13 ET
Table 'Bahner' 2-max Seat #2 is the button
Seat 1: BigYelloFish ($60.14 in chips)
Seat 2: jl45259071 ($153.59 in chips)
jl45259071: posts small blind $1
BigYelloFish: posts big blind $3
*** HOLE CARDS ***
jl45259071: raises $3 to $6
BigYelloFish: calls $3
*** FLOP *** [6h 2h Jh]
BigYelloFish: checks
jl45259071: bets $3
BigYelloFish: calls $3
*** TURN *** [6h 2h Jh] [3h]
BigYelloFish: checks
jl45259071: checks
*** RIVER *** [6h 2h Jh 3h] [Th]
BigYelloFish: checks
jl45259071: checks
*** SHOW DOWN ***
BigYelloFish: shows [2s Kd] (a flush, Jack high)
jl45259071: shows [Kc Ts] (a flush, Jack high)
BigYelloFish collected $8.82 from pot
jl45259071 collected $8.82 from pot
*** SUMMARY ***
Total pot $18 | Rake $0.36
Board [6h 2h Jh 3h Th]
Seat 1: BigYelloFish (big blind) showed [2s Kd] and won ($8.82) with a flush, Jack high
Seat 2: jl45259071 (button) (small blind) showed [Kc Ts] and won ($8.82) with a flush, Jack high


PokerStars Hand #144859357426:  Hold'em Limit ($3/$6 USD) - 2015/12/05 10:09:27 ET
Table 'Bahner' 2-max Seat #1 is the button
Seat 1: BigYelloFish ($59.96 in chips)
Seat 2: jl45259071 ($153.41 in chips)
BigYelloFish: posts small blind $1
jl45259071: posts big blind $3
*** HOLE CARDS ***
BigYelloFish: calls $2
jl45259071: checks
*** FLOP *** [Qd 9d 2d]
jl45259071: checks
BigYelloFish: checks
*** TURN *** [Qd 9d 2d] [Ts]
jl45259071: bets $6
BigYelloFish: folds
Uncalled bet ($6) returned to jl45259071
jl45259071 collected $5.88 from pot
jl45259071: doesn't show hand
*** SUMMARY ***
Total pot $6 | Rake $0.12
Board [Qd 9d 2d Ts]
Seat 1: BigYelloFish (button) (small blind) folded on the Turn
Seat 2: jl45259071 (big blind) collected ($5.88)


PokerStars Hand #144859366987:  Hold'em Limit ($3/$6 USD) - 2015/12/05 10:09:40 ET
Table 'Bahner' 2-max Seat #2 is the button
Seat 1: BigYelloFish ($56.96 in chips)
Seat 2: jl45259071 ($156.29 in chips)
jl45259071: posts small blind $1
BigYelloFish: posts big blind $3
*** HOLE CARDS ***
jl45259071: calls $2
BigYelloFish: checks
*** FLOP *** [5s 8s 9s]
BigYelloFish: checks
jl45259071: bets $3
BigYelloFish: folds
Uncalled bet ($3) returned to jl45259071
jl45259071 collected $5.88 from pot
jl45259071: doesn't show hand
*** SUMMARY ***
Total pot $6 | Rake $0.12
Board [5s 8s 9s]
Seat 1: BigYelloFish (big blind) folded on the Flop
Seat 2: jl45259071 (button) (small blind) collected ($5.88)


PokerStars Hand #144859374530:  Hold'em Limit ($3/$6 USD) - 2015/12/05 10:09:50 ET
Table 'Bahner' 2-max Seat #1 is the button
Seat 1: BigYelloFish ($53.96 in chips)
Seat 2: jl45259071 ($159.17 in chips)
BigYelloFish: posts small blind $1
jl45259071: posts big blind $3
*** HOLE CARDS ***
BigYelloFish: raises $3 to $6
jl45259071: calls $3
*** FLOP *** [7h 9h 8d]
jl45259071: checks
BigYelloFish: checks
*** TURN *** [7h 9h 8d] [Qh]
jl45259071: checks
BigYelloFish: checks
*** RIVER *** [7h 9h 8d Qh] [5c]
jl45259071: checks
BigYelloFish: checks
*** SHOW DOWN ***
jl45259071: shows [4c Kd] (high card King)
BigYelloFish: shows [7d As] (a pair of Sevens)
BigYelloFish collected $11.76 from pot
*** SUMMARY ***
Total pot $12 | Rake $0.24
Board [7h 9h 8d Qh 5c]
Seat 1: BigYelloFish (button) (small blind) showed [7d As] and won ($11.76) with a pair of Sevens
Seat 2: jl45259071 (big blind) showed [4c Kd] and lost with high card King


PokerStars Hand #144859384879:  Hold'em Limit ($3/$6 USD) - 2015/12/05 10:10:04 ET
Table 'Bahner' 2-max Seat #2 is the button
Seat 1: BigYelloFish ($59.72 in chips)
Seat 2: jl45259071 ($153.17 in chips)
jl45259071: posts small blind $1
BigYelloFish: posts big blind $3
*** HOLE CARDS ***
jl45259071: raises $3 to $6
BigYelloFish: calls $3
*** FLOP *** [4c 6s As]
BigYelloFish: checks
jl45259071: bets $3
BigYelloFish: folds
Uncalled bet ($3) returned to jl45259071
jl45259071 collected $11.76 from pot
jl45259071: doesn't show hand
*** SUMMARY ***
Total pot $12 | Rake $0.24
Board [4c 6s As]
Seat 1: BigYelloFish (big blind) folded on the Flop
Seat 2: jl45259071 (button) (small blind) collected ($11.76)


PokerStars Hand #144859394400:  Hold'em Limit ($3/$6 USD) - 2015/12/05 10:10:17 ET
Table 'Bahner' 2-max Seat #1 is the button
Seat 1: BigYelloFish ($53.72 in chips)
Seat 2: jl45259071 ($158.93 in chips)
BigYelloFish: posts small blind $1
jl45259071: posts big blind $3
*** HOLE CARDS ***
BigYelloFish: raises $3 to $6
jl45259071: calls $3
*** FLOP *** [5c 3s 5d]
jl45259071: checks
BigYelloFish: bets $3
jl45259071: calls $3
*** TURN *** [5c 3s 5d] [2s]
jl45259071: checks
BigYelloFish: bets $6
jl45259071: raises $6 to $12
BigYelloFish: folds
Uncalled bet ($6) returned to jl45259071
jl45259071 collected $29.50 from pot
jl45259071: doesn't show hand
*** SUMMARY ***
Total pot $30 | Rake $0.50
Board [5c 3s 5d 2s]
Seat 1: BigYelloFish (button) (small blind) folded on the Turn
Seat 2: jl45259071 (big blind) collected ($29.50)


PokerStars Hand #144859418213:  Hold'em Limit ($3/$6 USD) - 2015/12/05 10:10:49 ET
Table 'Bahner' 2-max Seat #1 is the button
Seat 1: BigYelloFish ($44.48 in chips)
Seat 2: jl45259071 ($167.43 in chips)
BigYelloFish: posts small blind $1
jl45259071: posts big blind $3
*** HOLE CARDS ***
BigYelloFish: raises $3 to $6
jl45259071: calls $3
*** FLOP *** [6h Ac 5c]
jl45259071: checks
BigYelloFish: bets $3
jl45259071: calls $3
*** TURN *** [6h Ac 5c] [Ks]
jl45259071: checks
BigYelloFish: checks
*** RIVER *** [6h Ac 5c Ks] [Qc]
jl45259071: checks
BigYelloFish: checks
*** SHOW DOWN ***
jl45259071: shows [Ts 5h] (a pair of Fives)
BigYelloFish: shows [6s 8s] (a pair of Sixes)
BigYelloFish collected $17.64 from pot
*** SUMMARY ***
Total pot $18 | Rake $0.36
Board [6h Ac 5c Ks Qc]
Seat 1: BigYelloFish (button) (small blind) showed [6s 8s] and won ($17.64) with a pair of Sixes
Seat 2: jl45259071 (big blind) showed [Ts 5h] and lost with a pair of Fives


PokerStars Hand #144859428584:  Hold'em Limit ($3/$6 USD) - 2015/12/05 10:11:03 ET
Table 'Bahner' 2-max Seat #2 is the button
Seat 1: BigYelloFish ($53.12 in chips)
Seat 2: jl45259071 ($158.43 in chips)
jl45259071: posts small blind $1
BigYelloFish: posts big blind $3
*** HOLE CARDS ***
jl45259071: calls $2
BigYelloFish: raises $3 to $6
jl45259071: calls $3
*** FLOP *** [Jd Js 7d]
BigYelloFish: bets $3
jl45259071: folds
Uncalled bet ($3) returned to BigYelloFish
BigYelloFish collected $11.76 from pot
BigYelloFish: doesn't show hand
*** SUMMARY ***
Total pot $12 | Rake $0.24
Board [Jd Js 7d]
Seat 1: BigYelloFish (big blind) collected ($11.76)
Seat 2: jl45259071 (button) (small blind) folded on the Flop


PokerStars Hand #144859437069:  Hold'em Limit ($3/$6 USD) - 2015/12/05 10:11:15 ET
Table 'Bahner' 2-max Seat #1 is the button
Seat 1: BigYelloFish ($58.88 in chips)
Seat 2: jl45259071 ($152.43 in chips)
BigYelloFish: posts small blind $1
jl45259071: posts big blind $3
*** HOLE CARDS ***
BigYelloFish: raises $3 to $6
jl45259071: calls $3
*** FLOP *** [Qd 8d 5c]
jl45259071: checks
BigYelloFish: bets $3
jl45259071: calls $3
*** TURN *** [Qd 8d 5c] [Qc]
jl45259071: checks
BigYelloFish: bets $6
jl45259071: calls $6
*** RIVER *** [Qd 8d 5c Qc] [7d]
jl45259071: checks
BigYelloFish: bets $6
jl45259071: folds
Uncalled bet ($6) returned to BigYelloFish
BigYelloFish collected $29.50 from pot
BigYelloFish: doesn't show hand
*** SUMMARY ***
Total pot $30 | Rake $0.50
Board [Qd 8d 5c Qc 7d]
Seat 1: BigYelloFish (button) (small blind) collected ($29.50)
Seat 2: jl45259071 (big blind) folded on the River


PokerStars Hand #144859450195:  Hold'em Limit ($3/$6 USD) - 2015/12/05 10:11:32 ET
Table 'Bahner' 2-max Seat #2 is the button
Seat 1: BigYelloFish ($73.38 in chips)
Seat 2: jl45259071 ($137.43 in chips)
jl45259071: posts small blind $1
BigYelloFish: posts big blind $3
*** HOLE CARDS ***
jl45259071: raises $3 to $6
BigYelloFish: calls $3
*** FLOP *** [7h 6h 4d]
BigYelloFish: checks
jl45259071: bets $3
BigYelloFish: raises $3 to $6
jl45259071: calls $3
*** TURN *** [7h 6h 4d] [4s]
BigYelloFish: bets $6
jl45259071: calls $6
*** RIVER *** [7h 6h 4d 4s] [Kc]
BigYelloFish: checks
jl45259071: bets $6
BigYelloFish: calls $6
*** SHOW DOWN ***
jl45259071: shows [As 7s] (two pair, Sevens and Fours)
BigYelloFish: mucks hand
jl45259071 collected $47.50 from pot
*** SUMMARY ***
Total pot $48 | Rake $0.50
Board [7h 6h 4d 4s Kc]
Seat 1: BigYelloFish (big blind) mucked
Seat 2: jl45259071 (button) (small blind) showed [As 7s] and won ($47.50) with two pair, Sevens and Fours


PokerStars Hand #144859488626:  Hold'em Limit ($3/$6 USD) - 2015/12/05 10:12:24 ET
Table 'Bahner' 2-max Seat #1 is the button
Seat 1: BigYelloFish ($48.88 in chips)
Seat 2: jl45259071 ($160.43 in chips)
BigYelloFish: posts small blind $1
jl45259071: posts big blind $3
*** HOLE CARDS ***
BigYelloFish: raises $3 to $6
jl45259071: raises $3 to $9
BigYelloFish: calls $3
*** FLOP *** [9c Ts Qd]
jl45259071: bets $3
BigYelloFish: folds
Uncalled bet ($3) returned to jl45259071
jl45259071 collected $17.64 from pot
jl45259071: doesn't show hand
*** SUMMARY ***
Total pot $18 | Rake $0.36
Board [9c Ts Qd]
Seat 1: BigYelloFish (button) (small blind) folded on the Flop
Seat 2: jl45259071 (big blind) collected ($17.64)


PokerStars Hand #144859511542:  Hold'em Limit ($3/$6 USD) - 2015/12/05 10:12:55 ET
Table 'Bahner' 2-max Seat #1 is the button
Seat 1: BigYelloFish ($54.38 in chips)
Seat 2: jl45259071 ($154.07 in chips)
BigYelloFish: posts small blind $1
jl45259071: posts big blind $3
*** HOLE CARDS ***
BigYelloFish: raises $3 to $6
jl45259071: calls $3
*** FLOP *** [9h 2s Ah]
jl45259071: checks
BigYelloFish: bets $3
jl45259071: folds
Uncalled bet ($3) returned to BigYelloFish
BigYelloFish collected $11.76 from pot
BigYelloFish: doesn't show hand
*** SUMMARY ***
Total pot $12 | Rake $0.24
Board [9h 2s Ah]
Seat 1: BigYelloFish (button) (small blind) collected ($11.76)
Seat 2: jl45259071 (big blind) folded on the Flop


PokerStars Hand #144859520350:  Hold'em Limit ($3/$6 USD) - 2015/12/05 10:13:07 ET
Table 'Bahner' 2-max Seat #2 is the button
Seat 1: BigYelloFish ($60.14 in chips)
Seat 2: jl45259071 ($148.07 in chips)
jl45259071: posts small blind $1
BigYelloFish: posts big blind $3
*** HOLE CARDS ***
jl45259071: raises $3 to $6
BigYelloFish: calls $3
*** FLOP *** [4c 7d 5h]
BigYelloFish: checks
jl45259071: bets $3
BigYelloFish: calls $3
*** TURN *** [4c 7d 5h] [Js]
BigYelloFish: checks
jl45259071: checks
*** RIVER *** [4c 7d 5h Js] [3d]
BigYelloFish: bets $6
jl45259071: raises $6 to $12
BigYelloFish: calls $6
*** SHOW DOWN ***
jl45259071: shows [6h As] (a straight, Three to Seven)
BigYelloFish: mucks hand
jl45259071 collected $41.50 from pot
*** SUMMARY ***
Total pot $42 | Rake $0.50
Board [4c 7d 5h Js 3d]
Seat 1: BigYelloFish (big blind) mucked
Seat 2: jl45259071 (button) (small blind) showed [6h As] and won ($41.50) with a straight, Three to Seven


PokerStars Hand #144859532352:  Hold'em Limit ($3/$6 USD) - 2015/12/05 10:13:23 ET
Table 'Bahner' 2-max Seat #1 is the button
Seat 1: BigYelloFish ($39.14 in chips)
Seat 2: jl45259071 ($168.57 in chips)
BigYelloFish: posts small blind $1
jl45259071: posts big blind $3
*** HOLE CARDS ***
BigYelloFish: raises $3 to $6
jl45259071: raises $3 to $9
BigYelloFish: calls $3
*** FLOP *** [8s Js 4c]
jl45259071: bets $3
BigYelloFish: folds
Uncalled bet ($3) returned to jl45259071
jl45259071 collected $17.64 from pot
jl45259071: doesn't show hand
*** SUMMARY ***
Total pot $18 | Rake $0.36
Board [8s Js 4c]
Seat 1: BigYelloFish (button) (small blind) folded on the Flop
Seat 2: jl45259071 (big blind) collected ($17.64)


PokerStars Hand #144859539300:  Hold'em Limit ($3/$6 USD) - 2015/12/05 10:13:33 ET
Table 'Bahner' 2-max Seat #2 is the button
Seat 1: BigYelloFish ($30.14 in chips)
Seat 2: jl45259071 ($177.21 in chips)
jl45259071: posts small blind $1
BigYelloFish: posts big blind $3
*** HOLE CARDS ***
jl45259071: calls $2
BigYelloFish: checks
*** FLOP *** [2s 7d 3d]
BigYelloFish: checks
jl45259071: bets $3
BigYelloFish: calls $3
*** TURN *** [2s 7d 3d] [6c]
BigYelloFish: checks
jl45259071: checks
*** RIVER *** [2s 7d 3d 6c] [Qs]
BigYelloFish: checks
jl45259071: bets $6
BigYelloFish: calls $6
*** SHOW DOWN ***
jl45259071: shows [Qc 9h] (a pair of Queens)
BigYelloFish: mucks hand
jl45259071 collected $23.52 from pot
*** SUMMARY ***
Total pot $24 | Rake $0.48
Board [2s 7d 3d 6c Qs]
Seat 1: BigYelloFish (big blind) mucked
Seat 2: jl45259071 (button) (small blind) showed [Qc 9h] and won ($23.52) with a pair of Queens


PokerStars Hand #144859550257:  Hold'em Limit ($3/$6 USD) - 2015/12/05 10:13:48 ET
Table 'Bahner' 2-max Seat #1 is the button
Seat 1: BigYelloFish ($18.14 in chips)
Seat 2: jl45259071 ($188.73 in chips)
BigYelloFish: posts small blind $1
jl45259071: posts big blind $3
*** HOLE CARDS ***
BigYelloFish: raises $3 to $6
jl45259071: calls $3
*** FLOP *** [As Ts Ad]
jl45259071: checks
BigYelloFish: bets $3
jl45259071: calls $3
*** TURN *** [As Ts Ad] [7h]
jl45259071: checks
BigYelloFish: bets $6
jl45259071: folds
Uncalled bet ($6) returned to BigYelloFish
BigYelloFish collected $17.64 from pot
BigYelloFish: doesn't show hand
*** SUMMARY ***
Total pot $18 | Rake $0.36
Board [As Ts Ad 7h]
Seat 1: BigYelloFish (button) (small blind) collected ($17.64)
Seat 2: jl45259071 (big blind) folded on the Turn


PokerStars Hand #144859568192:  Hold'em Limit ($3/$6 USD) - 2015/12/05 10:14:12 ET
Table 'Bahner' 2-max Seat #1 is the button
Seat 1: BigYelloFish ($17.78 in chips)
Seat 2: jl45259071 ($188.37 in chips)
BigYelloFish: posts small blind $1
jl45259071: posts big blind $3
*** HOLE CARDS ***
BigYelloFish: folds
Uncalled bet ($2) returned to jl45259071
jl45259071 collected $2 from pot
jl45259071: doesn't show hand
*** SUMMARY ***
Total pot $2 | Rake $0
Seat 1: BigYelloFish (button) (small blind) folded before Flop
Seat 2: jl45259071 (big blind) collected ($2)


PokerStars Hand #144859559454:  Hold'em Limit ($3/$6 USD) - 2015/12/05 10:14:00 ET
Table 'Bahner' 2-max Seat #2 is the button
Seat 1: BigYelloFish ($26.78 in chips)
Seat 2: jl45259071 ($179.73 in chips)
jl45259071: posts small blind $1
BigYelloFish: posts big blind $3
*** HOLE CARDS ***
jl45259071: raises $3 to $6
BigYelloFish: calls $3
*** FLOP *** [7c 5d Jd]
BigYelloFish: checks
jl45259071: bets $3
BigYelloFish: calls $3
*** TURN *** [7c 5d Jd] [Jc]
BigYelloFish: checks
jl45259071: bets $6
BigYelloFish: folds
Uncalled bet ($6) returned to jl45259071
jl45259071 collected $17.64 from pot
jl45259071: doesn't show hand
*** SUMMARY ***
Total pot $18 | Rake $0.36
Board [7c 5d Jd Jc]
Seat 1: BigYelloFish (big blind) folded on the Turn
Seat 2: jl45259071 (button) (small blind) collected ($17.64)


PokerStars Hand #144859572224:  Hold'em Limit ($3/$6 USD) - 2015/12/05 10:14:17 ET
Table 'Bahner' 2-max Seat #2 is the button
Seat 1: BigYelloFish ($76.78 in chips)
Seat 2: jl45259071 ($189.37 in chips)
jl45259071: posts small blind $1
BigYelloFish: posts big blind $3
*** HOLE CARDS ***
jl45259071: calls $2
BigYelloFish: checks
*** FLOP *** [Ac Ks Jh]
BigYelloFish: checks
jl45259071: checks
*** TURN *** [Ac Ks Jh] [6h]
BigYelloFish: checks
jl45259071: bets $6
BigYelloFish: folds
Uncalled bet ($6) returned to jl45259071
jl45259071 collected $5.88 from pot
*** SUMMARY ***
Total pot $6 | Rake $0.12
Board [Ac Ks Jh 6h]
Seat 1: BigYelloFish (big blind) folded on the Turn
Seat 2: jl45259071 (button) (small blind) collected ($5.88)


PokerStars Hand #144859581590:  Hold'em Limit ($3/$6 USD) - 2015/12/05 10:14:30 ET
Table 'Bahner' 2-max Seat #1 is the button
Seat 1: BigYelloFish ($73.78 in chips)
Seat 2: jl45259071 ($192.25 in chips)
BigYelloFish: posts small blind $1
jl45259071: posts big blind $3
*** HOLE CARDS ***
BigYelloFish: raises $3 to $6
jl45259071: calls $3
*** FLOP *** [5s Qh 9h]
jl45259071: checks
BigYelloFish: bets $3
jl45259071: calls $3
*** TURN *** [5s Qh 9h] [Th]
jl45259071: checks
BigYelloFish: bets $6
jl45259071: calls $6
*** RIVER *** [5s Qh 9h Th] [6c]
jl45259071: checks
BigYelloFish: bets $6
jl45259071: calls $6
*** SHOW DOWN ***
BigYelloFish: shows [Kc Tc] (a pair of Tens)
jl45259071: mucks hand
BigYelloFish collected $41.50 from pot
*** SUMMARY ***
Total pot $42 | Rake $0.50
Board [5s Qh 9h Th 6c]
Seat 1: BigYelloFish (button) (small blind) showed [Kc Tc] and won ($41.50) with a pair of Tens
Seat 2: jl45259071 (big blind) mucked


PokerStars Hand #144859595458:  Hold'em Limit ($3/$6 USD) - 2015/12/05 10:14:48 ET
Table 'Bahner' 2-max Seat #2 is the button
Seat 1: BigYelloFish ($94.28 in chips)
Seat 2: jl45259071 ($171.25 in chips)
jl45259071: posts small blind $1
BigYelloFish: posts big blind $3
*** HOLE CARDS ***
jl45259071: calls $2
BigYelloFish: checks
*** FLOP *** [Ad 2s 2c]
BigYelloFish: checks
jl45259071: bets $3
BigYelloFish: calls $3
*** TURN *** [Ad 2s 2c] [8s]
BigYelloFish: checks
jl45259071: checks
*** RIVER *** [Ad 2s 2c 8s] [9d]
BigYelloFish: bets $6
jl45259071: folds
Uncalled bet ($6) returned to BigYelloFish
BigYelloFish collected $11.76 from pot
BigYelloFish: doesn't show hand
*** SUMMARY ***
Total pot $12 | Rake $0.24
Board [Ad 2s 2c 8s 9d]
Seat 1: BigYelloFish (big blind) collected ($11.76)
Seat 2: jl45259071 (button) (small blind) folded on the River


PokerStars Hand #144859606306:  Hold'em Limit ($3/$6 USD) - 2015/12/05 10:15:03 ET
Table 'Bahner' 2-max Seat #1 is the button
Seat 1: BigYelloFish ($100.04 in chips)
Seat 2: jl45259071 ($165.25 in chips)
BigYelloFish: posts small blind $1
jl45259071: posts big blind $3
*** HOLE CARDS ***
BigYelloFish: calls $2
jl45259071: checks
*** FLOP *** [6c 9d 8c]
jl45259071: bets $3
BigYelloFish: calls $3
*** TURN *** [6c 9d 8c] [5c]
jl45259071: bets $6
BigYelloFish: folds
Uncalled bet ($6) returned to jl45259071
jl45259071 collected $11.76 from pot
jl45259071: doesn't show hand
*** SUMMARY ***
Total pot $12 | Rake $0.24
Board [6c 9d 8c 5c]
Seat 1: BigYelloFish (button) (small blind) folded on the Turn
Seat 2: jl45259071 (big blind) collected ($11.76)


PokerStars Hand #144859615306:  Hold'em Limit ($3/$6 USD) - 2015/12/05 10:15:15 ET
Table 'Bahner' 2-max Seat #2 is the button
Seat 1: BigYelloFish ($94.04 in chips)
Seat 2: jl45259071 ($171.01 in chips)
jl45259071: posts small blind $1
BigYelloFish: posts big blind $3
*** HOLE CARDS ***
jl45259071: raises $3 to $6
BigYelloFish: calls $3
*** FLOP *** [Ts 2h Jc]
BigYelloFish: checks
jl45259071: bets $3
BigYelloFish: folds
Uncalled bet ($3) returned to jl45259071
jl45259071 collected $11.76 from pot
jl45259071: doesn't show hand
*** SUMMARY ***
Total pot $12 | Rake $0.24
Board [Ts 2h Jc]
Seat 1: BigYelloFish (big blind) folded on the Flop
Seat 2: jl45259071 (button) (small blind) collected ($11.76)


PokerStars Hand #144859621324:  Hold'em Limit ($3/$6 USD) - 2015/12/05 10:15:23 ET
Table 'Bahner' 2-max Seat #1 is the button
Seat 1: BigYelloFish ($88.04 in chips)
Seat 2: jl45259071 ($176.77 in chips)
BigYelloFish: posts small blind $1
jl45259071: posts big blind $3
*** HOLE CARDS ***
BigYelloFish: raises $3 to $6
jl45259071: calls $3
*** FLOP *** [8h Kh 9d]
jl45259071: bets $3
BigYelloFish: folds
Uncalled bet ($3) returned to jl45259071
jl45259071 collected $11.76 from pot
jl45259071: doesn't show hand
*** SUMMARY ***
Total pot $12 | Rake $0.24
Board [8h Kh 9d]
Seat 1: BigYelloFish (button) (small blind) folded on the Flop
Seat 2: jl45259071 (big blind) collected ($11.76)


PokerStars Hand #144859628893:  Hold'em Limit ($3/$6 USD) - 2015/12/05 10:15:33 ET
Table 'Bahner' 2-max Seat #2 is the button
Seat 1: BigYelloFish ($82.04 in chips)
Seat 2: jl45259071 ($182.53 in chips)
jl45259071: posts small blind $1
BigYelloFish: posts big blind $3
*** HOLE CARDS ***
jl45259071: calls $2
BigYelloFish: checks
*** FLOP *** [3c 9c Qc]
BigYelloFish: checks
jl45259071: bets $3
BigYelloFish: calls $3
*** TURN *** [3c 9c Qc] [Js]
BigYelloFish: checks
jl45259071: checks
*** RIVER *** [3c 9c Qc Js] [4c]
BigYelloFish: checks
jl45259071: checks
*** SHOW DOWN ***
BigYelloFish: shows [2c Qh] (a flush, Queen high)
jl45259071: mucks hand
BigYelloFish collected $11.76 from pot
*** SUMMARY ***
Total pot $12 | Rake $0.24
Board [3c 9c Qc Js 4c]
Seat 1: BigYelloFish (big blind) showed [2c Qh] and won ($11.76) with a flush, Queen high
Seat 2: jl45259071 (button) (small blind) mucked


PokerStars Hand #144859665755:  Hold'em Limit ($3/$6 USD) - 2015/12/05 10:16:24 ET
Table 'Bahner' 2-max Seat #1 is the button
Seat 1: BigYelloFish ($116.94 in chips)
Seat 2: jl45259071 ($146.53 in chips)
BigYelloFish: posts small blind $1
jl45259071: posts big blind $3
*** HOLE CARDS ***
BigYelloFish: raises $3 to $6
jl45259071: calls $3
*** FLOP *** [6d 9h 5c]
jl45259071: checks
BigYelloFish: checks
*** TURN *** [6d 9h 5c] [Ah]
jl45259071: bets $6
BigYelloFish: calls $6
*** RIVER *** [6d 9h 5c Ah] [9s]
jl45259071: checks
BigYelloFish: checks
*** SHOW DOWN ***
jl45259071: shows [Ks 8c] (a pair of Nines)
BigYelloFish: shows [Jh Kh] (a pair of Nines - Ace+King+Jack kicker)
BigYelloFish collected $23.52 from pot
*** SUMMARY ***
Total pot $24 | Rake $0.48
Board [6d 9h 5c Ah 9s]
Seat 1: BigYelloFish (button) (small blind) showed [Jh Kh] and won ($23.52) with a pair of Nines
Seat 2: jl45259071 (big blind) showed [Ks 8c] and lost with a pair of Nines


PokerStars Hand #144859676465:  Hold'em Limit ($3/$6 USD) - 2015/12/05 10:16:38 ET
Table 'Bahner' 2-max Seat #2 is the button
Seat 1: BigYelloFish ($128.46 in chips)
Seat 2: jl45259071 ($134.53 in chips)
jl45259071: posts small blind $1
BigYelloFish: posts big blind $3
*** HOLE CARDS ***
jl45259071: calls $2
BigYelloFish: checks
*** FLOP *** [2s 6c Ah]
BigYelloFish: checks
jl45259071: bets $3
BigYelloFish: raises $3 to $6
jl45259071: calls $3
*** TURN *** [2s 6c Ah] [7s]
BigYelloFish: bets $6
jl45259071: calls $6
*** RIVER *** [2s 6c Ah 7s] [8d]
BigYelloFish: bets $6
jl45259071: folds
Uncalled bet ($6) returned to BigYelloFish
BigYelloFish collected $29.50 from pot
BigYelloFish: doesn't show hand
*** SUMMARY ***
Total pot $30 | Rake $0.50
Board [2s 6c Ah 7s 8d]
Seat 1: BigYelloFish (big blind) collected ($29.50)
Seat 2: jl45259071 (button) (small blind) folded on the River


PokerStars Hand #144859687618:  Hold'em Limit ($3/$6 USD) - 2015/12/05 10:16:53 ET
Table 'Bahner' 2-max Seat #1 is the button
Seat 1: BigYelloFish ($142.96 in chips)
Seat 2: jl45259071 ($119.53 in chips)
BigYelloFish: posts small blind $1
jl45259071: posts big blind $3
*** HOLE CARDS ***
BigYelloFish: raises $3 to $6
jl45259071: calls $3
*** FLOP *** [6s Tc 3h]
jl45259071: checks
BigYelloFish: checks
*** TURN *** [6s Tc 3h] [2h]
jl45259071: bets $6
BigYelloFish: folds
Uncalled bet ($6) returned to jl45259071
jl45259071 collected $11.76 from pot
*** SUMMARY ***
Total pot $12 | Rake $0.24
Board [6s Tc 3h 2h]
Seat 1: BigYelloFish (button) (small blind) folded on the Turn
Seat 2: jl45259071 (big blind) collected ($11.76)


PokerStars Hand #144859654868:  Hold'em Limit ($3/$6 USD) - 2015/12/05 10:16:09 ET
Table 'Bahner' 2-max Seat #2 is the button
Seat 1: BigYelloFish ($108.30 in chips)
Seat 2: jl45259071 ($155.53 in chips)
jl45259071: posts small blind $1
BigYelloFish: posts big blind $3
*** HOLE CARDS ***
jl45259071: raises $3 to $6
BigYelloFish: calls $3
*** FLOP *** [2c 5s Qs]
BigYelloFish: checks
jl45259071: bets $3
BigYelloFish: calls $3
*** TURN *** [2c 5s Qs] [7d]
BigYelloFish: checks
jl45259071: checks
*** RIVER *** [2c 5s Qs 7d] [Ah]
BigYelloFish: bets $6
jl45259071: folds
Uncalled bet ($6) returned to BigYelloFish
BigYelloFish collected $17.64 from pot
BigYelloFish: doesn't show hand
*** SUMMARY ***
Total pot $18 | Rake $0.36
Board [2c 5s Qs 7d Ah]
Seat 1: BigYelloFish (big blind) collected ($17.64)
Seat 2: jl45259071 (button) (small blind) folded on the River


PokerStars Hand #144859709609:  Hold'em Limit ($3/$6 USD) - 2015/12/05 10:17:23 ET
Table 'Bahner' 2-max Seat #1 is the button
Seat 1: BigYelloFish ($124.96 in chips)
Seat 2: jl45259071 ($136.81 in chips)
BigYelloFish: posts small blind $1
jl45259071: posts big blind $3
*** HOLE CARDS ***
BigYelloFish: raises $3 to $6
jl45259071: calls $3
*** FLOP *** [Ah 4h 5d]
jl45259071: checks
BigYelloFish: bets $3
jl45259071: calls $3
*** TURN *** [Ah 4h 5d] [Ts]
jl45259071: checks
BigYelloFish: bets $6
jl45259071: calls $6
*** RIVER *** [Ah 4h 5d Ts] [9s]
jl45259071: checks
BigYelloFish: bets $6
jl45259071: calls $6
*** SHOW DOWN ***
BigYelloFish: shows [8h 3h] (high card Ace)
jl45259071: shows [3d Ad] (a pair of Aces)
jl45259071 collected $41.50 from pot
*** SUMMARY ***
Total pot $42 | Rake $0.50
Board [Ah 4h 5d Ts 9s]
Seat 1: BigYelloFish (button) (small blind) showed [8h 3h] and lost with high card Ace
Seat 2: jl45259071 (big blind) showed [3d Ad] and won ($41.50) with a pair of Aces


PokerStars Hand #144859720388:  Hold'em Limit ($3/$6 USD) - 2015/12/05 10:17:38 ET
Table 'Bahner' 2-max Seat #2 is the button
Seat 1: BigYelloFish ($103.96 in chips)
Seat 2: jl45259071 ($157.31 in chips)
jl45259071: posts small blind $1
BigYelloFish: posts big blind $3
*** HOLE CARDS ***
jl45259071: calls $2
BigYelloFish: raises $3 to $6
jl45259071: calls $3
*** FLOP *** [Kh 3h 3s]
BigYelloFish: bets $3
jl45259071: calls $3
*** TURN *** [Kh 3h 3s] [4h]
BigYelloFish: bets $6
jl45259071: folds
Uncalled bet ($6) returned to BigYelloFish
BigYelloFish collected $17.64 from pot
BigYelloFish: doesn't show hand
*** SUMMARY ***
Total pot $18 | Rake $0.36
Board [Kh 3h 3s 4h]
Seat 1: BigYelloFish (big blind) collected ($17.64)
Seat 2: jl45259071 (button) (small blind) folded on the Turn


PokerStars Hand #144859698748:  Hold'em Limit ($3/$6 USD) - 2015/12/05 10:17:08 ET
Table 'Bahner' 2-max Seat #2 is the button
Seat 1: BigYelloFish ($136.96 in chips)
Seat 2: jl45259071 ($125.29 in chips)
jl45259071: posts small blind $1
BigYelloFish: posts big blind $3
*** HOLE CARDS ***
jl45259071: calls $2
BigYelloFish: checks
*** FLOP *** [6d Jh 8d]
BigYelloFish: checks
jl45259071: bets $3
BigYelloFish: calls $3
*** TURN *** [6d Jh 8d] [Tc]
BigYelloFish: checks
jl45259071: checks
*** RIVER *** [6d Jh 8d Tc] [As]
BigYelloFish: checks
jl45259071: bets $6
BigYelloFish: calls $6
*** SHOW DOWN ***
jl45259071: shows [7h Ad] (a pair of Aces)
BigYelloFish: mucks hand
jl45259071 collected $23.52 from pot
*** SUMMARY ***
Total pot $24 | Rake $0.48
Board [6d Jh 8d Tc As]
Seat 1: BigYelloFish (big blind) mucked
Seat 2: jl45259071 (button) (small blind) showed [7h Ad] and won ($23.52) with a pair of Aces


PokerStars Hand #144859728967:  Hold'em Limit ($3/$6 USD) - 2015/12/05 10:17:49 ET
Table 'Bahner' 2-max Seat #1 is the button
Seat 1: BigYelloFish ($112.60 in chips)
Seat 2: jl45259071 ($148.31 in chips)
BigYelloFish: posts small blind $1
jl45259071: posts big blind $3
*** HOLE CARDS ***
BigYelloFish: raises $3 to $6
jl45259071: calls $3
*** FLOP *** [2d 5c As]
jl45259071: checks
BigYelloFish: bets $3
jl45259071: calls $3
*** TURN *** [2d 5c As] [Th]
jl45259071: checks
BigYelloFish: bets $6
jl45259071: folds
Uncalled bet ($6) returned to BigYelloFish
BigYelloFish collected $17.64 from pot
BigYelloFish: doesn't show hand
*** SUMMARY ***
Total pot $18 | Rake $0.36
Board [2d 5c As Th]
Seat 1: BigYelloFish (button) (small blind) collected ($17.64)
Seat 2: jl45259071 (big blind) folded on the Turn


PokerStars Hand #144859761836:  Hold'em Limit ($3/$6 USD) - 2015/12/05 10:18:34 ET
Table 'Bahner' 2-max Seat #2 is the button
Seat 1: BigYelloFish ($126.88 in chips)
Seat 2: jl45259071 ($133.19 in chips)
jl45259071: posts small blind $1
BigYelloFish: posts big blind $3
*** HOLE CARDS ***
jl45259071: raises $3 to $6
BigYelloFish: raises $3 to $9
jl45259071: raises $3 to $12
Betting is capped
BigYelloFish: calls $3
*** FLOP *** [4d 4c Ad]
BigYelloFish: checks
jl45259071: bets $3
BigYelloFish: calls $3
*** TURN *** [4d 4c Ad] [4h]
BigYelloFish: checks
jl45259071: bets $6
BigYelloFish: raises $6 to $12
jl45259071: calls $6
*** RIVER *** [4d 4c Ad 4h] [5d]
BigYelloFish: bets $6
jl45259071: calls $6
*** SHOW DOWN ***
BigYelloFish: shows [Ks Ah] (a full house, Fours full of Aces)
jl45259071: mucks hand
BigYelloFish collected $65.50 from pot
*** SUMMARY ***
Total pot $66 | Rake $0.50
Board [4d 4c Ad 4h 5d]
Seat 1: BigYelloFish (big blind) showed [Ks Ah] and won ($65.50) with a full house, Fours full of Aces
Seat 2: jl45259071 (button) (small blind) mucked


PokerStars Hand #144859775083:  Hold'em Limit ($3/$6 USD) - 2015/12/05 10:18:52 ET
Table 'Bahner' 2-max Seat #1 is the button
Seat 1: BigYelloFish ($159.38 in chips)
Seat 2: jl45259071 ($100.19 in chips)
BigYelloFish: posts small blind $1
jl45259071: posts big blind $3
*** HOLE CARDS ***
BigYelloFish: calls $2
jl45259071: checks
*** FLOP *** [7s Kh 8c]
jl45259071: checks
BigYelloFish: bets $3
jl45259071: calls $3
*** TURN *** [7s Kh 8c] [Td]
jl45259071: checks
BigYelloFish: checks
*** RIVER *** [7s Kh 8c Td] [5c]
jl45259071: bets $6
BigYelloFish: calls $6
*** SHOW DOWN ***
jl45259071: shows [7c As] (a pair of Sevens)
BigYelloFish: shows [3s 8s] (a pair of Eights)
BigYelloFish collected $23.52 from pot
*** SUMMARY ***
Total pot $24 | Rake $0.48
Board [7s Kh 8c Td 5c]
Seat 1: BigYelloFish (button) (small blind) showed [3s 8s] and won ($23.52) with a pair of Eights
Seat 2: jl45259071 (big blind) showed [7c As] and lost with a pair of Sevens


PokerStars Hand #144859747109:  Hold'em Limit ($3/$6 USD) - 2015/12/05 10:18:14 ET
Table 'Bahner' 2-max Seat #1 is the button
Seat 1: BigYelloFish ($118.24 in chips)
Seat 2: jl45259071 ($142.19 in chips)
BigYelloFish: posts small blind $1
jl45259071: posts big blind $3
*** HOLE CARDS ***
BigYelloFish: raises $3 to $6
jl45259071: calls $3
*** FLOP *** [3d 7d Ks]
jl45259071: bets $3
BigYelloFish: calls $3
*** TURN *** [3d 7d Ks] [Qh]
jl45259071: checks
BigYelloFish: checks
*** RIVER *** [3d 7d Ks Qh] [Kd]
jl45259071: checks
BigYelloFish: checks
*** SHOW DOWN ***
jl45259071: shows [Tc 6c] (a pair of Kings)
BigYelloFish: shows [Ah 8h] (a pair of Kings - Ace kicker)
BigYelloFish collected $17.64 from pot
*** SUMMARY ***
Total pot $18 | Rake $0.36
Board [3d 7d Ks Qh Kd]
Seat 1: BigYelloFish (button) (small blind) showed [Ah 8h] and won ($17.64) with a pair of Kings
Seat 2: jl45259071 (big blind) showed [Tc 6c] and lost with a pair of Kings


PokerStars Hand #144859740068:  Hold'em Limit ($3/$6 USD) - 2015/12/05 10:18:04 ET
Table 'Bahner' 2-max Seat #2 is the button
Seat 1: BigYelloFish ($121.24 in chips)
Seat 2: jl45259071 ($139.31 in chips)
jl45259071: posts small blind $1
BigYelloFish: posts big blind $3
*** HOLE CARDS ***
jl45259071: calls $2
BigYelloFish: checks
*** FLOP *** [8s 5c 9s]
BigYelloFish: checks
jl45259071: bets $3
BigYelloFish: folds
Uncalled bet ($3) returned to jl45259071
jl45259071 collected $5.88 from pot
*** SUMMARY ***
Total pot $6 | Rake $0.12
Board [8s 5c 9s]
Seat 1: BigYelloFish (big blind) folded on the Flop
Seat 2: jl45259071 (button) (small blind) collected ($5.88)


PokerStars Hand #144859824330:  Hold'em Limit ($3/$6 USD) - 2015/12/05 10:19:59 ET
Table 'Bahner' 2-max Seat #1 is the button
Seat 1: BigYelloFish ($134.78 in chips)
Seat 2: jl45259071 ($123.19 in chips)
BigYelloFish: posts small blind $1
jl45259071: posts big blind $3
*** HOLE CARDS ***
BigYelloFish: raises $3 to $6
jl45259071: raises $3 to $9
BigYelloFish: calls $3
*** FLOP *** [Tc 8h Qh]
jl45259071: bets $3
BigYelloFish: calls $3
*** TURN *** [Tc 8h Qh] [7d]
jl45259071: bets $6
BigYelloFish: calls $6
*** RIVER *** [Tc 8h Qh 7d] [2c]
jl45259071: bets $6
BigYelloFish: calls $6
*** SHOW DOWN ***
jl45259071: shows [6h 6d] (a pair of Sixes)
BigYelloFish: shows [8c 4d] (a pair of Eights)
BigYelloFish collected $47.50 from pot
*** SUMMARY ***
Total pot $48 | Rake $0.50
Board [Tc 8h Qh 7d 2c]
Seat 1: BigYelloFish (button) (small blind) showed [8c 4d] and won ($47.50) with a pair of Eights
Seat 2: jl45259071 (big blind) showed [6h 6d] and lost with a pair of Sixes


PokerStars Hand #144859813457:  Hold'em Limit ($3/$6 USD) - 2015/12/05 10:19:44 ET
Table 'Bahner' 2-max Seat #2 is the button
Seat 1: BigYelloFish ($155.78 in chips)
Seat 2: jl45259071 ($102.69 in chips)
jl45259071: posts small blind $1
BigYelloFish: posts big blind $3
*** HOLE CARDS ***
jl45259071: calls $2
BigYelloFish: raises $3 to $6
jl45259071: calls $3
*** FLOP *** [Js 4s 6s]
BigYelloFish: bets $3
jl45259071: calls $3
*** TURN *** [Js 4s 6s] [2h]
BigYelloFish: bets $6
jl45259071: calls $6
*** RIVER *** [Js 4s 6s 2h] [Jd]
BigYelloFish: checks
jl45259071: bets $6
BigYelloFish: calls $6
*** SHOW DOWN ***
jl45259071: shows [6c Jc] (a full house, Jacks full of Sixes)
BigYelloFish: mucks hand
jl45259071 collected $41.50 from pot
*** SUMMARY ***
Total pot $42 | Rake $0.50
Board [Js 4s 6s 2h Jd]
Seat 1: BigYelloFish (big blind) mucked
Seat 2: jl45259071 (button) (small blind) showed [6c Jc] and won ($41.50) with a full house, Jacks full of Sixes


PokerStars Hand #144859809181:  Hold'em Limit ($3/$6 USD) - 2015/12/05 10:19:38 ET
Table 'Bahner' 2-max Seat #1 is the button
Seat 1: BigYelloFish ($156.78 in chips)
Seat 2: jl45259071 ($101.69 in chips)
BigYelloFish: posts small blind $1
jl45259071: posts big blind $3
*** HOLE CARDS ***
BigYelloFish: folds
Uncalled bet ($2) returned to jl45259071
jl45259071 collected $2 from pot
jl45259071: doesn't show hand
*** SUMMARY ***
Total pot $2 | Rake $0
Seat 1: BigYelloFish (button) (small blind) folded before Flop
Seat 2: jl45259071 (big blind) collected ($2)


PokerStars Hand #144859805299:  Hold'em Limit ($3/$6 USD) - 2015/12/05 10:19:33 ET
Table 'Bahner' 2-max Seat #2 is the button
Seat 1: BigYelloFish ($155.78 in chips)
Seat 2: jl45259071 ($102.69 in chips)
jl45259071: posts small blind $1
BigYelloFish: posts big blind $3
*** HOLE CARDS ***
jl45259071: folds
Uncalled bet ($2) returned to BigYelloFish
BigYelloFish collected $2 from pot
BigYelloFish: doesn't show hand
*** SUMMARY ***
Total pot $2 | Rake $0
Seat 1: BigYelloFish (big blind) collected ($2)
Seat 2: jl45259071 (button) (small blind) folded before Flop


PokerStars Hand #144859794778:  Hold'em Limit ($3/$6 USD) - 2015/12/05 10:19:18 ET
Table 'Bahner' 2-max Seat #1 is the button
Seat 1: BigYelloFish ($173.78 in chips)
Seat 2: jl45259071 ($85.19 in chips)
BigYelloFish: posts small blind $1
jl45259071: posts big blind $3
*** HOLE CARDS ***
BigYelloFish: raises $3 to $6
jl45259071: raises $3 to $9
BigYelloFish: calls $3
*** FLOP *** [4s 2d 7d]
jl45259071: bets $3
BigYelloFish: calls $3
*** TURN *** [4s 2d 7d] [Ks]
jl45259071: bets $6
BigYelloFish: calls $6
*** RIVER *** [4s 2d 7d Ks] [8c]
jl45259071: bets $6
BigYelloFish: folds
Uncalled bet ($6) returned to jl45259071
jl45259071 collected $35.50 from pot
jl45259071: doesn't show hand
*** SUMMARY ***
Total pot $36 | Rake $0.50
Board [4s 2d 7d Ks 8c]
Seat 1: BigYelloFish (button) (small blind) folded on the River
Seat 2: jl45259071 (big blind) collected ($35.50)


PokerStars Hand #144859786337:  Hold'em Limit ($3/$6 USD) - 2015/12/05 10:19:07 ET
Table 'Bahner' 2-max Seat #2 is the button
Seat 1: BigYelloFish ($170.90 in chips)
Seat 2: jl45259071 ($88.19 in chips)
jl45259071: posts small blind $1
BigYelloFish: posts big blind $3
*** HOLE CARDS ***
jl45259071: calls $2
BigYelloFish: checks
*** FLOP *** [7s Qs 8h]
BigYelloFish: checks
jl45259071: checks
*** TURN *** [7s Qs 8h] [5c]
BigYelloFish: bets $6
jl45259071: folds
Uncalled bet ($6) returned to BigYelloFish
BigYelloFish collected $5.88 from pot
BigYelloFish: doesn't show hand
*** SUMMARY ***
Total pot $6 | Rake $0.12
Board [7s Qs 8h 5c]
Seat 1: BigYelloFish (big blind) collected ($5.88)
Seat 2: jl45259071 (button) (small blind) folded on the Turn


PokerStars Hand #144859866019:  Hold'em Limit ($3/$6 USD) - 2015/12/05 10:20:55 ET
Table 'Bahner' 2-max Seat #1 is the button
Seat 1: BigYelloFish ($149.10 in chips)
Seat 2: jl45259071 ($107.65 in chips)
BigYelloFish: posts small blind $1
jl45259071: posts big blind $3
*** HOLE CARDS ***
BigYelloFish: raises $3 to $6
jl45259071: calls $3
*** FLOP *** [9d Tc 3h]
jl45259071: checks
BigYelloFish: bets $3
jl45259071: calls $3
*** TURN *** [9d Tc 3h] [4s]
jl45259071: checks
BigYelloFish: bets $6
jl45259071: calls $6
*** RIVER *** [9d Tc 3h 4s] [2s]
jl45259071: checks
BigYelloFish: bets $6
jl45259071: calls $6
*** SHOW DOWN ***
BigYelloFish: shows [Ts Ad] (a pair of Tens)
jl45259071: mucks hand
BigYelloFish collected $41.50 from pot
*** SUMMARY ***
Total pot $42 | Rake $0.50
Board [9d Tc 3h 4s 2s]
Seat 1: BigYelloFish (button) (small blind) showed [Ts Ad] and won ($41.50) with a pair of Tens
Seat 2: jl45259071 (big blind) mucked


PokerStars Hand #144859854112:  Hold'em Limit ($3/$6 USD) - 2015/12/05 10:20:39 ET
Table 'Bahner' 2-max Seat #2 is the button
Seat 1: BigYelloFish ($149.28 in chips)
Seat 2: jl45259071 ($107.83 in chips)
jl45259071: posts small blind $1
BigYelloFish: posts big blind $3
*** HOLE CARDS ***
jl45259071: raises $3 to $6
BigYelloFish: calls $3
*** FLOP *** [9d 7h 8s]
BigYelloFish: checks
jl45259071: bets $3
BigYelloFish: calls $3
*** TURN *** [9d 7h 8s] [Kc]
BigYelloFish: checks
jl45259071: checks
*** RIVER *** [9d 7h 8s Kc] [Th]
BigYelloFish: checks
jl45259071: checks
*** SHOW DOWN ***
BigYelloFish: shows [As 5h] (high card Ace)
jl45259071: shows [Ah 4d] (high card Ace)
BigYelloFish collected $8.82 from pot
jl45259071 collected $8.82 from pot
*** SUMMARY ***
Total pot $18 | Rake $0.36
Board [9d 7h 8s Kc Th]
Seat 1: BigYelloFish (big blind) showed [As 5h] and won ($8.82) with high card Ace
Seat 2: jl45259071 (button) (small blind) showed [Ah 4d] and won ($8.82) with high card Ace


PokerStars Hand #144859844433:  Hold'em Limit ($3/$6 USD) - 2015/12/05 10:20:26 ET
Table 'Bahner' 2-max Seat #1 is the button
Seat 1: BigYelloFish ($155.28 in chips)
Seat 2: jl45259071 ($102.07 in chips)
BigYelloFish: posts small blind $1
jl45259071: posts big blind $3
*** HOLE CARDS ***
BigYelloFish: calls $2
jl45259071: checks
*** FLOP *** [9c 8s 6s]
jl45259071: bets $3
BigYelloFish: calls $3
*** TURN *** [9c 8s 6s] [Td]
jl45259071: bets $6
BigYelloFish: folds
Uncalled bet ($6) returned to jl45259071
jl45259071 collected $11.76 from pot
jl45259071: doesn't show hand
*** SUMMARY ***
Total pot $12 | Rake $0.24
Board [9c 8s 6s Td]
Seat 1: BigYelloFish (button) (small blind) folded on the Turn
Seat 2: jl45259071 (big blind) collected ($11.76)


PokerStars Hand #144859837321:  Hold'em Limit ($3/$6 USD) - 2015/12/05 10:20:16 ET
Table 'Bahner' 2-max Seat #2 is the button
Seat 1: BigYelloFish ($158.28 in chips)
Seat 2: jl45259071 ($99.19 in chips)
jl45259071: posts small blind $1
BigYelloFish: posts big blind $3
*** HOLE CARDS ***
jl45259071: calls $2
BigYelloFish: checks
*** FLOP *** [Qh Kc 2h]
BigYelloFish: checks
jl45259071: bets $3
BigYelloFish: folds
Uncalled bet ($3) returned to jl45259071
jl45259071 collected $5.88 from pot
jl45259071: doesn't show hand
*** SUMMARY ***
Total pot $6 | Rake $0.12
Board [Qh Kc 2h]
Seat 1: BigYelloFish (big blind) folded on the Flop
Seat 2: jl45259071 (button) (small blind) collected ($5.88)


PokerStars Hand #144859912152:  Hold'em Limit ($3/$6 USD) - 2015/12/05 10:21:58 ET
Table 'Bahner' 2-max Seat #1 is the button
Seat 1: BigYelloFish ($183.86 in chips)
Seat 2: jl45259071 ($71.41 in chips)
BigYelloFish: posts small blind $1
jl45259071: posts big blind $3
*** HOLE CARDS ***
BigYelloFish: calls $2
jl45259071: checks
*** FLOP *** [6d Td Qh]
jl45259071: bets $3
BigYelloFish: folds
Uncalled bet ($3) returned to jl45259071
jl45259071 collected $5.88 from pot
jl45259071: doesn't show hand
*** SUMMARY ***
Total pot $6 | Rake $0.12
Board [6d Td Qh]
Seat 1: BigYelloFish (button) (small blind) folded on the Flop
Seat 2: jl45259071 (big blind) collected ($5.88)


PokerStars Hand #144859902466:  Hold'em Limit ($3/$6 USD) - 2015/12/05 10:21:45 ET
Table 'Bahner' 2-max Seat #2 is the button
Seat 1: BigYelloFish ($178.10 in chips)
Seat 2: jl45259071 ($77.41 in chips)
jl45259071: posts small blind $1
BigYelloFish: posts big blind $3
*** HOLE CARDS ***
jl45259071: calls $2
BigYelloFish: checks
*** FLOP *** [7d 8s 4c]
BigYelloFish: checks
jl45259071: bets $3
BigYelloFish: calls $3
*** TURN *** [7d 8s 4c] [4s]
BigYelloFish: checks
jl45259071: checks
*** RIVER *** [7d 8s 4c 4s] [2d]
BigYelloFish: bets $6
jl45259071: folds
Uncalled bet ($6) returned to BigYelloFish
BigYelloFish collected $11.76 from pot
BigYelloFish: doesn't show hand
*** SUMMARY ***
Total pot $12 | Rake $0.24
Board [7d 8s 4c 4s 2d]
Seat 1: BigYelloFish (big blind) collected ($11.76)
Seat 2: jl45259071 (button) (small blind) folded on the River


PokerStars Hand #144859889148:  Hold'em Limit ($3/$6 USD) - 2015/12/05 10:21:27 ET
Table 'Bahner' 2-max Seat #1 is the button
Seat 1: BigYelloFish ($163.60 in chips)
Seat 2: jl45259071 ($92.41 in chips)
BigYelloFish: posts small blind $1
jl45259071: posts big blind $3
*** HOLE CARDS ***
BigYelloFish: raises $3 to $6
jl45259071: calls $3
*** FLOP *** [4d 8d Ah]
jl45259071: bets $3
BigYelloFish: calls $3
*** TURN *** [4d 8d Ah] [Qh]
jl45259071: checks
BigYelloFish: bets $6
jl45259071: calls $6
*** RIVER *** [4d 8d Ah Qh] [Kc]
jl45259071: checks
BigYelloFish: bets $6
jl45259071: folds
Uncalled bet ($6) returned to BigYelloFish
BigYelloFish collected $29.50 from pot
BigYelloFish: doesn't show hand
*** SUMMARY ***
Total pot $30 | Rake $0.50
Board [4d 8d Ah Qh Kc]
Seat 1: BigYelloFish (button) (small blind) collected ($29.50)
Seat 2: jl45259071 (big blind) folded on the River


PokerStars Hand #144859879572:  Hold'em Limit ($3/$6 USD) - 2015/12/05 10:21:14 ET
Table 'Bahner' 2-max Seat #2 is the button
Seat 1: BigYelloFish ($169.60 in chips)
Seat 2: jl45259071 ($86.65 in chips)
jl45259071: posts small blind $1
BigYelloFish: posts big blind $3
*** HOLE CARDS ***
jl45259071: raises $3 to $6
BigYelloFish: calls $3
*** FLOP *** [8s 8h Ks]
BigYelloFish: checks
jl45259071: bets $3
BigYelloFish: folds
Uncalled bet ($3) returned to jl45259071
jl45259071 collected $11.76 from pot
jl45259071: doesn't show hand
*** SUMMARY ***
Total pot $12 | Rake $0.24
Board [8s 8h Ks]
Seat 1: BigYelloFish (big blind) folded on the Flop
Seat 2: jl45259071 (button) (small blind) collected ($11.76)


PokerStars Hand #144859940882:  Hold'em Limit ($3/$6 USD) - 2015/12/05 10:22:37 ET
Table 'Bahner' 2-max Seat #2 is the button
Seat 1: BigYelloFish ($186.50 in chips)
Seat 2: jl45259071 ($68.17 in chips)
jl45259071: posts small blind $1
BigYelloFish: posts big blind $3
*** HOLE CARDS ***
jl45259071: raises $3 to $6
BigYelloFish: calls $3
*** FLOP *** [6h 8h 5d]
BigYelloFish: checks
jl45259071: bets $3
BigYelloFish: calls $3
*** TURN *** [6h 8h 5d] [8c]
BigYelloFish: checks
jl45259071: bets $6
BigYelloFish: calls $6
*** RIVER *** [6h 8h 5d 8c] [As]
BigYelloFish: checks
jl45259071: bets $6
BigYelloFish: calls $6
*** SHOW DOWN ***
jl45259071: shows [8d 9d] (three of a kind, Eights)
BigYelloFish: mucks hand
jl45259071 collected $41.50 from pot
*** SUMMARY ***
Total pot $42 | Rake $0.50
Board [6h 8h 5d 8c As]
Seat 1: BigYelloFish (big blind) mucked
Seat 2: jl45259071 (button) (small blind) showed [8d 9d] and won ($41.50) with three of a kind, Eights


PokerStars Hand #144859930151:  Hold'em Limit ($3/$6 USD) - 2015/12/05 10:22:22 ET
Table 'Bahner' 2-max Seat #1 is the button
Seat 1: BigYelloFish ($189.50 in chips)
Seat 2: jl45259071 ($65.29 in chips)
BigYelloFish: posts small blind $1
jl45259071: posts big blind $3
*** HOLE CARDS ***
BigYelloFish: calls $2
jl45259071: checks
*** FLOP *** [2d 6h 2c]
jl45259071: checks
BigYelloFish: checks
*** TURN *** [2d 6h 2c] [8s]
jl45259071: checks
BigYelloFish: checks
*** RIVER *** [2d 6h 2c 8s] [Jh]
jl45259071: bets $6
BigYelloFish: folds
Uncalled bet ($6) returned to jl45259071
jl45259071 collected $5.88 from pot
jl45259071: doesn't show hand
*** SUMMARY ***
Total pot $6 | Rake $0.12
Board [2d 6h 2c 8s Jh]
Seat 1: BigYelloFish (button) (small blind) folded on the River
Seat 2: jl45259071 (big blind) collected ($5.88)


PokerStars Hand #144859919157:  Hold'em Limit ($3/$6 USD) - 2015/12/05 10:22:08 ET
Table 'Bahner' 2-max Seat #2 is the button
Seat 1: BigYelloFish ($180.86 in chips)
Seat 2: jl45259071 ($74.29 in chips)
jl45259071: posts small blind $1
BigYelloFish: posts big blind $3
*** HOLE CARDS ***
jl45259071: calls $2
BigYelloFish: raises $3 to $6
jl45259071: calls $3
*** FLOP *** [7d Kd 6c]
BigYelloFish: bets $3
jl45259071: calls $3
*** TURN *** [7d Kd 6c] [3h]
BigYelloFish: checks
jl45259071: checks
*** RIVER *** [7d Kd 6c 3h] [Jh]
BigYelloFish: checks
jl45259071: checks
*** SHOW DOWN ***
BigYelloFish: shows [Ac 3s] (a pair of Threes)
jl45259071: mucks hand
BigYelloFish collected $17.64 from pot
*** SUMMARY ***
Total pot $18 | Rake $0.36
Board [7d Kd 6c 3h Jh]
Seat 1: BigYelloFish (big blind) showed [Ac 3s] and won ($17.64) with a pair of Threes
Seat 2: jl45259071 (button) (small blind) mucked


PokerStars Hand #144859953322:  Hold'em Limit ($3/$6 USD) - 2015/12/05 10:22:53 ET
Table 'Bahner' 2-max Seat #1 is the button
Seat 1: BigYelloFish ($165.50 in chips)
Seat 2: jl45259071 ($88.67 in chips)
BigYelloFish: posts small blind $1
jl45259071: posts big blind $3
*** HOLE CARDS ***
BigYelloFish: raises $3 to $6
jl45259071: raises $3 to $9
BigYelloFish: calls $3
*** FLOP *** [5s 2s 9s]
jl45259071: bets $3
BigYelloFish: calls $3
*** TURN *** [5s 2s 9s] [Qs]
jl45259071: checks
BigYelloFish: checks
*** RIVER *** [5s 2s 9s Qs] [8d]
jl45259071: bets $6
BigYelloFish: folds
Uncalled bet ($6) returned to jl45259071
jl45259071 collected $23.52 from pot
jl45259071: doesn't show hand
*** SUMMARY ***
Total pot $24 | Rake $0.48
Board [5s 2s 9s Qs 8d]
Seat 1: BigYelloFish (button) (small blind) folded on the River
Seat 2: jl45259071 (big blind) collected ($23.52)


PokerStars Hand #144859998268:  Hold'em Limit ($3/$6 USD) - 2015/12/05 10:23:54 ET
Table 'Bahner' 2-max Seat #1 is the button
Seat 1: BigYelloFish ($173.64 in chips)
Seat 2: jl45259071 ($79.07 in chips)
BigYelloFish: posts small blind $1
jl45259071: posts big blind $3
*** HOLE CARDS ***
BigYelloFish: calls $2
jl45259071: raises $3 to $6
BigYelloFish: calls $3
*** FLOP *** [8s 7s Ts]
jl45259071: bets $3
BigYelloFish: folds
Uncalled bet ($3) returned to jl45259071
jl45259071 collected $11.76 from pot
jl45259071: doesn't show hand
*** SUMMARY ***
Total pot $12 | Rake $0.24
Board [8s 7s Ts]
Seat 1: BigYelloFish (button) (small blind) folded on the Flop
Seat 2: jl45259071 (big blind) collected ($11.76)


PokerStars Hand #144859990871:  Hold'em Limit ($3/$6 USD) - 2015/12/05 10:23:44 ET
Table 'Bahner' 2-max Seat #2 is the button
Seat 1: BigYelloFish ($176.64 in chips)
Seat 2: jl45259071 ($76.19 in chips)
jl45259071: posts small blind $1
BigYelloFish: posts big blind $3
*** HOLE CARDS ***
jl45259071: calls $2
BigYelloFish: checks
*** FLOP *** [7c 5h 8h]
BigYelloFish: checks
jl45259071: bets $3
BigYelloFish: folds
Uncalled bet ($3) returned to jl45259071
jl45259071 collected $5.88 from pot
jl45259071: doesn't show hand
*** SUMMARY ***
Total pot $6 | Rake $0.12
Board [7c 5h 8h]
Seat 1: BigYelloFish (big blind) folded on the Flop
Seat 2: jl45259071 (button) (small blind) collected ($5.88)


PokerStars Hand #144859978100:  Hold'em Limit ($3/$6 USD) - 2015/12/05 10:23:27 ET
Table 'Bahner' 2-max Seat #1 is the button
Seat 1: BigYelloFish ($162.14 in chips)
Seat 2: jl45259071 ($91.19 in chips)
BigYelloFish: posts small blind $1
jl45259071: posts big blind $3
*** HOLE CARDS ***
BigYelloFish: calls $2
jl45259071: raises $3 to $6
BigYelloFish: calls $3
*** FLOP *** [Qh 2h Js]
jl45259071: bets $3
BigYelloFish: calls $3
*** TURN *** [Qh 2h Js] [5s]
jl45259071: bets $6
BigYelloFish: calls $6
*** RIVER *** [Qh 2h Js 5s] [5h]
jl45259071: checks
BigYelloFish: bets $6
jl45259071: folds
Uncalled bet ($6) returned to BigYelloFish
BigYelloFish collected $29.50 from pot
BigYelloFish: doesn't show hand
*** SUMMARY ***
Total pot $30 | Rake $0.50
Board [Qh 2h Js 5s 5h]
Seat 1: BigYelloFish (button) (small blind) collected ($29.50)
Seat 2: jl45259071 (big blind) folded on the River


PokerStars Hand #144859967110:  Hold'em Limit ($3/$6 USD) - 2015/12/05 10:23:12 ET
Table 'Bahner' 2-max Seat #2 is the button
Seat 1: BigYelloFish ($153.50 in chips)
Seat 2: jl45259071 ($100.19 in chips)
jl45259071: posts small blind $1
BigYelloFish: posts big blind $3
*** HOLE CARDS ***
jl45259071: calls $2
BigYelloFish: raises $3 to $6
jl45259071: calls $3
*** FLOP *** [5s Ts Qc]
BigYelloFish: bets $3
jl45259071: calls $3
*** TURN *** [5s Ts Qc] [Ah]
BigYelloFish: checks
jl45259071: checks
*** RIVER *** [5s Ts Qc Ah] [7h]
BigYelloFish: checks
jl45259071: checks
*** SHOW DOWN ***
BigYelloFish: shows [5d Kd] (a pair of Fives)
jl45259071: mucks hand
BigYelloFish collected $17.64 from pot
*** SUMMARY ***
Total pot $18 | Rake $0.36
Board [5s Ts Qc Ah 7h]
Seat 1: BigYelloFish (big blind) showed [5d Kd] and won ($17.64) with a pair of Fives
Seat 2: jl45259071 (button) (small blind) mucked


PokerStars Hand #144860038847:  Hold'em Limit ($3/$6 USD) - 2015/12/05 10:24:49 ET
Table 'Bahner' 2-max Seat #1 is the button
Seat 1: BigYelloFish ($187.78 in chips)
Seat 2: jl45259071 ($63.35 in chips)
BigYelloFish: posts small blind $1
jl45259071: posts big blind $3
*** HOLE CARDS ***
BigYelloFish: raises $3 to $6
jl45259071: calls $3
*** FLOP *** [Th Ks 7c]
jl45259071: checks
BigYelloFish: bets $3
jl45259071: folds
Uncalled bet ($3) returned to BigYelloFish
BigYelloFish collected $11.76 from pot
BigYelloFish: doesn't show hand
*** SUMMARY ***
Total pot $12 | Rake $0.24
Board [Th Ks 7c]
Seat 1: BigYelloFish (button) (small blind) collected ($11.76)
Seat 2: jl45259071 (big blind) folded on the Flop


PokerStars Hand #144860026703:  Hold'em Limit ($3/$6 USD) - 2015/12/05 10:24:32 ET
Table 'Bahner' 2-max Seat #2 is the button
Seat 1: BigYelloFish ($164.28 in chips)
Seat 2: jl45259071 ($87.35 in chips)
jl45259071: posts small blind $1
BigYelloFish: posts big blind $3
*** HOLE CARDS ***
jl45259071: raises $3 to $6
BigYelloFish: calls $3
*** FLOP *** [3c Tc 9h]
BigYelloFish: checks
jl45259071: bets $3
BigYelloFish: raises $3 to $6
jl45259071: calls $3
*** TURN *** [3c Tc 9h] [Qh]
BigYelloFish: bets $6
jl45259071: calls $6
*** RIVER *** [3c Tc 9h Qh] [5c]
BigYelloFish: bets $6
jl45259071: calls $6
*** SHOW DOWN ***
BigYelloFish: shows [Ts Jc] (a pair of Tens)
jl45259071: mucks hand
BigYelloFish collected $47.50 from pot
*** SUMMARY ***
Total pot $48 | Rake $0.50
Board [3c Tc 9h Qh 5c]
Seat 1: BigYelloFish (big blind) showed [Ts Jc] and won ($47.50) with a pair of Tens
Seat 2: jl45259071 (button) (small blind) mucked


PokerStars Hand #144860017586:  Hold'em Limit ($3/$6 USD) - 2015/12/05 10:24:20 ET
Table 'Bahner' 2-max Seat #1 is the button
Seat 1: BigYelloFish ($176.28 in chips)
Seat 2: jl45259071 ($75.83 in chips)
BigYelloFish: posts small blind $1
jl45259071: posts big blind $3
*** HOLE CARDS ***
BigYelloFish: raises $3 to $6
jl45259071: raises $3 to $9
BigYelloFish: calls $3
*** FLOP *** [2s 9c Kc]
jl45259071: bets $3
BigYelloFish: calls $3
*** TURN *** [2s 9c Kc] [Jh]
jl45259071: bets $6
BigYelloFish: folds
Uncalled bet ($6) returned to jl45259071
jl45259071 collected $23.52 from pot
jl45259071: doesn't show hand
*** SUMMARY ***
Total pot $24 | Rake $0.48
Board [2s 9c Kc Jh]
Seat 1: BigYelloFish (button) (small blind) folded on the Turn
Seat 2: jl45259071 (big blind) collected ($23.52)


PokerStars Hand #144860006028:  Hold'em Limit ($3/$6 USD) - 2015/12/05 10:24:05 ET
Table 'Bahner' 2-max Seat #2 is the button
Seat 1: BigYelloFish ($167.64 in chips)
Seat 2: jl45259071 ($84.83 in chips)
jl45259071: posts small blind $1
BigYelloFish: posts big blind $3
*** HOLE CARDS ***
jl45259071: calls $2
BigYelloFish: raises $3 to $6
jl45259071: calls $3
*** FLOP *** [7h 2d 3s]
BigYelloFish: bets $3
jl45259071: calls $3
*** TURN *** [7h 2d 3s] [Qd]
BigYelloFish: checks
jl45259071: checks
*** RIVER *** [7h 2d 3s Qd] [Kd]
BigYelloFish: bets $6
jl45259071: folds
Uncalled bet ($6) returned to BigYelloFish
BigYelloFish collected $17.64 from pot
BigYelloFish: doesn't show hand
*** SUMMARY ***
Total pot $18 | Rake $0.36
Board [7h 2d 3s Qd Kd]
Seat 1: BigYelloFish (big blind) collected ($17.64)
Seat 2: jl45259071 (button) (small blind) folded on the River


PokerStars Hand #144860046576:  Hold'em Limit ($3/$6 USD) - 2015/12/05 10:24:59 ET
Table 'Bahner' 2-max Seat #2 is the button
Seat 1: BigYelloFish ($193.54 in chips)
Seat 2: jl45259071 ($57.35 in chips)
jl45259071: posts small blind $1
BigYelloFish: posts big blind $3
*** HOLE CARDS ***
jl45259071: calls $2
BigYelloFish: checks
*** FLOP *** [9h Jh Qh]
BigYelloFish: checks
jl45259071: bets $3
BigYelloFish: calls $3
*** TURN *** [9h Jh Qh] [7d]
BigYelloFish: checks
jl45259071: bets $6
BigYelloFish: calls $6
*** RIVER *** [9h Jh Qh 7d] [7c]
BigYelloFish: checks
jl45259071: bets $6
BigYelloFish: raises $6 to $12
jl45259071: calls $6
*** SHOW DOWN ***
BigYelloFish: shows [8d 7h] (three of a kind, Sevens)
jl45259071: shows [7s 2h] (three of a kind, Sevens)
BigYelloFish collected $23.75 from pot
jl45259071 collected $23.75 from pot
*** SUMMARY ***
Total pot $48 | Rake $0.50
Board [9h Jh Qh 7d 7c]
Seat 1: BigYelloFish (big blind) showed [8d 7h] and won ($23.75) with three of a kind, Sevens
Seat 2: jl45259071 (button) (small blind) showed [7s 2h] and won ($23.75) with three of a kind, Sevens


PokerStars Hand #144860084715:  Hold'em Limit ($3/$6 USD) - 2015/12/05 10:25:50 ET
Table 'Bahner' 2-max Seat #1 is the button
Seat 1: BigYelloFish ($189.79 in chips)
Seat 2: jl45259071 ($59.60 in chips)
BigYelloFish: posts small blind $1
jl45259071: posts big blind $3
*** HOLE CARDS ***
BigYelloFish: raises $3 to $6
jl45259071: folds
Uncalled bet ($3) returned to BigYelloFish
BigYelloFish collected $6 from pot
BigYelloFish: doesn't show hand
*** SUMMARY ***
Total pot $6 | Rake $0
Seat 1: BigYelloFish (button) (small blind) collected ($6)
Seat 2: jl45259071 (big blind) folded before Flop


PokerStars Hand #144860070551:  Hold'em Limit ($3/$6 USD) - 2015/12/05 10:25:31 ET
Table 'Bahner' 2-max Seat #2 is the button
Seat 1: BigYelloFish ($169.29 in chips)
Seat 2: jl45259071 ($80.60 in chips)
jl45259071: posts small blind $1
BigYelloFish: posts big blind $3
*** HOLE CARDS ***
jl45259071: calls $2
BigYelloFish: checks
*** FLOP *** [8d 7d 9d]
BigYelloFish: checks
jl45259071: bets $3
BigYelloFish: raises $3 to $6
jl45259071: calls $3
*** TURN *** [8d 7d 9d] [2s]
BigYelloFish: bets $6
jl45259071: calls $6
*** RIVER *** [8d 7d 9d 2s] [6d]
BigYelloFish: bets $6
jl45259071: calls $6
*** SHOW DOWN ***
BigYelloFish: shows [8c Td] (a straight flush, Six to Ten)
jl45259071: mucks hand
BigYelloFish collected $41.50 from pot
*** SUMMARY ***
Total pot $42 | Rake $0.50
Board [8d 7d 9d 2s 6d]
Seat 1: BigYelloFish (big blind) showed [8c Td] and won ($41.50) with a straight flush, Six to Ten
Seat 2: jl45259071 (button) (small blind) mucked


PokerStars Hand #144860059717:  Hold'em Limit ($3/$6 USD) - 2015/12/05 10:25:17 ET
Table 'Bahner' 2-max Seat #1 is the button
Seat 1: BigYelloFish ($193.29 in chips)
Seat 2: jl45259071 ($57.10 in chips)
BigYelloFish: posts small blind $1
jl45259071: posts big blind $3
*** HOLE CARDS ***
BigYelloFish: raises $3 to $6
jl45259071: raises $3 to $9
BigYelloFish: calls $3
*** FLOP *** [2s 6s 2c]
jl45259071: bets $3
BigYelloFish: calls $3
*** TURN *** [2s 6s 2c] [5h]
jl45259071: bets $6
BigYelloFish: calls $6
*** RIVER *** [2s 6s 2c 5h] [7h]
jl45259071: bets $6
BigYelloFish: calls $6
*** SHOW DOWN ***
jl45259071: shows [Ks 7s] (two pair, Sevens and Deuces)
BigYelloFish: mucks hand
jl45259071 collected $47.50 from pot
*** SUMMARY ***
Total pot $48 | Rake $0.50
Board [2s 6s 2c 5h 7h]
Seat 1: BigYelloFish (button) (small blind) mucked
Seat 2: jl45259071 (big blind) showed [Ks 7s] and won ($47.50) with two pair, Sevens and Deuces


PokerStars Hand #144860089366:  Hold'em Limit ($3/$6 USD) - 2015/12/05 10:25:56 ET
Table 'Bahner' 2-max Seat #2 is the button
Seat 1: BigYelloFish ($192.79 in chips)
Seat 2: jl45259071 ($56.60 in chips)
jl45259071: posts small blind $1
BigYelloFish: posts big blind $3
*** HOLE CARDS ***
jl45259071: raises $3 to $6
BigYelloFish: calls $3
*** FLOP *** [3c 8s Tc]
BigYelloFish: checks
jl45259071: bets $3
BigYelloFish: calls $3
*** TURN *** [3c 8s Tc] [Td]
BigYelloFish: checks
jl45259071: bets $6
BigYelloFish: calls $6
*** RIVER *** [3c 8s Tc Td] [Jd]
BigYelloFish: checks
jl45259071: bets $6
BigYelloFish: folds
Uncalled bet ($6) returned to jl45259071
jl45259071 collected $29.50 from pot
*** SUMMARY ***
Total pot $30 | Rake $0.50
Board [3c 8s Tc Td Jd]
Seat 1: BigYelloFish (big blind) folded on the River
Seat 2: jl45259071 (button) (small blind) collected ($29.50)


PokerStars Hand #144860131840:  Hold'em Limit ($3/$6 USD) - 2015/12/05 10:26:54 ET
Table 'Bahner' 2-max Seat #2 is the button
Seat 1: BigYelloFish ($209.69 in chips)
Seat 2: jl45259071 ($38.10 in chips)
jl45259071: posts small blind $1
BigYelloFish: posts big blind $3
*** HOLE CARDS ***
jl45259071: calls $2
BigYelloFish: checks
*** FLOP *** [2c Th 3h]
BigYelloFish: checks
jl45259071: bets $3
BigYelloFish: raises $3 to $6
jl45259071: folds
Uncalled bet ($3) returned to BigYelloFish
BigYelloFish collected $11.76 from pot
BigYelloFish: doesn't show hand
*** SUMMARY ***
Total pot $12 | Rake $0.24
Board [2c Th 3h]
Seat 1: BigYelloFish (big blind) collected ($11.76)
Seat 2: jl45259071 (button) (small blind) folded on the Flop


PokerStars Hand #144860121735:  Hold'em Limit ($3/$6 USD) - 2015/12/05 10:26:40 ET
Table 'Bahner' 2-max Seat #1 is the button
Seat 1: BigYelloFish ($201.05 in chips)
Seat 2: jl45259071 ($47.10 in chips)
BigYelloFish: posts small blind $1
jl45259071: posts big blind $3
*** HOLE CARDS ***
BigYelloFish: calls $2
jl45259071: raises $3 to $6
BigYelloFish: calls $3
*** FLOP *** [4h 5c 5d]
jl45259071: bets $3
BigYelloFish: calls $3
*** TURN *** [4h 5c 5d] [9h]
jl45259071: checks
BigYelloFish: bets $6
jl45259071: folds
Uncalled bet ($6) returned to BigYelloFish
BigYelloFish collected $17.64 from pot
BigYelloFish: doesn't show hand
*** SUMMARY ***
Total pot $18 | Rake $0.36
Board [4h 5c 5d 9h]
Seat 1: BigYelloFish (button) (small blind) collected ($17.64)
Seat 2: jl45259071 (big blind) folded on the Turn


PokerStars Hand #144860108764:  Hold'em Limit ($3/$6 USD) - 2015/12/05 10:26:23 ET
Table 'Bahner' 2-max Seat #2 is the button
Seat 1: BigYelloFish ($183.55 in chips)
Seat 2: jl45259071 ($65.10 in chips)
jl45259071: posts small blind $1
BigYelloFish: posts big blind $3
*** HOLE CARDS ***
jl45259071: calls $2
BigYelloFish: checks
*** FLOP *** [5h Ah Qh]
BigYelloFish: checks
jl45259071: bets $3
BigYelloFish: calls $3
*** TURN *** [5h Ah Qh] [8d]
BigYelloFish: checks
jl45259071: bets $6
BigYelloFish: calls $6
*** RIVER *** [5h Ah Qh 8d] [5d]
BigYelloFish: checks
jl45259071: bets $6
BigYelloFish: raises $6 to $12
jl45259071: folds
Uncalled bet ($6) returned to BigYelloFish
BigYelloFish collected $35.50 from pot
BigYelloFish: doesn't show hand
*** SUMMARY ***
Total pot $36 | Rake $0.50
Board [5h Ah Qh 8d 5d]
Seat 1: BigYelloFish (big blind) collected ($35.50)
Seat 2: jl45259071 (button) (small blind) folded on the River


PokerStars Hand #144860101332:  Hold'em Limit ($3/$6 USD) - 2015/12/05 10:26:12 ET
Table 'Bahner' 2-max Seat #1 is the button
Seat 1: BigYelloFish ($177.79 in chips)
Seat 2: jl45259071 ($71.10 in chips)
BigYelloFish: posts small blind $1
jl45259071: posts big blind $3
*** HOLE CARDS ***
BigYelloFish: raises $3 to $6
jl45259071: calls $3
*** FLOP *** [Qs 7c Ks]
jl45259071: checks
BigYelloFish: bets $3
jl45259071: folds
Uncalled bet ($3) returned to BigYelloFish
BigYelloFish collected $11.76 from pot
BigYelloFish: doesn't show hand
*** SUMMARY ***
Total pot $12 | Rake $0.24
Board [Qs 7c Ks]
Seat 1: BigYelloFish (button) (small blind) collected ($11.76)
Seat 2: jl45259071 (big blind) folded on the Flop


PokerStars Hand #144860154833:  Hold'em Limit ($3/$6 USD) - 2015/12/05 10:27:25 ET
Table 'Bahner' 2-max Seat #2 is the button
Seat 1: BigYelloFish ($232.95 in chips)
Seat 2: jl45259071 ($14.10 in chips)
jl45259071: posts small blind $1
BigYelloFish: posts big blind $3
*** HOLE CARDS ***
jl45259071: calls $2
BigYelloFish: checks
*** FLOP *** [4s Jh 4h]
BigYelloFish: checks
jl45259071: checks
*** TURN *** [4s Jh 4h] [Ah]
BigYelloFish: bets $6
jl45259071: calls $6
*** RIVER *** [4s Jh 4h Ah] [As]
BigYelloFish: bets $6
jl45259071: folds
Uncalled bet ($6) returned to BigYelloFish
BigYelloFish collected $17.64 from pot
BigYelloFish: doesn't show hand
*** SUMMARY ***
Total pot $18 | Rake $0.36
Board [4s Jh 4h Ah As]
Seat 1: BigYelloFish (big blind) collected ($17.64)
Seat 2: jl45259071 (button) (small blind) folded on the River


PokerStars Hand #144860141166:  Hold'em Limit ($3/$6 USD) - 2015/12/05 10:27:06 ET
Table 'Bahner' 2-max Seat #1 is the button
Seat 1: BigYelloFish ($215.45 in chips)
Seat 2: jl45259071 ($32.10 in chips)
BigYelloFish: posts small blind $1
jl45259071: posts big blind $3
*** HOLE CARDS ***
BigYelloFish: raises $3 to $6
jl45259071: raises $3 to $9
BigYelloFish: calls $3
*** FLOP *** [3c 4h 8d]
jl45259071: bets $3
BigYelloFish: calls $3
*** TURN *** [3c 4h 8d] [9s]
jl45259071: bets $6
BigYelloFish: calls $6
*** RIVER *** [3c 4h 8d 9s] [5s]
jl45259071: checks
BigYelloFish: bets $6
jl45259071: folds
Uncalled bet ($6) returned to BigYelloFish
BigYelloFish collected $35.50 from pot
BigYelloFish: doesn't show hand
*** SUMMARY ***
Total pot $36 | Rake $0.50
Board [3c 4h 8d 9s 5s]
Seat 1: BigYelloFish (button) (small blind) collected ($35.50)
Seat 2: jl45259071 (big blind) folded on the River


PokerStars Hand #144860175738:  Hold'em Limit ($3/$6 USD) - 2015/12/05 10:27:53 ET
Table 'Bahner' 2-max Seat #1 is the button
Seat 1: BigYelloFish ($241.59 in chips)
Seat 2: jl45259071 ($5.10 in chips)
BigYelloFish: posts small blind $1
jl45259071: posts big blind $3
*** HOLE CARDS ***
BigYelloFish: raises $3 to $6
jl45259071: calls $2.10 and is all-in
Uncalled bet ($0.90) returned to BigYelloFish
*** FLOP *** [Jh Jd 2c]
*** TURN *** [Jh Jd 2c] [7c]
*** RIVER *** [Jh Jd 2c 7c] [9d]
*** SHOW DOWN ***
jl45259071: shows [9h 7h] (two pair, Jacks and Nines)
BigYelloFish: shows [7d Kc] (two pair, Jacks and Sevens)
jl45259071 collected $10 from pot
*** SUMMARY ***
Total pot $10.20 | Rake $0.20
Board [Jh Jd 2c 7c 9d]
Seat 1: BigYelloFish (button) (small blind) showed [7d Kc] and lost with two pair, Jacks and Sevens
Seat 2: jl45259071 (big blind) showed [9h 7h] and won ($10) with two pair, Jacks and Nines


PokerStars Hand #144860224013:  Hold'em Limit ($3/$6 USD) - 2015/12/05 10:28:58 ET
Table 'Bahner' 2-max Seat #2 is the button
Seat 1: BigYelloFish ($232.25 in chips)
Seat 2: jl45259071 ($38.60 in chips)
jl45259071: posts small blind $1
BigYelloFish: posts big blind $3
*** HOLE CARDS ***
jl45259071: calls $2
BigYelloFish: checks
*** FLOP *** [Kd 3d Jc]
BigYelloFish: checks
jl45259071: bets $3
BigYelloFish: folds
Uncalled bet ($3) returned to jl45259071
jl45259071 collected $5.88 from pot
jl45259071: doesn't show hand
*** SUMMARY ***
Total pot $6 | Rake $0.12
Board [Kd 3d Jc]
Seat 1: BigYelloFish (big blind) folded on the Flop
Seat 2: jl45259071 (button) (small blind) collected ($5.88)


PokerStars Hand #144860207948:  Hold'em Limit ($3/$6 USD) - 2015/12/05 10:28:36 ET
Table 'Bahner' 2-max Seat #1 is the button
Seat 1: BigYelloFish ($226.49 in chips)
Seat 2: jl45259071 ($19.60 in chips)
BigYelloFish: posts small blind $1
jl45259071: posts big blind $3
*** HOLE CARDS ***
BigYelloFish: raises $3 to $6
jl45259071: calls $3
*** FLOP *** [Kc 4c 3c]
jl45259071: checks
BigYelloFish: checks
*** TURN *** [Kc 4c 3c] [Jh]
jl45259071: checks
BigYelloFish: bets $6
jl45259071: folds
Uncalled bet ($6) returned to BigYelloFish
BigYelloFish collected $11.76 from pot
BigYelloFish: doesn't show hand
*** SUMMARY ***
Total pot $12 | Rake $0.24
Board [Kc 4c 3c Jh]
Seat 1: BigYelloFish (button) (small blind) collected ($11.76)
Seat 2: jl45259071 (big blind) folded on the Turn


PokerStars Hand #144860190048:  Hold'em Limit ($3/$6 USD) - 2015/12/05 10:28:12 ET
Table 'Bahner' 2-max Seat #2 is the button
Seat 1: BigYelloFish ($236.49 in chips)
Seat 2: jl45259071 ($10 in chips)
jl45259071: posts small blind $1
BigYelloFish: posts big blind $3
*** HOLE CARDS ***
jl45259071: calls $2
BigYelloFish: raises $3 to $6
jl45259071: calls $3
*** FLOP *** [8h Jd 5d]
BigYelloFish: bets $3
jl45259071: raises $1 to $4 and is all-in
BigYelloFish: calls $1
*** TURN *** [8h Jd 5d] [3c]
*** RIVER *** [8h Jd 5d 3c] [3d]
*** SHOW DOWN ***
BigYelloFish: shows [9s Th] (a pair of Threes)
jl45259071: shows [8d Td] (a flush, Jack high)
jl45259071 collected $19.60 from pot
*** SUMMARY ***
Total pot $20 | Rake $0.40
Board [8h Jd 5d 3c 3d]
Seat 1: BigYelloFish (big blind) showed [9s Th] and lost with a pair of Threes
Seat 2: jl45259071 (button) (small blind) showed [8d Td] and won ($19.60) with a flush, Jack high


PokerStars Hand #144860261416:  Hold'em Limit ($3/$6 USD) - 2015/12/05 10:29:48 ET
Table 'Bahner' 2-max Seat #1 is the button
Seat 1: BigYelloFish ($258.51 in chips)
Seat 2: jl45259071 ($11.48 in chips)
BigYelloFish: posts small blind $1
jl45259071: posts big blind $3
*** HOLE CARDS ***
BigYelloFish: raises $3 to $6
jl45259071: calls $3
*** FLOP *** [7c 4d Th]
jl45259071: checks
BigYelloFish: bets $3
jl45259071: raises $2.48 to $5.48 and is all-in
BigYelloFish: calls $2.48
*** TURN *** [7c 4d Th] [9h]
*** RIVER *** [7c 4d Th 9h] [Jd]
*** SHOW DOWN ***
jl45259071: shows [Td Jh] (two pair, Jacks and Tens)
BigYelloFish: shows [As Kd] (high card Ace)
jl45259071 collected $22.50 from pot
*** SUMMARY ***
Total pot $22.96 | Rake $0.46
Board [7c 4d Th 9h Jd]
Seat 1: BigYelloFish (button) (small blind) showed [As Kd] and lost with high card Ace
Seat 2: jl45259071 (big blind) showed [Td Jh] and won ($22.50) with two pair, Jacks and Tens


PokerStars Hand #144860247572:  Hold'em Limit ($3/$6 USD) - 2015/12/05 10:29:29 ET
Table 'Bahner' 2-max Seat #2 is the button
Seat 1: BigYelloFish ($252.75 in chips)
Seat 2: jl45259071 ($17.48 in chips)
jl45259071: posts small blind $1
BigYelloFish: posts big blind $3
*** HOLE CARDS ***
jl45259071: calls $2
BigYelloFish: checks
*** FLOP *** [4s Qh Jc]
BigYelloFish: checks
jl45259071: bets $3
BigYelloFish: calls $3
*** TURN *** [4s Qh Jc] [8s]
BigYelloFish: checks
jl45259071: checks
*** RIVER *** [4s Qh Jc 8s] [Ad]
BigYelloFish: checks
jl45259071: checks
*** SHOW DOWN ***
BigYelloFish: shows [4d Kh] (a pair of Fours)
jl45259071: mucks hand
BigYelloFish collected $11.76 from pot
*** SUMMARY ***
Total pot $12 | Rake $0.24
Board [4s Qh Jc 8s Ad]
Seat 1: BigYelloFish (big blind) showed [4d Kh] and won ($11.76) with a pair of Fours
Seat 2: jl45259071 (button) (small blind) mucked


PokerStars Hand #144860233801:  Hold'em Limit ($3/$6 USD) - 2015/12/05 10:29:11 ET
Table 'Bahner' 2-max Seat #1 is the button
Seat 1: BigYelloFish ($229.25 in chips)
Seat 2: jl45259071 ($41.48 in chips)
BigYelloFish: posts small blind $1
jl45259071: posts big blind $3
*** HOLE CARDS ***
BigYelloFish: calls $2
jl45259071: checks
*** FLOP *** [8s 6d 4h]
jl45259071: bets $3
BigYelloFish: calls $3
*** TURN *** [8s 6d 4h] [5h]
jl45259071: bets $6
BigYelloFish: calls $6
*** RIVER *** [8s 6d 4h 5h] [5c]
jl45259071: bets $6
BigYelloFish: raises $6 to $12
jl45259071: calls $6
*** SHOW DOWN ***
BigYelloFish: shows [5s 4c] (a full house, Fives full of Fours)
jl45259071: mucks hand
BigYelloFish collected $47.50 from pot
*** SUMMARY ***
Total pot $48 | Rake $0.50
Board [8s 6d 4h 5h 5c]
Seat 1: BigYelloFish (button) (small blind) showed [5s 4c] and won ($47.50) with a full house, Fives full of Fours
Seat 2: jl45259071 (big blind) mucked


PokerStars Hand #144860274548:  Hold'em Limit ($3/$6 USD) - 2015/12/05 10:30:05 ET
Table 'Bahner' 2-max Seat #2 is the button
Seat 1: BigYelloFish ($247.03 in chips)
Seat 2: jl45259071 ($22.50 in chips)
jl45259071: posts small blind $1
BigYelloFish: posts big blind $3
*** HOLE CARDS ***
jl45259071: calls $2
BigYelloFish: checks
*** FLOP *** [Td 8h 8d]
BigYelloFish: checks
jl45259071: checks
*** TURN *** [Td 8h 8d] [As]
BigYelloFish: checks
jl45259071: bets $6
BigYelloFish: folds
Uncalled bet ($6) returned to jl45259071
jl45259071 collected $5.88 from pot
jl45259071: doesn't show hand
*** SUMMARY ***
Total pot $6 | Rake $0.12
Board [Td 8h 8d As]
Seat 1: BigYelloFish (big blind) folded on the Turn
Seat 2: jl45259071 (button) (small blind) collected ($5.88)


PokerStars Hand #144860302505:  Hold'em Limit ($3/$6 USD) - 2015/12/05 10:30:42 ET
Table 'Bahner' 2-max Seat #1 is the button
Seat 1: BigYelloFish ($255.55 in chips)
Seat 2: jl45259071 ($13.38 in chips)
BigYelloFish: posts small blind $1
jl45259071: posts big blind $3
*** HOLE CARDS ***
BigYelloFish: calls $2
jl45259071: raises $3 to $6
BigYelloFish: calls $3
*** FLOP *** [3s 3c Qs]
jl45259071: bets $3
BigYelloFish: calls $3
*** TURN *** [3s 3c Qs] [8h]
jl45259071: bets $4.38 and is all-in
BigYelloFish: calls $4.38
*** RIVER *** [3s 3c Qs 8h] [4d]
*** SHOW DOWN ***
jl45259071: shows [Th 9d] (a pair of Threes)
BigYelloFish: shows [5s Qh] (two pair, Queens and Threes)
BigYelloFish collected $26.26 from pot
*** SUMMARY ***
Total pot $26.76 | Rake $0.50
Board [3s 3c Qs 8h 4d]
Seat 1: BigYelloFish (button) (small blind) showed [5s Qh] and won ($26.26) with two pair, Queens and Threes
Seat 2: jl45259071 (big blind) showed [Th 9d] and lost with a pair of Threes


PokerStars Hand #144860294774:  Hold'em Limit ($3/$6 USD) - 2015/12/05 10:30:32 ET
Table 'Bahner' 2-max Seat #2 is the button
Seat 1: BigYelloFish ($249.79 in chips)
Seat 2: jl45259071 ($19.38 in chips)
jl45259071: posts small blind $1
BigYelloFish: posts big blind $3
*** HOLE CARDS ***
jl45259071: calls $2
BigYelloFish: raises $3 to $6
jl45259071: calls $3
*** FLOP *** [9c 2s 9s]
BigYelloFish: bets $3
jl45259071: folds
Uncalled bet ($3) returned to BigYelloFish
BigYelloFish collected $11.76 from pot
BigYelloFish: doesn't show hand
*** SUMMARY ***
Total pot $12 | Rake $0.24
Board [9c 2s 9s]
Seat 1: BigYelloFish (big blind) collected ($11.76)
Seat 2: jl45259071 (button) (small blind) folded on the Flop


PokerStars Hand #144860282473:  Hold'em Limit ($3/$6 USD) - 2015/12/05 10:30:15 ET
Table 'Bahner' 2-max Seat #1 is the button
Seat 1: BigYelloFish ($244.03 in chips)
Seat 2: jl45259071 ($25.38 in chips)
BigYelloFish: posts small blind $1
jl45259071: posts big blind $3
*** HOLE CARDS ***
BigYelloFish: calls $2
jl45259071: checks
*** FLOP *** [3h As 4d]
jl45259071: bets $3
BigYelloFish: calls $3
*** TURN *** [3h As 4d] [7s]
jl45259071: checks
BigYelloFish: bets $6
jl45259071: folds
Uncalled bet ($6) returned to BigYelloFish
BigYelloFish collected $11.76 from pot
BigYelloFish: doesn't show hand
*** SUMMARY ***
Total pot $12 | Rake $0.24
Board [3h As 4d 7s]
Seat 1: BigYelloFish (button) (small blind) collected ($11.76)
Seat 2: jl45259071 (big blind) folded on the Turn


