PokerStars Hand #168111629729:  Hold'em Limit ($3/$6 USD) - 2017/03/25 19:20:56 ET
Table 'Bahner' 6-max Seat #5 is the button
Seat 5: KingKroniKK ($142.50 in chips)
Seat 6: GRAILKO ($337 in chips)
KingKroniKK: posts small blind $1
GRAILKO: posts big blind $3
*** HOLE CARDS ***
KingKroniKK: raises $3 to $6
GRAILKO: calls $3
*** FLOP *** [5c Kh Kc]
GRAILKO: checks
KingKroniKK: bets $3
GRAILKO: calls $3
*** TURN *** [5c Kh Kc] [7h]
GRAILKO: checks
KingKroniKK: bets $6
GRAILKO: calls $6
*** RIVER *** [5c Kh Kc 7h] [8c]
GRAILKO: bets $6
KingKroniKK: calls $6
*** SHOW DOWN ***
GRAILKO: shows [Ad 8s] (two pair, Kings and Eights)
KingKroniKK: mucks hand
GRAILKO collected $41.50 from pot
*** SUMMARY ***
Total pot $42 | Rake $0.50
Board [5c Kh Kc 7h 8c]
Seat 5: KingKroniKK (button) (small blind) mucked
Seat 6: GRAILKO (big blind) showed [Ad 8s] and won ($41.50) with two pair, Kings and Eights


PokerStars Hand #168111646538:  Hold'em Limit ($3/$6 USD) - 2017/03/25 19:21:20 ET
Table 'Bahner' 6-max Seat #6 is the button
Seat 5: KingKroniKK ($121.50 in chips)
Seat 6: GRAILKO ($357.50 in chips)
GRAILKO: posts small blind $1
KingKroniKK: posts big blind $3
*** HOLE CARDS ***
GRAILKO: raises $3 to $6
KingKroniKK: raises $3 to $9
GRAILKO: calls $3
*** FLOP *** [2s Jh Js]
KingKroniKK: bets $3
GRAILKO: folds
Uncalled bet ($3) returned to KingKroniKK
KingKroniKK collected $17.64 from pot
KingKroniKK: doesn't show hand
*** SUMMARY ***
Total pot $18 | Rake $0.36
Board [2s Jh Js]
Seat 5: KingKroniKK (big blind) collected ($17.64)
Seat 6: GRAILKO (button) (small blind) folded on the Flop


PokerStars Hand #168111654592:  Hold'em Limit ($3/$6 USD) - 2017/03/25 19:21:31 ET
Table 'Bahner' 6-max Seat #5 is the button
Seat 5: KingKroniKK ($130.14 in chips)
Seat 6: GRAILKO ($348.50 in chips)
KingKroniKK: posts small blind $1
GRAILKO: posts big blind $3
*** HOLE CARDS ***
KingKroniKK: folds
Uncalled bet ($2) returned to GRAILKO
GRAILKO collected $2 from pot
GRAILKO: doesn't show hand
*** SUMMARY ***
Total pot $2 | Rake $0
Seat 5: KingKroniKK (button) (small blind) folded before Flop
Seat 6: GRAILKO (big blind) collected ($2)


PokerStars Hand #168111658247:  Hold'em Limit ($3/$6 USD) - 2017/03/25 19:21:37 ET
Table 'Bahner' 6-max Seat #6 is the button
Seat 5: KingKroniKK ($129.14 in chips)
Seat 6: GRAILKO ($349.50 in chips)
GRAILKO: posts small blind $1
KingKroniKK: posts big blind $3
*** HOLE CARDS ***
GRAILKO: raises $3 to $6
KingKroniKK: calls $3
*** FLOP *** [8d Jc 8h]
KingKroniKK: checks
GRAILKO: bets $3
KingKroniKK: raises $3 to $6
GRAILKO: calls $3
*** TURN *** [8d Jc 8h] [Jd]
KingKroniKK: bets $6
GRAILKO: folds
Uncalled bet ($6) returned to KingKroniKK
KingKroniKK collected $23.52 from pot
KingKroniKK: doesn't show hand
*** SUMMARY ***
Total pot $24 | Rake $0.48
Board [8d Jc 8h Jd]
Seat 5: KingKroniKK (big blind) collected ($23.52)
Seat 6: GRAILKO (button) (small blind) folded on the Turn


PokerStars Hand #168111671141:  Hold'em Limit ($3/$6 USD) - 2017/03/25 19:21:55 ET
Table 'Bahner' 6-max Seat #5 is the button
Seat 5: KingKroniKK ($140.66 in chips)
Seat 6: GRAILKO ($337.50 in chips)
KingKroniKK: posts small blind $1
GRAILKO: posts big blind $3
*** HOLE CARDS ***
KingKroniKK: raises $3 to $6
GRAILKO: calls $3
*** FLOP *** [6h Ad 8s]
GRAILKO: checks
KingKroniKK: bets $3
GRAILKO: calls $3
*** TURN *** [6h Ad 8s] [9c]
GRAILKO: checks
KingKroniKK: bets $6
GRAILKO: calls $6
*** RIVER *** [6h Ad 8s 9c] [6c]
GRAILKO: checks
KingKroniKK: bets $6
GRAILKO: calls $6
*** SHOW DOWN ***
KingKroniKK: shows [Ah Ac] (a full house, Aces full of Sixes)
GRAILKO: mucks hand
KingKroniKK collected $41.50 from pot
*** SUMMARY ***
Total pot $42 | Rake $0.50
Board [6h Ad 8s 9c 6c]
Seat 5: KingKroniKK (button) (small blind) showed [Ah Ac] and won ($41.50) with a full house, Aces full of Sixes
Seat 6: GRAILKO (big blind) mucked


PokerStars Hand #168111685287:  Hold'em Limit ($3/$6 USD) - 2017/03/25 19:22:16 ET
Table 'Bahner' 6-max Seat #6 is the button
Seat 5: KingKroniKK ($161.16 in chips)
Seat 6: GRAILKO ($316.50 in chips)
GRAILKO: posts small blind $1
KingKroniKK: posts big blind $3
*** HOLE CARDS ***
GRAILKO: raises $3 to $6
KingKroniKK: raises $3 to $9
GRAILKO: calls $3
*** FLOP *** [8d 9d 5s]
KingKroniKK: bets $3
GRAILKO: calls $3
*** TURN *** [8d 9d 5s] [5h]
KingKroniKK: bets $6
GRAILKO: raises $6 to $12
KingKroniKK: calls $6
*** RIVER *** [8d 9d 5s 5h] [Ac]
KingKroniKK: checks
GRAILKO: bets $6
KingKroniKK: calls $6
*** SHOW DOWN ***
GRAILKO: shows [As 5c] (a full house, Fives full of Aces)
KingKroniKK: mucks hand
GRAILKO collected $59.50 from pot
*** SUMMARY ***
Total pot $60 | Rake $0.50
Board [8d 9d 5s 5h Ac]
Seat 5: KingKroniKK (big blind) mucked
Seat 6: GRAILKO (button) (small blind) showed [As 5c] and won ($59.50) with a full house, Fives full of Aces


PokerStars Hand #168111703972:  Hold'em Limit ($3/$6 USD) - 2017/03/25 19:22:43 ET
Table 'Bahner' 6-max Seat #5 is the button
Seat 5: KingKroniKK ($131.16 in chips)
Seat 6: GRAILKO ($346 in chips)
KingKroniKK: posts small blind $1
GRAILKO: posts big blind $3
*** HOLE CARDS ***
KingKroniKK: folds
Uncalled bet ($2) returned to GRAILKO
GRAILKO collected $2 from pot
GRAILKO: doesn't show hand
*** SUMMARY ***
Total pot $2 | Rake $0
Seat 5: KingKroniKK (button) (small blind) folded before Flop
Seat 6: GRAILKO (big blind) collected ($2)


PokerStars Hand #168111721367:  Hold'em Limit ($3/$6 USD) - 2017/03/25 19:23:08 ET
Table 'Bahner' 6-max Seat #5 is the button
Seat 5: KingKroniKK ($159.66 in chips)
Seat 6: GRAILKO ($317 in chips)
KingKroniKK: posts small blind $1
GRAILKO: posts big blind $3
*** HOLE CARDS ***
KingKroniKK: folds
Uncalled bet ($2) returned to GRAILKO
GRAILKO collected $2 from pot
GRAILKO: doesn't show hand
*** SUMMARY ***
Total pot $2 | Rake $0
Seat 5: KingKroniKK (button) (small blind) folded before Flop
Seat 6: GRAILKO (big blind) collected ($2)


PokerStars Hand #168111707269:  Hold'em Limit ($3/$6 USD) - 2017/03/25 19:22:48 ET
Table 'Bahner' 6-max Seat #6 is the button
Seat 5: KingKroniKK ($130.16 in chips)
Seat 6: GRAILKO ($347 in chips)
GRAILKO: posts small blind $1
KingKroniKK: posts big blind $3
*** HOLE CARDS ***
GRAILKO: raises $3 to $6
KingKroniKK: raises $3 to $9
GRAILKO: calls $3
*** FLOP *** [Jd 6h 2d]
KingKroniKK: bets $3
GRAILKO: calls $3
*** TURN *** [Jd 6h 2d] [7s]
KingKroniKK: bets $6
GRAILKO: raises $6 to $12
KingKroniKK: calls $6
*** RIVER *** [Jd 6h 2d 7s] [7c]
KingKroniKK: checks
GRAILKO: bets $6
KingKroniKK: calls $6
*** SHOW DOWN ***
GRAILKO: shows [4d 9d] (a pair of Sevens)
KingKroniKK: shows [4c 4h] (two pair, Sevens and Fours)
KingKroniKK collected $59.50 from pot
*** SUMMARY ***
Total pot $60 | Rake $0.50
Board [Jd 6h 2d 7s 7c]
Seat 5: KingKroniKK (big blind) showed [4c 4h] and won ($59.50) with two pair, Sevens and Fours
Seat 6: GRAILKO (button) (small blind) showed [4d 9d] and lost with a pair of Sevens


PokerStars Hand #168111725274:  Hold'em Limit ($3/$6 USD) - 2017/03/25 19:23:13 ET
Table 'Bahner' 6-max Seat #6 is the button
Seat 5: KingKroniKK ($158.66 in chips)
Seat 6: GRAILKO ($318 in chips)
GRAILKO: posts small blind $1
KingKroniKK: posts big blind $3
*** HOLE CARDS ***
GRAILKO: raises $3 to $6
KingKroniKK: raises $3 to $9
GRAILKO: raises $3 to $12
Betting is capped
KingKroniKK: calls $3
*** FLOP *** [Td 4h 4s]
KingKroniKK: bets $3
GRAILKO: calls $3
*** TURN *** [Td 4h 4s] [5d]
KingKroniKK: bets $6
GRAILKO: calls $6
*** RIVER *** [Td 4h 4s 5d] [5h]
KingKroniKK: bets $6
GRAILKO: calls $6
*** SHOW DOWN ***
KingKroniKK: shows [9s 9d] (two pair, Nines and Fives)
GRAILKO: mucks hand
KingKroniKK collected $53.50 from pot
*** SUMMARY ***
Total pot $54 | Rake $0.50
Board [Td 4h 4s 5d 5h]
Seat 5: KingKroniKK (big blind) showed [9s 9d] and won ($53.50) with two pair, Nines and Fives
Seat 6: GRAILKO (button) (small blind) mucked


PokerStars Hand #168111737845:  Hold'em Limit ($3/$6 USD) - 2017/03/25 19:23:32 ET
Table 'Bahner' 6-max Seat #5 is the button
Seat 5: KingKroniKK ($185.16 in chips)
Seat 6: GRAILKO ($291 in chips)
KingKroniKK: posts small blind $1
GRAILKO: posts big blind $3
*** HOLE CARDS ***
KingKroniKK: raises $3 to $6
GRAILKO: calls $3
*** FLOP *** [8s 4c 5d]
GRAILKO: checks
KingKroniKK: bets $3
GRAILKO: calls $3
*** TURN *** [8s 4c 5d] [Ts]
GRAILKO: checks
KingKroniKK: bets $6
GRAILKO: raises $6 to $12
KingKroniKK: calls $6
*** RIVER *** [8s 4c 5d Ts] [3s]
GRAILKO: bets $6
KingKroniKK: folds
Uncalled bet ($6) returned to GRAILKO
GRAILKO collected $41.50 from pot
GRAILKO: doesn't show hand
*** SUMMARY ***
Total pot $42 | Rake $0.50
Board [8s 4c 5d Ts 3s]
Seat 5: KingKroniKK (button) (small blind) folded on the River
Seat 6: GRAILKO (big blind) collected ($41.50)


PokerStars Hand #168111756780:  Hold'em Limit ($3/$6 USD) - 2017/03/25 19:23:59 ET
Table 'Bahner' 6-max Seat #6 is the button
Seat 5: KingKroniKK ($164.16 in chips)
Seat 6: GRAILKO ($311.50 in chips)
GRAILKO: posts small blind $1
KingKroniKK: posts big blind $3
*** HOLE CARDS ***
GRAILKO: raises $3 to $6
KingKroniKK: calls $3
*** FLOP *** [9d 9s Jh]
KingKroniKK: checks
GRAILKO: checks
*** TURN *** [9d 9s Jh] [8c]
KingKroniKK: checks
GRAILKO: checks
*** RIVER *** [9d 9s Jh 8c] [3c]
KingKroniKK: bets $6
GRAILKO: calls $6
*** SHOW DOWN ***
KingKroniKK: shows [5c 4h] (a pair of Nines)
GRAILKO: shows [Ks Th] (a pair of Nines - King kicker)
GRAILKO collected $23.52 from pot
*** SUMMARY ***
Total pot $24 | Rake $0.48
Board [9d 9s Jh 8c 3c]
Seat 5: KingKroniKK (big blind) showed [5c 4h] and lost with a pair of Nines
Seat 6: GRAILKO (button) (small blind) showed [Ks Th] and won ($23.52) with a pair of Nines


PokerStars Hand #168111771601:  Hold'em Limit ($3/$6 USD) - 2017/03/25 19:24:21 ET
Table 'Bahner' 6-max Seat #5 is the button
Seat 5: KingKroniKK ($152.16 in chips)
Seat 6: GRAILKO ($323.02 in chips)
KingKroniKK: posts small blind $1
GRAILKO: posts big blind $3
*** HOLE CARDS ***
KingKroniKK: raises $3 to $6
GRAILKO: folds
Uncalled bet ($3) returned to KingKroniKK
KingKroniKK collected $6 from pot
KingKroniKK: doesn't show hand
*** SUMMARY ***
Total pot $6 | Rake $0
Seat 5: KingKroniKK (button) (small blind) collected ($6)
Seat 6: GRAILKO (big blind) folded before Flop


PokerStars Hand #168111775958:  Hold'em Limit ($3/$6 USD) - 2017/03/25 19:24:27 ET
Table 'Bahner' 6-max Seat #6 is the button
Seat 5: KingKroniKK ($155.16 in chips)
Seat 6: GRAILKO ($320.02 in chips)
GRAILKO: posts small blind $1
KingKroniKK: posts big blind $3
*** HOLE CARDS ***
GRAILKO: raises $3 to $6
KingKroniKK: calls $3
*** FLOP *** [Kc 8s 2d]
KingKroniKK: checks
GRAILKO: checks
*** TURN *** [Kc 8s 2d] [5d]
KingKroniKK: bets $6
GRAILKO: calls $6
*** RIVER *** [Kc 8s 2d 5d] [8h]
KingKroniKK: bets $6
GRAILKO: calls $6
*** SHOW DOWN ***
KingKroniKK: shows [6s 5c] (two pair, Eights and Fives)
GRAILKO: mucks hand
KingKroniKK collected $35.50 from pot
*** SUMMARY ***
Total pot $36 | Rake $0.50
Board [Kc 8s 2d 5d 8h]
Seat 5: KingKroniKK (big blind) showed [6s 5c] and won ($35.50) with two pair, Eights and Fives
Seat 6: GRAILKO (button) (small blind) mucked


PokerStars Hand #168111787322:  Hold'em Limit ($3/$6 USD) - 2017/03/25 19:24:43 ET
Table 'Bahner' 6-max Seat #5 is the button
Seat 5: KingKroniKK ($172.66 in chips)
Seat 6: GRAILKO ($302.02 in chips)
KingKroniKK: posts small blind $1
GRAILKO: posts big blind $3
*** HOLE CARDS ***
KingKroniKK: raises $3 to $6
GRAILKO: calls $3
*** FLOP *** [Td Ts Kh]
GRAILKO: checks
KingKroniKK: bets $3
GRAILKO: raises $3 to $6
KingKroniKK: calls $3
*** TURN *** [Td Ts Kh] [3d]
GRAILKO: bets $6
KingKroniKK: calls $6
*** RIVER *** [Td Ts Kh 3d] [2s]
GRAILKO: bets $6
KingKroniKK: calls $6
*** SHOW DOWN ***
GRAILKO: shows [2d Kc] (two pair, Kings and Tens)
KingKroniKK: mucks hand
GRAILKO collected $47.50 from pot
*** SUMMARY ***
Total pot $48 | Rake $0.50
Board [Td Ts Kh 3d 2s]
Seat 5: KingKroniKK (button) (small blind) mucked
Seat 6: GRAILKO (big blind) showed [2d Kc] and won ($47.50) with two pair, Kings and Tens


PokerStars Hand #168111802558:  Hold'em Limit ($3/$6 USD) - 2017/03/25 19:25:06 ET
Table 'Bahner' 6-max Seat #6 is the button
Seat 5: KingKroniKK ($148.66 in chips)
Seat 6: GRAILKO ($325.52 in chips)
GRAILKO: posts small blind $1
KingKroniKK: posts big blind $3
*** HOLE CARDS ***
GRAILKO: raises $3 to $6
KingKroniKK: calls $3
*** FLOP *** [9d 8d Qd]
KingKroniKK: checks
GRAILKO: bets $3
KingKroniKK: raises $3 to $6
GRAILKO: calls $3
*** TURN *** [9d 8d Qd] [2d]
KingKroniKK: bets $6
GRAILKO: calls $6
*** RIVER *** [9d 8d Qd 2d] [4h]
KingKroniKK: bets $6
GRAILKO: calls $6
*** SHOW DOWN ***
KingKroniKK: shows [Jd 4d] (a flush, Queen high)
GRAILKO: mucks hand
KingKroniKK collected $47.50 from pot
*** SUMMARY ***
Total pot $48 | Rake $0.50
Board [9d 8d Qd 2d 4h]
Seat 5: KingKroniKK (big blind) showed [Jd 4d] and won ($47.50) with a flush, Queen high
Seat 6: GRAILKO (button) (small blind) mucked


PokerStars Hand #168111836318:  Hold'em Limit ($3/$6 USD) - 2017/03/25 19:25:54 ET
Table 'Bahner' 6-max Seat #6 is the button
Seat 5: KingKroniKK ($201.66 in chips)
Seat 6: GRAILKO ($271.52 in chips)
GRAILKO: posts small blind $1
KingKroniKK: posts big blind $3
*** HOLE CARDS ***
GRAILKO: raises $3 to $6
KingKroniKK: folds
Uncalled bet ($3) returned to GRAILKO
GRAILKO collected $6 from pot
GRAILKO: doesn't show hand
*** SUMMARY ***
Total pot $6 | Rake $0
Seat 5: KingKroniKK (big blind) folded before Flop
Seat 6: GRAILKO (button) (small blind) collected ($6)


PokerStars Hand #168111822002:  Hold'em Limit ($3/$6 USD) - 2017/03/25 19:25:34 ET
Table 'Bahner' 6-max Seat #5 is the button
Seat 5: KingKroniKK ($172.16 in chips)
Seat 6: GRAILKO ($301.52 in chips)
KingKroniKK: posts small blind $1
GRAILKO: posts big blind $3
*** HOLE CARDS ***
KingKroniKK: raises $3 to $6
GRAILKO: raises $3 to $9
KingKroniKK: calls $3
*** FLOP *** [9s 4d 4c]
GRAILKO: bets $3
KingKroniKK: calls $3
*** TURN *** [9s 4d 4c] [5c]
GRAILKO: bets $6
KingKroniKK: raises $6 to $12
GRAILKO: calls $6
*** RIVER *** [9s 4d 4c 5c] [As]
GRAILKO: checks
KingKroniKK: bets $6
GRAILKO: calls $6
*** SHOW DOWN ***
KingKroniKK: shows [4h Kd] (three of a kind, Fours)
GRAILKO: mucks hand
KingKroniKK collected $59.50 from pot
*** SUMMARY ***
Total pot $60 | Rake $0.50
Board [9s 4d 4c 5c As]
Seat 5: KingKroniKK (button) (small blind) showed [4h Kd] and won ($59.50) with three of a kind, Fours
Seat 6: GRAILKO (big blind) mucked


PokerStars Hand #168111841549:  Hold'em Limit ($3/$6 USD) - 2017/03/25 19:26:02 ET
Table 'Bahner' 6-max Seat #5 is the button
Seat 5: KingKroniKK ($198.66 in chips)
Seat 6: GRAILKO ($274.52 in chips)
KingKroniKK: posts small blind $1
GRAILKO: posts big blind $3
*** HOLE CARDS ***
KingKroniKK: raises $3 to $6
GRAILKO: folds
Uncalled bet ($3) returned to KingKroniKK
KingKroniKK collected $6 from pot
KingKroniKK: doesn't show hand
*** SUMMARY ***
Total pot $6 | Rake $0
Seat 5: KingKroniKK (button) (small blind) collected ($6)
Seat 6: GRAILKO (big blind) folded before Flop


PokerStars Hand #168111845623:  Hold'em Limit ($3/$6 USD) - 2017/03/25 19:26:08 ET
Table 'Bahner' 6-max Seat #6 is the button
Seat 5: KingKroniKK ($201.66 in chips)
Seat 6: GRAILKO ($271.52 in chips)
GRAILKO: posts small blind $1
KingKroniKK: posts big blind $3
*** HOLE CARDS ***
GRAILKO: raises $3 to $6
KingKroniKK: raises $3 to $9
GRAILKO: calls $3
*** FLOP *** [Qs 9h Qc]
KingKroniKK: bets $3
GRAILKO: calls $3
*** TURN *** [Qs 9h Qc] [4s]
KingKroniKK: bets $6
GRAILKO: raises $6 to $12
KingKroniKK: calls $6
*** RIVER *** [Qs 9h Qc 4s] [8h]
KingKroniKK: checks
GRAILKO: bets $6
KingKroniKK: calls $6
*** SHOW DOWN ***
GRAILKO: shows [Jc Jh] (two pair, Queens and Jacks)
KingKroniKK: mucks hand
GRAILKO collected $59.50 from pot
*** SUMMARY ***
Total pot $60 | Rake $0.50
Board [Qs 9h Qc 4s 8h]
Seat 5: KingKroniKK (big blind) mucked
Seat 6: GRAILKO (button) (small blind) showed [Jc Jh] and won ($59.50) with two pair, Queens and Jacks


PokerStars Hand #168111867218:  Hold'em Limit ($3/$6 USD) - 2017/03/25 19:26:39 ET
Table 'Bahner' 6-max Seat #6 is the button
Seat 5: KingKroniKK ($177.42 in chips)
Seat 6: GRAILKO ($295.02 in chips)
GRAILKO: posts small blind $1
KingKroniKK: posts big blind $3
*** HOLE CARDS ***
GRAILKO: folds
Uncalled bet ($2) returned to KingKroniKK
KingKroniKK collected $2 from pot
KingKroniKK: doesn't show hand
*** SUMMARY ***
Total pot $2 | Rake $0
Seat 5: KingKroniKK (big blind) collected ($2)
Seat 6: GRAILKO (button) (small blind) folded before Flop


PokerStars Hand #168111859661:  Hold'em Limit ($3/$6 USD) - 2017/03/25 19:26:28 ET
Table 'Bahner' 6-max Seat #5 is the button
Seat 5: KingKroniKK ($171.66 in chips)
Seat 6: GRAILKO ($301.02 in chips)
KingKroniKK: posts small blind $1
GRAILKO: posts big blind $3
*** HOLE CARDS ***
KingKroniKK: raises $3 to $6
GRAILKO: calls $3
*** FLOP *** [Ts 3h 6s]
GRAILKO: checks
KingKroniKK: bets $3
GRAILKO: folds
Uncalled bet ($3) returned to KingKroniKK
KingKroniKK collected $11.76 from pot
KingKroniKK: doesn't show hand
*** SUMMARY ***
Total pot $12 | Rake $0.24
Board [Ts 3h 6s]
Seat 5: KingKroniKK (button) (small blind) collected ($11.76)
Seat 6: GRAILKO (big blind) folded on the Flop


PokerStars Hand #168111870721:  Hold'em Limit ($3/$6 USD) - 2017/03/25 19:26:44 ET
Table 'Bahner' 6-max Seat #5 is the button
Seat 5: KingKroniKK ($178.42 in chips)
Seat 6: GRAILKO ($294.02 in chips)
KingKroniKK: posts small blind $1
GRAILKO: posts big blind $3
*** HOLE CARDS ***
KingKroniKK: raises $3 to $6
GRAILKO: calls $3
*** FLOP *** [7h 7c 7s]
GRAILKO: checks
KingKroniKK: bets $3
GRAILKO: calls $3
*** TURN *** [7h 7c 7s] [6s]
GRAILKO: checks
KingKroniKK: bets $6
GRAILKO: raises $6 to $12
KingKroniKK: calls $6
*** RIVER *** [7h 7c 7s 6s] [Ks]
GRAILKO: bets $6
KingKroniKK: calls $6
*** SHOW DOWN ***
GRAILKO: shows [6h Qd] (a full house, Sevens full of Sixes)
KingKroniKK: mucks hand
GRAILKO collected $53.50 from pot
*** SUMMARY ***
Total pot $54 | Rake $0.50
Board [7h 7c 7s 6s Ks]
Seat 5: KingKroniKK (button) (small blind) mucked
Seat 6: GRAILKO (big blind) showed [6h Qd] and won ($53.50) with a full house, Sevens full of Sixes


PokerStars Hand #168111899269:  Hold'em Limit ($3/$6 USD) - 2017/03/25 19:27:26 ET
Table 'Bahner' 6-max Seat #5 is the button
Seat 5: KingKroniKK ($160.06 in chips)
Seat 6: GRAILKO ($311.52 in chips)
KingKroniKK: posts small blind $1
GRAILKO: posts big blind $3
*** HOLE CARDS ***
KingKroniKK: raises $3 to $6
GRAILKO: calls $3
*** FLOP *** [9s Tc Qd]
GRAILKO: checks
KingKroniKK: bets $3
GRAILKO: calls $3
*** TURN *** [9s Tc Qd] [2c]
GRAILKO: checks
KingKroniKK: bets $6
GRAILKO: calls $6
*** RIVER *** [9s Tc Qd 2c] [As]
GRAILKO: checks
KingKroniKK: checks
*** SHOW DOWN ***
GRAILKO: shows [6d Jd] (high card Ace)
KingKroniKK: shows [8h 9h] (a pair of Nines)
KingKroniKK collected $29.50 from pot
*** SUMMARY ***
Total pot $30 | Rake $0.50
Board [9s Tc Qd 2c As]
Seat 5: KingKroniKK (button) (small blind) showed [8h 9h] and won ($29.50) with a pair of Nines
Seat 6: GRAILKO (big blind) showed [6d Jd] and lost with high card Ace


PokerStars Hand #168111915840:  Hold'em Limit ($3/$6 USD) - 2017/03/25 19:27:50 ET
Table 'Bahner' 6-max Seat #5 is the button
Seat 5: KingKroniKK ($171.56 in chips)
Seat 6: GRAILKO ($299.52 in chips)
KingKroniKK: posts small blind $1
GRAILKO: posts big blind $3
*** HOLE CARDS ***
KingKroniKK: folds
Uncalled bet ($2) returned to GRAILKO
GRAILKO collected $2 from pot
GRAILKO: doesn't show hand
*** SUMMARY ***
Total pot $2 | Rake $0
Seat 5: KingKroniKK (button) (small blind) folded before Flop
Seat 6: GRAILKO (big blind) collected ($2)


PokerStars Hand #168111911844:  Hold'em Limit ($3/$6 USD) - 2017/03/25 19:27:44 ET
Table 'Bahner' 6-max Seat #6 is the button
Seat 5: KingKroniKK ($174.56 in chips)
Seat 6: GRAILKO ($296.52 in chips)
GRAILKO: posts small blind $1
KingKroniKK: posts big blind $3
*** HOLE CARDS ***
GRAILKO: raises $3 to $6
KingKroniKK: folds
Uncalled bet ($3) returned to GRAILKO
GRAILKO collected $6 from pot
GRAILKO: doesn't show hand
*** SUMMARY ***
Total pot $6 | Rake $0
Seat 5: KingKroniKK (big blind) folded before Flop
Seat 6: GRAILKO (button) (small blind) collected ($6)


PokerStars Hand #168111919171:  Hold'em Limit ($3/$6 USD) - 2017/03/25 19:27:55 ET
Table 'Bahner' 6-max Seat #6 is the button
Seat 5: KingKroniKK ($170.56 in chips)
Seat 6: GRAILKO ($300.52 in chips)
GRAILKO: posts small blind $1
KingKroniKK: posts big blind $3
*** HOLE CARDS ***
GRAILKO: folds
Uncalled bet ($2) returned to KingKroniKK
SilaSoNi joins the table at seat #4
KingKroniKK collected $2 from pot
KingKroniKK: doesn't show hand
*** SUMMARY ***
Total pot $2 | Rake $0
Seat 5: KingKroniKK (big blind) collected ($2)
Seat 6: GRAILKO (button) (small blind) folded before Flop


PokerStars Hand #168111922521:  Hold'em Limit ($3/$6 USD) - 2017/03/25 19:28:00 ET
Table 'Bahner' 6-max Seat #5 is the button
Seat 5: KingKroniKK ($171.56 in chips)
Seat 6: GRAILKO ($299.52 in chips)
KingKroniKK: posts small blind $1
GRAILKO: posts big blind $3
*** HOLE CARDS ***
KingKroniKK: raises $3 to $6
GRAILKO: folds
Uncalled bet ($3) returned to KingKroniKK
KingKroniKK collected $6 from pot
KingKroniKK: doesn't show hand
*** SUMMARY ***
Total pot $6 | Rake $0
Seat 5: KingKroniKK (button) (small blind) collected ($6)
Seat 6: GRAILKO (big blind) folded before Flop


PokerStars Hand #168112404738:  Hold'em Limit ($3/$6 USD) - 2017/03/25 19:39:58 ET
Table 'Bahner' 6-max Seat #4 is the button
Seat 4: SilaSoNi ($210.66 in chips)
Seat 6: GRAILKO ($259.04 in chips)
SilaSoNi: posts small blind $1
GRAILKO: posts big blind $3
*** HOLE CARDS ***
SilaSoNi: folds
Uncalled bet ($2) returned to GRAILKO
GRAILKO collected $2 from pot
GRAILKO: doesn't show hand
*** SUMMARY ***
Total pot $2 | Rake $0
Seat 4: SilaSoNi (button) (small blind) folded before Flop
Seat 6: GRAILKO (big blind) collected ($2)


PokerStars Hand #168112387646:  Hold'em Limit ($3/$6 USD) - 2017/03/25 19:39:32 ET
Table 'Bahner' 6-max Seat #6 is the button
Seat 4: SilaSoNi ($240.66 in chips)
Seat 6: GRAILKO ($229.54 in chips)
GRAILKO: posts small blind $1
SilaSoNi: posts big blind $3
*** HOLE CARDS ***
GRAILKO: raises $3 to $6
SilaSoNi: calls $3
*** FLOP *** [7h 5h Jh]
SilaSoNi: checks
GRAILKO: bets $3
SilaSoNi: raises $3 to $6
GRAILKO: calls $3
*** TURN *** [7h 5h Jh] [Kd]
SilaSoNi: bets $6
GRAILKO: calls $6
*** RIVER *** [7h 5h Jh Kd] [2d]
SilaSoNi: bets $6
GRAILKO: raises $6 to $12
SilaSoNi: calls $6
*** SHOW DOWN ***
GRAILKO: shows [7s Kc] (two pair, Kings and Sevens)
SilaSoNi: mucks hand
GRAILKO collected $59.50 from pot
*** SUMMARY ***
Total pot $60 | Rake $0.50
Board [7h 5h Jh Kd 2d]
Seat 4: SilaSoNi (big blind) mucked
Seat 6: GRAILKO (button) (small blind) showed [7s Kc] and won ($59.50) with two pair, Kings and Sevens


PokerStars Hand #168112371767:  Hold'em Limit ($3/$6 USD) - 2017/03/25 19:39:08 ET
Table 'Bahner' 6-max Seat #4 is the button
Seat 4: SilaSoNi ($252.66 in chips)
Seat 6: GRAILKO ($218.02 in chips)
SilaSoNi: posts small blind $1
GRAILKO: posts big blind $3
*** HOLE CARDS ***
SilaSoNi: raises $3 to $6
GRAILKO: calls $3
*** FLOP *** [8h 3d 4h]
GRAILKO: checks
SilaSoNi: bets $3
GRAILKO: raises $3 to $6
SilaSoNi: calls $3
*** TURN *** [8h 3d 4h] [Kc]
GRAILKO: bets $6
SilaSoNi: folds
Uncalled bet ($6) returned to GRAILKO
GRAILKO collected $23.52 from pot
GRAILKO: doesn't show hand
*** SUMMARY ***
Total pot $24 | Rake $0.48
Board [8h 3d 4h Kc]
Seat 4: SilaSoNi (button) (small blind) folded on the Turn
Seat 6: GRAILKO (big blind) collected ($23.52)


