PokerStars Hand #144341512547:  Hold'em Limit ($3/$6 USD) - 2015/11/24 20:26:08 ET
Table 'Bahner' 6-max Seat #1 is the button
Seat 1: Velbor107 ($300 in chips)
Seat 2: AndrewCan ($120 in chips)
Velbor107: posts small blind $1
AndrewCan: posts big blind $3
*** HOLE CARDS ***
Velbor107: raises $3 to $6
AndrewCan: raises $3 to $9
Velbor107: calls $3
*** FLOP *** [Kh 6h 2d]
AndrewCan: bets $3
Velbor107: calls $3
*** TURN *** [Kh 6h 2d] [5s]
AndrewCan: bets $6
Velbor107: calls $6
*** RIVER *** [Kh 6h 2d 5s] [Td]
AndrewCan: bets $6
e4115ulb joins the table at seat #4
Velbor107: raises $6 to $12
BuzovaPro joins the table at seat #5
AndrewCan: folds
Uncalled bet ($6) returned to Velbor107
Velbor107 collected $47.50 from pot
*** SUMMARY ***
Total pot $48 | Rake $0.50
Board [Kh 6h 2d 5s Td]
Seat 1: Velbor107 (button) (small blind) collected ($47.50)
Seat 2: AndrewCan (big blind) folded on the River


PokerStars Hand #144345083522:  Hold'em Limit ($3/$6 USD) - 2015/11/24 23:02:49 ET
Table 'Bahner' 6-max Seat #1 is the button
Seat 1: icebookman ($70.47 in chips)
Seat 6: SlickDickey ($227.70 in chips)
icebookman: posts small blind $1
SlickDickey: posts big blind $3
*** HOLE CARDS ***
icebookman: raises $3 to $6
peon316 leaves the table
SlickDickey: calls $3
*** FLOP *** [Jh 9s 4c]
SlickDickey: checks
icebookman: bets $3
SlickDickey: folds
Uncalled bet ($3) returned to icebookman
icebookman collected $11.76 from pot
icebookman: doesn't show hand
*** SUMMARY ***
Total pot $12 | Rake $0.24
Board [Jh 9s 4c]
Seat 1: icebookman (button) (small blind) collected ($11.76)
Seat 6: SlickDickey (big blind) folded on the Flop


