PokerStars Hand #148432975386:  Hold'em Limit ($3/$6 USD) - 2016/02/08 2:03:53 ET
Table 'Baize' 6-max Seat #2 is the button
Seat 2: permafrost07 ($120 in chips)
Seat 4: Agrotait ($72 in chips)
permafrost07: posts small blind $1
Agrotait: posts big blind $3
*** HOLE CARDS ***
permafrost07: raises $3 to $6
Agrotait: calls $3
*** FLOP *** [Ks 7c 8s]
Agrotait: checks
permafrost07: checks
*** TURN *** [Ks 7c 8s] [6s]
Agrotait: bets $6
permafrost07: calls $6
*** RIVER *** [Ks 7c 8s 6s] [Ah]
Agrotait: checks
permafrost07: bets $6
Agrotait: folds
Uncalled bet ($6) returned to permafrost07
permafrost07 collected $23.52 from pot
permafrost07: doesn't show hand
*** SUMMARY ***
Total pot $24 | Rake $0.48
Board [Ks 7c 8s 6s Ah]
Seat 2: permafrost07 (button) (small blind) collected ($23.52)
Seat 4: Agrotait (big blind) folded on the River


PokerStars Hand #148432982462:  Hold'em Limit ($3/$6 USD) - 2016/02/08 2:04:19 ET
Table 'Baize' 6-max Seat #4 is the button
Seat 2: permafrost07 ($131.52 in chips)
Seat 4: Agrotait ($60 in chips)
Agrotait: posts small blind $1
permafrost07: posts big blind $3
*** HOLE CARDS ***
Agrotait: raises $3 to $6
permafrost07: raises $3 to $9
Agrotait: calls $3
*** FLOP *** [9c Jh 2s]
permafrost07: bets $3
Agrotait: calls $3
*** TURN *** [9c Jh 2s] [Kd]
permafrost07: bets $6
Agrotait: calls $6
*** RIVER *** [9c Jh 2s Kd] [2h]
permafrost07: bets $6
Agrotait: raises $6 to $12
permafrost07: calls $6
*** SHOW DOWN ***
Agrotait: shows [2c Ad] (three of a kind, Deuces)
permafrost07: mucks hand
Agrotait collected $59.50 from pot
*** SUMMARY ***
Total pot $60 | Rake $0.50
Board [9c Jh 2s Kd 2h]
Seat 2: permafrost07 (big blind) mucked
Seat 4: Agrotait (button) (small blind) showed [2c Ad] and won ($59.50) with three of a kind, Deuces


PokerStars Hand #148432990519:  Hold'em Limit ($3/$6 USD) - 2016/02/08 2:04:49 ET
Table 'Baize' 6-max Seat #2 is the button
Seat 2: permafrost07 ($101.52 in chips)
Seat 4: Agrotait ($89.50 in chips)
permafrost07: posts small blind $1
Agrotait: posts big blind $3
*** HOLE CARDS ***
permafrost07: raises $3 to $6
Agrotait: calls $3
*** FLOP *** [Ad 6c Qd]
Agrotait: checks
permafrost07: bets $3
Agrotait: calls $3
*** TURN *** [Ad 6c Qd] [Ks]
Agrotait: checks
permafrost07: bets $6
Agrotait: folds
Uncalled bet ($6) returned to permafrost07
permafrost07 collected $17.64 from pot
permafrost07: doesn't show hand
*** SUMMARY ***
Total pot $18 | Rake $0.36
Board [Ad 6c Qd Ks]
Seat 2: permafrost07 (button) (small blind) collected ($17.64)
Seat 4: Agrotait (big blind) folded on the Turn


PokerStars Hand #148433001062:  Hold'em Limit ($3/$6 USD) - 2016/02/08 2:05:28 ET
Table 'Baize' 6-max Seat #4 is the button
Seat 2: permafrost07 ($110.16 in chips)
Seat 4: Agrotait ($80.50 in chips)
Agrotait: posts small blind $1
permafrost07: posts big blind $3
*** HOLE CARDS ***
Agrotait: raises $3 to $6
permafrost07: raises $3 to $9
Agrotait: calls $3
*** FLOP *** [Jh 4c 5h]
permafrost07: bets $3
Agrotait: calls $3
*** TURN *** [Jh 4c 5h] [2h]
permafrost07: bets $6
Agrotait: calls $6
*** RIVER *** [Jh 4c 5h 2h] [Jc]
permafrost07: bets $6
Agrotait: calls $6
*** SHOW DOWN ***
permafrost07: shows [6h 4d] (two pair, Jacks and Fours)
Agrotait: shows [7s 7h] (two pair, Jacks and Sevens)
Agrotait collected $47.50 from pot
*** SUMMARY ***
Total pot $48 | Rake $0.50
Board [Jh 4c 5h 2h Jc]
Seat 2: permafrost07 (big blind) showed [6h 4d] and lost with two pair, Jacks and Fours
Seat 4: Agrotait (button) (small blind) showed [7s 7h] and won ($47.50) with two pair, Jacks and Sevens


PokerStars Hand #148433008865:  Hold'em Limit ($3/$6 USD) - 2016/02/08 2:05:56 ET
Table 'Baize' 6-max Seat #2 is the button
Seat 2: permafrost07 ($86.16 in chips)
Seat 4: Agrotait ($104 in chips)
permafrost07: posts small blind $1
Agrotait: posts big blind $3
*** HOLE CARDS ***
permafrost07: raises $3 to $6
Agrotait: calls $3
*** FLOP *** [3s 8s 4s]
Agrotait: checks
permafrost07: bets $3
Agrotait: calls $3
*** TURN *** [3s 8s 4s] [Ah]
Agrotait: checks
permafrost07: checks
*** RIVER *** [3s 8s 4s Ah] [3c]
Agrotait: checks
permafrost07: bets $6
Agrotait: folds
Uncalled bet ($6) returned to permafrost07
permafrost07 collected $17.64 from pot
permafrost07: doesn't show hand
*** SUMMARY ***
Total pot $18 | Rake $0.36
Board [3s 8s 4s Ah 3c]
Seat 2: permafrost07 (button) (small blind) collected ($17.64)
Seat 4: Agrotait (big blind) folded on the River


PokerStars Hand #148433029074:  Hold'em Limit ($3/$6 USD) - 2016/02/08 2:07:12 ET
Table 'Baize' 6-max Seat #2 is the button
Seat 2: permafrost07 ($124.30 in chips)
Seat 4: Agrotait ($65 in chips)
permafrost07: posts small blind $1
Agrotait: posts big blind $3
*** HOLE CARDS ***
permafrost07: raises $3 to $6
Agrotait: calls $3
*** FLOP *** [As 7h 9c]
Agrotait: checks
permafrost07: bets $3
Agrotait: folds
Uncalled bet ($3) returned to permafrost07
permafrost07 collected $11.76 from pot
permafrost07: doesn't show hand
*** SUMMARY ***
Total pot $12 | Rake $0.24
Board [As 7h 9c]
Seat 2: permafrost07 (button) (small blind) collected ($11.76)
Seat 4: Agrotait (big blind) folded on the Flop


PokerStars Hand #148433020124:  Hold'em Limit ($3/$6 USD) - 2016/02/08 2:06:38 ET
Table 'Baize' 6-max Seat #4 is the button
Seat 2: permafrost07 ($94.80 in chips)
Seat 4: Agrotait ($95 in chips)
Agrotait: posts small blind $1
permafrost07: posts big blind $3
*** HOLE CARDS ***
Agrotait: raises $3 to $6
permafrost07: raises $3 to $9
Agrotait: calls $3
*** FLOP *** [5d 2c 9h]
permafrost07: bets $3
Agrotait: raises $3 to $6
permafrost07: raises $3 to $9
Agrotait: calls $3
*** TURN *** [5d 2c 9h] [Qs]
permafrost07: bets $6
Agrotait: calls $6
*** RIVER *** [5d 2c 9h Qs] [7h]
permafrost07: bets $6
Agrotait: calls $6
*** SHOW DOWN ***
permafrost07: shows [9d Qd] (two pair, Queens and Nines)
Agrotait: mucks hand
permafrost07 collected $59.50 from pot
*** SUMMARY ***
Total pot $60 | Rake $0.50
Board [5d 2c 9h Qs 7h]
Seat 2: permafrost07 (big blind) showed [9d Qd] and won ($59.50) with two pair, Queens and Nines
Seat 4: Agrotait (button) (small blind) mucked


PokerStars Hand #148433032310:  Hold'em Limit ($3/$6 USD) - 2016/02/08 2:07:24 ET
Table 'Baize' 6-max Seat #4 is the button
Seat 2: permafrost07 ($130.06 in chips)
Seat 4: Agrotait ($72 in chips)
Agrotait: posts small blind $1
permafrost07: posts big blind $3
*** HOLE CARDS ***
Agrotait: raises $3 to $6
permafrost07: raises $3 to $9
Agrotait: calls $3
*** FLOP *** [4d Js 9c]
permafrost07: bets $3
Agrotait: folds
Uncalled bet ($3) returned to permafrost07
permafrost07 collected $17.64 from pot
permafrost07: doesn't show hand
*** SUMMARY ***
Total pot $18 | Rake $0.36
Board [4d Js 9c]
Seat 2: permafrost07 (big blind) collected ($17.64)
Seat 4: Agrotait (button) (small blind) folded on the Flop


PokerStars Hand #148433041728:  Hold'em Limit ($3/$6 USD) - 2016/02/08 2:07:59 ET
Table 'Baize' 6-max Seat #4 is the button
Seat 2: permafrost07 ($147.34 in chips)
Seat 4: Agrotait ($72 in chips)
69benji joins the table at seat #6
Agrotait: posts small blind $1
permafrost07: posts big blind $3
*** HOLE CARDS ***
Agrotait: raises $3 to $6
permafrost07: raises $3 to $9
Agrotait: calls $3
*** FLOP *** [5h Td Qc]
TbIP-TbIP 88 joins the table at seat #3
permafrost07: bets $3
Agrotait: folds
Uncalled bet ($3) returned to permafrost07
permafrost07 collected $17.64 from pot
permafrost07: doesn't show hand
*** SUMMARY ***
Total pot $18 | Rake $0.36
Board [5h Td Qc]
Seat 2: permafrost07 (big blind) collected ($17.64)
Seat 4: Agrotait (button) (small blind) folded on the Flop


PokerStars Hand #148433036781:  Hold'em Limit ($3/$6 USD) - 2016/02/08 2:07:41 ET
Table 'Baize' 6-max Seat #2 is the button
Seat 2: permafrost07 ($138.70 in chips)
Seat 4: Agrotait ($63 in chips)
permafrost07: posts small blind $1
Agrotait: posts big blind $3
*** HOLE CARDS ***
permafrost07: raises $3 to $6
Agrotait: calls $3
*** FLOP *** [4h 6h As]
Agrotait: checks
permafrost07: bets $3
Agrotait: calls $3
*** TURN *** [4h 6h As] [3c]
Agrotait: checks
permafrost07: bets $6
Agrotait: folds
Uncalled bet ($6) returned to permafrost07
permafrost07 collected $17.64 from pot
permafrost07: doesn't show hand
*** SUMMARY ***
Total pot $18 | Rake $0.36
Board [4h 6h As 3c]
Seat 2: permafrost07 (button) (small blind) collected ($17.64)
Seat 4: Agrotait (big blind) folded on the Turn


PokerStars Hand #148433115217:  Hold'em Limit ($3/$6 USD) - 2016/02/08 2:12:33 ET
Table 'Baize' 6-max Seat #5 is the button
Seat 5: verde7 ($60.56 in chips)
Seat 6: 69benji ($86 in chips)
verde7: posts small blind $1
69benji: posts big blind $3
*** HOLE CARDS ***
verde7: folds
Uncalled bet ($2) returned to 69benji
69benji collected $2 from pot
*** SUMMARY ***
Total pot $2 | Rake $0
Seat 5: verde7 (button) (small blind) folded before Flop
Seat 6: 69benji (big blind) collected ($2)


PokerStars Hand #148433109091:  Hold'em Limit ($3/$6 USD) - 2016/02/08 2:12:11 ET
Table 'Baize' 6-max Seat #6 is the button
Seat 5: verde7 ($51.92 in chips)
Seat 6: 69benji ($95 in chips)
69benji: posts small blind $1
bentinck113: is sitting out
verde7: posts big blind $3
*** HOLE CARDS ***
69benji: raises $3 to $6
verde7: calls $3
*** FLOP *** [3s 9c 2h]
verde7: checks
69benji: bets $3
verde7: calls $3
*** TURN *** [3s 9c 2h] [7c]
bentinck113 leaves the table
verde7: checks
69benji: checks
*** RIVER *** [3s 9c 2h 7c] [2s]
verde7: bets $6
69benji: folds
Uncalled bet ($6) returned to verde7
verde7 collected $17.64 from pot
*** SUMMARY ***
Total pot $18 | Rake $0.36
Board [3s 9c 2h 7c 2s]
Seat 5: verde7 (big blind) collected ($17.64)
Seat 6: 69benji (button) (small blind) folded on the River


PokerStars Hand #148433116546:  Hold'em Limit ($3/$6 USD) - 2016/02/08 2:12:38 ET
Table 'Baize' 6-max Seat #6 is the button
Seat 5: verde7 ($59.56 in chips)
Seat 6: 69benji ($87 in chips)
69benji: posts small blind $1
verde7: posts big blind $3
*** HOLE CARDS ***
69benji: raises $3 to $6
verde7: calls $3
*** FLOP *** [7s 3d 3c]
verde7: checks
69benji: bets $3
verde7: calls $3
*** TURN *** [7s 3d 3c] [7d]
verde7: checks
69benji: bets $6
verde7: calls $6
*** RIVER *** [7s 3d 3c 7d] [3h]
verde7: checks
69benji: checks
*** SHOW DOWN ***
verde7: shows [Jd Td] (a full house, Threes full of Sevens)
69benji: shows [6h Ac] (a full house, Threes full of Sevens)
verde7 collected $14.75 from pot
69benji collected $14.75 from pot
*** SUMMARY ***
Total pot $30 | Rake $0.50
Board [7s 3d 3c 7d 3h]
Seat 5: verde7 (big blind) showed [Jd Td] and won ($14.75) with a full house, Threes full of Sevens
Seat 6: 69benji (button) (small blind) showed [6h Ac] and won ($14.75) with a full house, Threes full of Sevens


PokerStars Hand #148433133963:  Hold'em Limit ($3/$6 USD) - 2016/02/08 2:13:42 ET
Table 'Baize' 6-max Seat #6 is the button
Seat 5: verde7 ($73.81 in chips)
Seat 6: 69benji ($71.75 in chips)
69benji: posts small blind $1
verde7: posts big blind $3
*** HOLE CARDS ***
69benji: folds
Uncalled bet ($2) returned to verde7
verde7 collected $2 from pot
*** SUMMARY ***
Total pot $2 | Rake $0
Seat 5: verde7 (big blind) collected ($2)
Seat 6: 69benji (button) (small blind) folded before Flop


PokerStars Hand #148433127024:  Hold'em Limit ($3/$6 USD) - 2016/02/08 2:13:17 ET
Table 'Baize' 6-max Seat #5 is the button
Seat 5: verde7 ($59.31 in chips)
Seat 6: 69benji ($86.75 in chips)
verde7: posts small blind $1
69benji: posts big blind $3
*** HOLE CARDS ***
verde7: calls $2
69benji: raises $3 to $6
verde7: calls $3
*** FLOP *** [7h 8s Qc]
69benji: bets $3
verde7: calls $3
*** TURN *** [7h 8s Qc] [Jc]
69benji: bets $6
verde7: raises $6 to $12
69benji: folds
Uncalled bet ($6) returned to verde7
verde7 collected $29.50 from pot
*** SUMMARY ***
Total pot $30 | Rake $0.50
Board [7h 8s Qc Jc]
Seat 5: verde7 (button) (small blind) collected ($29.50)
Seat 6: 69benji (big blind) folded on the Turn


PokerStars Hand #148433150997:  Hold'em Limit ($3/$6 USD) - 2016/02/08 2:14:45 ET
Table 'Baize' 6-max Seat #5 is the button
Seat 5: verde7 ($41.81 in chips)
Seat 6: 69benji ($102.89 in chips)
verde7: posts small blind $1
69benji: posts big blind $3
*** HOLE CARDS ***
verde7: calls $2
69benji: raises $3 to $6
verde7: calls $3
*** FLOP *** [2d Kh Th]
69benji: bets $3
verde7: calls $3
*** TURN *** [2d Kh Th] [5c]
69benji: bets $6
verde7: calls $6
*** RIVER *** [2d Kh Th 5c] [Kc]
69benji: bets $6
verde7: calls $6
*** SHOW DOWN ***
69benji: shows [4d Kd] (three of a kind, Kings)
verde7: mucks hand
69benji collected $41.50 from pot
*** SUMMARY ***
Total pot $42 | Rake $0.50
Board [2d Kh Th 5c Kc]
Seat 5: verde7 (button) (small blind) mucked
Seat 6: 69benji (big blind) showed [4d Kd] and won ($41.50) with three of a kind, Kings


PokerStars Hand #148433145807:  Hold'em Limit ($3/$6 USD) - 2016/02/08 2:14:26 ET
Table 'Baize' 6-max Seat #6 is the button
Seat 5: verde7 ($50.81 in chips)
Seat 6: 69benji ($94.25 in chips)
69benji: posts small blind $1
verde7: posts big blind $3
*** HOLE CARDS ***
69benji: raises $3 to $6
verde7: calls $3
*** FLOP *** [9s 5h Jh]
verde7: checks
69benji: bets $3
verde7: calls $3
*** TURN *** [9s 5h Jh] [2h]
verde7: checks
69benji: bets $6
hsnew2012 joins the table at seat #3
verde7: folds
Uncalled bet ($6) returned to 69benji
69benji collected $17.64 from pot
*** SUMMARY ***
Total pot $18 | Rake $0.36
Board [9s 5h Jh 2h]
Seat 5: verde7 (big blind) folded on the Turn
Seat 6: 69benji (button) (small blind) collected ($17.64)


PokerStars Hand #148433235234:  Hold'em Limit ($3/$6 USD) - 2016/02/08 2:19:56 ET
Table 'Baize' 6-max Seat #3 is the button
Seat 3: hsnew2012 ($21.10 in chips)
Seat 6: 69benji ($104.49 in chips)
hsnew2012: posts small blind $1
verde7 has timed out while being disconnected
verde7: is sitting out
69benji: posts big blind $3
*** HOLE CARDS ***
verde7 is disconnected
hsnew2012: folds
Uncalled bet ($2) returned to 69benji
69benji collected $2 from pot
*** SUMMARY ***
Total pot $2 | Rake $0
Seat 3: hsnew2012 (button) (small blind) folded before Flop
Seat 6: 69benji (big blind) collected ($2)


PokerStars Hand #148433248057:  Hold'em Limit ($3/$6 USD) - 2016/02/08 2:20:43 ET
Table 'Baize' 6-max Seat #6 is the button
Seat 3: hsnew2012 ($20.10 in chips)
Seat 6: 69benji ($105.49 in chips)
69benji: posts small blind $1
hsnew2012: posts big blind $3
*** HOLE CARDS ***
69benji: raises $3 to $6
hsnew2012: calls $3
*** FLOP *** [5c 3s 4c]
hsnew2012: checks
69benji: bets $3
hsnew2012: calls $3
*** TURN *** [5c 3s 4c] [Js]
hsnew2012: checks
69benji: bets $6
hsnew2012: calls $6
*** RIVER *** [5c 3s 4c Js] [8d]
hsnew2012: checks
69benji: bets $6
hsnew2012: calls $5.10 and is all-in
Uncalled bet ($0.90) returned to 69benji
*** SHOW DOWN ***
69benji: shows [Qs Qh] (a pair of Queens)
hsnew2012: shows [Ah Th] (high card Ace)
69benji collected $39.70 from pot
*** SUMMARY ***
Total pot $40.20 | Rake $0.50
Board [5c 3s 4c Js 8d]
Seat 3: hsnew2012 (big blind) showed [Ah Th] and lost with high card Ace
Seat 6: 69benji (button) (small blind) showed [Qs Qh] and won ($39.70) with a pair of Queens


PokerStars Hand #148433266289:  Hold'em Limit ($3/$6 USD) - 2016/02/08 2:21:49 ET
Table 'Baize' 6-max Seat #6 is the button
Seat 5: verde7 ($60.68 in chips)
Seat 6: 69benji ($119.09 in chips)
69benji: posts small blind $1
verde7: posts big blind $3
*** HOLE CARDS ***
69benji: raises $3 to $6
verde7: calls $3
*** FLOP *** [4h 7s 6h]
verde7: checks
69benji: bets $3
verde7: folds
Uncalled bet ($3) returned to 69benji
69benji collected $11.76 from pot
*** SUMMARY ***
Total pot $12 | Rake $0.24
Board [4h 7s 6h]
Seat 5: verde7 (big blind) folded on the Flop
Seat 6: 69benji (button) (small blind) collected ($11.76)


PokerStars Hand #148433273649:  Hold'em Limit ($3/$6 USD) - 2016/02/08 2:22:16 ET
Table 'Baize' 6-max Seat #5 is the button
Seat 5: verde7 ($54.68 in chips)
Seat 6: 69benji ($124.85 in chips)
verde7: posts small blind $1
69benji: posts big blind $3
*** HOLE CARDS ***
verde7: folds
Uncalled bet ($2) returned to 69benji
69benji collected $2 from pot
*** SUMMARY ***
Total pot $2 | Rake $0
Seat 5: verde7 (button) (small blind) folded before Flop
Seat 6: 69benji (big blind) collected ($2)


PokerStars Hand #148433258850:  Hold'em Limit ($3/$6 USD) - 2016/02/08 2:21:22 ET
Table 'Baize' 6-max Seat #5 is the button
Seat 5: verde7 ($54.92 in chips)
Seat 6: 69benji ($125.09 in chips)
verde7: posts small blind $1
69benji: posts big blind $3
*** HOLE CARDS ***
hsnew2012 leaves the table
verde7: raises $3 to $6
69benji: calls $3
*** FLOP *** [Jh 5h Ac]
69benji: checks
verde7: bets $3
69benji: folds
Uncalled bet ($3) returned to verde7
verde7 collected $11.76 from pot
*** SUMMARY ***
Total pot $12 | Rake $0.24
Board [Jh 5h Ac]
Seat 5: verde7 (button) (small blind) collected ($11.76)
Seat 6: 69benji (big blind) folded on the Flop


PokerStars Hand #148433275195:  Hold'em Limit ($3/$6 USD) - 2016/02/08 2:22:22 ET
Table 'Baize' 6-max Seat #6 is the button
Seat 5: verde7 ($53.68 in chips)
Seat 6: 69benji ($125.85 in chips)
69benji: posts small blind $1
verde7: posts big blind $3
*** HOLE CARDS ***
69benji: raises $3 to $6
verde7: calls $3
*** FLOP *** [4c 4h 5h]
verde7: checks
69benji: bets $3
verde7: calls $3
*** TURN *** [4c 4h 5h] [3c]
verde7: checks
69benji: bets $6
verde7: folds
Uncalled bet ($6) returned to 69benji
69benji collected $17.64 from pot
*** SUMMARY ***
Total pot $18 | Rake $0.36
Board [4c 4h 5h 3c]
Seat 5: verde7 (big blind) folded on the Turn
Seat 6: 69benji (button) (small blind) collected ($17.64)


PokerStars Hand #148433284112:  Hold'em Limit ($3/$6 USD) - 2016/02/08 2:22:55 ET
Table 'Baize' 6-max Seat #5 is the button
Seat 5: verde7 ($44.68 in chips)
Seat 6: 69benji ($134.49 in chips)
verde7: posts small blind $1
69benji: posts big blind $3
*** HOLE CARDS ***
verde7: folds
Uncalled bet ($2) returned to 69benji
69benji collected $2 from pot
*** SUMMARY ***
Total pot $2 | Rake $0
Seat 5: verde7 (button) (small blind) folded before Flop
Seat 6: 69benji (big blind) collected ($2)


PokerStars Hand #148433285904:  Hold'em Limit ($3/$6 USD) - 2016/02/08 2:23:02 ET
Table 'Baize' 6-max Seat #6 is the button
Seat 5: verde7 ($43.68 in chips)
Seat 6: 69benji ($135.49 in chips)
69benji: posts small blind $1
verde7: posts big blind $3
*** HOLE CARDS ***
69benji: raises $3 to $6
verde7: calls $3
*** FLOP *** [9d 7h Ks]
verde7: checks
69benji: bets $3
verde7: folds
Uncalled bet ($3) returned to 69benji
69benji collected $11.76 from pot
*** SUMMARY ***
Total pot $12 | Rake $0.24
Board [9d 7h Ks]
Seat 5: verde7 (big blind) folded on the Flop
Seat 6: 69benji (button) (small blind) collected ($11.76)


PokerStars Hand #148433291839:  Hold'em Limit ($3/$6 USD) - 2016/02/08 2:23:23 ET
Table 'Baize' 6-max Seat #6 is the button
Seat 5: verde7 ($40.68 in chips)
Seat 6: 69benji ($138.25 in chips)
69benji: posts small blind $1
verde7: posts big blind $3
*** HOLE CARDS ***
69benji: folds
Uncalled bet ($2) returned to verde7
verde7 collected $2 from pot
*** SUMMARY ***
Total pot $2 | Rake $0
Seat 5: verde7 (big blind) collected ($2)
Seat 6: 69benji (button) (small blind) folded before Flop


PokerStars Hand #148433289450:  Hold'em Limit ($3/$6 USD) - 2016/02/08 2:23:15 ET
Table 'Baize' 6-max Seat #5 is the button
Seat 5: verde7 ($37.68 in chips)
Seat 6: 69benji ($141.25 in chips)
verde7: posts small blind $1
69benji: posts big blind $3
*** HOLE CARDS ***
verde7: raises $3 to $6
69benji: folds
Uncalled bet ($3) returned to verde7
verde7 collected $6 from pot
*** SUMMARY ***
Total pot $6 | Rake $0
Seat 5: verde7 (button) (small blind) collected ($6)
Seat 6: 69benji (big blind) folded before Flop


PokerStars Hand #148433293072:  Hold'em Limit ($3/$6 USD) - 2016/02/08 2:23:28 ET
Table 'Baize' 6-max Seat #5 is the button
Seat 5: verde7 ($41.68 in chips)
Seat 6: 69benji ($137.25 in chips)
verde7: posts small blind $1
69benji: posts big blind $3
*** HOLE CARDS ***
verde7: calls $2
69benji: checks
*** FLOP *** [Jh 4c 7h]
69benji: checks
verde7: bets $3
69benji: folds
Uncalled bet ($3) returned to verde7
verde7 collected $5.88 from pot
*** SUMMARY ***
Total pot $6 | Rake $0.12
Board [Jh 4c 7h]
Seat 5: verde7 (button) (small blind) collected ($5.88)
Seat 6: 69benji (big blind) folded on the Flop


PokerStars Hand #148433296737:  Hold'em Limit ($3/$6 USD) - 2016/02/08 2:23:41 ET
Table 'Baize' 6-max Seat #6 is the button
Seat 5: verde7 ($44.56 in chips)
Seat 6: 69benji ($134.25 in chips)
69benji: posts small blind $1
verde7: posts big blind $3
*** HOLE CARDS ***
69benji: raises $3 to $6
verde7: calls $3
*** FLOP *** [Ts 8s Kh]
verde7: checks
69benji: bets $3
verde7: folds
Uncalled bet ($3) returned to 69benji
69benji collected $11.76 from pot
*** SUMMARY ***
Total pot $12 | Rake $0.24
Board [Ts 8s Kh]
Seat 5: verde7 (big blind) folded on the Flop
Seat 6: 69benji (button) (small blind) collected ($11.76)


PokerStars Hand #148433303218:  Hold'em Limit ($3/$6 USD) - 2016/02/08 2:24:05 ET
Table 'Baize' 6-max Seat #5 is the button
Seat 5: verde7 ($38.56 in chips)
Seat 6: 69benji ($140.01 in chips)
verde7: posts small blind $1
69benji: posts big blind $3
*** HOLE CARDS ***
verde7: folds
Uncalled bet ($2) returned to 69benji
69benji collected $2 from pot
*** SUMMARY ***
Total pot $2 | Rake $0
Seat 5: verde7 (button) (small blind) folded before Flop
Seat 6: 69benji (big blind) collected ($2)


PokerStars Hand #148433305078:  Hold'em Limit ($3/$6 USD) - 2016/02/08 2:24:12 ET
Table 'Baize' 6-max Seat #6 is the button
Seat 5: verde7 ($37.56 in chips)
Seat 6: 69benji ($141.01 in chips)
69benji: posts small blind $1
verde7: posts big blind $3
*** HOLE CARDS ***
69benji: folds
Uncalled bet ($2) returned to verde7
verde7 collected $2 from pot
*** SUMMARY ***
Total pot $2 | Rake $0
Seat 5: verde7 (big blind) collected ($2)
Seat 6: 69benji (button) (small blind) folded before Flop


PokerStars Hand #148433308917:  Hold'em Limit ($3/$6 USD) - 2016/02/08 2:24:26 ET
Table 'Baize' 6-max Seat #5 is the button
Seat 5: verde7 ($38.56 in chips)
Seat 6: 69benji ($140.01 in chips)
verde7: posts small blind $1
69benji: posts big blind $3
*** HOLE CARDS ***
verde7: calls $2
69benji: checks
*** FLOP *** [Ts 9d Qc]
69benji: checks
verde7: bets $3
69benji: calls $3
*** TURN *** [Ts 9d Qc] [7s]
69benji: checks
verde7: checks
*** RIVER *** [Ts 9d Qc 7s] [4h]
69benji: checks
verde7: checks
*** SHOW DOWN ***
69benji: shows [7d Jh] (a pair of Sevens)
verde7: mucks hand
69benji collected $11.76 from pot
*** SUMMARY ***
Total pot $12 | Rake $0.24
Board [Ts 9d Qc 7s 4h]
Seat 5: verde7 (button) (small blind) mucked
Seat 6: 69benji (big blind) showed [7d Jh] and won ($11.76) with a pair of Sevens


PokerStars Hand #148433318389:  Hold'em Limit ($3/$6 USD) - 2016/02/08 2:25:00 ET
Table 'Baize' 6-max Seat #6 is the button
Seat 5: verde7 ($32.56 in chips)
Seat 6: 69benji ($145.77 in chips)
69benji: posts small blind $1
verde7: posts big blind $3
*** HOLE CARDS ***
69benji: raises $3 to $6
verde7: calls $3
*** FLOP *** [Ac 8d Kc]
verde7: checks
69benji: bets $3
verde7: calls $3
*** TURN *** [Ac 8d Kc] [Jd]
verde7: checks
69benji: bets $6
verde7: folds
Uncalled bet ($6) returned to 69benji
69benji collected $17.64 from pot
*** SUMMARY ***
Total pot $18 | Rake $0.36
Board [Ac 8d Kc Jd]
Seat 5: verde7 (big blind) folded on the Turn
Seat 6: 69benji (button) (small blind) collected ($17.64)


PokerStars Hand #148433323501:  Hold'em Limit ($3/$6 USD) - 2016/02/08 2:25:19 ET
Table 'Baize' 6-max Seat #5 is the button
Seat 5: verde7 ($23.56 in chips)
Seat 6: 69benji ($154.41 in chips)
verde7: posts small blind $1
69benji: posts big blind $3
*** HOLE CARDS ***
verde7: folds
Uncalled bet ($2) returned to 69benji
69benji collected $2 from pot
*** SUMMARY ***
Total pot $2 | Rake $0
Seat 5: verde7 (button) (small blind) folded before Flop
Seat 6: 69benji (big blind) collected ($2)


PokerStars Hand #148433332449:  Hold'em Limit ($3/$6 USD) - 2016/02/08 2:25:52 ET
Table 'Baize' 6-max Seat #5 is the button
Seat 5: verde7 ($37.06 in chips)
Seat 6: 69benji ($140.41 in chips)
verde7: posts small blind $1
69benji: posts big blind $3
*** HOLE CARDS ***
verde7: folds
Uncalled bet ($2) returned to 69benji
69benji collected $2 from pot
*** SUMMARY ***
Total pot $2 | Rake $0
Seat 5: verde7 (button) (small blind) folded before Flop
Seat 6: 69benji (big blind) collected ($2)


PokerStars Hand #148433325831:  Hold'em Limit ($3/$6 USD) - 2016/02/08 2:25:28 ET
Table 'Baize' 6-max Seat #6 is the button
Seat 5: verde7 ($22.56 in chips)
Seat 6: 69benji ($155.41 in chips)
69benji: posts small blind $1
verde7: posts big blind $3
*** HOLE CARDS ***
69benji: raises $3 to $6
verde7: calls $3
*** FLOP *** [3d 2h Jd]
verde7: checks
69benji: bets $3
verde7: calls $3
*** TURN *** [3d 2h Jd] [4c]
verde7: checks
69benji: checks
*** RIVER *** [3d 2h Jd 4c] [Kd]
verde7: bets $6
69benji: calls $6
*** SHOW DOWN ***
verde7: shows [Jc 9c] (a pair of Jacks)
69benji: mucks hand
verde7 collected $29.50 from pot
*** SUMMARY ***
Total pot $30 | Rake $0.50
Board [3d 2h Jd 4c Kd]
Seat 5: verde7 (big blind) showed [Jc 9c] and won ($29.50) with a pair of Jacks
Seat 6: 69benji (button) (small blind) mucked


PokerStars Hand #148433334318:  Hold'em Limit ($3/$6 USD) - 2016/02/08 2:25:58 ET
Table 'Baize' 6-max Seat #6 is the button
Seat 5: verde7 ($36.06 in chips)
Seat 6: 69benji ($141.41 in chips)
69benji: posts small blind $1
verde7: posts big blind $3
*** HOLE CARDS ***
69benji: raises $3 to $6
verde7: calls $3
*** FLOP *** [7h Ad 6s]
verde7: checks
69benji: bets $3
verde7: calls $3
*** TURN *** [7h Ad 6s] [8h]
verde7: checks
69benji: bets $6
verde7: raises $6 to $12
69benji: raises $6 to $18
verde7: raises $6 to $24
Betting is capped
69benji: calls $6
*** RIVER *** [7h Ad 6s 8h] [5h]
verde7: bets $3.06 and is all-in
69benji: calls $3.06
*** SHOW DOWN ***
verde7: shows [4d 5d] (a straight, Four to Eight)
69benji: shows [Th 9s] (a straight, Six to Ten)
69benji collected $71.62 from pot
*** SUMMARY ***
Total pot $72.12 | Rake $0.50
Board [7h Ad 6s 8h 5h]
Seat 5: verde7 (big blind) showed [4d 5d] and lost with a straight, Four to Eight
Seat 6: 69benji (button) (small blind) showed [Th 9s] and won ($71.62) with a straight, Six to Ten


PokerStars Hand #148433653176:  Hold'em Limit ($3/$6 USD) - 2016/02/08 2:44:36 ET
Table 'Baize' 6-max Seat #1 is the button
Seat 1: tomhradil112 ($72 in chips)
Seat 4: Agrotait ($72 in chips)
tomhradil112: posts small blind $1
Agrotait: posts big blind $3
*** HOLE CARDS ***
tomhradil112: raises $3 to $6
Agrotait: calls $3
*** FLOP *** [4c 3c 6h]
Agrotait: checks
tomhradil112: bets $3
pianopoker joins the table at seat #5
Agrotait: calls $3
*** TURN *** [4c 3c 6h] [4d]
Agrotait: checks
tomhradil112: bets $6
Agrotait: calls $6
*** RIVER *** [4c 3c 6h 4d] [7h]
Agrotait: checks
tomhradil112: bets $6
Agrotait: calls $6
*** SHOW DOWN ***
tomhradil112: shows [Th 9s] (a pair of Fours)
Agrotait: shows [3s Ks] (two pair, Fours and Threes)
Agrotait collected $41.50 from pot
*** SUMMARY ***
Total pot $42 | Rake $0.50
Board [4c 3c 6h 4d 7h]
Seat 1: tomhradil112 (button) (small blind) showed [Th 9s] and lost with a pair of Fours
Seat 4: Agrotait (big blind) showed [3s Ks] and won ($41.50) with two pair, Fours and Threes


PokerStars Hand #148433688506:  Hold'em Limit ($3/$6 USD) - 2016/02/08 2:46:28 ET
Table 'Baize' 6-max Seat #4 is the button
Seat 4: Agrotait ($73 in chips)
Seat 5: pianopoker ($65.84 in chips)
Agrotait: posts small blind $1
pianopoker: posts big blind $3
*** HOLE CARDS ***
Agrotait: raises $3 to $6
pianopoker: folds
Uncalled bet ($3) returned to Agrotait
tomhradil112 leaves the table
Agrotait collected $6 from pot
Agrotait: doesn't show hand
*** SUMMARY ***
Total pot $6 | Rake $0
Seat 4: Agrotait (button) (small blind) collected ($6)
Seat 5: pianopoker (big blind) folded before Flop


PokerStars Hand #148433686963:  Hold'em Limit ($3/$6 USD) - 2016/02/08 2:46:23 ET
Table 'Baize' 6-max Seat #5 is the button
Seat 4: Agrotait ($72 in chips)
Seat 5: pianopoker ($66.84 in chips)
pianopoker: posts small blind $1
Agrotait: posts big blind $3
*** HOLE CARDS ***
pianopoker: folds
Uncalled bet ($2) returned to Agrotait
Agrotait collected $2 from pot
Agrotait: doesn't show hand
*** SUMMARY ***
Total pot $2 | Rake $0
Seat 4: Agrotait (big blind) collected ($2)
Seat 5: pianopoker (button) (small blind) folded before Flop


PokerStars Hand #148433705340:  Hold'em Limit ($3/$6 USD) - 2016/02/08 2:47:22 ET
Table 'Baize' 6-max Seat #5 is the button
Seat 4: Agrotait ($93.50 in chips)
Seat 5: pianopoker ($44.84 in chips)
pianopoker: posts small blind $1
Agrotait: posts big blind $3
*** HOLE CARDS ***
pianopoker: raises $3 to $6
Agrotait: folds
Uncalled bet ($3) returned to pianopoker
pianopoker collected $6 from pot
pianopoker: doesn't show hand
*** SUMMARY ***
Total pot $6 | Rake $0
Seat 4: Agrotait (big blind) folded before Flop
Seat 5: pianopoker (button) (small blind) collected ($6)


PokerStars Hand #148433696625:  Hold'em Limit ($3/$6 USD) - 2016/02/08 2:46:54 ET
Table 'Baize' 6-max Seat #4 is the button
Seat 4: Agrotait ($73 in chips)
Seat 5: pianopoker ($65.84 in chips)
Agrotait: posts small blind $1
pianopoker: posts big blind $3
*** HOLE CARDS ***
Agrotait: raises $3 to $6
pianopoker: calls $3
*** FLOP *** [Js 4h As]
pianopoker: checks
Agrotait: bets $3
pianopoker: calls $3
*** TURN *** [Js 4h As] [9h]
pianopoker: checks
Agrotait: bets $6
pianopoker: calls $6
*** RIVER *** [Js 4h As 9h] [6c]
pianopoker: checks
Agrotait: bets $6
pianopoker: calls $6
*** SHOW DOWN ***
Agrotait: shows [9c 4c] (two pair, Nines and Fours)
pianopoker: mucks hand
Agrotait collected $41.50 from pot
*** SUMMARY ***
Total pot $42 | Rake $0.50
Board [Js 4h As 9h 6c]
Seat 4: Agrotait (button) (small blind) showed [9c 4c] and won ($41.50) with two pair, Nines and Fours
Seat 5: pianopoker (big blind) mucked


PokerStars Hand #148433690681:  Hold'em Limit ($3/$6 USD) - 2016/02/08 2:46:35 ET
Table 'Baize' 6-max Seat #5 is the button
Seat 4: Agrotait ($76 in chips)
Seat 5: pianopoker ($62.84 in chips)
pianopoker: posts small blind $1
Agrotait: posts big blind $3
*** HOLE CARDS ***
pianopoker: raises $3 to $6
Agrotait: folds
Uncalled bet ($3) returned to pianopoker
pianopoker collected $6 from pot
pianopoker: doesn't show hand
*** SUMMARY ***
Total pot $6 | Rake $0
Seat 4: Agrotait (big blind) folded before Flop
Seat 5: pianopoker (button) (small blind) collected ($6)


PokerStars Hand #148433713391:  Hold'em Limit ($3/$6 USD) - 2016/02/08 2:47:47 ET
Table 'Baize' 6-max Seat #5 is the button
Seat 4: Agrotait ($78.50 in chips)
Seat 5: pianopoker ($59.36 in chips)
pianopoker: posts small blind $1
Agrotait: posts big blind $3
*** HOLE CARDS ***
pianopoker: folds
Uncalled bet ($2) returned to Agrotait
Agrotait collected $2 from pot
Agrotait: doesn't show hand
*** SUMMARY ***
Total pot $2 | Rake $0
Seat 4: Agrotait (big blind) collected ($2)
Seat 5: pianopoker (button) (small blind) folded before Flop


PokerStars Hand #148433708818:  Hold'em Limit ($3/$6 USD) - 2016/02/08 2:47:33 ET
Table 'Baize' 6-max Seat #4 is the button
Seat 4: Agrotait ($90.50 in chips)
Seat 5: pianopoker ($47.84 in chips)
Agrotait: posts small blind $1
pianopoker: posts big blind $3
*** HOLE CARDS ***
Agrotait: raises $3 to $6
pianopoker: raises $3 to $9
Agrotait: calls $3
*** FLOP *** [3d Kc Qc]
pianopoker: bets $3
Agrotait: calls $3
*** TURN *** [3d Kc Qc] [Qh]
pianopoker: bets $6
Agrotait: folds
Uncalled bet ($6) returned to pianopoker
pianopoker collected $23.52 from pot
pianopoker: doesn't show hand
*** SUMMARY ***
Total pot $24 | Rake $0.48
Board [3d Kc Qc Qh]
Seat 4: Agrotait (button) (small blind) folded on the Turn
Seat 5: pianopoker (big blind) collected ($23.52)


PokerStars Hand #148433725882:  Hold'em Limit ($3/$6 USD) - 2016/02/08 2:48:27 ET
Table 'Baize' 6-max Seat #4 is the button
Seat 4: Agrotait ($72 in chips)
Seat 5: pianopoker ($81.62 in chips)
Agrotait: posts small blind $1
pianopoker: posts big blind $3
*** HOLE CARDS ***
Agrotait: raises $3 to $6
pianopoker: calls $3
*** FLOP *** [Th 3c 8h]
pianopoker: checks
Agrotait: checks
*** TURN *** [Th 3c 8h] [As]
pianopoker: bets $6
Agrotait: folds
Uncalled bet ($6) returned to pianopoker
pianopoker collected $11.76 from pot
pianopoker: doesn't show hand
*** SUMMARY ***
Total pot $12 | Rake $0.24
Board [Th 3c 8h As]
Seat 4: Agrotait (button) (small blind) folded on the Turn
Seat 5: pianopoker (big blind) collected ($11.76)


PokerStars Hand #148433719529:  Hold'em Limit ($3/$6 USD) - 2016/02/08 2:48:07 ET
Table 'Baize' 6-max Seat #5 is the button
Seat 4: Agrotait ($61.50 in chips)
Seat 5: pianopoker ($75.86 in chips)
pianopoker: posts small blind $1
Agrotait: posts big blind $3
*** HOLE CARDS ***
pianopoker: calls $2
Agrotait: checks
*** FLOP *** [5h Kc 9h]
Agrotait: bets $3
pianopoker: calls $3
*** TURN *** [5h Kc 9h] [Qd]
Agrotait: checks
pianopoker: checks
*** RIVER *** [5h Kc 9h Qd] [Qs]
Agrotait: checks
pianopoker: checks
*** SHOW DOWN ***
Agrotait: shows [2c 6s] (a pair of Queens)
pianopoker: shows [6d 7s] (a pair of Queens - King+Nine+Seven kicker)
pianopoker collected $11.76 from pot
*** SUMMARY ***
Total pot $12 | Rake $0.24
Board [5h Kc 9h Qd Qs]
Seat 4: Agrotait (big blind) showed [2c 6s] and lost with a pair of Queens
Seat 5: pianopoker (button) (small blind) showed [6d 7s] and won ($11.76) with a pair of Queens


PokerStars Hand #148433714802:  Hold'em Limit ($3/$6 USD) - 2016/02/08 2:47:52 ET
Table 'Baize' 6-max Seat #4 is the button
Seat 4: Agrotait ($79.50 in chips)
Seat 5: pianopoker ($58.36 in chips)
Agrotait: posts small blind $1
pianopoker: posts big blind $3
*** HOLE CARDS ***
Agrotait: raises $3 to $6
pianopoker: calls $3
*** FLOP *** [Ac Kh Th]
pianopoker: checks
Agrotait: checks
*** TURN *** [Ac Kh Th] [9d]
pianopoker: bets $6
Agrotait: calls $6
*** RIVER *** [Ac Kh Th 9d] [Js]
pianopoker: bets $6
Agrotait: calls $6
*** SHOW DOWN ***
pianopoker: shows [2c Qs] (a straight, Ten to Ace)
Agrotait: mucks hand
pianopoker collected $35.50 from pot
*** SUMMARY ***
Total pot $36 | Rake $0.50
Board [Ac Kh Th 9d Js]
Seat 4: Agrotait (button) (small blind) mucked
Seat 5: pianopoker (big blind) showed [2c Qs] and won ($35.50) with a straight, Ten to Ace


PokerStars Hand #148433730704:  Hold'em Limit ($3/$6 USD) - 2016/02/08 2:48:43 ET
Table 'Baize' 6-max Seat #5 is the button
Seat 4: Agrotait ($66 in chips)
Seat 5: pianopoker ($87.38 in chips)
pianopoker: posts small blind $1
Agrotait: posts big blind $3
*** HOLE CARDS ***
pianopoker: folds
Uncalled bet ($2) returned to Agrotait
Agrotait collected $2 from pot
Agrotait: doesn't show hand
*** SUMMARY ***
Total pot $2 | Rake $0
Seat 4: Agrotait (big blind) collected ($2)
Seat 5: pianopoker (button) (small blind) folded before Flop


PokerStars Hand #148433732257:  Hold'em Limit ($3/$6 USD) - 2016/02/08 2:48:48 ET
Table 'Baize' 6-max Seat #4 is the button
Seat 4: Agrotait ($67 in chips)
Seat 5: pianopoker ($86.38 in chips)
Agrotait: posts small blind $1
pianopoker: posts big blind $3
*** HOLE CARDS ***
Agrotait: raises $3 to $6
pianopoker: calls $3
*** FLOP *** [5c Kc Qs]
pianopoker: checks
Agrotait: checks
*** TURN *** [5c Kc Qs] [9s]
pianopoker: bets $6
Agrotait: calls $6
*** RIVER *** [5c Kc Qs 9s] [3d]
pianopoker: bets $6
Agrotait: calls $6
*** SHOW DOWN ***
pianopoker: shows [7d Kh] (a pair of Kings)
Agrotait: mucks hand
pianopoker collected $35.50 from pot
*** SUMMARY ***
Total pot $36 | Rake $0.50
Board [5c Kc Qs 9s 3d]
Seat 4: Agrotait (button) (small blind) mucked
Seat 5: pianopoker (big blind) showed [7d Kh] and won ($35.50) with a pair of Kings


PokerStars Hand #148433737255:  Hold'em Limit ($3/$6 USD) - 2016/02/08 2:49:04 ET
Table 'Baize' 6-max Seat #5 is the button
Seat 4: Agrotait ($72 in chips)
Seat 5: pianopoker ($103.88 in chips)
pianopoker: posts small blind $1
Agrotait: posts big blind $3
*** HOLE CARDS ***
pianopoker: raises $3 to $6
Agrotait: raises $3 to $9
pianopoker: calls $3
*** FLOP *** [2h Td 4h]
Agrotait: bets $3
pianopoker: calls $3
*** TURN *** [2h Td 4h] [5s]
Agrotait: bets $6
pianopoker: calls $6
*** RIVER *** [2h Td 4h 5s] [As]
Agrotait: bets $6
pianopoker: raises $6 to $12
Agrotait: folds
Uncalled bet ($6) returned to pianopoker
pianopoker collected $47.50 from pot
pianopoker: doesn't show hand
*** SUMMARY ***
Total pot $48 | Rake $0.50
Board [2h Td 4h 5s As]
Seat 4: Agrotait (big blind) folded on the River
Seat 5: pianopoker (button) (small blind) collected ($47.50)


PokerStars Hand #148433766127:  Hold'em Limit ($3/$6 USD) - 2016/02/08 2:50:36 ET
Table 'Baize' 6-max Seat #5 is the button
Seat 4: Agrotait ($83.64 in chips)
Seat 5: pianopoker ($141.88 in chips)
pianopoker: posts small blind $1
Agrotait: posts big blind $3
*** HOLE CARDS ***
pianopoker: folds
Uncalled bet ($2) returned to Agrotait
pianopoker leaves the table
Agrotait collected $2 from pot
Agrotait: doesn't show hand
*** SUMMARY ***
Total pot $2 | Rake $0
Seat 4: Agrotait (big blind) collected ($2)
Seat 5: pianopoker (button) (small blind) folded before Flop


PokerStars Hand #148433763634:  Hold'em Limit ($3/$6 USD) - 2016/02/08 2:50:28 ET
Table 'Baize' 6-max Seat #4 is the button
Seat 4: Agrotait ($80.64 in chips)
Seat 5: pianopoker ($144.88 in chips)
Agrotait: posts small blind $1
pianopoker: posts big blind $3
*** HOLE CARDS ***
Agrotait: raises $3 to $6
pianopoker: folds
Uncalled bet ($3) returned to Agrotait
Agrotait collected $6 from pot
Agrotait: doesn't show hand
*** SUMMARY ***
Total pot $6 | Rake $0
Seat 4: Agrotait (button) (small blind) collected ($6)
Seat 5: pianopoker (big blind) folded before Flop


PokerStars Hand #148433751602:  Hold'em Limit ($3/$6 USD) - 2016/02/08 2:49:50 ET
Table 'Baize' 6-max Seat #5 is the button
Seat 4: Agrotait ($72 in chips)
Seat 5: pianopoker ($153.88 in chips)
pianopoker: posts small blind $1
Agrotait: posts big blind $3
*** HOLE CARDS ***
pianopoker: raises $3 to $6
Agrotait: calls $3
*** FLOP *** [2h 4h 7d]
Agrotait: checks
pianopoker: bets $3
Agrotait: calls $3
*** TURN *** [2h 4h 7d] [Jc]
Agrotait: checks
pianopoker: checks
*** RIVER *** [2h 4h 7d Jc] [5h]
Agrotait: checks
pianopoker: checks
*** SHOW DOWN ***
Agrotait: shows [2c As] (a pair of Deuces)
pianopoker: mucks hand
Agrotait collected $17.64 from pot
*** SUMMARY ***
Total pot $18 | Rake $0.36
Board [2h 4h 7d Jc 5h]
Seat 4: Agrotait (big blind) showed [2c As] and won ($17.64) with a pair of Deuces
Seat 5: pianopoker (button) (small blind) mucked


PokerStars Hand #148433744833:  Hold'em Limit ($3/$6 USD) - 2016/02/08 2:49:28 ET
Table 'Baize' 6-max Seat #4 is the button
Seat 4: Agrotait ($72 in chips)
Seat 5: pianopoker ($127.38 in chips)
Agrotait: posts small blind $1
pianopoker: posts big blind $3
*** HOLE CARDS ***
Agrotait: raises $3 to $6
pianopoker: calls $3
*** FLOP *** [2s 5h 7h]
pianopoker: checks
Agrotait: bets $3
pianopoker: calls $3
*** TURN *** [2s 5h 7h] [Jc]
pianopoker: checks
Agrotait: bets $6
pianopoker: raises $6 to $12
Agrotait: calls $6
*** RIVER *** [2s 5h 7h Jc] [Kd]
pianopoker: bets $6
Agrotait: calls $6
*** SHOW DOWN ***
pianopoker: shows [2h 5d] (two pair, Fives and Deuces)
Agrotait: mucks hand
pianopoker collected $53.50 from pot
*** SUMMARY ***
Total pot $54 | Rake $0.50
Board [2s 5h 7h Jc Kd]
Seat 4: Agrotait (button) (small blind) mucked
Seat 5: pianopoker (big blind) showed [2h 5d] and won ($53.50) with two pair, Fives and Deuces


