PokerStars Hand #148078241019:  Hold'em Limit ($3/$6 USD) - 2016/02/01 17:28:15 ET
Table 'Balduinus' 2-max Seat #1 is the button
Seat 1: maggie181 ($10.04 in chips)
Seat 2: elifnur2008 ($150.38 in chips)
maggie181: posts small blind $1
elifnur2008: posts big blind $3
*** HOLE CARDS ***
maggie181: raises $3 to $6
elifnur2008: raises $3 to $9
maggie181: raises $1.04 to $10.04 and is all-in
Betting is capped
elifnur2008: calls $1.04
*** FLOP *** [2d Ts 2c]
*** TURN *** [2d Ts 2c] [Qh]
*** RIVER *** [2d Ts 2c Qh] [Js]
*** SHOW DOWN ***
elifnur2008: shows [Ah 3c] (a pair of Deuces)
maggie181: shows [3d Ac] (a pair of Deuces)
elifnur2008 collected $9.84 from pot
maggie181 collected $9.84 from pot
*** SUMMARY ***
Total pot $20.08 | Rake $0.40
Board [2d Ts 2c Qh Js]
Seat 1: maggie181 (button) (small blind) showed [3d Ac] and won ($9.84) with a pair of Deuces
Seat 2: elifnur2008 (big blind) showed [Ah 3c] and won ($9.84) with a pair of Deuces


PokerStars Hand #148078265934:  Hold'em Limit ($3/$6 USD) - 2016/02/01 17:28:40 ET
Table 'Balduinus' 2-max Seat #2 is the button
Seat 1: maggie181 ($9.84 in chips)
Seat 2: elifnur2008 ($150.18 in chips)
elifnur2008: posts small blind $1
maggie181: posts big blind $3
*** HOLE CARDS ***
elifnur2008: raises $3 to $6
maggie181: calls $3
*** FLOP *** [Ah Tc Qd]
maggie181: bets $3
elifnur2008: raises $3 to $6
maggie181: calls $0.84 and is all-in
Uncalled bet ($2.16) returned to elifnur2008
*** TURN *** [Ah Tc Qd] [9h]
*** RIVER *** [Ah Tc Qd 9h] [8s]
*** SHOW DOWN ***
maggie181: shows [Qs 4s] (a pair of Queens)
elifnur2008: shows [As 5s] (a pair of Aces)
elifnur2008 collected $19.29 from pot
*** SUMMARY ***
Total pot $19.68 | Rake $0.39
Board [Ah Tc Qd 9h 8s]
Seat 1: maggie181 (big blind) showed [Qs 4s] and lost with a pair of Queens
Seat 2: elifnur2008 (button) (small blind) showed [As 5s] and won ($19.29) with a pair of Aces


PokerStars Hand #148078689308:  Hold'em Limit ($3/$6 USD) - 2016/02/01 17:35:49 ET
Table 'Balduinus' 2-max Seat #2 is the button
Seat 1: maya355 ($9.78 in chips)
Seat 2: elifnur2008 ($181.99 in chips)
elifnur2008: posts small blind $1
maya355: posts big blind $3
*** HOLE CARDS ***
elifnur2008: raises $3 to $6
maya355: calls $3
*** FLOP *** [Qc 6c Jc]
maya355: bets $3
elifnur2008: calls $3
*** TURN *** [Qc 6c Jc] [2d]
maya355: bets $0.78 and is all-in
elifnur2008: calls $0.78
*** RIVER *** [Qc 6c Jc 2d] [7d]
*** SHOW DOWN ***
maya355: shows [9c 6h] (a pair of Sixes)
elifnur2008: shows [8h 7c] (a pair of Sevens)
elifnur2008 collected $19.17 from pot
*** SUMMARY ***
Total pot $19.56 | Rake $0.39
Board [Qc 6c Jc 2d 7d]
Seat 1: maya355 (big blind) showed [9c 6h] and lost with a pair of Sixes
Seat 2: elifnur2008 (button) (small blind) showed [8h 7c] and won ($19.17) with a pair of Sevens


PokerStars Hand #148078667622:  Hold'em Limit ($3/$6 USD) - 2016/02/01 17:35:27 ET
Table 'Balduinus' 2-max Seat #1 is the button
Seat 1: maya355 ($30.78 in chips)
Seat 2: elifnur2008 ($161.49 in chips)
maya355: posts small blind $1
elifnur2008: posts big blind $3
*** HOLE CARDS ***
maya355: raises $3 to $6
elifnur2008: calls $3
*** FLOP *** [Jh 8d Kh]
elifnur2008: checks
maya355: bets $3
elifnur2008: calls $3
*** TURN *** [Jh 8d Kh] [2h]
elifnur2008: checks
maya355: bets $6
elifnur2008: calls $6
*** RIVER *** [Jh 8d Kh 2h] [4h]
elifnur2008: checks
maya355: bets $6
elifnur2008: calls $6
*** SHOW DOWN ***
maya355: shows [7d 2d] (a pair of Deuces)
elifnur2008: shows [6d Jc] (a pair of Jacks)
elifnur2008 collected $41.50 from pot
*** SUMMARY ***
Total pot $42 | Rake $0.50
Board [Jh 8d Kh 2h 4h]
Seat 1: maya355 (button) (small blind) showed [7d 2d] and lost with a pair of Deuces
Seat 2: elifnur2008 (big blind) showed [6d Jc] and won ($41.50) with a pair of Jacks


PokerStars Hand #148078647416:  Hold'em Limit ($3/$6 USD) - 2016/02/01 17:35:07 ET
Table 'Balduinus' 2-max Seat #2 is the button
Seat 1: maya355 ($15.64 in chips)
Seat 2: elifnur2008 ($177.13 in chips)
elifnur2008: posts small blind $1
maya355: posts big blind $3
*** HOLE CARDS ***
elifnur2008: raises $3 to $6
maya355: raises $3 to $9
elifnur2008: calls $3
*** FLOP *** [7d 4c 2d]
maya355: bets $3
elifnur2008: calls $3
*** TURN *** [7d 4c 2d] [Kc]
maya355: bets $3.64 and is all-in
elifnur2008: calls $3.64
*** RIVER *** [7d 4c 2d Kc] [Ad]
*** SHOW DOWN ***
maya355: shows [Ks Ac] (two pair, Aces and Kings)
elifnur2008: shows [8s Jd] (high card Ace)
maya355 collected $30.78 from pot
*** SUMMARY ***
Total pot $31.28 | Rake $0.50
Board [7d 4c 2d Kc Ad]
Seat 1: maya355 (big blind) showed [Ks Ac] and won ($30.78) with two pair, Aces and Kings
Seat 2: elifnur2008 (button) (small blind) showed [8s Jd] and lost with high card Ace


PokerStars Hand #148079281480:  Hold'em Limit ($3/$6 USD) - 2016/02/01 17:45:46 ET
Table 'Balduinus' 2-max Seat #2 is the button
Seat 1: opoo345 ($40.87 in chips)
Seat 2: elifnur2008 ($191.13 in chips)
elifnur2008: posts small blind $1
opoo345: posts big blind $3
*** HOLE CARDS ***
elifnur2008: raises $3 to $6
opoo345: calls $3
*** FLOP *** [Ad 2h 7s]
opoo345: checks
elifnur2008: bets $3
opoo345: calls $3
*** TURN *** [Ad 2h 7s] [Jh]
opoo345: checks
elifnur2008: bets $6
opoo345: calls $6
*** RIVER *** [Ad 2h 7s Jh] [3s]
opoo345: checks
elifnur2008: bets $6
opoo345: folds
Uncalled bet ($6) returned to elifnur2008
elifnur2008 collected $29.50 from pot
elifnur2008: doesn't show hand
*** SUMMARY ***
Total pot $30 | Rake $0.50
Board [Ad 2h 7s Jh 3s]
Seat 1: opoo345 (big blind) folded on the River
Seat 2: elifnur2008 (button) (small blind) collected ($29.50)


PokerStars Hand #148079307535:  Hold'em Limit ($3/$6 USD) - 2016/02/01 17:46:10 ET
Table 'Balduinus' 2-max Seat #1 is the button
Seat 1: opoo345 ($25.87 in chips)
Seat 2: elifnur2008 ($205.63 in chips)
opoo345: posts small blind $1
elifnur2008: posts big blind $3
*** HOLE CARDS ***
opoo345: raises $3 to $6
elifnur2008: calls $3
*** FLOP *** [7s 9s Ac]
elifnur2008: checks
opoo345: bets $3
elifnur2008: calls $3
*** TURN *** [7s 9s Ac] [5c]
elifnur2008: checks
opoo345: bets $6
elifnur2008: calls $6
*** RIVER *** [7s 9s Ac 5c] [Ts]
elifnur2008: checks
opoo345: bets $6
elifnur2008: raises $6 to $12
opoo345: calls $4.87 and is all-in
Uncalled bet ($1.13) returned to elifnur2008
*** SHOW DOWN ***
elifnur2008: shows [4s Ks] (a flush, King high)
opoo345: shows [5h 8c] (a pair of Fives)
elifnur2008 collected $51.24 from pot
*** SUMMARY ***
Total pot $51.74 | Rake $0.50
Board [7s 9s Ac 5c Ts]
Seat 1: opoo345 (button) (small blind) showed [5h 8c] and lost with a pair of Fives
Seat 2: elifnur2008 (big blind) showed [4s Ks] and won ($51.24) with a flush, King high


