PokerStars Hand #167707657976:  Hold'em Limit ($3/$6 USD) - 2017/03/17 10:22:03 ET
Table 'Bali' 6-max Seat #4 is the button
Seat 3: sim5sim5 ($75 in chips)
Seat 4: aremom4e ($27 in chips)
aremom4e: posts small blind $1
sim5sim5: posts big blind $3
*** HOLE CARDS ***
aremom4e: folds
Uncalled bet ($2) returned to sim5sim5
sim5sim5 collected $2 from pot
sim5sim5: doesn't show hand
*** SUMMARY ***
Total pot $2 | Rake $0
Seat 3: sim5sim5 (big blind) collected ($2)
Seat 4: aremom4e (button) (small blind) folded before Flop


PokerStars Hand #167707653793:  Hold'em Limit ($3/$6 USD) - 2017/03/17 10:21:56 ET
Table 'Bali' 6-max Seat #3 is the button
Seat 3: sim5sim5 ($72 in chips)
Seat 4: aremom4e ($30 in chips)
sim5sim5: posts small blind $1
aremom4e: posts big blind $3
*** HOLE CARDS ***
sim5sim5: raises $3 to $6
aremom4e: folds
Uncalled bet ($3) returned to sim5sim5
sim5sim5 collected $6 from pot
sim5sim5: doesn't show hand
*** SUMMARY ***
Total pot $6 | Rake $0
Seat 3: sim5sim5 (button) (small blind) collected ($6)
Seat 4: aremom4e (big blind) folded before Flop


PokerStars Hand #167707661040:  Hold'em Limit ($3/$6 USD) - 2017/03/17 10:22:08 ET
Table 'Bali' 6-max Seat #3 is the button
Seat 3: sim5sim5 ($76 in chips)
Seat 4: aremom4e ($26 in chips)
sim5sim5: posts small blind $1
aremom4e: posts big blind $3
*** HOLE CARDS ***
vestimokrec joins the table at seat #5
sim5sim5: raises $3 to $6
aremom4e: calls $3
*** FLOP *** [9c 9d Tc]
aremom4e: checks
sim5sim5: bets $3
aremom4e: folds
Uncalled bet ($3) returned to sim5sim5
sim5sim5 collected $11.76 from pot
sim5sim5: doesn't show hand
*** SUMMARY ***
Total pot $12 | Rake $0.24
Board [9c 9d Tc]
Seat 3: sim5sim5 (button) (small blind) collected ($11.76)
Seat 4: aremom4e (big blind) folded on the Flop


PokerStars Hand #167707686631:  Hold'em Limit ($3/$6 USD) - 2017/03/17 10:22:54 ET
Table 'Bali' 6-max Seat #5 is the button
Seat 4: aremom4e ($79 in chips)
Seat 5: vestimokrec ($99 in chips)
vestimokrec: posts small blind $1
sim5sim5: is sitting out
aremom4e: posts big blind $3
*** HOLE CARDS ***
vestimokrec: raises $3 to $6
aremom4e: folds
Uncalled bet ($3) returned to vestimokrec
sim5sim5 leaves the table
vestimokrec collected $6 from pot
vestimokrec: doesn't show hand
*** SUMMARY ***
Total pot $6 | Rake $0
Seat 4: aremom4e (big blind) folded before Flop
Seat 5: vestimokrec (button) (small blind) collected ($6)


PokerStars Hand #167707690818:  Hold'em Limit ($3/$6 USD) - 2017/03/17 10:23:01 ET
Table 'Bali' 6-max Seat #4 is the button
Seat 4: aremom4e ($76 in chips)
Seat 5: vestimokrec ($102 in chips)
aremom4e: posts small blind $1
vestimokrec: posts big blind $3
*** HOLE CARDS ***
aremom4e: raises $3 to $6
vestimokrec: calls $3
*** FLOP *** [Kd 6c 3d]
vestimokrec: checks
aremom4e: bets $3
vestimokrec: raises $3 to $6
aremom4e: calls $3
*** TURN *** [Kd 6c 3d] [6s]
vestimokrec: bets $6
aremom4e: calls $6
*** RIVER *** [Kd 6c 3d 6s] [3h]
vestimokrec: checks
aremom4e: checks
*** SHOW DOWN ***
vestimokrec: shows [4c 9s] (two pair, Sixes and Threes)
aremom4e: shows [Kc 5s] (two pair, Kings and Sixes)
aremom4e collected $35.50 from pot
*** SUMMARY ***
Total pot $36 | Rake $0.50
Board [Kd 6c 3d 6s 3h]
Seat 4: aremom4e (button) (small blind) showed [Kc 5s] and won ($35.50) with two pair, Kings and Sixes
Seat 5: vestimokrec (big blind) showed [4c 9s] and lost with two pair, Sixes and Threes


PokerStars Hand #167707713308:  Hold'em Limit ($3/$6 USD) - 2017/03/17 10:23:40 ET
Table 'Bali' 6-max Seat #5 is the button
Seat 4: aremom4e ($93.50 in chips)
Seat 5: vestimokrec ($84 in chips)
vestimokrec: posts small blind $1
aremom4e: posts big blind $3
*** HOLE CARDS ***
vestimokrec: raises $3 to $6
aremom4e: calls $3
*** FLOP *** [4d 8h 7c]
aremom4e: checks
vestimokrec: checks
*** TURN *** [4d 8h 7c] [5c]
aremom4e: bets $6
vestimokrec: calls $6
*** RIVER *** [4d 8h 7c 5c] [Qd]
aremom4e: checks
vestimokrec: bets $6
aremom4e: folds
Uncalled bet ($6) returned to vestimokrec
vestimokrec collected $23.52 from pot
vestimokrec: doesn't show hand
*** SUMMARY ***
Total pot $24 | Rake $0.48
Board [4d 8h 7c 5c Qd]
Seat 4: aremom4e (big blind) folded on the River
Seat 5: vestimokrec (button) (small blind) collected ($23.52)


PokerStars Hand #167707730474:  Hold'em Limit ($3/$6 USD) - 2017/03/17 10:24:11 ET
Table 'Bali' 6-max Seat #4 is the button
Seat 4: aremom4e ($81.50 in chips)
Seat 5: vestimokrec ($95.52 in chips)
aremom4e: posts small blind $1
vestimokrec: posts big blind $3
*** HOLE CARDS ***
aremom4e: raises $3 to $6
vestimokrec: calls $3
*** FLOP *** [3s 9s 8c]
vestimokrec: checks
aremom4e: bets $3
vestimokrec: raises $3 to $6
aremom4e: folds
Uncalled bet ($3) returned to vestimokrec
vestimokrec collected $17.64 from pot
vestimokrec: doesn't show hand
*** SUMMARY ***
Total pot $18 | Rake $0.36
Board [3s 9s 8c]
Seat 4: aremom4e (button) (small blind) folded on the Flop
Seat 5: vestimokrec (big blind) collected ($17.64)


PokerStars Hand #167707739641:  Hold'em Limit ($3/$6 USD) - 2017/03/17 10:24:27 ET
Table 'Bali' 6-max Seat #5 is the button
Seat 4: aremom4e ($72.50 in chips)
Seat 5: vestimokrec ($104.16 in chips)
vestimokrec: posts small blind $1
aremom4e: posts big blind $3
*** HOLE CARDS ***
vestimokrec: raises $3 to $6
aremom4e: calls $3
*** FLOP *** [Th Ac Td]
aremom4e: checks
vestimokrec: bets $3
aremom4e: folds
Uncalled bet ($3) returned to vestimokrec
vestimokrec collected $11.76 from pot
vestimokrec: doesn't show hand
*** SUMMARY ***
Total pot $12 | Rake $0.24
Board [Th Ac Td]
Seat 4: aremom4e (big blind) folded on the Flop
Seat 5: vestimokrec (button) (small blind) collected ($11.76)


PokerStars Hand #167707744558:  Hold'em Limit ($3/$6 USD) - 2017/03/17 10:24:35 ET
Table 'Bali' 6-max Seat #4 is the button
Seat 4: aremom4e ($66.50 in chips)
Seat 5: vestimokrec ($109.92 in chips)
aremom4e: posts small blind $1
vestimokrec: posts big blind $3
*** HOLE CARDS ***
aremom4e: raises $3 to $6
vestimokrec: calls $3
*** FLOP *** [Td Th 4h]
vestimokrec: checks
aremom4e: checks
*** TURN *** [Td Th 4h] [2h]
vestimokrec: bets $6
aremom4e: folds
Uncalled bet ($6) returned to vestimokrec
vestimokrec collected $11.76 from pot
vestimokrec: doesn't show hand
*** SUMMARY ***
Total pot $12 | Rake $0.24
Board [Td Th 4h 2h]
Seat 4: aremom4e (button) (small blind) folded on the Turn
Seat 5: vestimokrec (big blind) collected ($11.76)


PokerStars Hand #167707751120:  Hold'em Limit ($3/$6 USD) - 2017/03/17 10:24:47 ET
Table 'Bali' 6-max Seat #5 is the button
Seat 4: aremom4e ($60.50 in chips)
Seat 5: vestimokrec ($115.68 in chips)
vestimokrec: posts small blind $1
aremom4e: posts big blind $3
*** HOLE CARDS ***
vestimokrec: raises $3 to $6
Hi Im Alexey joins the table at seat #6
aremom4e: calls $3
*** FLOP *** [Qd 9s Kc]
aremom4e: checks
vestimokrec: bets $3
aremom4e: calls $3
*** TURN *** [Qd 9s Kc] [Jd]
aremom4e: checks
vestimokrec: bets $6
aremom4e: calls $6
*** RIVER *** [Qd 9s Kc Jd] [Qh]
aremom4e: checks
vestimokrec: checks
*** SHOW DOWN ***
aremom4e: shows [7s Ah] (a pair of Queens)
vestimokrec: shows [Kh 3c] (two pair, Kings and Queens)
vestimokrec collected $29.50 from pot
*** SUMMARY ***
Total pot $30 | Rake $0.50
Board [Qd 9s Kc Jd Qh]
Seat 4: aremom4e (big blind) showed [7s Ah] and lost with a pair of Queens
Seat 5: vestimokrec (button) (small blind) showed [Kh 3c] and won ($29.50) with two pair, Kings and Queens


PokerStars Hand #167707759721:  Hold'em Limit ($3/$6 USD) - 2017/03/17 10:25:02 ET
Table 'Bali' 6-max Seat #4 is the button
Seat 4: aremom4e ($45.50 in chips)
Seat 5: vestimokrec ($130.18 in chips)
aremom4e: posts small blind $1
vestimokrec: posts big blind $3
*** HOLE CARDS ***
aremom4e: raises $3 to $6
vestimokrec: calls $3
*** FLOP *** [Qd 9c 5h]
vestimokrec: checks
aremom4e: bets $3
vestimokrec: folds
Uncalled bet ($3) returned to aremom4e
aremom4e collected $11.76 from pot
aremom4e: doesn't show hand
*** SUMMARY ***
Total pot $12 | Rake $0.24
Board [Qd 9c 5h]
Seat 4: aremom4e (button) (small blind) collected ($11.76)
Seat 5: vestimokrec (big blind) folded on the Flop


PokerStars Hand #167707952446:  Hold'em Limit ($3/$6 USD) - 2017/03/17 10:30:38 ET
Table 'Bali' 6-max Seat #1 is the button
Seat 1: tilion22 ($125 in chips)
Seat 6: Hi Im Alexey ($83.80 in chips)
tilion22: posts small blind $1
vestimokrec: is sitting out
Hi Im Alexey: posts big blind $3
*** HOLE CARDS ***
tilion22: folds
Uncalled bet ($2) returned to Hi Im Alexey
Hi Im Alexey collected $2 from pot
*** SUMMARY ***
Total pot $2 | Rake $0
Seat 1: tilion22 (button) (small blind) folded before Flop
Seat 6: Hi Im Alexey (big blind) collected ($2)


PokerStars Hand #167709434778:  Hold'em Limit ($3/$6 USD) - 2017/03/17 11:12:46 ET
Table 'Bali' 6-max Seat #3 is the button
Seat 3: slavii0o0 ($70.26 in chips)
Seat 4: Actionni13 ($150 in chips)
LouisB joins the table at seat #5
slavii0o0: posts small blind $1
Actionni13: posts big blind $3
*** HOLE CARDS ***
slavii0o0: folds
Uncalled bet ($2) returned to Actionni13
Actionni13 collected $2 from pot
Actionni13: doesn't show hand
*** SUMMARY ***
Total pot $2 | Rake $0
Seat 3: slavii0o0 (button) (small blind) folded before Flop
Seat 4: Actionni13 (big blind) collected ($2)


PokerStars Hand #167709409734:  Hold'em Limit ($3/$6 USD) - 2017/03/17 11:12:05 ET
Table 'Bali' 6-max Seat #4 is the button
Seat 3: slavii0o0 ($49.76 in chips)
Seat 4: Actionni13 ($150 in chips)
Actionni13: posts small blind $1
slavii0o0: posts big blind $3
*** HOLE CARDS ***
Actionni13: raises $3 to $6
slavii0o0: calls $3
*** FLOP *** [Jc 5h Ac]
slavii0o0: checks
Actionni13: bets $3
slavii0o0: calls $3
*** TURN *** [Jc 5h Ac] [5c]
slavii0o0: checks
Actionni13: bets $6
slavii0o0: raises $6 to $12
Actionni13: calls $6
*** RIVER *** [Jc 5h Ac 5c] [6d]
slavii0o0: bets $6
Actionni13: folds
Uncalled bet ($6) returned to slavii0o0
slavii0o0 collected $41.50 from pot
*** SUMMARY ***
Total pot $42 | Rake $0.50
Board [Jc 5h Ac 5c 6d]
Seat 3: slavii0o0 (big blind) collected ($41.50)
Seat 4: Actionni13 (button) (small blind) folded on the River


PokerStars Hand #167709511568:  Hold'em Limit ($3/$6 USD) - 2017/03/17 11:14:51 ET
Table 'Bali' 6-max Seat #4 is the button
Seat 3: slavii0o0 ($48.02 in chips)
Seat 4: Actionni13 ($166.96 in chips)
Actionni13: posts small blind $1
slavii0o0: posts big blind $3
*** HOLE CARDS ***
Actionni13: raises $3 to $6
slavii0o0: folds
Uncalled bet ($3) returned to Actionni13
Actionni13 collected $6 from pot
Actionni13: doesn't show hand
*** SUMMARY ***
Total pot $6 | Rake $0
Seat 3: slavii0o0 (big blind) folded before Flop
Seat 4: Actionni13 (button) (small blind) collected ($6)


PokerStars Hand #167709495461:  Hold'em Limit ($3/$6 USD) - 2017/03/17 11:14:25 ET
Table 'Bali' 6-max Seat #4 is the button
Seat 3: slavii0o0 ($41.26 in chips)
Seat 4: Actionni13 ($173.96 in chips)
Actionni13: posts small blind $1
slavii0o0: posts big blind $3
*** HOLE CARDS ***
Actionni13: folds
Uncalled bet ($2) returned to slavii0o0
slavii0o0 collected $2 from pot
*** SUMMARY ***
Total pot $2 | Rake $0
Seat 3: slavii0o0 (big blind) collected ($2)
Seat 4: Actionni13 (button) (small blind) folded before Flop


PokerStars Hand #167709489342:  Hold'em Limit ($3/$6 USD) - 2017/03/17 11:14:15 ET
Table 'Bali' 6-max Seat #3 is the button
Seat 3: slavii0o0 ($42.26 in chips)
Seat 4: Actionni13 ($172.96 in chips)
slavii0o0: posts small blind $1
Actionni13: posts big blind $3
*** HOLE CARDS ***
slavii0o0: folds
Uncalled bet ($2) returned to Actionni13
Actionni13 collected $2 from pot
Actionni13: doesn't show hand
*** SUMMARY ***
Total pot $2 | Rake $0
Seat 3: slavii0o0 (button) (small blind) folded before Flop
Seat 4: Actionni13 (big blind) collected ($2)


PokerStars Hand #167709498909:  Hold'em Limit ($3/$6 USD) - 2017/03/17 11:14:31 ET
Table 'Bali' 6-max Seat #3 is the button
Seat 3: slavii0o0 ($42.26 in chips)
Seat 4: Actionni13 ($172.96 in chips)
slavii0o0: posts small blind $1
Actionni13: posts big blind $3
*** HOLE CARDS ***
slavii0o0: raises $3 to $6
Actionni13: calls $3
*** FLOP *** [Ad 7s 9c]
Actionni13: checks
slavii0o0: bets $3
Actionni13: folds
Uncalled bet ($3) returned to slavii0o0
slavii0o0 collected $11.76 from pot
*** SUMMARY ***
Total pot $12 | Rake $0.24
Board [Ad 7s 9c]
Seat 3: slavii0o0 (button) (small blind) collected ($11.76)
Seat 4: Actionni13 (big blind) folded on the Flop


PokerStars Hand #167709469020:  Hold'em Limit ($3/$6 USD) - 2017/03/17 11:13:42 ET
Table 'Bali' 6-max Seat #4 is the button
Seat 3: slavii0o0 ($57.26 in chips)
Seat 4: Actionni13 ($158.46 in chips)
Actionni13: posts small blind $1
slavii0o0: posts big blind $3
*** HOLE CARDS ***
Actionni13: raises $3 to $6
slavii0o0: raises $3 to $9
Actionni13: calls $3
*** FLOP *** [4s 9h 3d]
slavii0o0: bets $3
Actionni13: raises $3 to $6
slavii0o0: calls $3
*** TURN *** [4s 9h 3d] [6s]
slavii0o0: checks
Actionni13: bets $6
slavii0o0: folds
Uncalled bet ($6) returned to Actionni13
Actionni13 collected $29.50 from pot
Actionni13: doesn't show hand
*** SUMMARY ***
Total pot $30 | Rake $0.50
Board [4s 9h 3d 6s]
Seat 3: slavii0o0 (big blind) folded on the Turn
Seat 4: Actionni13 (button) (small blind) collected ($29.50)


PokerStars Hand #167709545068:  Hold'em Limit ($3/$6 USD) - 2017/03/17 11:15:46 ET
Table 'Bali' 6-max Seat #3 is the button
Seat 3: slavii0o0 ($35.54 in chips)
Seat 4: Actionni13 ($178.46 in chips)
slavii0o0: posts small blind $1
Actionni13: posts big blind $3
*** HOLE CARDS ***
slavii0o0: folds
Uncalled bet ($2) returned to Actionni13
Actionni13 collected $2 from pot
Actionni13: doesn't show hand
*** SUMMARY ***
Total pot $2 | Rake $0
Seat 3: slavii0o0 (button) (small blind) folded before Flop
Seat 4: Actionni13 (big blind) collected ($2)


PokerStars Hand #167709533685:  Hold'em Limit ($3/$6 USD) - 2017/03/17 11:15:27 ET
Table 'Bali' 6-max Seat #4 is the button
Seat 3: slavii0o0 ($56.54 in chips)
Seat 4: Actionni13 ($157.96 in chips)
Actionni13: posts small blind $1
slavii0o0: posts big blind $3
*** HOLE CARDS ***
Actionni13: raises $3 to $6
slavii0o0: calls $3
*** FLOP *** [4s Td Jd]
slavii0o0: checks
Actionni13: bets $3
slavii0o0: calls $3
*** TURN *** [4s Td Jd] [6s]
slavii0o0: checks
Actionni13: bets $6
slavii0o0: calls $6
*** RIVER *** [4s Td Jd 6s] [8s]
slavii0o0: checks
Actionni13: bets $6
slavii0o0: calls $6
*** SHOW DOWN ***
Actionni13: shows [9s 7s] (a flush, Nine high)
slavii0o0: mucks hand
Actionni13 collected $41.50 from pot
*** SUMMARY ***
Total pot $42 | Rake $0.50
Board [4s Td Jd 6s 8s]
Seat 3: slavii0o0 (big blind) mucked
Seat 4: Actionni13 (button) (small blind) showed [9s 7s] and won ($41.50) with a flush, Nine high


PokerStars Hand #167709516482:  Hold'em Limit ($3/$6 USD) - 2017/03/17 11:14:59 ET
Table 'Bali' 6-max Seat #3 is the button
Seat 3: slavii0o0 ($45.02 in chips)
Seat 4: Actionni13 ($169.96 in chips)
slavii0o0: posts small blind $1
Actionni13: posts big blind $3
*** HOLE CARDS ***
slavii0o0: raises $3 to $6
Actionni13: raises $3 to $9
slavii0o0: calls $3
*** FLOP *** [8s Ad Jd]
Actionni13: bets $3
slavii0o0: calls $3
*** TURN *** [8s Ad Jd] [7s]
Actionni13: checks
slavii0o0: checks
*** RIVER *** [8s Ad Jd 7s] [Js]
Actionni13: checks
slavii0o0: checks
*** SHOW DOWN ***
Actionni13: shows [Kh 6h] (a pair of Jacks)
slavii0o0: shows [Ks Tc] (a pair of Jacks - Ace+King+Ten kicker)
slavii0o0 collected $23.52 from pot
*** SUMMARY ***
Total pot $24 | Rake $0.48
Board [8s Ad Jd 7s Js]
Seat 3: slavii0o0 (button) (small blind) showed [Ks Tc] and won ($23.52) with a pair of Jacks
Seat 4: Actionni13 (big blind) showed [Kh 6h] and lost with a pair of Jacks


PokerStars Hand #167709582572:  Hold'em Limit ($3/$6 USD) - 2017/03/17 11:16:47 ET
Table 'Bali' 6-max Seat #4 is the button
Seat 3: slavii0o0 ($42.94 in chips)
Seat 4: Actionni13 ($170.10 in chips)
Actionni13: posts small blind $1
slavii0o0: posts big blind $3
*** HOLE CARDS ***
Actionni13: raises $3 to $6
slavii0o0: calls $3
*** FLOP *** [5d 4c 4h]
slavii0o0: checks
Actionni13: bets $3
slavii0o0: calls $3
*** TURN *** [5d 4c 4h] [4s]
slavii0o0: checks
Actionni13: bets $6
slavii0o0: calls $6
*** RIVER *** [5d 4c 4h 4s] [2s]
slavii0o0: checks
Actionni13: checks
*** SHOW DOWN ***
slavii0o0: shows [Js Ts] (three of a kind, Fours)
Actionni13: shows [Kh Qd] (three of a kind, Fours - King kicker)
Actionni13 collected $29.50 from pot
*** SUMMARY ***
Total pot $30 | Rake $0.50
Board [5d 4c 4h 4s 2s]
Seat 3: slavii0o0 (big blind) showed [Js Ts] and lost with three of a kind, Fours
Seat 4: Actionni13 (button) (small blind) showed [Kh Qd] and won ($29.50) with three of a kind, Fours


PokerStars Hand #167709547718:  Hold'em Limit ($3/$6 USD) - 2017/03/17 11:15:50 ET
Table 'Bali' 6-max Seat #4 is the button
Seat 3: slavii0o0 ($34.54 in chips)
Seat 4: Actionni13 ($179.46 in chips)
Actionni13: posts small blind $1
slavii0o0: posts big blind $3
*** HOLE CARDS ***
Actionni13: raises $3 to $6
slavii0o0: calls $3
*** FLOP *** [8c 8s 3d]
slavii0o0: checks
Actionni13: bets $3
slavii0o0: calls $3
*** TURN *** [8c 8s 3d] [Ah]
slavii0o0: checks
Actionni13: bets $6
slavii0o0: folds
Uncalled bet ($6) returned to Actionni13
Actionni13 collected $17.64 from pot
Actionni13: doesn't show hand
*** SUMMARY ***
Total pot $18 | Rake $0.36
Board [8c 8s 3d Ah]
Seat 3: slavii0o0 (big blind) folded on the Turn
Seat 4: Actionni13 (button) (small blind) collected ($17.64)


PokerStars Hand #167709559825:  Hold'em Limit ($3/$6 USD) - 2017/03/17 11:16:10 ET
Table 'Bali' 6-max Seat #3 is the button
Seat 3: slavii0o0 ($25.54 in chips)
Seat 4: Actionni13 ($188.10 in chips)
slavii0o0: posts small blind $1
Actionni13: posts big blind $3
*** HOLE CARDS ***
slavii0o0: raises $3 to $6
Actionni13: calls $3
*** FLOP *** [4h Qs Kd]
Actionni13: checks
slavii0o0: bets $3
Actionni13: folds
Uncalled bet ($3) returned to slavii0o0
slavii0o0 collected $11.76 from pot
*** SUMMARY ***
Total pot $12 | Rake $0.24
Board [4h Qs Kd]
Seat 3: slavii0o0 (button) (small blind) collected ($11.76)
Seat 4: Actionni13 (big blind) folded on the Flop


PokerStars Hand #167709566703:  Hold'em Limit ($3/$6 USD) - 2017/03/17 11:16:21 ET
Table 'Bali' 6-max Seat #4 is the button
Seat 3: slavii0o0 ($31.30 in chips)
Seat 4: Actionni13 ($182.10 in chips)
Actionni13: posts small blind $1
slavii0o0: posts big blind $3
*** HOLE CARDS ***
Actionni13: raises $3 to $6
slavii0o0: raises $3 to $9
Actionni13: calls $3
*** FLOP *** [9s Ac 5h]
slavii0o0: bets $3
Actionni13: folds
Uncalled bet ($3) returned to slavii0o0
slavii0o0 collected $17.64 from pot
*** SUMMARY ***
Total pot $18 | Rake $0.36
Board [9s Ac 5h]
Seat 3: slavii0o0 (big blind) collected ($17.64)
Seat 4: Actionni13 (button) (small blind) folded on the Flop


PokerStars Hand #167709578645:  Hold'em Limit ($3/$6 USD) - 2017/03/17 11:16:40 ET
Table 'Bali' 6-max Seat #3 is the button
Seat 3: slavii0o0 ($39.94 in chips)
Seat 4: Actionni13 ($173.10 in chips)
slavii0o0: posts small blind $1
Actionni13: posts big blind $3
*** HOLE CARDS ***
slavii0o0: raises $3 to $6
Actionni13: folds
Uncalled bet ($3) returned to slavii0o0
slavii0o0 collected $6 from pot
*** SUMMARY ***
Total pot $6 | Rake $0
Seat 3: slavii0o0 (button) (small blind) collected ($6)
Seat 4: Actionni13 (big blind) folded before Flop


PokerStars Hand #167709616977:  Hold'em Limit ($3/$6 USD) - 2017/03/17 11:17:42 ET
Table 'Bali' 6-max Seat #3 is the button
Seat 3: slavii0o0 ($33.46 in chips)
Seat 4: Actionni13 ($178.36 in chips)
slavii0o0: posts small blind $1
Actionni13: posts big blind $3
*** HOLE CARDS ***
slavii0o0: raises $3 to $6
Actionni13: folds
Uncalled bet ($3) returned to slavii0o0
slavii0o0 collected $6 from pot
*** SUMMARY ***
Total pot $6 | Rake $0
Seat 3: slavii0o0 (button) (small blind) collected ($6)
Seat 4: Actionni13 (big blind) folded before Flop


PokerStars Hand #167709607242:  Hold'em Limit ($3/$6 USD) - 2017/03/17 11:17:27 ET
Table 'Bali' 6-max Seat #4 is the button
Seat 3: slavii0o0 ($21.94 in chips)
Seat 4: Actionni13 ($190.36 in chips)
Actionni13: posts small blind $1
slavii0o0: posts big blind $3
*** HOLE CARDS ***
Actionni13: raises $3 to $6
slavii0o0: raises $3 to $9
Actionni13: calls $3
*** FLOP *** [Qh Qc 6d]
slavii0o0: bets $3
Actionni13: calls $3
*** TURN *** [Qh Qc 6d] [As]
slavii0o0: bets $6
Actionni13: folds
Uncalled bet ($6) returned to slavii0o0
slavii0o0 collected $23.52 from pot
*** SUMMARY ***
Total pot $24 | Rake $0.48
Board [Qh Qc 6d As]
Seat 3: slavii0o0 (big blind) collected ($23.52)
Seat 4: Actionni13 (button) (small blind) folded on the Turn


PokerStars Hand #167709621498:  Hold'em Limit ($3/$6 USD) - 2017/03/17 11:17:49 ET
Table 'Bali' 6-max Seat #4 is the button
Seat 3: slavii0o0 ($36.46 in chips)
Seat 4: Actionni13 ($175.36 in chips)
Actionni13: posts small blind $1
slavii0o0: posts big blind $3
*** HOLE CARDS ***
Actionni13: folds
Uncalled bet ($2) returned to slavii0o0
slavii0o0 collected $2 from pot
*** SUMMARY ***
Total pot $2 | Rake $0
Seat 3: slavii0o0 (big blind) collected ($2)
Seat 4: Actionni13 (button) (small blind) folded before Flop


PokerStars Hand #167709591769:  Hold'em Limit ($3/$6 USD) - 2017/03/17 11:17:01 ET
Table 'Bali' 6-max Seat #3 is the button
Seat 3: slavii0o0 ($27.94 in chips)
Seat 4: Actionni13 ($184.60 in chips)
slavii0o0: posts small blind $1
Actionni13: posts big blind $3
*** HOLE CARDS ***
slavii0o0: raises $3 to $6
Actionni13: calls $3
*** FLOP *** [Qh 5d 5s]
Actionni13: checks
slavii0o0: checks
*** TURN *** [Qh 5d 5s] [Th]
Actionni13: checks
slavii0o0: checks
*** RIVER *** [Qh 5d 5s Th] [2c]
Actionni13: checks
slavii0o0: checks
*** SHOW DOWN ***
Actionni13: shows [Js 3h] (a pair of Fives)
slavii0o0: mucks hand
Actionni13 collected $11.76 from pot
*** SUMMARY ***
Total pot $12 | Rake $0.24
Board [Qh 5d 5s Th 2c]
Seat 3: slavii0o0 (button) (small blind) mucked
Seat 4: Actionni13 (big blind) showed [Js 3h] and won ($11.76) with a pair of Fives


PokerStars Hand #167709624357:  Hold'em Limit ($3/$6 USD) - 2017/03/17 11:17:54 ET
Table 'Bali' 6-max Seat #3 is the button
Seat 3: slavii0o0 ($37.46 in chips)
Seat 4: Actionni13 ($174.36 in chips)
slavii0o0: posts small blind $1
Actionni13: posts big blind $3
*** HOLE CARDS ***
slavii0o0: raises $3 to $6
Actionni13: calls $3
*** FLOP *** [9c Qh 3s]
Actionni13: checks
slavii0o0: checks
*** TURN *** [9c Qh 3s] [Kc]
Actionni13: checks
slavii0o0: bets $6
Actionni13: folds
Uncalled bet ($6) returned to slavii0o0
slavii0o0 collected $11.76 from pot
*** SUMMARY ***
Total pot $12 | Rake $0.24
Board [9c Qh 3s Kc]
Seat 3: slavii0o0 (button) (small blind) collected ($11.76)
Seat 4: Actionni13 (big blind) folded on the Turn


PokerStars Hand #167709644538:  Hold'em Limit ($3/$6 USD) - 2017/03/17 11:18:26 ET
Table 'Bali' 6-max Seat #3 is the button
Seat 3: slavii0o0 ($40.22 in chips)
Seat 4: Actionni13 ($171.36 in chips)
slavii0o0: posts small blind $1
Actionni13: posts big blind $3
*** HOLE CARDS ***
slavii0o0: raises $3 to $6
Actionni13: folds
Uncalled bet ($3) returned to slavii0o0
slavii0o0 collected $6 from pot
*** SUMMARY ***
Total pot $6 | Rake $0
Seat 3: slavii0o0 (button) (small blind) collected ($6)
Seat 4: Actionni13 (big blind) folded before Flop


PokerStars Hand #167709640072:  Hold'em Limit ($3/$6 USD) - 2017/03/17 11:18:19 ET
Table 'Bali' 6-max Seat #4 is the button
Seat 3: slavii0o0 ($43.22 in chips)
Seat 4: Actionni13 ($168.36 in chips)
Actionni13: posts small blind $1
slavii0o0: posts big blind $3
*** HOLE CARDS ***
Actionni13: raises $3 to $6
slavii0o0: folds
Uncalled bet ($3) returned to Actionni13
Actionni13 collected $6 from pot
Actionni13: doesn't show hand
*** SUMMARY ***
Total pot $6 | Rake $0
Seat 3: slavii0o0 (big blind) folded before Flop
Seat 4: Actionni13 (button) (small blind) collected ($6)


PokerStars Hand #167709654805:  Hold'em Limit ($3/$6 USD) - 2017/03/17 11:18:43 ET
Table 'Bali' 6-max Seat #4 is the button
Seat 3: slavii0o0 ($43.22 in chips)
Seat 4: Actionni13 ($168.36 in chips)
Actionni13: posts small blind $1
slavii0o0: posts big blind $3
*** HOLE CARDS ***
Actionni13: raises $3 to $6
slavii0o0: calls $3
*** FLOP *** [6d Jh 4c]
slavii0o0: checks
Actionni13: bets $3
slavii0o0: calls $3
*** TURN *** [6d Jh 4c] [9d]
slavii0o0: checks
Actionni13: checks
*** RIVER *** [6d Jh 4c 9d] [9h]
slavii0o0: checks
Actionni13: checks
*** SHOW DOWN ***
slavii0o0: shows [5h Kd] (a pair of Nines)
Actionni13: mucks hand
slavii0o0 collected $17.64 from pot
*** SUMMARY ***
Total pot $18 | Rake $0.36
Board [6d Jh 4c 9d 9h]
Seat 3: slavii0o0 (big blind) showed [5h Kd] and won ($17.64) with a pair of Nines
Seat 4: Actionni13 (button) (small blind) mucked


PokerStars Hand #167709672323:  Hold'em Limit ($3/$6 USD) - 2017/03/17 11:19:11 ET
Table 'Bali' 6-max Seat #3 is the button
Seat 3: slavii0o0 ($51.86 in chips)
Seat 4: Actionni13 ($159.36 in chips)
slavii0o0: posts small blind $1
Actionni13: posts big blind $3
*** HOLE CARDS ***
slavii0o0: calls $2
Actionni13: checks
*** FLOP *** [5h 4s As]
Actionni13: bets $3
slavii0o0: folds
Uncalled bet ($3) returned to Actionni13
Actionni13 collected $5.88 from pot
Actionni13: doesn't show hand
*** SUMMARY ***
Total pot $6 | Rake $0.12
Board [5h 4s As]
Seat 3: slavii0o0 (button) (small blind) folded on the Flop
Seat 4: Actionni13 (big blind) collected ($5.88)


