PokerStars Hand #144303409334:  Hold'em Limit ($3/$6 USD) - 2015/11/24 5:38:22 ET
Table 'Balios II' 2-max Seat #1 is the button
Seat 1: ct-650 ($128.76 in chips)
Seat 2: pokerjunk035 ($139.90 in chips)
ct-650: posts small blind $1
pokerjunk035: posts big blind $3
*** HOLE CARDS ***
ct-650: folds
Uncalled bet ($2) returned to pokerjunk035
pokerjunk035 collected $2 from pot
pokerjunk035: doesn't show hand
*** SUMMARY ***
Total pot $2 | Rake $0
Seat 1: ct-650 (button) (small blind) folded before Flop
Seat 2: pokerjunk035 (big blind) collected ($2)


PokerStars Hand #144303411255:  Hold'em Limit ($3/$6 USD) - 2015/11/24 5:38:27 ET
Table 'Balios II' 2-max Seat #2 is the button
Seat 1: ct-650 ($127.76 in chips)
Seat 2: pokerjunk035 ($140.90 in chips)
pokerjunk035: posts small blind $1
ct-650: posts big blind $3
*** HOLE CARDS ***
pokerjunk035: raises $3 to $6
ct-650: folds
Uncalled bet ($3) returned to pokerjunk035
pokerjunk035 collected $6 from pot
pokerjunk035: doesn't show hand
*** SUMMARY ***
Total pot $6 | Rake $0
Seat 1: ct-650 (big blind) folded before Flop
Seat 2: pokerjunk035 (button) (small blind) collected ($6)


PokerStars Hand #144303417991:  Hold'em Limit ($3/$6 USD) - 2015/11/24 5:38:43 ET
Table 'Balios II' 2-max Seat #1 is the button
Seat 1: ct-650 ($120.76 in chips)
Seat 2: pokerjunk035 ($147.90 in chips)
ct-650: posts small blind $1
pokerjunk035: posts big blind $3
*** HOLE CARDS ***
ct-650: raises $3 to $6
pokerjunk035: raises $3 to $9
ct-650: calls $3
*** FLOP *** [Qs 4s 4h]
pokerjunk035: bets $3
ct-650: calls $3
*** TURN *** [Qs 4s 4h] [Ts]
pokerjunk035: checks
ct-650: bets $6
pokerjunk035: calls $6
*** RIVER *** [Qs 4s 4h Ts] [7s]
pokerjunk035: checks
ct-650: checks
*** SHOW DOWN ***
pokerjunk035: shows [Jc Jd] (two pair, Jacks and Fours)
ct-650: mucks hand
pokerjunk035 collected $35.50 from pot
*** SUMMARY ***
Total pot $36 | Rake $0.50
Board [Qs 4s 4h Ts 7s]
Seat 1: ct-650 (button) (small blind) mucked
Seat 2: pokerjunk035 (big blind) showed [Jc Jd] and won ($35.50) with two pair, Jacks and Fours


PokerStars Hand #144303415457:  Hold'em Limit ($3/$6 USD) - 2015/11/24 5:38:37 ET
Table 'Balios II' 2-max Seat #2 is the button
Seat 1: ct-650 ($123.76 in chips)
Seat 2: pokerjunk035 ($144.90 in chips)
pokerjunk035: posts small blind $1
ct-650: posts big blind $3
*** HOLE CARDS ***
pokerjunk035: raises $3 to $6
ct-650: folds
Uncalled bet ($3) returned to pokerjunk035
pokerjunk035 collected $6 from pot
pokerjunk035: doesn't show hand
*** SUMMARY ***
Total pot $6 | Rake $0
Seat 1: ct-650 (big blind) folded before Flop
Seat 2: pokerjunk035 (button) (small blind) collected ($6)


PokerStars Hand #144303413578:  Hold'em Limit ($3/$6 USD) - 2015/11/24 5:38:32 ET
Table 'Balios II' 2-max Seat #1 is the button
Seat 1: ct-650 ($124.76 in chips)
Seat 2: pokerjunk035 ($143.90 in chips)
ct-650: posts small blind $1
pokerjunk035: posts big blind $3
*** HOLE CARDS ***
ct-650: folds
Uncalled bet ($2) returned to pokerjunk035
pokerjunk035 collected $2 from pot
pokerjunk035: doesn't show hand
*** SUMMARY ***
Total pot $2 | Rake $0
Seat 1: ct-650 (button) (small blind) folded before Flop
Seat 2: pokerjunk035 (big blind) collected ($2)


PokerStars Hand #144303430532:  Hold'em Limit ($3/$6 USD) - 2015/11/24 5:39:12 ET
Table 'Balios II' 2-max Seat #2 is the button
Seat 1: ct-650 ($102.76 in chips)
Seat 2: pokerjunk035 ($165.40 in chips)
pokerjunk035: posts small blind $1
ct-650: posts big blind $3
*** HOLE CARDS ***
pokerjunk035: raises $3 to $6
ct-650: calls $3
*** FLOP *** [8c 7c 5c]
ct-650: checks
pokerjunk035: bets $3
ct-650: raises $3 to $6
pokerjunk035: calls $3
*** TURN *** [8c 7c 5c] [5d]
ct-650: bets $6
pokerjunk035: raises $6 to $12
ct-650: calls $6
*** RIVER *** [8c 7c 5c 5d] [As]
ct-650: checks
pokerjunk035: bets $6
ct-650: calls $6
*** SHOW DOWN ***
pokerjunk035: shows [3c 9c] (a flush, Nine high)
ct-650: mucks hand
pokerjunk035 collected $59.50 from pot
*** SUMMARY ***
Total pot $60 | Rake $0.50
Board [8c 7c 5c 5d As]
Seat 1: ct-650 (big blind) mucked
Seat 2: pokerjunk035 (button) (small blind) showed [3c 9c] and won ($59.50) with a flush, Nine high


PokerStars Hand #144303428689:  Hold'em Limit ($3/$6 USD) - 2015/11/24 5:39:08 ET
Table 'Balios II' 2-max Seat #1 is the button
Seat 1: ct-650 ($103.76 in chips)
Seat 2: pokerjunk035 ($164.40 in chips)
ct-650: posts small blind $1
pokerjunk035: posts big blind $3
*** HOLE CARDS ***
ct-650: folds
Uncalled bet ($2) returned to pokerjunk035
pokerjunk035 collected $2 from pot
pokerjunk035: doesn't show hand
*** SUMMARY ***
Total pot $2 | Rake $0
Seat 1: ct-650 (button) (small blind) folded before Flop
Seat 2: pokerjunk035 (big blind) collected ($2)


PokerStars Hand #144303426002:  Hold'em Limit ($3/$6 USD) - 2015/11/24 5:39:02 ET
Table 'Balios II' 2-max Seat #2 is the button
Seat 1: ct-650 ($102.76 in chips)
Seat 2: pokerjunk035 ($165.40 in chips)
pokerjunk035: posts small blind $1
ct-650: posts big blind $3
*** HOLE CARDS ***
pokerjunk035: folds
Uncalled bet ($2) returned to ct-650
ct-650 collected $2 from pot
*** SUMMARY ***
Total pot $2 | Rake $0
Seat 1: ct-650 (big blind) collected ($2)
Seat 2: pokerjunk035 (button) (small blind) folded before Flop


PokerStars Hand #144303438815:  Hold'em Limit ($3/$6 USD) - 2015/11/24 5:39:32 ET
Table 'Balios II' 2-max Seat #1 is the button
Seat 1: ct-650 ($72.76 in chips)
Seat 2: pokerjunk035 ($194.90 in chips)
ct-650: posts small blind $1
pokerjunk035: posts big blind $3
*** HOLE CARDS ***
ct-650: raises $3 to $6
pokerjunk035: raises $3 to $9
ct-650: calls $3
*** FLOP *** [Kc 3c Qh]
pokerjunk035: bets $3
ct-650: folds
Uncalled bet ($3) returned to pokerjunk035
pokerjunk035 collected $17.64 from pot
pokerjunk035: doesn't show hand
*** SUMMARY ***
Total pot $18 | Rake $0.36
Board [Kc 3c Qh]
Seat 1: ct-650 (button) (small blind) folded on the Flop
Seat 2: pokerjunk035 (big blind) collected ($17.64)


PokerStars Hand #144303451485:  Hold'em Limit ($3/$6 USD) - 2015/11/24 5:40:02 ET
Table 'Balios II' 2-max Seat #1 is the button
Seat 1: ct-650 ($96.76 in chips)
Seat 2: pokerjunk035 ($230.04 in chips)
ct-650: posts small blind $1
pokerjunk035: posts big blind $3
*** HOLE CARDS ***
ct-650: folds
Uncalled bet ($2) returned to pokerjunk035
pokerjunk035 collected $2 from pot
pokerjunk035: doesn't show hand
*** SUMMARY ***
Total pot $2 | Rake $0
Seat 1: ct-650 (button) (small blind) folded before Flop
Seat 2: pokerjunk035 (big blind) collected ($2)


PokerStars Hand #144303453206:  Hold'em Limit ($3/$6 USD) - 2015/11/24 5:40:06 ET
Table 'Balios II' 2-max Seat #2 is the button
Seat 1: ct-650 ($95.76 in chips)
Seat 2: pokerjunk035 ($231.04 in chips)
pokerjunk035: posts small blind $1
ct-650: posts big blind $3
*** HOLE CARDS ***
pokerjunk035: raises $3 to $6
ct-650: calls $3
*** FLOP *** [6h Kh 5c]
ct-650: checks
pokerjunk035: checks
*** TURN *** [6h Kh 5c] [Ac]
ct-650: bets $6
pokerjunk035: folds
Uncalled bet ($6) returned to ct-650
ct-650 collected $11.76 from pot
*** SUMMARY ***
Total pot $12 | Rake $0.24
Board [6h Kh 5c Ac]
Seat 1: ct-650 (big blind) collected ($11.76)
Seat 2: pokerjunk035 (button) (small blind) folded on the Turn


PokerStars Hand #144303468447:  Hold'em Limit ($3/$6 USD) - 2015/11/24 5:40:43 ET
Table 'Balios II' 2-max Seat #1 is the button
Seat 1: ct-650 ($123.02 in chips)
Seat 2: pokerjunk035 ($203.04 in chips)
ct-650: posts small blind $1
pokerjunk035: posts big blind $3
*** HOLE CARDS ***
ct-650: raises $3 to $6
pokerjunk035: folds
Uncalled bet ($3) returned to ct-650
ct-650 collected $6 from pot
*** SUMMARY ***
Total pot $6 | Rake $0
Seat 1: ct-650 (button) (small blind) collected ($6)
Seat 2: pokerjunk035 (big blind) folded before Flop


PokerStars Hand #144303471375:  Hold'em Limit ($3/$6 USD) - 2015/11/24 5:40:50 ET
Table 'Balios II' 2-max Seat #2 is the button
Seat 1: ct-650 ($126.02 in chips)
Seat 2: pokerjunk035 ($200.04 in chips)
pokerjunk035: posts small blind $1
ct-650: posts big blind $3
*** HOLE CARDS ***
pokerjunk035: raises $3 to $6
ct-650: raises $3 to $9
pokerjunk035: calls $3
*** FLOP *** [9h 7h 8c]
ct-650: bets $3
pokerjunk035: raises $3 to $6
ct-650: folds
Uncalled bet ($3) returned to pokerjunk035
pokerjunk035 collected $23.52 from pot
pokerjunk035: doesn't show hand
*** SUMMARY ***
Total pot $24 | Rake $0.48
Board [9h 7h 8c]
Seat 1: ct-650 (big blind) folded on the Flop
Seat 2: pokerjunk035 (button) (small blind) collected ($23.52)


PokerStars Hand #144303443896:  Hold'em Limit ($3/$6 USD) - 2015/11/24 5:39:44 ET
Table 'Balios II' 2-max Seat #2 is the button
Seat 1: ct-650 ($63.76 in chips)
Seat 2: pokerjunk035 ($203.54 in chips)
pokerjunk035: posts small blind $1
ct-650: posts big blind $3
*** HOLE CARDS ***
pokerjunk035: raises $3 to $6
ct-650: raises $3 to $9
pokerjunk035: calls $3
*** FLOP *** [Kc Jd 5c]
ct-650: bets $3
pokerjunk035: raises $3 to $6
ct-650: calls $3
*** TURN *** [Kc Jd 5c] [7c]
ct-650: checks
pokerjunk035: bets $6
ct-650: calls $6
*** RIVER *** [Kc Jd 5c 7c] [9c]
ct-650: bets $6
pokerjunk035: calls $6
*** SHOW DOWN ***
ct-650: shows [2d 2c] (a flush, King high)
pokerjunk035: shows [Ks 4c] (a flush, King high - Four higher)
pokerjunk035 collected $53.50 from pot
*** SUMMARY ***
Total pot $54 | Rake $0.50
Board [Kc Jd 5c 7c 9c]
Seat 1: ct-650 (big blind) showed [2d 2c] and lost with a flush, King high
Seat 2: pokerjunk035 (button) (small blind) showed [Ks 4c] and won ($53.50) with a flush, King high


PokerStars Hand #144303466424:  Hold'em Limit ($3/$6 USD) - 2015/11/24 5:40:38 ET
Table 'Balios II' 2-max Seat #2 is the button
Seat 1: ct-650 ($122.02 in chips)
Seat 2: pokerjunk035 ($204.04 in chips)
pokerjunk035: posts small blind $1
ct-650: posts big blind $3
*** HOLE CARDS ***
pokerjunk035: folds
Uncalled bet ($2) returned to ct-650
ct-650 collected $2 from pot
*** SUMMARY ***
Total pot $2 | Rake $0
Seat 1: ct-650 (big blind) collected ($2)
Seat 2: pokerjunk035 (button) (small blind) folded before Flop


PokerStars Hand #144303459770:  Hold'em Limit ($3/$6 USD) - 2015/11/24 5:40:22 ET
Table 'Balios II' 2-max Seat #1 is the button
Seat 1: ct-650 ($101.52 in chips)
Seat 2: pokerjunk035 ($225.04 in chips)
ct-650: posts small blind $1
pokerjunk035: posts big blind $3
*** HOLE CARDS ***
ct-650: raises $3 to $6
pokerjunk035: calls $3
*** FLOP *** [Jh 7d 4c]
pokerjunk035: checks
ct-650: bets $3
pokerjunk035: calls $3
*** TURN *** [Jh 7d 4c] [5h]
pokerjunk035: checks
ct-650: bets $6
pokerjunk035: calls $6
*** RIVER *** [Jh 7d 4c 5h] [4d]
pokerjunk035: checks
ct-650: bets $6
pokerjunk035: calls $6
*** SHOW DOWN ***
ct-650: shows [6s 4s] (three of a kind, Fours)
pokerjunk035: mucks hand
ct-650 collected $41.50 from pot
*** SUMMARY ***
Total pot $42 | Rake $0.50
Board [Jh 7d 4c 5h 4d]
Seat 1: ct-650 (button) (small blind) showed [6s 4s] and won ($41.50) with three of a kind, Fours
Seat 2: pokerjunk035 (big blind) mucked


PokerStars Hand #144303494748:  Hold'em Limit ($3/$6 USD) - 2015/11/24 5:41:45 ET
Table 'Balios II' 2-max Seat #1 is the button
Seat 1: ct-650 ($110.54 in chips)
Seat 2: pokerjunk035 ($214.06 in chips)
ct-650: posts small blind $1
pokerjunk035: posts big blind $3
*** HOLE CARDS ***
ct-650: folds
Uncalled bet ($2) returned to pokerjunk035
pokerjunk035 collected $2 from pot
pokerjunk035: doesn't show hand
*** SUMMARY ***
Total pot $2 | Rake $0
Seat 1: ct-650 (button) (small blind) folded before Flop
Seat 2: pokerjunk035 (big blind) collected ($2)


PokerStars Hand #144303478376:  Hold'em Limit ($3/$6 USD) - 2015/11/24 5:41:07 ET
Table 'Balios II' 2-max Seat #2 is the button
Seat 1: ct-650 ($113.02 in chips)
Seat 2: pokerjunk035 ($212.56 in chips)
pokerjunk035: posts small blind $1
ct-650: posts big blind $3
*** HOLE CARDS ***
pokerjunk035: folds
Uncalled bet ($2) returned to ct-650
ct-650 collected $2 from pot
*** SUMMARY ***
Total pot $2 | Rake $0
Seat 1: ct-650 (big blind) collected ($2)
Seat 2: pokerjunk035 (button) (small blind) folded before Flop


PokerStars Hand #144303476698:  Hold'em Limit ($3/$6 USD) - 2015/11/24 5:41:02 ET
Table 'Balios II' 2-max Seat #1 is the button
Seat 1: ct-650 ($114.02 in chips)
Seat 2: pokerjunk035 ($211.56 in chips)
ct-650: posts small blind $1
pokerjunk035: posts big blind $3
*** HOLE CARDS ***
ct-650: folds
Uncalled bet ($2) returned to pokerjunk035
pokerjunk035 collected $2 from pot
pokerjunk035: doesn't show hand
*** SUMMARY ***
Total pot $2 | Rake $0
Seat 1: ct-650 (button) (small blind) folded before Flop
Seat 2: pokerjunk035 (big blind) collected ($2)


PokerStars Hand #144303480431:  Hold'em Limit ($3/$6 USD) - 2015/11/24 5:41:11 ET
Table 'Balios II' 2-max Seat #1 is the button
Seat 1: ct-650 ($114.02 in chips)
Seat 2: pokerjunk035 ($211.56 in chips)
ct-650: posts small blind $1
pokerjunk035: posts big blind $3
*** HOLE CARDS ***
ct-650: raises $3 to $6
pokerjunk035: raises $3 to $9
ct-650: calls $3
*** FLOP *** [5d As Ah]
pokerjunk035: bets $3
ct-650: calls $3
*** TURN *** [5d As Ah] [Ad]
pokerjunk035: checks
ct-650: bets $6
pokerjunk035: folds
Uncalled bet ($6) returned to ct-650
ct-650 collected $23.52 from pot
*** SUMMARY ***
Total pot $24 | Rake $0.48
Board [5d As Ah Ad]
Seat 1: ct-650 (button) (small blind) collected ($23.52)
Seat 2: pokerjunk035 (big blind) folded on the Turn


PokerStars Hand #144303524718:  Hold'em Limit ($3/$6 USD) - 2015/11/24 5:42:56 ET
Table 'Balios II' 2-max Seat #1 is the button
Seat 1: ct-650 ($112.94 in chips)
Seat 2: pokerjunk035 ($210.70 in chips)
ct-650: posts small blind $1
pokerjunk035: posts big blind $3
*** HOLE CARDS ***
ct-650: folds
Uncalled bet ($2) returned to pokerjunk035
pokerjunk035 collected $2 from pot
pokerjunk035: doesn't show hand
*** SUMMARY ***
Total pot $2 | Rake $0
Seat 1: ct-650 (button) (small blind) folded before Flop
Seat 2: pokerjunk035 (big blind) collected ($2)


PokerStars Hand #144303522818:  Hold'em Limit ($3/$6 USD) - 2015/11/24 5:42:52 ET
Table 'Balios II' 2-max Seat #2 is the button
Seat 1: ct-650 ($115.94 in chips)
Seat 2: pokerjunk035 ($207.70 in chips)
pokerjunk035: posts small blind $1
ct-650: posts big blind $3
*** HOLE CARDS ***
pokerjunk035: raises $3 to $6
ct-650: folds
Uncalled bet ($3) returned to pokerjunk035
pokerjunk035 collected $6 from pot
pokerjunk035: doesn't show hand
*** SUMMARY ***
Total pot $6 | Rake $0
Seat 1: ct-650 (big blind) folded before Flop
Seat 2: pokerjunk035 (button) (small blind) collected ($6)


PokerStars Hand #144303502482:  Hold'em Limit ($3/$6 USD) - 2015/11/24 5:42:03 ET
Table 'Balios II' 2-max Seat #1 is the button
Seat 1: ct-650 ($118.18 in chips)
Seat 2: pokerjunk035 ($206.06 in chips)
ct-650: posts small blind $1
pokerjunk035: posts big blind $3
*** HOLE CARDS ***
ct-650: raises $3 to $6
pokerjunk035: calls $3
*** FLOP *** [2c 9h 9d]
pokerjunk035: checks
ct-650: bets $3
pokerjunk035: calls $3
*** TURN *** [2c 9h 9d] [7s]
pokerjunk035: checks
ct-650: checks
*** RIVER *** [2c 9h 9d 7s] [8h]
pokerjunk035: checks
ct-650: checks
*** SHOW DOWN ***
pokerjunk035: shows [Qd Kd] (a pair of Nines)
ct-650: mucks hand
pokerjunk035 collected $17.64 from pot
*** SUMMARY ***
Total pot $18 | Rake $0.36
Board [2c 9h 9d 7s 8h]
Seat 1: ct-650 (button) (small blind) mucked
Seat 2: pokerjunk035 (big blind) showed [Qd Kd] and won ($17.64) with a pair of Nines


PokerStars Hand #144303514966:  Hold'em Limit ($3/$6 USD) - 2015/11/24 5:42:33 ET
Table 'Balios II' 2-max Seat #2 is the button
Seat 1: ct-650 ($109.18 in chips)
Seat 2: pokerjunk035 ($214.70 in chips)
pokerjunk035: posts small blind $1
ct-650: posts big blind $3
*** HOLE CARDS ***
pokerjunk035: folds
Uncalled bet ($2) returned to ct-650
ct-650 collected $2 from pot
*** SUMMARY ***
Total pot $2 | Rake $0
Seat 1: ct-650 (big blind) collected ($2)
Seat 2: pokerjunk035 (button) (small blind) folded before Flop


PokerStars Hand #144303527522:  Hold'em Limit ($3/$6 USD) - 2015/11/24 5:43:03 ET
Table 'Balios II' 2-max Seat #2 is the button
Seat 1: ct-650 ($111.94 in chips)
Seat 2: pokerjunk035 ($211.70 in chips)
pokerjunk035: posts small blind $1
ct-650: posts big blind $3
*** HOLE CARDS ***
pokerjunk035: folds
Uncalled bet ($2) returned to ct-650
ct-650 collected $2 from pot
*** SUMMARY ***
Total pot $2 | Rake $0
Seat 1: ct-650 (big blind) collected ($2)
Seat 2: pokerjunk035 (button) (small blind) folded before Flop


