PokerStars Hand #158264092384:  Hold'em Limit ($3/$6 USD) - 2016/09/06 20:17:00 ET
Table 'Balios' 6-max Seat #4 is the button
Seat 3: tutones87 ($89.19 in chips)
Seat 4: BuzovaPro ($72 in chips)
BuzovaPro: posts small blind $1
tutones87: posts big blind $3
*** HOLE CARDS ***
BuzovaPro: folds
Uncalled bet ($2) returned to tutones87
tutones87 collected $2 from pot
tutones87: doesn't show hand
*** SUMMARY ***
Total pot $2 | Rake $0
Seat 3: tutones87 (big blind) collected ($2)
Seat 4: BuzovaPro (button) (small blind) folded before Flop


PokerStars Hand #158264080171:  Hold'em Limit ($3/$6 USD) - 2016/09/06 20:16:34 ET
Table 'Balios' 6-max Seat #3 is the button
Seat 3: tutones87 ($86.19 in chips)
Seat 4: BuzovaPro ($72 in chips)
tutones87: posts small blind $1
BuzovaPro: posts big blind $3
*** HOLE CARDS ***
tutones87: raises $3 to $6
BuzovaPro: folds
Uncalled bet ($3) returned to tutones87
tutones87 collected $6 from pot
tutones87: doesn't show hand
*** SUMMARY ***
Total pot $6 | Rake $0
Seat 3: tutones87 (button) (small blind) collected ($6)
Seat 4: BuzovaPro (big blind) folded before Flop


PokerStars Hand #158264106825:  Hold'em Limit ($3/$6 USD) - 2016/09/06 20:17:31 ET
Table 'Balios' 6-max Seat #4 is the button
Seat 3: tutones87 ($95.95 in chips)
Seat 4: BuzovaPro ($72 in chips)
BuzovaPro: posts small blind $1
tutones87: posts big blind $3
*** HOLE CARDS ***
BuzovaPro: folds
Uncalled bet ($2) returned to tutones87
tutones87 collected $2 from pot
tutones87: doesn't show hand
*** SUMMARY ***
Total pot $2 | Rake $0
Seat 3: tutones87 (big blind) collected ($2)
Seat 4: BuzovaPro (button) (small blind) folded before Flop


PokerStars Hand #158264099956:  Hold'em Limit ($3/$6 USD) - 2016/09/06 20:17:16 ET
Table 'Balios' 6-max Seat #3 is the button
Seat 3: tutones87 ($90.19 in chips)
Seat 4: BuzovaPro ($72 in chips)
tutones87: posts small blind $1
BuzovaPro: posts big blind $3
*** HOLE CARDS ***
tutones87: raises $3 to $6
BuzovaPro: calls $3
*** FLOP *** [Kd Js 8h]
BuzovaPro: checks
tutones87: bets $3
BuzovaPro: folds
Uncalled bet ($3) returned to tutones87
tutones87 collected $11.76 from pot
tutones87: doesn't show hand
*** SUMMARY ***
Total pot $12 | Rake $0.24
Board [Kd Js 8h]
Seat 3: tutones87 (button) (small blind) collected ($11.76)
Seat 4: BuzovaPro (big blind) folded on the Flop


PokerStars Hand #158264109460:  Hold'em Limit ($3/$6 USD) - 2016/09/06 20:17:37 ET
Table 'Balios' 6-max Seat #3 is the button
Seat 3: tutones87 ($96.95 in chips)
Seat 4: BuzovaPro ($72 in chips)
tutones87: posts small blind $1
BuzovaPro: posts big blind $3
*** HOLE CARDS ***
tutones87: raises $3 to $6
BuzovaPro: raises $3 to $9
tutones87: calls $3
*** FLOP *** [Jc Ts 5d]
BuzovaPro: bets $3
tutones87: calls $3
*** TURN *** [Jc Ts 5d] [9s]
BuzovaPro: checks
ToDaFelt joins the table at seat #5
tutones87: bets $6
BuzovaPro: calls $6
*** RIVER *** [Jc Ts 5d 9s] [3c]
BuzovaPro: checks
tutones87: bets $6
BuzovaPro: calls $6
*** SHOW DOWN ***
tutones87: shows [6s 8c] (high card Jack)
BuzovaPro: shows [7d 7c] (a pair of Sevens)
BuzovaPro collected $47.50 from pot
*** SUMMARY ***
Total pot $48 | Rake $0.50
Board [Jc Ts 5d 9s 3c]
Seat 3: tutones87 (button) (small blind) showed [6s 8c] and lost with high card Jack
Seat 4: BuzovaPro (big blind) showed [7d 7c] and won ($47.50) with a pair of Sevens


