PokerStars Hand #164118054325:  Hold'em Limit ($3/$6 USD) - 2017/01/06 5:27:47 ET
Table 'Balios' 10-max Seat #1 is the button
Seat 1: Fluoronerd ($120 in chips)
Seat 9: GoliafUa ($120 in chips)
Fluoronerd: posts small blind $1
GoliafUa: posts big blind $3
*** HOLE CARDS ***
Fluoronerd: calls $2
GoliafUa: checks
*** FLOP *** [Jh Qc 8c]
GoliafUa: bets $3
Fluoronerd: calls $3
*** TURN *** [Jh Qc 8c] [5s]
GoliafUa: bets $6
Fluoronerd: calls $6
*** RIVER *** [Jh Qc 8c 5s] [7s]
GoliafUa: checks
Fluoronerd: checks
*** SHOW DOWN ***
GoliafUa: shows [8h Th] (a pair of Eights)
Fluoronerd: mucks hand
GoliafUa collected $23.52 from pot
*** SUMMARY ***
Total pot $24 | Rake $0.48
Board [Jh Qc 8c 5s 7s]
Seat 1: Fluoronerd (button) (small blind) mucked
Seat 9: GoliafUa (big blind) showed [8h Th] and won ($23.52) with a pair of Eights


PokerStars Hand #164118064716:  Hold'em Limit ($3/$6 USD) - 2017/01/06 5:28:10 ET
Table 'Balios' 10-max Seat #9 is the button
Seat 1: Fluoronerd ($108 in chips)
Seat 9: GoliafUa ($131.52 in chips)
GoliafUa: posts small blind $1
Fluoronerd: posts big blind $3
*** HOLE CARDS ***
GoliafUa: raises $3 to $6
Fluoronerd: calls $3
*** FLOP *** [3c Kh Qs]
Fluoronerd: bets $3
GoliafUa: calls $3
*** TURN *** [3c Kh Qs] [5h]
Fluoronerd: checks
GoliafUa: bets $6
Fluoronerd: folds
Uncalled bet ($6) returned to GoliafUa
GoliafUa collected $17.64 from pot
GoliafUa: doesn't show hand
*** SUMMARY ***
Total pot $18 | Rake $0.36
Board [3c Kh Qs 5h]
Seat 1: Fluoronerd (big blind) folded on the Turn
Seat 9: GoliafUa (button) (small blind) collected ($17.64)


PokerStars Hand #164118083772:  Hold'em Limit ($3/$6 USD) - 2017/01/06 5:28:52 ET
Table 'Balios' 10-max Seat #1 is the button
Seat 1: Fluoronerd ($105.76 in chips)
Seat 9: GoliafUa ($133.16 in chips)
Fluoronerd: posts small blind $1
GoliafUa: posts big blind $3
*** HOLE CARDS ***
Fluoronerd: calls $2
GoliafUa: checks
*** FLOP *** [4c 2d 4h]
GoliafUa: checks
Fluoronerd: checks
*** TURN *** [4c 2d 4h] [Qd]
GoliafUa: bets $6
Fluoronerd: folds
Uncalled bet ($6) returned to GoliafUa
GoliafUa collected $5.88 from pot
GoliafUa: doesn't show hand
Fluoronerd leaves the table
*** SUMMARY ***
Total pot $6 | Rake $0.12
Board [4c 2d 4h Qd]
Seat 1: Fluoronerd (button) (small blind) folded on the Turn
Seat 9: GoliafUa (big blind) collected ($5.88)


PokerStars Hand #164118081094:  Hold'em Limit ($3/$6 USD) - 2017/01/06 5:28:46 ET
Table 'Balios' 10-max Seat #9 is the button
Seat 1: Fluoronerd ($104.76 in chips)
Seat 9: GoliafUa ($134.16 in chips)
GoliafUa: posts small blind $1
Fluoronerd: posts big blind $3
*** HOLE CARDS ***
GoliafUa: folds
Uncalled bet ($2) returned to Fluoronerd
Fluoronerd collected $2 from pot
Fluoronerd: doesn't show hand
*** SUMMARY ***
Total pot $2 | Rake $0
Seat 1: Fluoronerd (big blind) collected ($2)
Seat 9: GoliafUa (button) (small blind) folded before Flop


PokerStars Hand #164118075256:  Hold'em Limit ($3/$6 USD) - 2017/01/06 5:28:33 ET
Table 'Balios' 10-max Seat #1 is the button
Seat 1: Fluoronerd ($99 in chips)
Seat 9: GoliafUa ($140.16 in chips)
Fluoronerd: posts small blind $1
GoliafUa: posts big blind $3
*** HOLE CARDS ***
Fluoronerd: raises $3 to $6
GoliafUa: calls $3
*** FLOP *** [7s Ts Qd]
GoliafUa: checks
Fluoronerd: bets $3
GoliafUa: folds
Uncalled bet ($3) returned to Fluoronerd
Fluoronerd collected $11.76 from pot
Fluoronerd: doesn't show hand
*** SUMMARY ***
Total pot $12 | Rake $0.24
Board [7s Ts Qd]
Seat 1: Fluoronerd (button) (small blind) collected ($11.76)
Seat 9: GoliafUa (big blind) folded on the Flop


