PokerStars Hand #164721670877:  Hold'em Limit ($3/$6 USD) - 2017/01/17 9:45:50 ET
Table 'Balios II' 6-max Seat #3 is the button
Seat 1: nord670 ($49.28 in chips)
Seat 3: NoVebra ($120 in chips)
NoVebra: posts small blind $1
nord670: posts big blind $3
*** HOLE CARDS ***
NoVebra: folds
Uncalled bet ($2) returned to nord670
nord670 collected $2 from pot
nord670: doesn't show hand
*** SUMMARY ***
Total pot $2 | Rake $0
Seat 1: nord670 (big blind) collected ($2)
Seat 3: NoVebra (button) (small blind) folded before Flop


PokerStars Hand #164721656494:  Hold'em Limit ($3/$6 USD) - 2017/01/17 9:45:29 ET
Table 'Balios II' 6-max Seat #1 is the button
Seat 1: nord670 ($43.52 in chips)
Seat 3: NoVebra ($120 in chips)
nord670: posts small blind $1
NoVebra: posts big blind $3
*** HOLE CARDS ***
nord670: raises $3 to $6
NoVebra: calls $3
*** FLOP *** [7d 2h Qh]
NoVebra: checks
nord670: bets $3
NoVebra: folds
Uncalled bet ($3) returned to nord670
nord670 collected $11.76 from pot
nord670: doesn't show hand
*** SUMMARY ***
Total pot $12 | Rake $0.24
Board [7d 2h Qh]
Seat 1: nord670 (button) (small blind) collected ($11.76)
Seat 3: NoVebra (big blind) folded on the Flop


PokerStars Hand #164721716004:  Hold'em Limit ($3/$6 USD) - 2017/01/17 9:46:57 ET
Table 'Balios II' 6-max Seat #3 is the button
Seat 1: nord670 ($71.44 in chips)
Seat 3: NoVebra ($120 in chips)
NoVebra: posts small blind $1
nord670: posts big blind $3
*** HOLE CARDS ***
NoVebra: raises $3 to $6
nord670: raises $3 to $9
NoVebra: calls $3
*** FLOP *** [Ks 9c 5s]
nord670: bets $3
NoVebra: calls $3
*** TURN *** [Ks 9c 5s] [5d]
nord670: bets $6
NoVebra: calls $6
*** RIVER *** [Ks 9c 5s 5d] [8h]
nord670: bets $6
NoVebra: calls $6
*** SHOW DOWN ***
nord670: shows [9h 9s] (a full house, Nines full of Fives)
NoVebra: mucks hand
nord670 collected $47.50 from pot
*** SUMMARY ***
Total pot $48 | Rake $0.50
Board [Ks 9c 5s 5d 8h]
Seat 1: nord670 (big blind) showed [9h 9s] and won ($47.50) with a full house, Nines full of Fives
Seat 3: NoVebra (button) (small blind) mucked


PokerStars Hand #164721700869:  Hold'em Limit ($3/$6 USD) - 2017/01/17 9:46:35 ET
Table 'Balios II' 6-max Seat #1 is the button
Seat 1: nord670 ($59.92 in chips)
Seat 3: NoVebra ($120 in chips)
nord670: posts small blind $1
NoVebra: posts big blind $3
*** HOLE CARDS ***
nord670: calls $2
NoVebra: checks
*** FLOP *** [Kh Jd 9c]
NoVebra: bets $3
nord670: calls $3
*** TURN *** [Kh Jd 9c] [Ac]
NoVebra: bets $6
nord670: raises $6 to $12
NoVebra: folds
Uncalled bet ($6) returned to nord670
nord670 collected $23.52 from pot
nord670: doesn't show hand
*** SUMMARY ***
Total pot $24 | Rake $0.48
Board [Kh Jd 9c Ac]
Seat 1: nord670 (button) (small blind) collected ($23.52)
Seat 3: NoVebra (big blind) folded on the Turn


PokerStars Hand #164721697241:  Hold'em Limit ($3/$6 USD) - 2017/01/17 9:46:29 ET
Table 'Balios II' 6-max Seat #3 is the button
Seat 1: nord670 ($58.92 in chips)
Seat 3: NoVebra ($120 in chips)
NoVebra: posts small blind $1
nord670: posts big blind $3
*** HOLE CARDS ***
NoVebra: folds
Uncalled bet ($2) returned to nord670
nord670 collected $2 from pot
nord670: doesn't show hand
*** SUMMARY ***
Total pot $2 | Rake $0
Seat 1: nord670 (big blind) collected ($2)
Seat 3: NoVebra (button) (small blind) folded before Flop


PokerStars Hand #164721674272:  Hold'em Limit ($3/$6 USD) - 2017/01/17 9:45:55 ET
Table 'Balios II' 6-max Seat #1 is the button
Seat 1: nord670 ($50.28 in chips)
Seat 3: NoVebra ($120 in chips)
nord670: posts small blind $1
NoVebra: posts big blind $3
*** HOLE CARDS ***
nord670: calls $2
NoVebra: checks
*** FLOP *** [4h Kh 9d]
NoVebra: checks
nord670: checks
*** TURN *** [4h Kh 9d] [Th]
NoVebra: bets $6
nord670: raises $6 to $12
NoVebra: folds
Uncalled bet ($6) returned to nord670
nord670 collected $17.64 from pot
nord670: doesn't show hand
*** SUMMARY ***
Total pot $18 | Rake $0.36
Board [4h Kh 9d Th]
Seat 1: nord670 (button) (small blind) collected ($17.64)
Seat 3: NoVebra (big blind) folded on the Turn


PokerStars Hand #164721758072:  Hold'em Limit ($3/$6 USD) - 2017/01/17 9:47:51 ET
Table 'Balios II' 6-max Seat #1 is the button
Seat 1: nord670 ($100.58 in chips)
Seat 3: NoVebra ($123 in chips)
nord670: posts small blind $1
NoVebra: posts big blind $3
*** HOLE CARDS ***
nord670: calls $2
NoVebra: raises $3 to $6
nord670: calls $3
*** FLOP *** [Kd 7s 9c]
NoVebra: bets $3
nord670: raises $3 to $6
NoVebra: folds
Uncalled bet ($3) returned to nord670
nord670 collected $17.64 from pot
nord670: doesn't show hand
*** SUMMARY ***
Total pot $18 | Rake $0.36
Board [Kd 7s 9c]
Seat 1: nord670 (button) (small blind) collected ($17.64)
Seat 3: NoVebra (big blind) folded on the Flop


PokerStars Hand #164721751584:  Hold'em Limit ($3/$6 USD) - 2017/01/17 9:47:41 ET
Table 'Balios II' 6-max Seat #3 is the button
Seat 1: nord670 ($103.58 in chips)
Seat 3: NoVebra ($120 in chips)
NoVebra: posts small blind $1
nord670: posts big blind $3
*** HOLE CARDS ***
NoVebra: raises $3 to $6
nord670: folds
Uncalled bet ($3) returned to NoVebra
NoVebra collected $6 from pot
NoVebra: doesn't show hand
*** SUMMARY ***
Total pot $6 | Rake $0
Seat 1: nord670 (big blind) folded before Flop
Seat 3: NoVebra (button) (small blind) collected ($6)


PokerStars Hand #164721734375:  Hold'em Limit ($3/$6 USD) - 2017/01/17 9:47:18 ET
Table 'Balios II' 6-max Seat #1 is the button
Seat 1: nord670 ($94.94 in chips)
Seat 3: NoVebra ($120 in chips)
nord670: posts small blind $1
NoVebra: posts big blind $3
*** HOLE CARDS ***
nord670: calls $2
NoVebra: checks
*** FLOP *** [Kd 3s 3d]
NoVebra: checks
nord670: checks
*** TURN *** [Kd 3s 3d] [Qs]
NoVebra: checks
nord670: bets $6
NoVebra: calls $6
*** RIVER *** [Kd 3s 3d Qs] [Tc]
NoVebra: checks
nord670: bets $6
NoVebra: folds
Uncalled bet ($6) returned to nord670
nord670 collected $17.64 from pot
nord670: doesn't show hand
*** SUMMARY ***
Total pot $18 | Rake $0.36
Board [Kd 3s 3d Qs Tc]
Seat 1: nord670 (button) (small blind) collected ($17.64)
Seat 3: NoVebra (big blind) folded on the River


PokerStars Hand #164721797884:  Hold'em Limit ($3/$6 USD) - 2017/01/17 9:48:49 ET
Table 'Balios II' 6-max Seat #3 is the button
Seat 3: NoVebra ($125.76 in chips)
Seat 4: a-all-in-l ($45 in chips)
NoVebra: posts small blind $1
a-all-in-l: posts big blind $3
*** HOLE CARDS ***
NoVebra: raises $3 to $6
a-all-in-l: calls $3
*** FLOP *** [Ks Kh 8d]
a-all-in-l: checks
NoVebra: bets $3
a-all-in-l: calls $3
*** TURN *** [Ks Kh 8d] [3h]
a-all-in-l: bets $6
NoVebra: calls $6
*** RIVER *** [Ks Kh 8d 3h] [Kc]
a-all-in-l: bets $6
NoVebra: calls $6
*** SHOW DOWN ***
a-all-in-l: shows [9h 3s] (a full house, Kings full of Threes)
NoVebra: mucks hand
a-all-in-l collected $41.50 from pot
*** SUMMARY ***
Total pot $42 | Rake $0.50
Board [Ks Kh 8d 3h Kc]
Seat 3: NoVebra (button) (small blind) mucked
Seat 4: a-all-in-l (big blind) showed [9h 3s] and won ($41.50) with a full house, Kings full of Threes


PokerStars Hand #164721790623:  Hold'em Limit ($3/$6 USD) - 2017/01/17 9:48:38 ET
Table 'Balios II' 6-max Seat #4 is the button
Seat 3: NoVebra ($120 in chips)
Seat 4: a-all-in-l ($51 in chips)
beng_51 joins the table at seat #5
a-all-in-l: posts small blind $1
NoVebra: posts big blind $3
*** HOLE CARDS ***
a-all-in-l: calls $2
NoVebra: raises $3 to $6
a-all-in-l: calls $3
*** FLOP *** [Qc 4s Ac]
NoVebra: bets $3
a-all-in-l: folds
Uncalled bet ($3) returned to NoVebra
NoVebra collected $11.76 from pot
NoVebra: doesn't show hand
*** SUMMARY ***
Total pot $12 | Rake $0.24
Board [Qc 4s Ac]
Seat 3: NoVebra (big blind) collected ($11.76)
Seat 4: a-all-in-l (button) (small blind) folded on the Flop


PokerStars Hand #164721784896:  Hold'em Limit ($3/$6 USD) - 2017/01/17 9:48:30 ET
Table 'Balios II' 6-max Seat #3 is the button
Seat 3: NoVebra ($120 in chips)
Seat 4: a-all-in-l ($50 in chips)
NoVebra: posts small blind $1
a-all-in-l: posts big blind $3
*** HOLE CARDS ***
NoVebra: folds
Uncalled bet ($2) returned to a-all-in-l
a-all-in-l collected $2 from pot
a-all-in-l: doesn't show hand
nord670 leaves the table
*** SUMMARY ***
Total pot $2 | Rake $0
Seat 3: NoVebra (button) (small blind) folded before Flop
Seat 4: a-all-in-l (big blind) collected ($2)


PokerStars Hand #164723066044:  Hold'em Limit ($3/$6 USD) - 2017/01/17 10:20:01 ET
Table 'Balios II' 6-max Seat #2 is the button
Seat 2: SONCKG ($193.73 in chips)
Seat 5: beng_51 ($103.97 in chips)
SONCKG: posts small blind $1
beng_51: posts big blind $3
*** HOLE CARDS ***
SONCKG: folds
Uncalled bet ($2) returned to beng_51
beng_51 collected $2 from pot
*** SUMMARY ***
Total pot $2 | Rake $0
Seat 2: SONCKG (button) (small blind) folded before Flop
Seat 5: beng_51 (big blind) collected ($2)


PokerStars Hand #164723048720:  Hold'em Limit ($3/$6 USD) - 2017/01/17 10:19:37 ET
Table 'Balios II' 6-max Seat #5 is the button
Seat 2: SONCKG ($202.73 in chips)
Seat 5: beng_51 ($95.33 in chips)
beng_51: posts small blind $1
SONCKG: posts big blind $3
*** HOLE CARDS ***
beng_51: raises $3 to $6
SONCKG: calls $3
*** FLOP *** [7h 4s Qd]
SONCKG: checks
beng_51: bets $3
SONCKG: calls $3
*** TURN *** [7h 4s Qd] [Js]
SONCKG: checks
beng_51: bets $6
SONCKG: folds
Uncalled bet ($6) returned to beng_51
beng_51 collected $17.64 from pot
*** SUMMARY ***
Total pot $18 | Rake $0.36
Board [7h 4s Qd Js]
Seat 2: SONCKG (big blind) folded on the Turn
Seat 5: beng_51 (button) (small blind) collected ($17.64)


PokerStars Hand #164723044691:  Hold'em Limit ($3/$6 USD) - 2017/01/17 10:19:31 ET
Table 'Balios II' 6-max Seat #2 is the button
Seat 2: SONCKG ($203.73 in chips)
Seat 5: beng_51 ($94.33 in chips)
SONCKG: posts small blind $1
beng_51: posts big blind $3
*** HOLE CARDS ***
SONCKG: folds
Uncalled bet ($2) returned to beng_51
beng_51 collected $2 from pot
*** SUMMARY ***
Total pot $2 | Rake $0
Seat 2: SONCKG (button) (small blind) folded before Flop
Seat 5: beng_51 (big blind) collected ($2)


PokerStars Hand #164723124047:  Hold'em Limit ($3/$6 USD) - 2017/01/17 10:21:08 ET
Table 'Balios II' 6-max Seat #2 is the button
Seat 1: DirtyDouble2 ($46.02 in chips)
Seat 2: SONCKG ($210.23 in chips)
SONCKG: posts small blind $1
beng_51: is sitting out
DirtyDouble2: posts big blind $3
*** HOLE CARDS ***
SONCKG: calls $2
beng_51 leaves the table
DirtyDouble2: checks
*** FLOP *** [9c 9s 7d]
DirtyDouble2: checks
SONCKG: checks
*** TURN *** [9c 9s 7d] [Kd]
DirtyDouble2: checks
SONCKG: bets $6
DirtyDouble2: folds
Uncalled bet ($6) returned to SONCKG
SONCKG collected $5.88 from pot
*** SUMMARY ***
Total pot $6 | Rake $0.12
Board [9c 9s 7d Kd]
Seat 1: DirtyDouble2 (big blind) folded on the Turn
Seat 2: SONCKG (button) (small blind) collected ($5.88)


PokerStars Hand #164723108359:  Hold'em Limit ($3/$6 USD) - 2017/01/17 10:20:46 ET
Table 'Balios II' 6-max Seat #2 is the button
Seat 2: SONCKG ($210.23 in chips)
Seat 5: beng_51 ($86.97 in chips)
SONCKG: posts small blind $1
beng_51: posts big blind $3
*** HOLE CARDS ***
SONCKG: folds
Uncalled bet ($2) returned to beng_51
beng_51 collected $2 from pot
*** SUMMARY ***
Total pot $2 | Rake $0
Seat 2: SONCKG (button) (small blind) folded before Flop
Seat 5: beng_51 (big blind) collected ($2)


PokerStars Hand #164723069960:  Hold'em Limit ($3/$6 USD) - 2017/01/17 10:20:06 ET
Table 'Balios II' 6-max Seat #5 is the button
Seat 2: SONCKG ($192.73 in chips)
Seat 5: beng_51 ($104.97 in chips)
beng_51: posts small blind $1
SONCKG: posts big blind $3
*** HOLE CARDS ***
beng_51: raises $3 to $6
SONCKG: calls $3
*** FLOP *** [Qd 2s Qc]
SONCKG: checks
beng_51: bets $3
SONCKG: raises $3 to $6
beng_51: calls $3
*** TURN *** [Qd 2s Qc] [4d]
SONCKG: bets $6
beng_51: calls $6
*** RIVER *** [Qd 2s Qc 4d] [9h]
SONCKG: bets $6
beng_51: folds
Uncalled bet ($6) returned to SONCKG
a-all-in-l leaves the table
SONCKG collected $35.50 from pot
*** SUMMARY ***
Total pot $36 | Rake $0.50
Board [Qd 2s Qc 4d 9h]
Seat 2: SONCKG (big blind) collected ($35.50)
Seat 5: beng_51 (button) (small blind) folded on the River


PokerStars Hand #164723158967:  Hold'em Limit ($3/$6 USD) - 2017/01/17 10:21:56 ET
Table 'Balios II' 6-max Seat #1 is the button
Seat 1: DirtyDouble2 ($62.52 in chips)
Seat 2: SONCKG ($193.11 in chips)
DirtyDouble2: posts small blind $1
SONCKG: posts big blind $3
*** HOLE CARDS ***
DirtyDouble2: raises $3 to $6
SONCKG: folds
Uncalled bet ($3) returned to DirtyDouble2
DirtyDouble2 collected $6 from pot
*** SUMMARY ***
Total pot $6 | Rake $0
Seat 1: DirtyDouble2 (button) (small blind) collected ($6)
Seat 2: SONCKG (big blind) folded before Flop


PokerStars Hand #164723140396:  Hold'em Limit ($3/$6 USD) - 2017/01/17 10:21:31 ET
Table 'Balios II' 6-max Seat #2 is the button
Seat 1: DirtyDouble2 ($42.02 in chips)
Seat 2: SONCKG ($214.11 in chips)
SONCKG: posts small blind $1
DirtyDouble2: posts big blind $3
*** HOLE CARDS ***
SONCKG: calls $2
Murrrr_@T joins the table at seat #3
DirtyDouble2: raises $3 to $6
SONCKG: calls $3
*** FLOP *** [7c 8d 8s]
DirtyDouble2: bets $3
SONCKG: calls $3
*** TURN *** [7c 8d 8s] [9s]
DirtyDouble2: bets $6
SONCKG: calls $6
*** RIVER *** [7c 8d 8s 9s] [5d]
DirtyDouble2: bets $6
SONCKG: calls $6
*** SHOW DOWN ***
DirtyDouble2: shows [2d 6d] (a straight, Five to Nine)
SONCKG: mucks hand
DirtyDouble2 collected $41.50 from pot
*** SUMMARY ***
Total pot $42 | Rake $0.50
Board [7c 8d 8s 9s 5d]
Seat 1: DirtyDouble2 (big blind) showed [2d 6d] and won ($41.50) with a straight, Five to Nine
Seat 2: SONCKG (button) (small blind) mucked


PokerStars Hand #164723136820:  Hold'em Limit ($3/$6 USD) - 2017/01/17 10:21:26 ET
Table 'Balios II' 6-max Seat #1 is the button
Seat 1: DirtyDouble2 ($43.02 in chips)
Seat 2: SONCKG ($213.11 in chips)
DirtyDouble2: posts small blind $1
SONCKG: posts big blind $3
*** HOLE CARDS ***
DirtyDouble2: folds
Uncalled bet ($2) returned to SONCKG
SONCKG collected $2 from pot
*** SUMMARY ***
Total pot $2 | Rake $0
Seat 1: DirtyDouble2 (button) (small blind) folded before Flop
Seat 2: SONCKG (big blind) collected ($2)


PokerStars Hand #164726520145:  Hold'em Limit ($3/$6 USD) - 2017/01/17 11:36:11 ET
Table 'Balios II' 6-max Seat #5 is the button
Seat 4: fsreibnitz ($154.28 in chips)
Seat 5: Great_Kang ($144.83 in chips)
Great_Kang: posts small blind $1
fsreibnitz: posts big blind $3
*** HOLE CARDS ***
DirtyDouble2 leaves the table
Great_Kang: raises $3 to $6
fsreibnitz: folds
Uncalled bet ($3) returned to Great_Kang
Great_Kang collected $6 from pot
Great_Kang: doesn't show hand
*** SUMMARY ***
Total pot $6 | Rake $0
Seat 4: fsreibnitz (big blind) folded before Flop
Seat 5: Great_Kang (button) (small blind) collected ($6)


