PokerStars Hand #156070186188:  Hold'em Limit ($3/$6 USD) - 2016/07/17 3:21:27 ET
Table 'Bali' 6-max Seat #6 is the button
Seat 4: Agrotait ($72 in chips)
Seat 6: MARIBORO8 ($48 in chips)
MARIBORO8: posts small blind $1
Agrotait: posts big blind $3
*** HOLE CARDS ***
MARIBORO8: raises $3 to $6
Agrotait: calls $3
*** FLOP *** [4h Ts 6d]
Agrotait: checks
MARIBORO8: bets $3
Agrotait: raises $3 to $6
MARIBORO8: calls $3
*** TURN *** [4h Ts 6d] [3d]
Agrotait: bets $6
MARIBORO8: calls $6
*** RIVER *** [4h Ts 6d 3d] [6c]
Agrotait: bets $6
MARIBORO8: calls $6
*** SHOW DOWN ***
Agrotait: shows [Td 7h] (two pair, Tens and Sixes)
MARIBORO8: mucks hand
Agrotait collected $47.50 from pot
*** SUMMARY ***
Total pot $48 | Rake $0.50
Board [4h Ts 6d 3d 6c]
Seat 4: Agrotait (big blind) showed [Td 7h] and won ($47.50) with two pair, Tens and Sixes
Seat 6: MARIBORO8 (button) (small blind) mucked


PokerStars Hand #156070203403:  Hold'em Limit ($3/$6 USD) - 2016/07/17 3:22:31 ET
Table 'Bali' 6-max Seat #6 is the button
Seat 4: Agrotait ($101.26 in chips)
Seat 6: MARIBORO8 ($18 in chips)
MARIBORO8: posts small blind $1
Agrotait: posts big blind $3
*** HOLE CARDS ***
MARIBORO8: raises $3 to $6
Agrotait: raises $3 to $9
MARIBORO8: calls $3
*** FLOP *** [Th Js 2s]
Agrotait: bets $3
MARIBORO8: calls $3
*** TURN *** [Th Js 2s] [Ts]
Agrotait: bets $6
MARIBORO8: calls $6 and is all-in
*** RIVER *** [Th Js 2s Ts] [8h]
*** SHOW DOWN ***
Agrotait: shows [Kd Kh] (two pair, Kings and Tens)
MARIBORO8: shows [7d Kc] (a pair of Tens)
Agrotait collected $35.50 from pot
*** SUMMARY ***
Total pot $36 | Rake $0.50
Board [Th Js 2s Ts 8h]
Seat 4: Agrotait (big blind) showed [Kd Kh] and won ($35.50) with two pair, Kings and Tens
Seat 6: MARIBORO8 (button) (small blind) showed [7d Kc] and lost with a pair of Tens


PokerStars Hand #156070193532:  Hold'em Limit ($3/$6 USD) - 2016/07/17 3:21:55 ET
Table 'Bali' 6-max Seat #4 is the button
Seat 4: Agrotait ($95.50 in chips)
Seat 6: MARIBORO8 ($24 in chips)
Agrotait: posts small blind $1
MARIBORO8: posts big blind $3
*** HOLE CARDS ***
Agrotait: raises $3 to $6
MARIBORO8: calls $3
*** FLOP *** [Ks 9s 5h]
MARIBORO8: checks
Agrotait: bets $3
MARIBORO8: folds
Uncalled bet ($3) returned to Agrotait
Agrotait collected $11.76 from pot
Agrotait: doesn't show hand
*** SUMMARY ***
Total pot $12 | Rake $0.24
Board [Ks 9s 5h]
Seat 4: Agrotait (button) (small blind) collected ($11.76)
Seat 6: MARIBORO8 (big blind) folded on the Flop


