PokerStars Hand #173323198102:  Hold'em Limit ($3/$6 USD) - 2017/07/21 13:19:12 ET
Table 'Bancilhon' 6-max Seat #4 is the button
Seat 4: uglyghost101 ($113.76 in chips)
Seat 5: GoliafUa ($125.52 in chips)
uglyghost101: posts small blind $1
GoliafUa: posts big blind $3
*** HOLE CARDS ***
uglyghost101: folds
Uncalled bet ($2) returned to GoliafUa
GoliafUa collected $2 from pot
GoliafUa: doesn't show hand
*** SUMMARY ***
Total pot $2 | Rake $0
Seat 4: uglyghost101 (button) (small blind) folded before Flop
Seat 5: GoliafUa (big blind) collected ($2)


PokerStars Hand #173323187515:  Hold'em Limit ($3/$6 USD) - 2017/07/21 13:18:57 ET
Table 'Bancilhon' 6-max Seat #5 is the button
Seat 4: uglyghost101 ($108 in chips)
Seat 5: GoliafUa ($131.52 in chips)
GoliafUa: posts small blind $1
uglyghost101: posts big blind $3
*** HOLE CARDS ***
GoliafUa: raises $3 to $6
uglyghost101: calls $3
*** FLOP *** [4h 4d Kc]
uglyghost101: bets $3
GoliafUa: folds
Uncalled bet ($3) returned to uglyghost101
uglyghost101 collected $11.76 from pot
uglyghost101: doesn't show hand
*** SUMMARY ***
Total pot $12 | Rake $0.24
Board [4h 4d Kc]
Seat 4: uglyghost101 (big blind) collected ($11.76)
Seat 5: GoliafUa (button) (small blind) folded on the Flop


PokerStars Hand #173323163438:  Hold'em Limit ($3/$6 USD) - 2017/07/21 13:18:21 ET
Table 'Bancilhon' 6-max Seat #4 is the button
Seat 4: uglyghost101 ($120 in chips)
Seat 5: GoliafUa ($120 in chips)
uglyghost101: posts small blind $1
GoliafUa: posts big blind $3
*** HOLE CARDS ***
uglyghost101: calls $2
GoliafUa: raises $3 to $6
uglyghost101: calls $3
*** FLOP *** [6d 2d 7h]
GoliafUa: checks
uglyghost101: bets $3
GoliafUa: raises $3 to $6
uglyghost101: calls $3
*** TURN *** [6d 2d 7h] [Ad]
GoliafUa: bets $6
uglyghost101: folds
Uncalled bet ($6) returned to GoliafUa
GoliafUa collected $23.52 from pot
GoliafUa: doesn't show hand
*** SUMMARY ***
Total pot $24 | Rake $0.48
Board [6d 2d 7h Ad]
Seat 4: uglyghost101 (button) (small blind) folded on the Turn
Seat 5: GoliafUa (big blind) collected ($23.52)


PokerStars Hand #173323208023:  Hold'em Limit ($3/$6 USD) - 2017/07/21 13:19:27 ET
Table 'Bancilhon' 6-max Seat #4 is the button
Seat 4: uglyghost101 ($113.76 in chips)
Seat 5: GoliafUa ($125.52 in chips)
uglyghost101: posts small blind $1
GoliafUa: posts big blind $3
*** HOLE CARDS ***
uglyghost101: raises $3 to $6
GoliafUa: calls $3
*** FLOP *** [9c Qc 6c]
GoliafUa: checks
uglyghost101: bets $3
GoliafUa: calls $3
*** TURN *** [9c Qc 6c] [Ac]
GoliafUa: checks
uglyghost101: checks
*** RIVER *** [9c Qc 6c Ac] [5d]
GoliafUa: bets $6
uglyghost101: folds
Uncalled bet ($6) returned to GoliafUa
GoliafUa collected $17.64 from pot
GoliafUa: doesn't show hand
*** SUMMARY ***
Total pot $18 | Rake $0.36
Board [9c Qc 6c Ac 5d]
Seat 4: uglyghost101 (button) (small blind) folded on the River
Seat 5: GoliafUa (big blind) collected ($17.64)


PokerStars Hand #173323231058:  Hold'em Limit ($3/$6 USD) - 2017/07/21 13:20:02 ET
Table 'Bancilhon' 6-max Seat #5 is the button
Seat 4: uglyghost101 ($104.76 in chips)
Seat 5: GoliafUa ($134.16 in chips)
GoliafUa: posts small blind $1
uglyghost101: posts big blind $3
*** HOLE CARDS ***
GoliafUa: raises $3 to $6
uglyghost101: calls $3
*** FLOP *** [Ts 3s 5s]
uglyghost101: checks
GoliafUa: bets $3
uglyghost101: calls $3
*** TURN *** [Ts 3s 5s] [5c]
uglyghost101: bets $6
GoliafUa: calls $6
*** RIVER *** [Ts 3s 5s 5c] [9h]
uglyghost101: bets $6
GoliafUa: calls $6
*** SHOW DOWN ***
uglyghost101: shows [5d 4d] (three of a kind, Fives)
GoliafUa: mucks hand
uglyghost101 collected $41.50 from pot
*** SUMMARY ***
Total pot $42 | Rake $0.50
Board [Ts 3s 5s 5c 9h]
Seat 4: uglyghost101 (big blind) showed [5d 4d] and won ($41.50) with three of a kind, Fives
Seat 5: GoliafUa (button) (small blind) mucked


PokerStars Hand #173323267316:  Hold'em Limit ($3/$6 USD) - 2017/07/21 13:20:56 ET
Table 'Bancilhon' 6-max Seat #4 is the button
Seat 4: uglyghost101 ($121.26 in chips)
Seat 5: GoliafUa ($117.16 in chips)
uglyghost101: posts small blind $1
GoliafUa: posts big blind $3
*** HOLE CARDS ***
uglyghost101: folds
Uncalled bet ($2) returned to GoliafUa
GoliafUa collected $2 from pot
GoliafUa: doesn't show hand
*** SUMMARY ***
Total pot $2 | Rake $0
Seat 4: uglyghost101 (button) (small blind) folded before Flop
Seat 5: GoliafUa (big blind) collected ($2)


PokerStars Hand #173323262292:  Hold'em Limit ($3/$6 USD) - 2017/07/21 13:20:49 ET
Table 'Bancilhon' 6-max Seat #5 is the button
Seat 4: uglyghost101 ($124.26 in chips)
Seat 5: GoliafUa ($114.16 in chips)
GoliafUa: posts small blind $1
uglyghost101: posts big blind $3
*** HOLE CARDS ***
GoliafUa: raises $3 to $6
uglyghost101: folds
Uncalled bet ($3) returned to GoliafUa
GoliafUa collected $6 from pot
GoliafUa: doesn't show hand
*** SUMMARY ***
Total pot $6 | Rake $0
Seat 4: uglyghost101 (big blind) folded before Flop
Seat 5: GoliafUa (button) (small blind) collected ($6)


PokerStars Hand #173323256482:  Hold'em Limit ($3/$6 USD) - 2017/07/21 13:20:40 ET
Table 'Bancilhon' 6-max Seat #4 is the button
Seat 4: uglyghost101 ($125.26 in chips)
Seat 5: GoliafUa ($113.16 in chips)
uglyghost101: posts small blind $1
GoliafUa: posts big blind $3
*** HOLE CARDS ***
uglyghost101: folds
Uncalled bet ($2) returned to GoliafUa
GoliafUa collected $2 from pot
GoliafUa: doesn't show hand
*** SUMMARY ***
Total pot $2 | Rake $0
Seat 4: uglyghost101 (button) (small blind) folded before Flop
Seat 5: GoliafUa (big blind) collected ($2)


PokerStars Hand #173323290084:  Hold'em Limit ($3/$6 USD) - 2017/07/21 13:21:31 ET
Table 'Bancilhon' 6-max Seat #4 is the button
Seat 4: uglyghost101 ($111.26 in chips)
Seat 5: GoliafUa ($126.80 in chips)
uglyghost101: posts small blind $1
GoliafUa: posts big blind $3
*** HOLE CARDS ***
uglyghost101: folds
Uncalled bet ($2) returned to GoliafUa
GoliafUa collected $2 from pot
GoliafUa: doesn't show hand
*** SUMMARY ***
Total pot $2 | Rake $0
Seat 4: uglyghost101 (button) (small blind) folded before Flop
Seat 5: GoliafUa (big blind) collected ($2)


PokerStars Hand #173323272289:  Hold'em Limit ($3/$6 USD) - 2017/07/21 13:21:04 ET
Table 'Bancilhon' 6-max Seat #5 is the button
Seat 4: uglyghost101 ($120.26 in chips)
Seat 5: GoliafUa ($118.16 in chips)
GoliafUa: posts small blind $1
uglyghost101: posts big blind $3
*** HOLE CARDS ***
GoliafUa: raises $3 to $6
SALZHERZ joins the table at seat #6
uglyghost101: calls $3
*** FLOP *** [As 9h 6d]
uglyghost101: bets $3
GoliafUa: calls $3
*** TURN *** [As 9h 6d] [Ah]
uglyghost101: checks
GoliafUa: bets $6
uglyghost101: folds
Uncalled bet ($6) returned to GoliafUa
GoliafUa collected $17.64 from pot
GoliafUa: doesn't show hand
*** SUMMARY ***
Total pot $18 | Rake $0.36
Board [As 9h 6d Ah]
Seat 4: uglyghost101 (big blind) folded on the Turn
Seat 5: GoliafUa (button) (small blind) collected ($17.64)


PokerStars Hand #173323386285:  Hold'em Limit ($3/$6 USD) - 2017/07/21 13:23:53 ET
Table 'Bancilhon' 6-max Seat #6 is the button
Seat 4: uglyghost101 ($90.26 in chips)
Seat 6: SALZHERZ ($129.53 in chips)
SALZHERZ: posts small blind $1
rascal_319: is sitting out
uglyghost101: posts big blind $3
*** HOLE CARDS ***
SALZHERZ: folds
Uncalled bet ($2) returned to uglyghost101
uglyghost101 collected $2 from pot
uglyghost101: doesn't show hand
*** SUMMARY ***
Total pot $2 | Rake $0
Seat 4: uglyghost101 (big blind) collected ($2)
Seat 6: SALZHERZ (button) (small blind) folded before Flop


PokerStars Hand #173323389803:  Hold'em Limit ($3/$6 USD) - 2017/07/21 13:23:59 ET
Table 'Bancilhon' 6-max Seat #4 is the button
Seat 4: uglyghost101 ($91.26 in chips)
Seat 6: SALZHERZ ($128.53 in chips)
uglyghost101: posts small blind $1
SALZHERZ: posts big blind $3
*** HOLE CARDS ***
uglyghost101: raises $3 to $6
SALZHERZ: calls $3
*** FLOP *** [Js 5h 7s]
SALZHERZ: checks
uglyghost101: bets $3
SALZHERZ: calls $3
*** TURN *** [Js 5h 7s] [6d]
zsomz joins the table at seat #2
SALZHERZ: checks
uglyghost101: checks
*** RIVER *** [Js 5h 7s 6d] [2s]
SALZHERZ: checks
uglyghost101: checks
*** SHOW DOWN ***
SALZHERZ: shows [Td 7h] (a pair of Sevens)
uglyghost101: mucks hand
SALZHERZ collected $17.64 from pot
*** SUMMARY ***
Total pot $18 | Rake $0.36
Board [Js 5h 7s 6d 2s]
Seat 4: uglyghost101 (button) (small blind) mucked
Seat 6: SALZHERZ (big blind) showed [Td 7h] and won ($17.64) with a pair of Sevens


PokerStars Hand #173323589428:  Hold'em Limit ($3/$6 USD) - 2017/07/21 13:28:50 ET
Table 'Bancilhon' 6-max Seat #2 is the button
Seat 2: zsomz ($131.45 in chips)
Seat 4: uglyghost101 ($130.91 in chips)
zsomz: posts small blind $1
uglyghost101: posts big blind $3
*** HOLE CARDS ***
zsomz: raises $3 to $6
NewRocker joins the table at seat #5
uglyghost101: calls $3
*** FLOP *** [9h 9d 4h]
uglyghost101: checks
zsomz: bets $3
uglyghost101: calls $3
*** TURN *** [9h 9d 4h] [Jd]
uglyghost101: checks
zsomz: checks
*** RIVER *** [9h 9d 4h Jd] [2s]
uglyghost101: bets $6
zsomz: calls $6
*** SHOW DOWN ***
uglyghost101: shows [Ks Kh] (two pair, Kings and Nines)
zsomz: mucks hand
uglyghost101 collected $29.50 from pot
*** SUMMARY ***
Total pot $30 | Rake $0.50
Board [9h 9d 4h Jd 2s]
Seat 2: zsomz (button) (small blind) mucked
Seat 4: uglyghost101 (big blind) showed [Ks Kh] and won ($29.50) with two pair, Kings and Nines


PokerStars Hand #173323569802:  Hold'em Limit ($3/$6 USD) - 2017/07/21 13:28:21 ET
Table 'Bancilhon' 6-max Seat #4 is the button
Seat 2: zsomz ($158.45 in chips)
Seat 4: uglyghost101 ($104.41 in chips)
uglyghost101: posts small blind $1
SALZHERZ: is sitting out
zsomz: posts big blind $3
*** HOLE CARDS ***
SALZHERZ leaves the table
uglyghost101: raises $3 to $6
zsomz: calls $3
*** FLOP *** [3h 9c Ks]
zsomz: checks
uglyghost101: bets $3
zsomz: calls $3
*** TURN *** [3h 9c Ks] [Qd]
zsomz: checks
uglyghost101: bets $6
zsomz: raises $6 to $12
uglyghost101: calls $6
*** RIVER *** [3h 9c Ks Qd] [3c]
zsomz: bets $6
uglyghost101: calls $6
*** SHOW DOWN ***
zsomz: shows [Qc 7h] (two pair, Queens and Threes)
uglyghost101: shows [Kc 5c] (two pair, Kings and Threes)
uglyghost101 collected $53.50 from pot
*** SUMMARY ***
Total pot $54 | Rake $0.50
Board [3h 9c Ks Qd 3c]
Seat 2: zsomz (big blind) showed [Qc 7h] and lost with two pair, Queens and Threes
Seat 4: uglyghost101 (button) (small blind) showed [Kc 5c] and won ($53.50) with two pair, Kings and Threes


PokerStars Hand #173323638027:  Hold'em Limit ($3/$6 USD) - 2017/07/21 13:30:02 ET
Table 'Bancilhon' 6-max Seat #2 is the button
Seat 2: zsomz ($117.06 in chips)
Seat 5: NewRocker ($119.64 in chips)
zsomz: posts small blind $1
NewRocker: posts big blind $3
*** HOLE CARDS ***
zsomz: folds
Uncalled bet ($2) returned to NewRocker
NewRocker collected $2 from pot
NewRocker: doesn't show hand
*** SUMMARY ***
Total pot $2 | Rake $0
Seat 2: zsomz (button) (small blind) folded before Flop
Seat 5: NewRocker (big blind) collected ($2)


PokerStars Hand #173325801132:  Hold'em Limit ($3/$6 USD) - 2017/07/21 14:24:05 ET
Table 'Bancilhon' 6-max Seat #1 is the button
Seat 1: Titanic001 ($120 in chips)
Seat 2: Whatze Phuck ($77 in chips)
rascal_319 joins the table at seat #3
Titanic001: posts small blind $1
Whatze Phuck: posts big blind $3
*** HOLE CARDS ***
Titanic001: raises $3 to $6
Whatze Phuck: calls $3
*** FLOP *** [6s Ts 5h]
Whatze Phuck: checks
Titanic001: bets $3
Whatze Phuck: calls $3
*** TURN *** [6s Ts 5h] [Ks]
Whatze Phuck: checks
Titanic001: bets $6
Whatze Phuck: calls $6
*** RIVER *** [6s Ts 5h Ks] [Jd]
Whatze Phuck: checks
Titanic001: checks
*** SHOW DOWN ***
Whatze Phuck: shows [8h As] (high card Ace)
Titanic001: shows [Ah 6c] (a pair of Sixes)
Titanic001 collected $29.50 from pot
*** SUMMARY ***
Total pot $30 | Rake $0.50
Board [6s Ts 5h Ks Jd]
Seat 1: Titanic001 (button) (small blind) showed [Ah 6c] and won ($29.50) with a pair of Sixes
Seat 2: Whatze Phuck (big blind) showed [8h As] and lost with high card Ace


PokerStars Hand #173325953318:  Hold'em Limit ($3/$6 USD) - 2017/07/21 14:27:34 ET
Table 'Bancilhon' 6-max Seat #1 is the button
Seat 1: Titanic001 ($132.94 in chips)
Seat 3: rascal_319 ($38 in chips)
Titanic001: posts small blind $1
Whatze Phuck: is sitting out
rascal_319: posts big blind $3
*** HOLE CARDS ***
Titanic001: raises $3 to $6
rascal_319: folds
Uncalled bet ($3) returned to Titanic001
Titanic001 collected $6 from pot
*** SUMMARY ***
Total pot $6 | Rake $0
Seat 1: Titanic001 (button) (small blind) collected ($6)
Seat 3: rascal_319 (big blind) folded before Flop


PokerStars Hand #173325958613:  Hold'em Limit ($3/$6 USD) - 2017/07/21 14:27:42 ET
Table 'Bancilhon' 6-max Seat #3 is the button
Seat 1: Titanic001 ($135.94 in chips)
Seat 3: rascal_319 ($35 in chips)
rascal_319: posts small blind $1
Titanic001: posts big blind $3
*** HOLE CARDS ***
rascal_319: raises $3 to $6
Titanic001: calls $3
*** FLOP *** [Qs Ts 9h]
Titanic001: checks
rascal_319: checks
*** TURN *** [Qs Ts 9h] [6c]
Titanic001: checks
rascal_319: checks
*** RIVER *** [Qs Ts 9h 6c] [9c]
Titanic001: checks
rascal_319: bets $6
Titanic001: folds
Uncalled bet ($6) returned to rascal_319
rascal_319 collected $11.76 from pot
rascal_319: doesn't show hand
*** SUMMARY ***
Total pot $12 | Rake $0.24
Board [Qs Ts 9h 6c 9c]
Seat 1: Titanic001 (big blind) folded on the River
Seat 3: rascal_319 (button) (small blind) collected ($11.76)


PokerStars Hand #173326044438:  Hold'em Limit ($3/$6 USD) - 2017/07/21 14:29:48 ET
Table 'Bancilhon' 6-max Seat #3 is the button
Seat 1: Titanic001 ($98.94 in chips)
Seat 3: rascal_319 ($67.29 in chips)
rascal_319: posts small blind $1
Titanic001: posts big blind $3
*** HOLE CARDS ***
rascal_319: folds
Uncalled bet ($2) returned to Titanic001
Titanic001 collected $2 from pot
*** SUMMARY ***
Total pot $2 | Rake $0
Seat 1: Titanic001 (big blind) collected ($2)
Seat 3: rascal_319 (button) (small blind) folded before Flop


PokerStars Hand #173326038757:  Hold'em Limit ($3/$6 USD) - 2017/07/21 14:29:40 ET
Table 'Bancilhon' 6-max Seat #1 is the button
Seat 1: Titanic001 ($99.94 in chips)
Seat 3: rascal_319 ($66.29 in chips)
Titanic001: posts small blind $1
Whatze Phuck: is sitting out
rascal_319: posts big blind $3
*** HOLE CARDS ***
Titanic001: folds
Uncalled bet ($2) returned to rascal_319
rascal_319 collected $2 from pot
rascal_319: doesn't show hand
*** SUMMARY ***
Total pot $2 | Rake $0
Seat 1: Titanic001 (button) (small blind) folded before Flop
Seat 3: rascal_319 (big blind) collected ($2)


PokerStars Hand #173326576057:  Hold'em Limit ($3/$6 USD) - 2017/07/21 14:42:30 ET
Table 'Bancilhon' 6-max Seat #1 is the button
Seat 1: Titanic001 ($196.50 in chips)
Seat 3: rascal_319 ($146.06 in chips)
Titanic001: posts small blind $1
Whatze Phuck: is sitting out
rascal_319: posts big blind $3
*** HOLE CARDS ***
Titanic001: raises $3 to $6
rascal_319: calls $3
*** FLOP *** [Qh 3d 9c]
rascal_319: checks
Titanic001: checks
*** TURN *** [Qh 3d 9c] [7h]
rascal_319: bets $6
Titanic001: calls $6
*** RIVER *** [Qh 3d 9c 7h] [7c]
rascal_319: bets $6
Titanic001: folds
Uncalled bet ($6) returned to rascal_319
rascal_319 collected $23.52 from pot
rascal_319: doesn't show hand
*** SUMMARY ***
Total pot $24 | Rake $0.48
Board [Qh 3d 9c 7h 7c]
Seat 1: Titanic001 (button) (small blind) folded on the River
Seat 3: rascal_319 (big blind) collected ($23.52)


PokerStars Hand #173326593241:  Hold'em Limit ($3/$6 USD) - 2017/07/21 14:42:54 ET
Table 'Bancilhon' 6-max Seat #3 is the button
Seat 1: Titanic001 ($184.50 in chips)
Seat 3: rascal_319 ($157.58 in chips)
rascal_319: posts small blind $1
Titanic001: posts big blind $3
*** HOLE CARDS ***
rascal_319: folds
Uncalled bet ($2) returned to Titanic001
Titanic001 collected $2 from pot
*** SUMMARY ***
Total pot $2 | Rake $0
Seat 1: Titanic001 (big blind) collected ($2)
Seat 3: rascal_319 (button) (small blind) folded before Flop


PokerStars Hand #173326613502:  Hold'em Limit ($3/$6 USD) - 2017/07/21 14:43:23 ET
Table 'Bancilhon' 6-max Seat #2 is the button
Seat 1: Titanic001 ($182.50 in chips)
Seat 2: Whatze Phuck ($79.82 in chips)
Whatze Phuck: posts small blind $1
Titanic001: posts big blind $3
*** HOLE CARDS ***
Whatze Phuck: raises $3 to $6
Titanic001: calls $3
*** FLOP *** [Tc 4c 9h]
Titanic001: checks
Whatze Phuck: bets $3
Titanic001: raises $3 to $6
Krazy90 joins the table at seat #3
Whatze Phuck: calls $3
*** TURN *** [Tc 4c 9h] [8c]
Titanic001: bets $6
Whatze Phuck: calls $6
*** RIVER *** [Tc 4c 9h 8c] [As]
Titanic001: checks
Whatze Phuck: bets $6
Titanic001: calls $6
*** SHOW DOWN ***
Whatze Phuck: shows [Jc Ad] (a pair of Aces)
Titanic001: mucks hand
Whatze Phuck collected $47.50 from pot
*** SUMMARY ***
Total pot $48 | Rake $0.50
Board [Tc 4c 9h 8c As]
Seat 1: Titanic001 (big blind) mucked
Seat 2: Whatze Phuck (button) (small blind) showed [Jc Ad] and won ($47.50) with a pair of Aces


PokerStars Hand #173326642317:  Hold'em Limit ($3/$6 USD) - 2017/07/21 14:44:04 ET
Table 'Bancilhon' 6-max Seat #1 is the button
Seat 1: Titanic001 ($158.50 in chips)
Seat 2: Whatze Phuck ($103.32 in chips)
Titanic001: posts small blind $1
Whatze Phuck: posts big blind $3
*** HOLE CARDS ***
Titanic001: raises $3 to $6
Whatze Phuck: folds
Uncalled bet ($3) returned to Titanic001
Titanic001 collected $6 from pot
*** SUMMARY ***
Total pot $6 | Rake $0
Seat 1: Titanic001 (button) (small blind) collected ($6)
Seat 2: Whatze Phuck (big blind) folded before Flop


PokerStars Hand #173326661954:  Hold'em Limit ($3/$6 USD) - 2017/07/21 14:44:32 ET
Table 'Bancilhon' 6-max Seat #1 is the button
Seat 1: Titanic001 ($162.50 in chips)
Seat 3: Krazy90 ($120 in chips)
jabmus will be allowed to play after the button
Titanic001: posts small blind $1
Whatze Phuck: is sitting out
Krazy90: posts big blind $3
*** HOLE CARDS ***
Titanic001: raises $3 to $6
Krazy90: calls $3
*** FLOP *** [Qc 9c 3s]
Krazy90: checks
Titanic001: bets $3
Krazy90: folds
Uncalled bet ($3) returned to Titanic001
Titanic001 collected $11.76 from pot
*** SUMMARY ***
Total pot $12 | Rake $0.24
Board [Qc 9c 3s]
Seat 1: Titanic001 (button) (small blind) collected ($11.76)
Seat 3: Krazy90 (big blind) folded on the Flop


PokerStars Hand #173326745670:  Hold'em Limit ($3/$6 USD) - 2017/07/21 14:46:31 ET
Table 'Bancilhon' 6-max Seat #1 is the button
Seat 1: Titanic001 ($163.02 in chips)
Seat 3: Krazy90 ($158.41 in chips)
Titanic001: posts small blind $1
Krazy90: posts big blind $3
*** HOLE CARDS ***
Titanic001: raises $3 to $6
Krazy90: folds
Uncalled bet ($3) returned to Titanic001
Titanic001 collected $6 from pot
*** SUMMARY ***
Total pot $6 | Rake $0
Seat 1: Titanic001 (button) (small blind) collected ($6)
Seat 3: Krazy90 (big blind) folded before Flop


PokerStars Hand #173326724787:  Hold'em Limit ($3/$6 USD) - 2017/07/21 14:46:01 ET
Table 'Bancilhon' 6-max Seat #3 is the button
Seat 1: Titanic001 ($155.26 in chips)
Seat 3: Krazy90 ($166.41 in chips)
Krazy90: posts small blind $1
jabmus leaves the table
Titanic001: posts big blind $3
*** HOLE CARDS ***
Krazy90: folds
Uncalled bet ($2) returned to Titanic001
Titanic001 collected $2 from pot
*** SUMMARY ***
Total pot $2 | Rake $0
Seat 1: Titanic001 (big blind) collected ($2)
Seat 3: Krazy90 (button) (small blind) folded before Flop


PokerStars Hand #173326719509:  Hold'em Limit ($3/$6 USD) - 2017/07/21 14:45:54 ET
Table 'Bancilhon' 6-max Seat #1 is the button
Seat 1: Titanic001 ($156.26 in chips)
Seat 3: Krazy90 ($165.41 in chips)
Titanic001: posts small blind $1
Krazy90: posts big blind $3
*** HOLE CARDS ***
Titanic001: folds
Uncalled bet ($2) returned to Krazy90
Krazy90 collected $2 from pot
Krazy90: doesn't show hand
*** SUMMARY ***
Total pot $2 | Rake $0
Seat 1: Titanic001 (button) (small blind) folded before Flop
Seat 3: Krazy90 (big blind) collected ($2)


PokerStars Hand #173326728523:  Hold'em Limit ($3/$6 USD) - 2017/07/21 14:46:07 ET
Table 'Bancilhon' 6-max Seat #1 is the button
Seat 1: Titanic001 ($156.26 in chips)
Seat 3: Krazy90 ($165.41 in chips)
Titanic001: posts small blind $1
Krazy90: posts big blind $3
*** HOLE CARDS ***
Titanic001: raises $3 to $6
Krazy90: calls $3
*** FLOP *** [7s 2d 3h]
Krazy90: checks
Titanic001: bets $3
Krazy90: folds
Uncalled bet ($3) returned to Titanic001
Titanic001 collected $11.76 from pot
*** SUMMARY ***
Total pot $12 | Rake $0.24
Board [7s 2d 3h]
Seat 1: Titanic001 (button) (small blind) collected ($11.76)
Seat 3: Krazy90 (big blind) folded on the Flop


PokerStars Hand #173326740555:  Hold'em Limit ($3/$6 USD) - 2017/07/21 14:46:24 ET
Table 'Bancilhon' 6-max Seat #3 is the button
Seat 1: Titanic001 ($162.02 in chips)
Seat 3: Krazy90 ($159.41 in chips)
Krazy90: posts small blind $1
Titanic001: posts big blind $3
*** HOLE CARDS ***
Krazy90: folds
Uncalled bet ($2) returned to Titanic001
Titanic001 collected $2 from pot
*** SUMMARY ***
Total pot $2 | Rake $0
Seat 1: Titanic001 (big blind) collected ($2)
Seat 3: Krazy90 (button) (small blind) folded before Flop


PokerStars Hand #173326752321:  Hold'em Limit ($3/$6 USD) - 2017/07/21 14:46:41 ET
Table 'Bancilhon' 6-max Seat #3 is the button
Seat 1: Titanic001 ($166.02 in chips)
Seat 3: Krazy90 ($155.41 in chips)
Krazy90: posts small blind $1
Titanic001: posts big blind $3
*** HOLE CARDS ***
Krazy90: calls $2
Titanic001: checks
*** FLOP *** [Kd Ah 6c]
Titanic001: checks
Krazy90: bets $3
Titanic001: folds
Uncalled bet ($3) returned to Krazy90
Krazy90 collected $5.88 from pot
Krazy90: doesn't show hand
*** SUMMARY ***
Total pot $6 | Rake $0.12
Board [Kd Ah 6c]
Seat 1: Titanic001 (big blind) folded on the Flop
Seat 3: Krazy90 (button) (small blind) collected ($5.88)


PokerStars Hand #173326765697:  Hold'em Limit ($3/$6 USD) - 2017/07/21 14:47:00 ET
Table 'Bancilhon' 6-max Seat #1 is the button
Seat 1: Titanic001 ($163.02 in chips)
Seat 3: Krazy90 ($158.29 in chips)
Titanic001: posts small blind $1
Krazy90: posts big blind $3
*** HOLE CARDS ***
Titanic001: raises $3 to $6
Krazy90: calls $3
*** FLOP *** [4s Jc 3d]
Krazy90: checks
Titanic001: bets $3
Krazy90: folds
Uncalled bet ($3) returned to Titanic001
Titanic001 collected $11.76 from pot
*** SUMMARY ***
Total pot $12 | Rake $0.24
Board [4s Jc 3d]
Seat 1: Titanic001 (button) (small blind) collected ($11.76)
Seat 3: Krazy90 (big blind) folded on the Flop


PokerStars Hand #173326776063:  Hold'em Limit ($3/$6 USD) - 2017/07/21 14:47:15 ET
Table 'Bancilhon' 6-max Seat #3 is the button
Seat 1: Titanic001 ($168.78 in chips)
Seat 3: Krazy90 ($152.29 in chips)
Krazy90: posts small blind $1
Titanic001: posts big blind $3
*** HOLE CARDS ***
Krazy90: raises $3 to $6
Titanic001: raises $3 to $9
Krazy90: raises $3 to $12
Betting is capped
Titanic001: calls $3
*** FLOP *** [Jh Ad 9h]
Titanic001: checks
Krazy90: checks
*** TURN *** [Jh Ad 9h] [8c]
Titanic001: bets $6
Krazy90: calls $6
*** RIVER *** [Jh Ad 9h 8c] [2d]
Titanic001: bets $6
Krazy90: calls $6
*** SHOW DOWN ***
Titanic001: shows [3d Ah] (a pair of Aces)
Krazy90: mucks hand
Titanic001 collected $47.50 from pot
*** SUMMARY ***
Total pot $48 | Rake $0.50
Board [Jh Ad 9h 8c 2d]
Seat 1: Titanic001 (big blind) showed [3d Ah] and won ($47.50) with a pair of Aces
Seat 3: Krazy90 (button) (small blind) mucked


PokerStars Hand #173326815461:  Hold'em Limit ($3/$6 USD) - 2017/07/21 14:48:11 ET
Table 'Bancilhon' 6-max Seat #3 is the button
Seat 1: Titanic001 ($162.28 in chips)
Seat 3: Krazy90 ($157.79 in chips)
Krazy90: posts small blind $1
Titanic001: posts big blind $3
*** HOLE CARDS ***
Krazy90: raises $3 to $6
Titanic001: calls $3
*** FLOP *** [7s 9d 8d]
Titanic001: checks
Krazy90: bets $3
Titanic001: calls $3
*** TURN *** [7s 9d 8d] [8s]
Titanic001: checks
Krazy90: bets $6
Titanic001: raises $6 to $12
Krazy90: calls $6
*** RIVER *** [7s 9d 8d 8s] [8c]
Titanic001: bets $6
Krazy90: calls $6
*** SHOW DOWN ***
Titanic001: shows [3s Ts] (three of a kind, Eights)
Krazy90: shows [Ks 9s] (a full house, Eights full of Nines)
Krazy90 collected $53.50 from pot
*** SUMMARY ***
Total pot $54 | Rake $0.50
Board [7s 9d 8d 8s 8c]
Seat 1: Titanic001 (big blind) showed [3s Ts] and lost with three of a kind, Eights
Seat 3: Krazy90 (button) (small blind) showed [Ks 9s] and won ($53.50) with a full house, Eights full of Nines


PokerStars Hand #173326796755:  Hold'em Limit ($3/$6 USD) - 2017/07/21 14:47:44 ET
Table 'Bancilhon' 6-max Seat #1 is the button
Seat 1: Titanic001 ($192.28 in chips)
Seat 3: Krazy90 ($128.29 in chips)
Titanic001: posts small blind $1
Krazy90: posts big blind $3
*** HOLE CARDS ***
Titanic001: raises $3 to $6
Krazy90: raises $3 to $9
Titanic001: raises $3 to $12
Betting is capped
Krazy90: calls $3
*** FLOP *** [9c Jh 4h]
Krazy90: checks
Titanic001: bets $3
Krazy90: raises $3 to $6
Titanic001: calls $3
*** TURN *** [9c Jh 4h] [Js]
Krazy90: bets $6
Titanic001: raises $6 to $12
Krazy90: raises $6 to $18
Titanic001: folds
Uncalled bet ($6) returned to Krazy90
Krazy90 collected $59.50 from pot
Krazy90: doesn't show hand
*** SUMMARY ***
Total pot $60 | Rake $0.50
Board [9c Jh 4h Js]
Seat 1: Titanic001 (button) (small blind) folded on the Turn
Seat 3: Krazy90 (big blind) collected ($59.50)


