PokerStars Hand #169024565544:  Hold'em Limit ($3/$6 USD) - 2017/04/14 9:56:18 ET
Table 'Bandusia' 10-max Seat #7 is the button
Seat 7: LifeisagameX ($105.71 in chips)
Seat 8: Ale4o ($118 in chips)
LifeisagameX: posts small blind $1
Ale4o: posts big blind $3
*** HOLE CARDS ***
LifeisagameX: raises $3 to $6
Ale4o: calls $3
*** FLOP *** [3d 9s Jh]
Ale4o: checks
LifeisagameX: bets $3
Ale4o: raises $3 to $6
LifeisagameX: calls $3
*** TURN *** [3d 9s Jh] [9d]
Ale4o: bets $6
LifeisagameX: calls $6
*** RIVER *** [3d 9s Jh 9d] [2s]
Ale4o: bets $6
LifeisagameX: calls $6
*** SHOW DOWN ***
Ale4o: shows [Jc 7h] (two pair, Jacks and Nines)
LifeisagameX: shows [Jd Qc] (two pair, Jacks and Nines - Queen kicker)
LifeisagameX collected $47.50 from pot
*** SUMMARY ***
Total pot $48 | Rake $0.50
Board [3d 9s Jh 9d 2s]
Seat 7: LifeisagameX (button) (small blind) showed [Jd Qc] and won ($47.50) with two pair, Jacks and Nines
Seat 8: Ale4o (big blind) showed [Jc 7h] and lost with two pair, Jacks and Nines


PokerStars Hand #169024560365:  Hold'em Limit ($3/$6 USD) - 2017/04/14 9:56:09 ET
Table 'Bandusia' 10-max Seat #8 is the button
Seat 7: LifeisagameX ($104.71 in chips)
Seat 8: Ale4o ($119 in chips)
Ale4o: posts small blind $1
efygah leaves the table
LifeisagameX: posts big blind $3
*** HOLE CARDS ***
Ale4o: folds
Uncalled bet ($2) returned to LifeisagameX
LifeisagameX collected $2 from pot
LifeisagameX: doesn't show hand
*** SUMMARY ***
Total pot $2 | Rake $0
Seat 7: LifeisagameX (big blind) collected ($2)
Seat 8: Ale4o (button) (small blind) folded before Flop


PokerStars Hand #169024586411:  Hold'em Limit ($3/$6 USD) - 2017/04/14 9:56:56 ET
Table 'Bandusia' 10-max Seat #8 is the button
Seat 7: LifeisagameX ($129.21 in chips)
Seat 8: Ale4o ($94 in chips)
Ale4o: posts small blind $1
LifeisagameX: posts big blind $3
*** HOLE CARDS ***
Ale4o: raises $3 to $6
LifeisagameX: raises $3 to $9
Ale4o: calls $3
*** FLOP *** [Jc Kh 2h]
LifeisagameX: bets $3
Ale4o: calls $3
*** TURN *** [Jc Kh 2h] [Ac]
LifeisagameX: checks
Ale4o: checks
*** RIVER *** [Jc Kh 2h Ac] [8c]
LifeisagameX: bets $6
Ale4o: folds
Uncalled bet ($6) returned to LifeisagameX
LifeisagameX collected $23.52 from pot
LifeisagameX: doesn't show hand
*** SUMMARY ***
Total pot $24 | Rake $0.48
Board [Jc Kh 2h Ac 8c]
Seat 7: LifeisagameX (big blind) collected ($23.52)
Seat 8: Ale4o (button) (small blind) folded on the River


