PokerStars Hand #176559000072:  Hold'em Limit ($3/$6 USD) - 2017/10/06 8:50:35 ET
Table 'Bandusia' 6-max Seat #4 is the button
Seat 4: Agrotait ($57.88 in chips)
Seat 6: igorkabmw ($55.52 in chips)
Agrotait: posts small blind $1
igorkabmw: posts big blind $3
*** HOLE CARDS ***
Agrotait: raises $3 to $6
igorkabmw: folds
Uncalled bet ($3) returned to Agrotait
Agrotait collected $6 from pot
Agrotait: doesn't show hand
*** SUMMARY ***
Total pot $6 | Rake $0
Seat 4: Agrotait (button) (small blind) collected ($6)
Seat 6: igorkabmw (big blind) folded before Flop


PokerStars Hand #176558997721:  Hold'em Limit ($3/$6 USD) - 2017/10/06 8:50:31 ET
Table 'Bandusia' 6-max Seat #6 is the button
Seat 4: Agrotait ($56.88 in chips)
Seat 6: igorkabmw ($56.52 in chips)
igorkabmw: posts small blind $1
Agrotait: posts big blind $3
*** HOLE CARDS ***
igorkabmw: folds
Uncalled bet ($2) returned to Agrotait
Agrotait collected $2 from pot
Agrotait: doesn't show hand
*** SUMMARY ***
Total pot $2 | Rake $0
Seat 4: Agrotait (big blind) collected ($2)
Seat 6: igorkabmw (button) (small blind) folded before Flop


PokerStars Hand #176558992771:  Hold'em Limit ($3/$6 USD) - 2017/10/06 8:50:20 ET
Table 'Bandusia' 6-max Seat #4 is the button
Seat 4: Agrotait ($57.88 in chips)
Seat 6: igorkabmw ($55.52 in chips)
Agrotait: posts small blind $1
igorkabmw: posts big blind $3
*** HOLE CARDS ***
Agrotait: folds
Uncalled bet ($2) returned to igorkabmw
igorkabmw collected $2 from pot
*** SUMMARY ***
Total pot $2 | Rake $0
Seat 4: Agrotait (button) (small blind) folded before Flop
Seat 6: igorkabmw (big blind) collected ($2)


PokerStars Hand #176558984658:  Hold'em Limit ($3/$6 USD) - 2017/10/06 8:50:03 ET
Table 'Bandusia' 6-max Seat #6 is the button
Seat 4: Agrotait ($55 in chips)
Seat 6: igorkabmw ($58.52 in chips)
igorkabmw: posts small blind $1
Agrotait: posts big blind $3
*** HOLE CARDS ***
igorkabmw: calls $2
Agrotait: checks
*** FLOP *** [Js 7d 4s]
Agrotait: checks
igorkabmw: checks
*** TURN *** [Js 7d 4s] [6c]
Agrotait: bets $6
igorkabmw: folds
Uncalled bet ($6) returned to Agrotait
Agrotait collected $5.88 from pot
Agrotait: doesn't show hand
*** SUMMARY ***
Total pot $6 | Rake $0.12
Board [Js 7d 4s 6c]
Seat 4: Agrotait (big blind) collected ($5.88)
Seat 6: igorkabmw (button) (small blind) folded on the Turn


PokerStars Hand #176558963318:  Hold'em Limit ($3/$6 USD) - 2017/10/06 8:49:18 ET
Table 'Bandusia' 6-max Seat #4 is the button
Seat 4: Agrotait ($67 in chips)
Seat 6: igorkabmw ($47 in chips)
Agrotait: posts small blind $1
igorkabmw: posts big blind $3
*** HOLE CARDS ***
Agrotait: raises $3 to $6
igorkabmw: calls $3
*** FLOP *** [3s Ad Kc]
igorkabmw: bets $3
Agrotait: raises $3 to $6
igorkabmw: raises $3 to $9
Agrotait: folds
Uncalled bet ($3) returned to igorkabmw
igorkabmw collected $23.52 from pot
*** SUMMARY ***
Total pot $24 | Rake $0.48
Board [3s Ad Kc]
Seat 4: Agrotait (button) (small blind) folded on the Flop
Seat 6: igorkabmw (big blind) collected ($23.52)


PokerStars Hand #176559014120:  Hold'em Limit ($3/$6 USD) - 2017/10/06 8:51:05 ET
Table 'Bandusia' 6-max Seat #4 is the button
Seat 4: Agrotait ($48.88 in chips)
Seat 6: igorkabmw ($64.04 in chips)
Agrotait: posts small blind $1
igorkabmw: posts big blind $3
*** HOLE CARDS ***
Agrotait: raises $3 to $6
igorkabmw: calls $3
*** FLOP *** [7h 6d Ad]
igorkabmw: checks
Agrotait: bets $3
igorkabmw: calls $3
*** TURN *** [7h 6d Ad] [4c]
igorkabmw: checks
Agrotait: checks
*** RIVER *** [7h 6d Ad 4c] [Jh]
igorkabmw: checks
Agrotait: checks
*** SHOW DOWN ***
igorkabmw: shows [9s Tc] (high card Ace)
Agrotait: shows [4d 5s] (a pair of Fours)
Agrotait collected $17.64 from pot
*** SUMMARY ***
Total pot $18 | Rake $0.36
Board [7h 6d Ad 4c Jh]
Seat 4: Agrotait (button) (small blind) showed [4d 5s] and won ($17.64) with a pair of Fours
Seat 6: igorkabmw (big blind) showed [9s Tc] and lost with high card Ace


PokerStars Hand #176559004962:  Hold'em Limit ($3/$6 USD) - 2017/10/06 8:50:46 ET
Table 'Bandusia' 6-max Seat #6 is the button
Seat 4: Agrotait ($60.88 in chips)
Seat 6: igorkabmw ($52.52 in chips)
igorkabmw: posts small blind $1
Agrotait: posts big blind $3
*** HOLE CARDS ***
igorkabmw: raises $3 to $6
Anchig joins the table at seat #1
Agrotait: calls $3
*** FLOP *** [Ks 9d Jd]
Agrotait: checks
igorkabmw: checks
*** TURN *** [Ks 9d Jd] [5d]
Agrotait: checks
igorkabmw: checks
*** RIVER *** [Ks 9d Jd 5d] [7d]
Agrotait: checks
igorkabmw: bets $6
Agrotait: calls $6
*** SHOW DOWN ***
igorkabmw: shows [6d 7c] (a flush, Jack high)
Agrotait: mucks hand
igorkabmw collected $23.52 from pot
*** SUMMARY ***
Total pot $24 | Rake $0.48
Board [Ks 9d Jd 5d 7d]
Seat 4: Agrotait (big blind) mucked
Seat 6: igorkabmw (button) (small blind) showed [6d 7c] and won ($23.52) with a flush, Jack high


PokerStars Hand #176559375372:  Hold'em Limit ($3/$6 USD) - 2017/10/06 9:04:24 ET
Table 'Bandusia' 6-max Seat #1 is the button
Seat 1: igorkabmw ($40 in chips)
Seat 2: Anchig ($120 in chips)
igorkabmw: posts small blind $1
Ale4o joins the table at seat #3
Anchig: posts big blind $3
*** HOLE CARDS ***
Agrotait leaves the table
igorkabmw: calls $2
Anchig: raises $3 to $6
igorkabmw: calls $3
*** FLOP *** [Jd 7c 4s]
Anchig: bets $3
igorkabmw: folds
Uncalled bet ($3) returned to Anchig
Anchig collected $11.76 from pot
Anchig: doesn't show hand
*** SUMMARY ***
Total pot $12 | Rake $0.24
Board [Jd 7c 4s]
Seat 1: igorkabmw (button) (small blind) folded on the Flop
Seat 2: Anchig (big blind) collected ($11.76)


PokerStars Hand #176559394787:  Hold'em Limit ($3/$6 USD) - 2017/10/06 9:05:04 ET
Table 'Bandusia' 6-max Seat #3 is the button
Seat 2: Anchig ($124.76 in chips)
Seat 3: Ale4o ($152 in chips)
Ale4o: posts small blind $1
Anchig: posts big blind $3
*** HOLE CARDS ***
Ale4o: raises $3 to $6
Anchig: raises $3 to $9
Ale4o: calls $3
*** FLOP *** [2d Td Ac]
Anchig: bets $3
Ale4o: raises $3 to $6
Anchig: calls $3
*** TURN *** [2d Td Ac] [Jd]
Anchig: checks
Ale4o: checks
*** RIVER *** [2d Td Ac Jd] [5h]
Anchig: checks
Ale4o: bets $6
Anchig: folds
Uncalled bet ($6) returned to Ale4o
Ale4o collected $29.50 from pot
*** SUMMARY ***
Total pot $30 | Rake $0.50
Board [2d Td Ac Jd 5h]
Seat 2: Anchig (big blind) folded on the River
Seat 3: Ale4o (button) (small blind) collected ($29.50)


PokerStars Hand #176559412480:  Hold'em Limit ($3/$6 USD) - 2017/10/06 9:05:39 ET
Table 'Bandusia' 6-max Seat #1 is the button
Seat 1: igorkabmw ($58.61 in chips)
Seat 2: Anchig ($112.76 in chips)
igorkabmw: posts small blind $1
Anchig: posts big blind $3
*** HOLE CARDS ***
igorkabmw: raises $3 to $6
Anchig: calls $3
*** FLOP *** [8d 8h 4c]
Anchig: checks
igorkabmw: bets $3
fugu82 joins the table at seat #4
Anchig: folds
Uncalled bet ($3) returned to igorkabmw
igorkabmw collected $11.76 from pot
*** SUMMARY ***
Total pot $12 | Rake $0.24
Board [8d 8h 4c]
Seat 1: igorkabmw (button) (small blind) collected ($11.76)
Seat 2: Anchig (big blind) folded on the Flop


PokerStars Hand #176559487987:  Hold'em Limit ($3/$6 USD) - 2017/10/06 9:08:09 ET
Table 'Bandusia' 6-max Seat #2 is the button
Seat 2: Anchig ($74.40 in chips)
Seat 4: fugu82 ($235.42 in chips)
Anchig: posts small blind $1
fugu82: posts big blind $3
*** HOLE CARDS ***
Anchig: raises $3 to $6
fugu82: folds
Uncalled bet ($3) returned to Anchig
Anchig collected $6 from pot
Anchig: doesn't show hand
*** SUMMARY ***
Total pot $6 | Rake $0
Seat 2: Anchig (button) (small blind) collected ($6)
Seat 4: fugu82 (big blind) folded before Flop


PokerStars Hand #176559479528:  Hold'em Limit ($3/$6 USD) - 2017/10/06 9:07:52 ET
Table 'Bandusia' 6-max Seat #4 is the button
Seat 2: Anchig ($65.76 in chips)
Seat 4: fugu82 ($244.42 in chips)
Ale4o will be allowed to play after the button
fugu82: posts small blind $1
Anchig: posts big blind $3
*** HOLE CARDS ***
fugu82: raises $3 to $6
Anchig: calls $3
*** FLOP *** [Td Jc Ac]
Anchig: checks
fugu82: bets $3
Anchig: calls $3
*** TURN *** [Td Jc Ac] [Ad]
Anchig: checks
fugu82: checks
*** RIVER *** [Td Jc Ac Ad] [Qs]
Ale4o leaves the table
Anchig: bets $6
fugu82: folds
Uncalled bet ($6) returned to Anchig
Anchig collected $17.64 from pot
Anchig: doesn't show hand
*** SUMMARY ***
Total pot $18 | Rake $0.36
Board [Td Jc Ac Ad Qs]
Seat 2: Anchig (big blind) collected ($17.64)
Seat 4: fugu82 (button) (small blind) folded on the River


