PokerStars Hand #161649135545:  Hold'em Limit ($3/$6 USD) - 2016/11/19 13:59:51 ET
Table 'Barto' 6-max Seat #6 is the button
Seat 3: lokalso23 ($56.20 in chips)
Seat 6: MRT3427 ($45.08 in chips)
MRT3427: posts small blind $1
lokalso23: posts big blind $3
*** HOLE CARDS ***
MRT3427: calls $2
lokalso23: raises $3 to $6
MRT3427: calls $3
*** FLOP *** [Jc 7s Ts]
lokalso23: bets $3
MRT3427: calls $3
*** TURN *** [Jc 7s Ts] [3d]
lokalso23: bets $6
MRT3427: calls $6
*** RIVER *** [Jc 7s Ts 3d] [7d]
lokalso23: bets $6
David And844 joins the table at seat #4
MRT3427: raises $6 to $12
lokalso23: folds
Uncalled bet ($6) returned to MRT3427
MRT3427 collected $41.50 from pot
MRT3427: doesn't show hand
*** SUMMARY ***
Total pot $42 | Rake $0.50
Board [Jc 7s Ts 3d 7d]
Seat 3: lokalso23 (big blind) folded on the River
Seat 6: MRT3427 (button) (small blind) collected ($41.50)


PokerStars Hand #161649283157:  Hold'em Limit ($3/$6 USD) - 2016/11/19 14:02:59 ET
Table 'Barto' 6-max Seat #6 is the button
Seat 3: lokalso23 ($34.20 in chips)
Seat 6: MRT3427 ($59.58 in chips)
MRT3427: posts small blind $1
lokalso23: posts big blind $3
*** HOLE CARDS ***
MRT3427: calls $2
lokalso23: raises $3 to $6
MRT3427: calls $3
*** FLOP *** [5c Kh As]
lokalso23: bets $3
MRT3427: calls $3
*** TURN *** [5c Kh As] [Ks]
lokalso23: bets $6
MRT3427: calls $6
*** RIVER *** [5c Kh As Ks] [Js]
lokalso23: bets $6
MRT3427: folds
Uncalled bet ($6) returned to lokalso23
David And844 joins the table at seat #4
lokalso23 collected $29.50 from pot
lokalso23: doesn't show hand
*** SUMMARY ***
Total pot $30 | Rake $0.50
Board [5c Kh As Ks Js]
Seat 3: lokalso23 (big blind) collected ($29.50)
Seat 6: MRT3427 (button) (small blind) folded on the River


