PokerStars Hand #153481616179:  Hold'em Limit ($3/$6 USD) - 2016/05/18 4:31:44 ET
Table 'Barto' 10-max Seat #1 is the button
Seat 1: LifeisagameX ($60 in chips)
Seat 2: SeanPeary ($69 in chips)
LifeisagameX: posts small blind $1
SeanPeary: posts big blind $3
*** HOLE CARDS ***
LifeisagameX: raises $3 to $6
SeanPeary: folds
Uncalled bet ($3) returned to LifeisagameX
LifeisagameX collected $6 from pot
LifeisagameX: doesn't show hand
*** SUMMARY ***
Total pot $6 | Rake $0
Seat 1: LifeisagameX (button) (small blind) collected ($6)
Seat 2: SeanPeary (big blind) folded before Flop


PokerStars Hand #153481625846:  Hold'em Limit ($3/$6 USD) - 2016/05/18 4:32:13 ET
Table 'Barto' 10-max Seat #1 is the button
Seat 1: LifeisagameX ($68.76 in chips)
Seat 2: SeanPeary ($60 in chips)
LifeisagameX: posts small blind $1
SeanPeary: posts big blind $3
*** HOLE CARDS ***
LifeisagameX: raises $3 to $6
SeanPeary: calls $3
*** FLOP *** [6s 8h 8d]
SeanPeary: checks
LifeisagameX: bets $3
SeanPeary: calls $3
*** TURN *** [6s 8h 8d] [Qs]
Tryptamean joins the table at seat #3
SeanPeary: checks
LifeisagameX: checks
*** RIVER *** [6s 8h 8d Qs] [Kd]
Punkyfee joins the table at seat #5
SeanPeary: checks
LifeisagameX: bets $6
SeanPeary: calls $6
*** SHOW DOWN ***
LifeisagameX: shows [5h Tc] (a pair of Eights)
SeanPeary: shows [2s Ah] (a pair of Eights - Ace kicker)
SeanPeary collected $29.50 from pot
*** SUMMARY ***
Total pot $30 | Rake $0.50
Board [6s 8h 8d Qs Kd]
Seat 1: LifeisagameX (button) (small blind) showed [5h Tc] and lost with a pair of Eights
Seat 2: SeanPeary (big blind) showed [2s Ah] and won ($29.50) with a pair of Eights


PokerStars Hand #153481666568:  Hold'em Limit ($3/$6 USD) - 2016/05/18 4:34:16 ET
Table 'Barto' 10-max Seat #3 is the button
Seat 2: SeanPeary ($53.50 in chips)
Seat 3: Tryptamean ($113 in chips)
Tryptamean: posts small blind $1
SeanPeary: posts big blind $3
*** HOLE CARDS ***
Tryptamean: raises $3 to $6
LifeisagameX leaves the table
SeanPeary: folds
Uncalled bet ($3) returned to Tryptamean
Tryptamean collected $6 from pot
Tryptamean: doesn't show hand
*** SUMMARY ***
Total pot $6 | Rake $0
Seat 2: SeanPeary (big blind) folded before Flop
Seat 3: Tryptamean (button) (small blind) collected ($6)


PokerStars Hand #153481668874:  Hold'em Limit ($3/$6 USD) - 2016/05/18 4:34:23 ET
Table 'Barto' 10-max Seat #2 is the button
Seat 2: SeanPeary ($50.50 in chips)
Seat 3: Tryptamean ($116 in chips)
SeanPeary: posts small blind $1
Tryptamean: posts big blind $3
*** HOLE CARDS ***
SeanPeary: folds
Uncalled bet ($2) returned to Tryptamean
Tryptamean collected $2 from pot
Tryptamean: doesn't show hand
*** SUMMARY ***
Total pot $2 | Rake $0
Seat 2: SeanPeary (button) (small blind) folded before Flop
Seat 3: Tryptamean (big blind) collected ($2)


PokerStars Hand #153481670475:  Hold'em Limit ($3/$6 USD) - 2016/05/18 4:34:28 ET
Table 'Barto' 10-max Seat #3 is the button
Seat 2: SeanPeary ($49.50 in chips)
Seat 3: Tryptamean ($117 in chips)
Tryptamean: posts small blind $1
SeanPeary: posts big blind $3
*** HOLE CARDS ***
Tryptamean: folds
Uncalled bet ($2) returned to SeanPeary
SeanPeary collected $2 from pot
SeanPeary: doesn't show hand
*** SUMMARY ***
Total pot $2 | Rake $0
Seat 2: SeanPeary (big blind) collected ($2)
Seat 3: Tryptamean (button) (small blind) folded before Flop


PokerStars Hand #153481685140:  Hold'em Limit ($3/$6 USD) - 2016/05/18 4:35:13 ET
Table 'Barto' 10-max Seat #3 is the button
Seat 2: SeanPeary ($20.50 in chips)
Seat 3: Tryptamean ($145.50 in chips)
Tryptamean: posts small blind $1
SeanPeary: posts big blind $3
*** HOLE CARDS ***
Tryptamean: raises $3 to $6
SeanPeary: raises $3 to $9
Tryptamean: calls $3
*** FLOP *** [4c Ks Jh]
SeanPeary: bets $3
Tryptamean: calls $3
*** TURN *** [4c Ks Jh] [3d]
SeanPeary: bets $6
Tryptamean: raises $6 to $12
SeanPeary: calls $2.50 and is all-in
Uncalled bet ($3.50) returned to Tryptamean
*** RIVER *** [4c Ks Jh 3d] [5s]
*** SHOW DOWN ***
SeanPeary: shows [7s As] (high card Ace)
Tryptamean: shows [4s 3s] (two pair, Fours and Threes)
Tryptamean collected $40.50 from pot
*** SUMMARY ***
Total pot $41 | Rake $0.50
Board [4c Ks Jh 3d 5s]
Seat 2: SeanPeary (big blind) showed [7s As] and lost with high card Ace
Seat 3: Tryptamean (button) (small blind) showed [4s 3s] and won ($40.50) with two pair, Fours and Threes


