PokerStars Hand #168711610498:  Hold'em Limit ($3/$6 USD) - 2017/04/07 14:09:13 ET
Table 'Basilea' 10-max Seat #2 is the button
Seat 2: Jack_Wu1985 ($121 in chips)
Seat 5: SV198884 ($119 in chips)
Jack_Wu1985: posts small blind $1
SV198884: posts big blind $3
*** HOLE CARDS ***
Jack_Wu1985: raises $3 to $6
SV198884: calls $3
*** FLOP *** [Ad Ks 4c]
SV198884: checks
Jack_Wu1985: bets $3
SV198884: calls $3
*** TURN *** [Ad Ks 4c] [6s]
SV198884: checks
Jack_Wu1985: checks
*** RIVER *** [Ad Ks 4c 6s] [Kc]
SV198884: bets $6
Jack_Wu1985: calls $6
*** SHOW DOWN ***
SV198884: shows [3s Ac] (two pair, Aces and Kings)
Jack_Wu1985: mucks hand
SV198884 collected $29.50 from pot
*** SUMMARY ***
Total pot $30 | Rake $0.50
Board [Ad Ks 4c 6s Kc]
Seat 2: Jack_Wu1985 (button) (small blind) mucked
Seat 5: SV198884 (big blind) showed [3s Ac] and won ($29.50) with two pair, Aces and Kings


PokerStars Hand #168713197003:  Hold'em Limit ($3/$6 USD) - 2017/04/07 14:42:45 ET
Table 'Basilea' 10-max Seat #4 is the button
Seat 3: Voldemaras50 ($70.79 in chips)
Seat 4: minigus575 ($62.57 in chips)
minigus575: posts small blind $1
B_loJkl: is sitting out
Voldemaras50: posts big blind $3
*** HOLE CARDS ***
minigus575: raises $3 to $6
B_loJkl leaves the table
Voldemaras50: calls $3
*** FLOP *** [4s 7s Td]
B_loJkl joins the table at seat #5
Voldemaras50: checks
minigus575: bets $3
Voldemaras50: raises $3 to $6
minigus575: calls $3
*** TURN *** [4s 7s Td] [5d]
Voldemaras50: bets $6
minigus575: calls $6
*** RIVER *** [4s 7s Td 5d] [Qh]
Voldemaras50: bets $6
minigus575: calls $6
*** SHOW DOWN ***
Voldemaras50: shows [Qs 5s] (two pair, Queens and Fives)
minigus575: mucks hand
Voldemaras50 collected $47.50 from pot
*** SUMMARY ***
Total pot $48 | Rake $0.50
Board [4s 7s Td 5d Qh]
Seat 3: Voldemaras50 (big blind) showed [Qs 5s] and won ($47.50) with two pair, Queens and Fives
Seat 4: minigus575 (button) (small blind) mucked


PokerStars Hand #168713214028:  Hold'em Limit ($3/$6 USD) - 2017/04/07 14:43:06 ET
Table 'Basilea' 10-max Seat #3 is the button
Seat 3: Voldemaras50 ($94.29 in chips)
Seat 4: minigus575 ($38.57 in chips)
Voldemaras50: posts small blind $1
minigus575: posts big blind $3
*** HOLE CARDS ***
Voldemaras50: folds
Uncalled bet ($2) returned to minigus575
minigus575 collected $2 from pot
minigus575: doesn't show hand
*** SUMMARY ***
Total pot $2 | Rake $0
Seat 3: Voldemaras50 (button) (small blind) folded before Flop
Seat 4: minigus575 (big blind) collected ($2)


PokerStars Hand #168713339176:  Hold'em Limit ($3/$6 USD) - 2017/04/07 14:45:41 ET
Table 'Basilea' 10-max Seat #4 is the button
Seat 3: Voldemaras50 ($16.29 in chips)
Seat 4: minigus575 ($108.40 in chips)
minigus575: posts small blind $1
B_loJkl: is sitting out
Voldemaras50: posts big blind $3
*** HOLE CARDS ***
minigus575: raises $3 to $6
Voldemaras50: calls $3
*** FLOP *** [Jd Th Ac]
Voldemaras50: checks
minigus575: bets $3
Voldemaras50: folds
Uncalled bet ($3) returned to minigus575
minigus575 collected $11.76 from pot
minigus575: doesn't show hand
*** SUMMARY ***
Total pot $12 | Rake $0.24
Board [Jd Th Ac]
Seat 3: Voldemaras50 (big blind) folded on the Flop
Seat 4: minigus575 (button) (small blind) collected ($11.76)


PokerStars Hand #168713372348:  Hold'em Limit ($3/$6 USD) - 2017/04/07 14:46:22 ET
Table 'Basilea' 10-max Seat #4 is the button
Seat 3: Voldemaras50 ($20.17 in chips)
Seat 4: minigus575 ($103.87 in chips)
minigus575: posts small blind $1
Voldemaras50: posts big blind $3
*** HOLE CARDS ***
minigus575: raises $3 to $6
Voldemaras50: folds
Uncalled bet ($3) returned to minigus575
minigus575 collected $6 from pot
minigus575: doesn't show hand
*** SUMMARY ***
Total pot $6 | Rake $0
Seat 3: Voldemaras50 (big blind) folded before Flop
Seat 4: minigus575 (button) (small blind) collected ($6)


PokerStars Hand #168713350378:  Hold'em Limit ($3/$6 USD) - 2017/04/07 14:45:55 ET
Table 'Basilea' 10-max Seat #3 is the button
Seat 3: Voldemaras50 ($10.29 in chips)
Seat 4: minigus575 ($114.16 in chips)
Voldemaras50: posts small blind $1
minigus575: posts big blind $3
*** HOLE CARDS ***
Voldemaras50: raises $3 to $6
minigus575: raises $3 to $9
Voldemaras50: calls $3
*** FLOP *** [6s Qc Jc]
minigus575: bets $3
Voldemaras50: calls $1.29 and is all-in
Uncalled bet ($1.71) returned to minigus575
*** TURN *** [6s Qc Jc] [2h]
*** RIVER *** [6s Qc Jc 2h] [3c]
*** SHOW DOWN ***
minigus575: shows [5h Kd] (high card King)
Voldemaras50: shows [8h Jd] (a pair of Jacks)
Voldemaras50 collected $20.17 from pot
*** SUMMARY ***
Total pot $20.58 | Rake $0.41
Board [6s Qc Jc 2h 3c]
Seat 3: Voldemaras50 (button) (small blind) showed [8h Jd] and won ($20.17) with a pair of Jacks
Seat 4: minigus575 (big blind) showed [5h Kd] and lost with high card King


PokerStars Hand #168713398562:  Hold'em Limit ($3/$6 USD) - 2017/04/07 14:46:54 ET
Table 'Basilea' 10-max Seat #3 is the button
Seat 3: Voldemaras50 ($31.84 in chips)
Seat 4: minigus575 ($91.70 in chips)
Voldemaras50: posts small blind $1
minigus575: posts big blind $3
*** HOLE CARDS ***
Voldemaras50: raises $3 to $6
minigus575: calls $3
*** FLOP *** [Qs 6c Jc]
minigus575: checks
Voldemaras50: checks
*** TURN *** [Qs 6c Jc] [8c]
minigus575: checks
Voldemaras50: bets $6
minigus575: calls $6
*** RIVER *** [Qs 6c Jc 8c] [6h]
minigus575: checks
Voldemaras50: bets $6
minigus575: folds
Uncalled bet ($6) returned to Voldemaras50
Voldemaras50 collected $23.52 from pot
*** SUMMARY ***
Total pot $24 | Rake $0.48
Board [Qs 6c Jc 8c 6h]
Seat 3: Voldemaras50 (button) (small blind) collected ($23.52)
Seat 4: minigus575 (big blind) folded on the River


PokerStars Hand #168713380363:  Hold'em Limit ($3/$6 USD) - 2017/04/07 14:46:32 ET
Table 'Basilea' 10-max Seat #4 is the button
Seat 3: Voldemaras50 ($16.17 in chips)
Seat 4: minigus575 ($107.87 in chips)
minigus575: posts small blind $1
Voldemaras50: posts big blind $3
*** HOLE CARDS ***
minigus575: raises $3 to $6
Voldemaras50: raises $3 to $9
minigus575: raises $3 to $12
Betting is capped
Voldemaras50: calls $3
*** FLOP *** [8h As 4s]
Voldemaras50: bets $3
minigus575: raises $3 to $6
Voldemaras50: calls $1.17 and is all-in
Uncalled bet ($1.83) returned to minigus575
*** TURN *** [8h As 4s] [5h]
*** RIVER *** [8h As 4s 5h] [Jh]
*** SHOW DOWN ***
Voldemaras50: shows [8d 8c] (three of a kind, Eights)
minigus575: shows [Jd Kd] (a pair of Jacks)
Voldemaras50 collected $31.84 from pot
*** SUMMARY ***
Total pot $32.34 | Rake $0.50
Board [8h As 4s 5h Jh]
Seat 3: Voldemaras50 (big blind) showed [8d 8c] and won ($31.84) with three of a kind, Eights
Seat 4: minigus575 (button) (small blind) showed [Jd Kd] and lost with a pair of Jacks


PokerStars Hand #168713376612:  Hold'em Limit ($3/$6 USD) - 2017/04/07 14:46:27 ET
Table 'Basilea' 10-max Seat #3 is the button
Seat 3: Voldemaras50 ($17.17 in chips)
Seat 4: minigus575 ($106.87 in chips)
Voldemaras50: posts small blind $1
minigus575: posts big blind $3
*** HOLE CARDS ***
Voldemaras50: folds
Uncalled bet ($2) returned to minigus575
minigus575 collected $2 from pot
minigus575: doesn't show hand
*** SUMMARY ***
Total pot $2 | Rake $0
Seat 3: Voldemaras50 (button) (small blind) folded before Flop
Seat 4: minigus575 (big blind) collected ($2)


PokerStars Hand #168713413184:  Hold'em Limit ($3/$6 USD) - 2017/04/07 14:47:12 ET
Table 'Basilea' 10-max Seat #4 is the button
Seat 3: Voldemaras50 ($43.36 in chips)
Seat 4: minigus575 ($79.70 in chips)
minigus575: posts small blind $1
Voldemaras50: posts big blind $3
*** HOLE CARDS ***
minigus575: raises $3 to $6
Voldemaras50: calls $3
*** FLOP *** [6s 3h 6h]
Voldemaras50: checks
minigus575: bets $3
Voldemaras50: calls $3
*** TURN *** [6s 3h 6h] [7h]
Voldemaras50: checks
minigus575: checks
*** RIVER *** [6s 3h 6h 7h] [9h]
Voldemaras50: bets $6
minigus575: folds
Uncalled bet ($6) returned to Voldemaras50
Voldemaras50 collected $17.64 from pot
*** SUMMARY ***
Total pot $18 | Rake $0.36
Board [6s 3h 6h 7h 9h]
Seat 3: Voldemaras50 (big blind) collected ($17.64)
Seat 4: minigus575 (button) (small blind) folded on the River


PokerStars Hand #168713430351:  Hold'em Limit ($3/$6 USD) - 2017/04/07 14:47:33 ET
Table 'Basilea' 10-max Seat #4 is the button
Seat 3: Voldemaras50 ($51 in chips)
Seat 4: minigus575 ($71.70 in chips)
minigus575: posts small blind $1
Voldemaras50: posts big blind $3
*** HOLE CARDS ***
minigus575: raises $3 to $6
Voldemaras50: calls $3
*** FLOP *** [7d Kd Ad]
Voldemaras50: checks
minigus575: bets $3
Voldemaras50: calls $3
*** TURN *** [7d Kd Ad] [9s]
Voldemaras50: checks
minigus575: checks
*** RIVER *** [7d Kd Ad 9s] [7s]
Voldemaras50: bets $6
minigus575: folds
Uncalled bet ($6) returned to Voldemaras50
Voldemaras50 collected $17.64 from pot
*** SUMMARY ***
Total pot $18 | Rake $0.36
Board [7d Kd Ad 9s 7s]
Seat 3: Voldemaras50 (big blind) collected ($17.64)
Seat 4: minigus575 (button) (small blind) folded on the River


PokerStars Hand #168713425469:  Hold'em Limit ($3/$6 USD) - 2017/04/07 14:47:27 ET
Table 'Basilea' 10-max Seat #3 is the button
Seat 3: Voldemaras50 ($52 in chips)
Seat 4: minigus575 ($70.70 in chips)
Voldemaras50: posts small blind $1
minigus575: posts big blind $3
*** HOLE CARDS ***
Voldemaras50: folds
Uncalled bet ($2) returned to minigus575
minigus575 collected $2 from pot
minigus575: doesn't show hand
*** SUMMARY ***
Total pot $2 | Rake $0
Seat 3: Voldemaras50 (button) (small blind) folded before Flop
Seat 4: minigus575 (big blind) collected ($2)


PokerStars Hand #168713461038:  Hold'em Limit ($3/$6 USD) - 2017/04/07 14:48:11 ET
Table 'Basilea' 10-max Seat #4 is the button
Seat 3: Voldemaras50 ($74.14 in chips)
Seat 4: minigus575 ($47.70 in chips)
minigus575: posts small blind $1
Voldemaras50: posts big blind $3
*** HOLE CARDS ***
minigus575: folds
Uncalled bet ($2) returned to Voldemaras50
Voldemaras50 collected $2 from pot
*** SUMMARY ***
Total pot $2 | Rake $0
Seat 3: Voldemaras50 (big blind) collected ($2)
Seat 4: minigus575 (button) (small blind) folded before Flop


PokerStars Hand #168713442532:  Hold'em Limit ($3/$6 USD) - 2017/04/07 14:47:48 ET
Table 'Basilea' 10-max Seat #3 is the button
Seat 3: Voldemaras50 ($59.64 in chips)
Seat 4: minigus575 ($62.70 in chips)
Voldemaras50: posts small blind $1
minigus575: posts big blind $3
*** HOLE CARDS ***
B_loJkl leaves the table
Voldemaras50: raises $3 to $6
minigus575: calls $3
*** FLOP *** [6h 4s 4c]
minigus575: checks
Voldemaras50: bets $3
minigus575: raises $3 to $6
Voldemaras50: raises $3 to $9
minigus575: calls $3
*** TURN *** [6h 4s 4c] [Ad]
minigus575: checks
Voldemaras50: checks
*** RIVER *** [6h 4s 4c Ad] [2s]
minigus575: checks
Voldemaras50: bets $6
minigus575: folds
Uncalled bet ($6) returned to Voldemaras50
Voldemaras50 collected $29.50 from pot
*** SUMMARY ***
Total pot $30 | Rake $0.50
Board [6h 4s 4c Ad 2s]
Seat 3: Voldemaras50 (button) (small blind) collected ($29.50)
Seat 4: minigus575 (big blind) folded on the River


PokerStars Hand #168713464814:  Hold'em Limit ($3/$6 USD) - 2017/04/07 14:48:16 ET
Table 'Basilea' 10-max Seat #3 is the button
Seat 3: Voldemaras50 ($75.14 in chips)
Seat 4: minigus575 ($46.70 in chips)
Voldemaras50: posts small blind $1
minigus575: posts big blind $3
*** HOLE CARDS ***
Voldemaras50: raises $3 to $6
minigus575: calls $3
*** FLOP *** [8s Ts Ad]
minigus575: checks
vestimokrec joins the table at seat #5
Voldemaras50: bets $3
minigus575: folds
Uncalled bet ($3) returned to Voldemaras50
Voldemaras50 collected $11.76 from pot
*** SUMMARY ***
Total pot $12 | Rake $0.24
Board [8s Ts Ad]
Seat 3: Voldemaras50 (button) (small blind) collected ($11.76)
Seat 4: minigus575 (big blind) folded on the Flop


PokerStars Hand #168720797344:  Hold'em Limit ($3/$6 USD) - 2017/04/07 17:14:46 ET
Table 'Basilea' 10-max Seat #1 is the button
Seat 1: feluniu ($132.51 in chips)
Seat 9: Qvidde ($169.80 in chips)
feluniu: posts small blind $1
Larooo: is sitting out
Qvidde: posts big blind $3
*** HOLE CARDS ***
feluniu: raises $3 to $6
Qvidde: calls $3
*** FLOP *** [5h Kh 2d]
Larooo leaves the table
Qvidde: checks
feluniu: bets $3
Qvidde: raises $3 to $6
feluniu: calls $3
*** TURN *** [5h Kh 2d] [5c]
Qvidde: bets $6
feluniu: calls $6
*** RIVER *** [5h Kh 2d 5c] [Qc]
Qvidde: bets $6
feluniu: calls $6
*** SHOW DOWN ***
Qvidde: shows [Qd 2s] (two pair, Queens and Fives)
feluniu: mucks hand
Qvidde collected $47.50 from pot
*** SUMMARY ***
Total pot $48 | Rake $0.50
Board [5h Kh 2d 5c Qc]
Seat 1: feluniu (button) (small blind) mucked
Seat 9: Qvidde (big blind) showed [Qd 2s] and won ($47.50) with two pair, Queens and Fives


PokerStars Hand #168720824310:  Hold'em Limit ($3/$6 USD) - 2017/04/07 17:15:13 ET
Table 'Basilea' 10-max Seat #9 is the button
Seat 1: feluniu ($108.51 in chips)
Seat 9: Qvidde ($193.30 in chips)
Qvidde: posts small blind $1
feluniu: posts big blind $3
*** HOLE CARDS ***
Qvidde: folds
Uncalled bet ($2) returned to feluniu
feluniu collected $2 from pot
feluniu: doesn't show hand
*** SUMMARY ***
Total pot $2 | Rake $0
Seat 1: feluniu (big blind) collected ($2)
Seat 9: Qvidde (button) (small blind) folded before Flop


PokerStars Hand #168720854475:  Hold'em Limit ($3/$6 USD) - 2017/04/07 17:15:49 ET
Table 'Basilea' 10-max Seat #9 is the button
Seat 1: feluniu ($94.51 in chips)
Seat 9: Qvidde ($206.80 in chips)
Qvidde: posts small blind $1
feluniu: posts big blind $3
*** HOLE CARDS ***
Qvidde: raises $3 to $6
feluniu: calls $3
*** FLOP *** [Ah Th 5c]
feluniu: checks
Qvidde: bets $3
feluniu: folds
Uncalled bet ($3) returned to Qvidde
Qvidde collected $11.76 from pot
Qvidde: doesn't show hand
*** SUMMARY ***
Total pot $12 | Rake $0.24
Board [Ah Th 5c]
Seat 1: feluniu (big blind) folded on the Flop
Seat 9: Qvidde (button) (small blind) collected ($11.76)


PokerStars Hand #168720867039:  Hold'em Limit ($3/$6 USD) - 2017/04/07 17:16:04 ET
Table 'Basilea' 10-max Seat #1 is the button
Seat 1: feluniu ($88.51 in chips)
Seat 9: Qvidde ($212.56 in chips)
feluniu: posts small blind $1
Qvidde: posts big blind $3
*** HOLE CARDS ***
feluniu: folds
Uncalled bet ($2) returned to Qvidde
Qvidde collected $2 from pot
Qvidde: doesn't show hand
*** SUMMARY ***
Total pot $2 | Rake $0
Seat 1: feluniu (button) (small blind) folded before Flop
Seat 9: Qvidde (big blind) collected ($2)


