PokerStars Hand #168732784646:  Hold'em Limit ($3/$6 USD) - 2017/04/07 23:07:14 ET
Table 'Basilea' 10-max Seat #1 is the button
Seat 1: leungting684 ($58.95 in chips)
Seat 10: LifeisagameX ($87 in chips)
leungting684: posts small blind $1
LifeisagameX: posts big blind $3
*** HOLE CARDS ***
leungting684: calls $2
LifeisagameX: checks
*** FLOP *** [9c 9s Js]
B_loJkl joins the table at seat #2
LifeisagameX: checks
leungting684: bets $3
LifeisagameX: folds
Uncalled bet ($3) returned to leungting684
leungting684 collected $5.88 from pot
leungting684: doesn't show hand
*** SUMMARY ***
Total pot $6 | Rake $0.12
Board [9c 9s Js]
Seat 1: leungting684 (button) (small blind) collected ($5.88)
Seat 10: LifeisagameX (big blind) folded on the Flop


PokerStars Hand #168732776777:  Hold'em Limit ($3/$6 USD) - 2017/04/07 23:06:52 ET
Table 'Basilea' 10-max Seat #10 is the button
Seat 1: leungting684 ($61.95 in chips)
Seat 10: LifeisagameX ($84 in chips)
LifeisagameX: posts small blind $1
leungting684: posts big blind $3
*** HOLE CARDS ***
LifeisagameX: raises $3 to $6
leungting684: folds
Uncalled bet ($3) returned to LifeisagameX
LifeisagameX collected $6 from pot
LifeisagameX: doesn't show hand
*** SUMMARY ***
Total pot $6 | Rake $0
Seat 1: leungting684 (big blind) folded before Flop
Seat 10: LifeisagameX (button) (small blind) collected ($6)


PokerStars Hand #168732795550:  Hold'em Limit ($3/$6 USD) - 2017/04/07 23:07:45 ET
Table 'Basilea' 10-max Seat #10 is the button
Seat 1: leungting684 ($61.83 in chips)
Seat 10: LifeisagameX ($84 in chips)
LifeisagameX: posts small blind $1
leungting684: posts big blind $3
*** HOLE CARDS ***
LifeisagameX: raises $3 to $6
leungting684: raises $3 to $9
LifeisagameX: calls $3
*** FLOP *** [Ts Qh Kd]
leungting684: bets $3
LifeisagameX: calls $3
*** TURN *** [Ts Qh Kd] [2s]
leungting684: bets $6
LifeisagameX: folds
Uncalled bet ($6) returned to leungting684
leungting684 collected $23.52 from pot
leungting684: doesn't show hand
*** SUMMARY ***
Total pot $24 | Rake $0.48
Board [Ts Qh Kd 2s]
Seat 1: leungting684 (big blind) collected ($23.52)
Seat 10: LifeisagameX (button) (small blind) folded on the Turn


PokerStars Hand #168732872645:  Hold'em Limit ($3/$6 USD) - 2017/04/07 23:11:25 ET
Table 'Basilea' 10-max Seat #2 is the button
Seat 1: leungting684 ($46.35 in chips)
Seat 2: B_loJkl ($204.55 in chips)
B_loJkl: posts small blind $1
everlyn: is sitting out
leungting684: posts big blind $3
*** HOLE CARDS ***
B_loJkl: raises $3 to $6
leungting684: calls $3
*** FLOP *** [2s 6s Jh]
LifeisagameX leaves the table
leungting684: checks
B_loJkl: bets $3
leungting684: calls $3
*** TURN *** [2s 6s Jh] [8c]
leungting684: bets $6
B_loJkl: folds
Uncalled bet ($6) returned to leungting684
leungting684 collected $17.64 from pot
leungting684: doesn't show hand
*** SUMMARY ***
Total pot $18 | Rake $0.36
Board [2s 6s Jh 8c]
Seat 1: leungting684 (big blind) collected ($17.64)
Seat 2: B_loJkl (button) (small blind) folded on the Turn


PokerStars Hand #168732883216:  Hold'em Limit ($3/$6 USD) - 2017/04/07 23:11:57 ET
Table 'Basilea' 10-max Seat #2 is the button
Seat 1: leungting684 ($53.99 in chips)
Seat 2: B_loJkl ($196.55 in chips)
B_loJkl: posts small blind $1
leungting684: posts big blind $3
*** HOLE CARDS ***
B_loJkl: raises $3 to $6
leungting684: calls $3
*** FLOP *** [Ts Qs 2s]
leungting684: checks
B_loJkl: bets $3
leungting684: calls $3
*** TURN *** [Ts Qs 2s] [9c]
leungting684: checks
B_loJkl: checks
*** RIVER *** [Ts Qs 2s 9c] [Qd]
leungting684: bets $6
B_loJkl: folds
Uncalled bet ($6) returned to leungting684
leungting684 collected $17.64 from pot
leungting684: doesn't show hand
*** SUMMARY ***
Total pot $18 | Rake $0.36
Board [Ts Qs 2s 9c Qd]
Seat 1: leungting684 (big blind) collected ($17.64)
Seat 2: B_loJkl (button) (small blind) folded on the River


PokerStars Hand #168732890930:  Hold'em Limit ($3/$6 USD) - 2017/04/07 23:12:19 ET
Table 'Basilea' 10-max Seat #2 is the button
Seat 1: leungting684 ($61.63 in chips)
Seat 2: B_loJkl ($188.55 in chips)
B_loJkl: posts small blind $1
leungting684: posts big blind $3
*** HOLE CARDS ***
B_loJkl: raises $3 to $6
leungting684: calls $3
*** FLOP *** [9s Jd 4s]
leungting684: checks
B_loJkl: bets $3
leungting684: calls $3
*** TURN *** [9s Jd 4s] [5h]
leungting684: checks
B_loJkl: bets $6
leungting684: calls $6
*** RIVER *** [9s Jd 4s 5h] [8d]
leungting684: checks
B_loJkl: checks
*** SHOW DOWN ***
leungting684: shows [Ks 7s] (high card King)
B_loJkl: shows [As 8s] (a pair of Eights)
B_loJkl collected $29.50 from pot
*** SUMMARY ***
Total pot $30 | Rake $0.50
Board [9s Jd 4s 5h 8d]
Seat 1: leungting684 (big blind) showed [Ks 7s] and lost with high card King
Seat 2: B_loJkl (button) (small blind) showed [As 8s] and won ($29.50) with a pair of Eights


PokerStars Hand #168732910380:  Hold'em Limit ($3/$6 USD) - 2017/04/07 23:13:15 ET
Table 'Basilea' 10-max Seat #2 is the button
Seat 1: leungting684 ($64.13 in chips)
Seat 2: B_loJkl ($185.05 in chips)
B_loJkl: posts small blind $1
leungting684: posts big blind $3
*** HOLE CARDS ***
B_loJkl: raises $3 to $6
leungting684: calls $3
*** FLOP *** [Qd 8c 6d]
leungting684: checks
B_loJkl: bets $3
leungting684: calls $3
*** TURN *** [Qd 8c 6d] [Qh]
leungting684: checks
B_loJkl: bets $6
leungting684: calls $6
*** RIVER *** [Qd 8c 6d Qh] [5c]
leungting684: checks
B_loJkl: checks
*** SHOW DOWN ***
leungting684: shows [4s Ad] (a pair of Queens)
B_loJkl: mucks hand
leungting684 collected $29.50 from pot
*** SUMMARY ***
Total pot $30 | Rake $0.50
Board [Qd 8c 6d Qh 5c]
Seat 1: leungting684 (big blind) showed [4s Ad] and won ($29.50) with a pair of Queens
Seat 2: B_loJkl (button) (small blind) mucked


PokerStars Hand #168732898843:  Hold'em Limit ($3/$6 USD) - 2017/04/07 23:12:42 ET
Table 'Basilea' 10-max Seat #1 is the button
Seat 1: leungting684 ($46.63 in chips)
Seat 2: B_loJkl ($203.05 in chips)
leungting684: posts small blind $1
B_loJkl: posts big blind $3
*** HOLE CARDS ***
leungting684: calls $2
B_loJkl: raises $3 to $6
leungting684: calls $3
*** FLOP *** [2h 3d Qs]
B_loJkl: bets $3
leungting684: raises $3 to $6
B_loJkl: calls $3
*** TURN *** [2h 3d Qs] [5c]
B_loJkl: checks
leungting684: bets $6
B_loJkl: calls $6
*** RIVER *** [2h 3d Qs 5c] [5h]
B_loJkl: checks
leungting684: bets $6
B_loJkl: folds
Uncalled bet ($6) returned to leungting684
leungting684 collected $35.50 from pot
leungting684: doesn't show hand
*** SUMMARY ***
Total pot $36 | Rake $0.50
Board [2h 3d Qs 5c 5h]
Seat 1: leungting684 (button) (small blind) collected ($35.50)
Seat 2: B_loJkl (big blind) folded on the River


PokerStars Hand #168732918963:  Hold'em Limit ($3/$6 USD) - 2017/04/07 23:13:40 ET
Table 'Basilea' 10-max Seat #1 is the button
Seat 1: leungting684 ($78.63 in chips)
Seat 2: B_loJkl ($170.05 in chips)
leungting684: posts small blind $1
B_loJkl: posts big blind $3
*** HOLE CARDS ***
leungting684: calls $2
B_loJkl: raises $3 to $6
leungting684: calls $3
*** FLOP *** [9h 9d Ah]
B_loJkl: bets $3
leungting684: folds
Uncalled bet ($3) returned to B_loJkl
B_loJkl collected $11.76 from pot
B_loJkl: doesn't show hand
*** SUMMARY ***
Total pot $12 | Rake $0.24
Board [9h 9d Ah]
Seat 1: leungting684 (button) (small blind) folded on the Flop
Seat 2: B_loJkl (big blind) collected ($11.76)


PokerStars Hand #168732942666:  Hold'em Limit ($3/$6 USD) - 2017/04/07 23:14:49 ET
Table 'Basilea' 10-max Seat #2 is the button
Seat 1: leungting684 ($48.63 in chips)
Seat 2: B_loJkl ($198.95 in chips)
B_loJkl: posts small blind $1
leungting684: posts big blind $3
*** HOLE CARDS ***
B_loJkl: raises $3 to $6
leungting684: calls $3
*** FLOP *** [Ks 3h 4s]
leungting684: bets $3
B_loJkl: calls $3
*** TURN *** [Ks 3h 4s] [Qd]
leungting684: bets $6
B_loJkl: folds
Uncalled bet ($6) returned to leungting684
leungting684 collected $17.64 from pot
leungting684: doesn't show hand
*** SUMMARY ***
Total pot $18 | Rake $0.36
Board [Ks 3h 4s Qd]
Seat 1: leungting684 (big blind) collected ($17.64)
Seat 2: B_loJkl (button) (small blind) folded on the Turn


PokerStars Hand #168732933710:  Hold'em Limit ($3/$6 USD) - 2017/04/07 23:14:23 ET
Table 'Basilea' 10-max Seat #1 is the button
Seat 1: leungting684 ($63.63 in chips)
Seat 2: B_loJkl ($184.45 in chips)
leungting684: posts small blind $1
B_loJkl: posts big blind $3
*** HOLE CARDS ***
leungting684: calls $2
B_loJkl: raises $3 to $6
leungting684: calls $3
*** FLOP *** [8c 3d 6s]
B_loJkl: bets $3
leungting684: calls $3
*** TURN *** [8c 3d 6s] [9c]
B_loJkl: bets $6
leungting684: calls $6
*** RIVER *** [8c 3d 6s 9c] [2c]
B_loJkl: bets $6
leungting684: folds
Uncalled bet ($6) returned to B_loJkl
B_loJkl collected $29.50 from pot
B_loJkl: doesn't show hand
*** SUMMARY ***
Total pot $30 | Rake $0.50
Board [8c 3d 6s 9c 2c]
Seat 1: leungting684 (button) (small blind) folded on the River
Seat 2: B_loJkl (big blind) collected ($29.50)


PokerStars Hand #168732959579:  Hold'em Limit ($3/$6 USD) - 2017/04/07 23:15:38 ET
Table 'Basilea' 10-max Seat #1 is the button
Seat 1: leungting684 ($72.77 in chips)
Seat 2: B_loJkl ($173.95 in chips)
leungting684: posts small blind $1
B_loJkl: posts big blind $3
*** HOLE CARDS ***
leungting684: calls $2
B_loJkl: checks
*** FLOP *** [Ts 5h 9h]
B_loJkl: checks
leungting684: checks
*** TURN *** [Ts 5h 9h] [8h]
B_loJkl: bets $6
leungting684: folds
Uncalled bet ($6) returned to B_loJkl
B_loJkl collected $5.88 from pot
B_loJkl: doesn't show hand
*** SUMMARY ***
Total pot $6 | Rake $0.12
Board [Ts 5h 9h 8h]
Seat 1: leungting684 (button) (small blind) folded on the Turn
Seat 2: B_loJkl (big blind) collected ($5.88)


PokerStars Hand #168732956933:  Hold'em Limit ($3/$6 USD) - 2017/04/07 23:15:30 ET
Table 'Basilea' 10-max Seat #2 is the button
Seat 1: leungting684 ($71.77 in chips)
Seat 2: B_loJkl ($174.95 in chips)
B_loJkl: posts small blind $1
leungting684: posts big blind $3
*** HOLE CARDS ***
B_loJkl: folds
Uncalled bet ($2) returned to leungting684
leungting684 collected $2 from pot
leungting684: doesn't show hand
*** SUMMARY ***
Total pot $2 | Rake $0
Seat 1: leungting684 (big blind) collected ($2)
Seat 2: B_loJkl (button) (small blind) folded before Flop


PokerStars Hand #168732949329:  Hold'em Limit ($3/$6 USD) - 2017/04/07 23:15:08 ET
Table 'Basilea' 10-max Seat #1 is the button
Seat 1: leungting684 ($57.27 in chips)
Seat 2: B_loJkl ($189.95 in chips)
leungting684: posts small blind $1
B_loJkl: posts big blind $3
*** HOLE CARDS ***
leungting684: raises $3 to $6
B_loJkl: calls $3
*** FLOP *** [Qc 3c 4c]
B_loJkl: checks
leungting684: bets $3
B_loJkl: calls $3
*** TURN *** [Qc 3c 4c] [3s]
B_loJkl: checks
leungting684: bets $6
B_loJkl: calls $6
*** RIVER *** [Qc 3c 4c 3s] [3h]
B_loJkl: checks
leungting684: bets $6
B_loJkl: folds
Uncalled bet ($6) returned to leungting684
leungting684 collected $29.50 from pot
leungting684: doesn't show hand
*** SUMMARY ***
Total pot $30 | Rake $0.50
Board [Qc 3c 4c 3s 3h]
Seat 1: leungting684 (button) (small blind) collected ($29.50)
Seat 2: B_loJkl (big blind) folded on the River


PokerStars Hand #168732984817:  Hold'em Limit ($3/$6 USD) - 2017/04/07 23:16:52 ET
Table 'Basilea' 10-max Seat #1 is the button
Seat 1: leungting684 ($94.91 in chips)
Seat 2: B_loJkl ($150.83 in chips)
leungting684: posts small blind $1
B_loJkl: posts big blind $3
*** HOLE CARDS ***
leungting684: calls $2
B_loJkl: checks
*** FLOP *** [As 7c 5h]
B_loJkl: bets $3
leungting684: calls $3
*** TURN *** [As 7c 5h] [Ts]
B_loJkl: bets $6
leungting684: folds
Uncalled bet ($6) returned to B_loJkl
B_loJkl collected $11.76 from pot
B_loJkl: doesn't show hand
*** SUMMARY ***
Total pot $12 | Rake $0.24
Board [As 7c 5h Ts]
Seat 1: leungting684 (button) (small blind) folded on the Turn
Seat 2: B_loJkl (big blind) collected ($11.76)


PokerStars Hand #168732973859:  Hold'em Limit ($3/$6 USD) - 2017/04/07 23:16:20 ET
Table 'Basilea' 10-max Seat #2 is the button
Seat 1: leungting684 ($77.41 in chips)
Seat 2: B_loJkl ($168.83 in chips)
B_loJkl: posts small blind $1
leungting684: posts big blind $3
*** HOLE CARDS ***
B_loJkl: raises $3 to $6
leungting684: raises $3 to $9
B_loJkl: calls $3
*** FLOP *** [Kc Jc 6h]
leungting684: bets $3
B_loJkl: calls $3
*** TURN *** [Kc Jc 6h] [7d]
leungting684: bets $6
B_loJkl: calls $6
*** RIVER *** [Kc Jc 6h 7d] [6s]
leungting684: bets $6
B_loJkl: folds
Uncalled bet ($6) returned to leungting684
leungting684 collected $35.50 from pot
leungting684: doesn't show hand
*** SUMMARY ***
Total pot $36 | Rake $0.50
Board [Kc Jc 6h 7d 6s]
Seat 1: leungting684 (big blind) collected ($35.50)
Seat 2: B_loJkl (button) (small blind) folded on the River


PokerStars Hand #168732964508:  Hold'em Limit ($3/$6 USD) - 2017/04/07 23:15:53 ET
Table 'Basilea' 10-max Seat #2 is the button
Seat 1: leungting684 ($69.77 in chips)
Seat 2: B_loJkl ($176.83 in chips)
B_loJkl: posts small blind $1
leungting684: posts big blind $3
*** HOLE CARDS ***
B_loJkl: raises $3 to $6
leungting684: calls $3
*** FLOP *** [Ts Th Ad]
leungting684: checks
B_loJkl: bets $3
leungting684: calls $3
*** TURN *** [Ts Th Ad] [2d]
leungting684: checks
B_loJkl: checks
*** RIVER *** [Ts Th Ad 2d] [3h]
leungting684: bets $6
B_loJkl: folds
Uncalled bet ($6) returned to leungting684
leungting684 collected $17.64 from pot
leungting684: doesn't show hand
*** SUMMARY ***
Total pot $18 | Rake $0.36
Board [Ts Th Ad 2d 3h]
Seat 1: leungting684 (big blind) collected ($17.64)
Seat 2: B_loJkl (button) (small blind) folded on the River


PokerStars Hand #168733000611:  Hold'em Limit ($3/$6 USD) - 2017/04/07 23:17:39 ET
Table 'Basilea' 10-max Seat #1 is the button
Seat 1: leungting684 ($64.91 in chips)
Seat 2: B_loJkl ($180.09 in chips)
leungting684: posts small blind $1
B_loJkl: posts big blind $3
*** HOLE CARDS ***
everlyn leaves the table
leungting684: calls $2
B_loJkl: checks
*** FLOP *** [Qd Kh 6d]
B_loJkl: checks
leungting684: checks
*** TURN *** [Qd Kh 6d] [7d]
B_loJkl: checks
leungting684: checks
*** RIVER *** [Qd Kh 6d 7d] [Ah]
B_loJkl: checks
leungting684: bets $6
B_loJkl: folds
Uncalled bet ($6) returned to leungting684
leungting684 collected $5.88 from pot
leungting684: doesn't show hand
*** SUMMARY ***
Total pot $6 | Rake $0.12
Board [Qd Kh 6d 7d Ah]
Seat 1: leungting684 (button) (small blind) collected ($5.88)
Seat 2: B_loJkl (big blind) folded on the River


PokerStars Hand #168732991191:  Hold'em Limit ($3/$6 USD) - 2017/04/07 23:17:11 ET
Table 'Basilea' 10-max Seat #2 is the button
Seat 1: leungting684 ($88.91 in chips)
Seat 2: B_loJkl ($156.59 in chips)
B_loJkl: posts small blind $1
leungting684: posts big blind $3
*** HOLE CARDS ***
B_loJkl: raises $3 to $6
leungting684: raises $3 to $9
B_loJkl: calls $3
*** FLOP *** [6s Jc 8d]
leungting684: bets $3
B_loJkl: calls $3
*** TURN *** [6s Jc 8d] [9d]
leungting684: bets $6
B_loJkl: calls $6
*** RIVER *** [6s Jc 8d 9d] [7s]
leungting684: bets $6
B_loJkl: calls $6
*** SHOW DOWN ***
leungting684: shows [As Jh] (a pair of Jacks)
B_loJkl: shows [9s 8h] (two pair, Nines and Eights)
B_loJkl collected $47.50 from pot
*** SUMMARY ***
Total pot $48 | Rake $0.50
Board [6s Jc 8d 9d 7s]
Seat 1: leungting684 (big blind) showed [As Jh] and lost with a pair of Jacks
Seat 2: B_loJkl (button) (small blind) showed [9s 8h] and won ($47.50) with two pair, Nines and Eights


PokerStars Hand #168733013926:  Hold'em Limit ($3/$6 USD) - 2017/04/07 23:18:07 ET
Table 'Basilea' 10-max Seat #2 is the button
Seat 1: leungting684 ($67.79 in chips)
Seat 2: B_loJkl ($177.09 in chips)
B_loJkl: posts small blind $1
leungting684: posts big blind $3
*** HOLE CARDS ***
B_loJkl: raises $3 to $6
leungting684: calls $3
*** FLOP *** [9d 9s 8h]
leungting684: checks
B_loJkl: bets $3
leungting684: folds
Uncalled bet ($3) returned to B_loJkl
B_loJkl collected $11.76 from pot
B_loJkl: doesn't show hand
*** SUMMARY ***
Total pot $12 | Rake $0.24
Board [9d 9s 8h]
Seat 1: leungting684 (big blind) folded on the Flop
Seat 2: B_loJkl (button) (small blind) collected ($11.76)


PokerStars Hand #168733022586:  Hold'em Limit ($3/$6 USD) - 2017/04/07 23:18:33 ET
Table 'Basilea' 10-max Seat #2 is the button
Seat 1: leungting684 ($64.79 in chips)
Seat 2: B_loJkl ($179.85 in chips)
B_loJkl: posts small blind $1
leungting684: posts big blind $3
*** HOLE CARDS ***
B_loJkl: raises $3 to $6
leungting684: calls $3
*** FLOP *** [3h 3d 5c]
leungting684: checks
B_loJkl: bets $3
leungting684: calls $3
*** TURN *** [3h 3d 5c] [6s]
leungting684: bets $6
B_loJkl: calls $6
*** RIVER *** [3h 3d 5c 6s] [2h]
leungting684: bets $6
B_loJkl: raises $6 to $12
leungting684: calls $6
*** SHOW DOWN ***
B_loJkl: shows [Js 4s] (a straight, Deuce to Six)
leungting684: mucks hand
B_loJkl collected $53.50 from pot
*** SUMMARY ***
Total pot $54 | Rake $0.50
Board [3h 3d 5c 6s 2h]
Seat 1: leungting684 (big blind) mucked
Seat 2: B_loJkl (button) (small blind) showed [Js 4s] and won ($53.50) with a straight, Deuce to Six


PokerStars Hand #168733018937:  Hold'em Limit ($3/$6 USD) - 2017/04/07 23:18:22 ET
Table 'Basilea' 10-max Seat #1 is the button
Seat 1: leungting684 ($61.79 in chips)
Seat 2: B_loJkl ($182.85 in chips)
leungting684: posts small blind $1
B_loJkl: posts big blind $3
*** HOLE CARDS ***
leungting684: raises $3 to $6
B_loJkl: folds
Uncalled bet ($3) returned to leungting684
leungting684 collected $6 from pot
leungting684: doesn't show hand
*** SUMMARY ***
Total pot $6 | Rake $0
Seat 1: leungting684 (button) (small blind) collected ($6)
Seat 2: B_loJkl (big blind) folded before Flop


PokerStars Hand #168733031988:  Hold'em Limit ($3/$6 USD) - 2017/04/07 23:19:00 ET
Table 'Basilea' 10-max Seat #1 is the button
Seat 1: leungting684 ($37.79 in chips)
Seat 2: B_loJkl ($206.35 in chips)
leungting684: posts small blind $1
B_loJkl: posts big blind $3
*** HOLE CARDS ***
leungting684: calls $2
B_loJkl: raises $3 to $6
leungting684: calls $3
*** FLOP *** [2c 3d 4d]
B_loJkl: checks
leungting684: bets $3
B_loJkl: calls $3
*** TURN *** [2c 3d 4d] [6h]
B_loJkl: checks
leungting684: bets $6
B_loJkl: calls $6
*** RIVER *** [2c 3d 4d 6h] [Qs]
B_loJkl: checks
leungting684: bets $6
B_loJkl: calls $6
*** SHOW DOWN ***
leungting684: shows [3h 8h] (a pair of Threes)
B_loJkl: shows [6c Ah] (a pair of Sixes)
B_loJkl collected $41.50 from pot
*** SUMMARY ***
Total pot $42 | Rake $0.50
Board [2c 3d 4d 6h Qs]
Seat 1: leungting684 (button) (small blind) showed [3h 8h] and lost with a pair of Threes
Seat 2: B_loJkl (big blind) showed [6c Ah] and won ($41.50) with a pair of Sixes


PokerStars Hand #168733042717:  Hold'em Limit ($3/$6 USD) - 2017/04/07 23:19:32 ET
Table 'Basilea' 10-max Seat #2 is the button
Seat 1: leungting684 ($16.79 in chips)
Seat 2: B_loJkl ($226.85 in chips)
B_loJkl: posts small blind $1
leungting684: posts big blind $3
*** HOLE CARDS ***
B_loJkl: raises $3 to $6
leungting684: calls $3
*** FLOP *** [4h Qh 3c]
leungting684: bets $3
B_loJkl: calls $3
*** TURN *** [4h Qh 3c] [2s]
leungting684: bets $6
B_loJkl: raises $6 to $12
leungting684: calls $1.79 and is all-in
Uncalled bet ($4.21) returned to B_loJkl
*** RIVER *** [4h Qh 3c 2s] [5s]
*** SHOW DOWN ***
leungting684: shows [Kh 4c] (a pair of Fours)
B_loJkl: shows [9d Ac] (a straight, Ace to Five)
B_loJkl collected $33.08 from pot
*** SUMMARY ***
Total pot $33.58 | Rake $0.50
Board [4h Qh 3c 2s 5s]
Seat 1: leungting684 (big blind) showed [Kh 4c] and lost with a pair of Fours
Seat 2: B_loJkl (button) (small blind) showed [9d Ac] and won ($33.08) with a straight, Ace to Five


