PokerStars Hand #155508518031:  Hold'em Limit ($3/$6 USD) - 2016/07/03 11:08:28 ET
Table 'Basilea' 6-max Seat #4 is the button
Seat 4: VolkovDmitri ($137.50 in chips)
Seat 6: barranqueiro ($102 in chips)
VolkovDmitri: posts small blind $1
barranqueiro: posts big blind $3
*** HOLE CARDS ***
VolkovDmitri: raises $3 to $6
barranqueiro: folds
Uncalled bet ($3) returned to VolkovDmitri
VolkovDmitri collected $6 from pot
VolkovDmitri: doesn't show hand
*** SUMMARY ***
Total pot $6 | Rake $0
Seat 4: VolkovDmitri (button) (small blind) collected ($6)
Seat 6: barranqueiro (big blind) folded before Flop


PokerStars Hand #155508498105:  Hold'em Limit ($3/$6 USD) - 2016/07/03 11:07:59 ET
Table 'Basilea' 6-max Seat #6 is the button
Seat 4: VolkovDmitri ($120 in chips)
Seat 6: barranqueiro ($120 in chips)
barranqueiro: posts small blind $1
VolkovDmitri: posts big blind $3
*** HOLE CARDS ***
barranqueiro: raises $3 to $6
VolkovDmitri: calls $3
*** FLOP *** [9s 8d Qs]
VolkovDmitri: checks
barranqueiro: bets $3
VolkovDmitri: raises $3 to $6
Fess7791 joins the table at seat #1
barranqueiro: calls $3
*** TURN *** [9s 8d Qs] [Ah]
VolkovDmitri: bets $6
barranqueiro: calls $6
*** RIVER *** [9s 8d Qs Ah] [5s]
VolkovDmitri: bets $6
barranqueiro: folds
Uncalled bet ($6) returned to VolkovDmitri
VolkovDmitri collected $35.50 from pot
VolkovDmitri: doesn't show hand
*** SUMMARY ***
Total pot $36 | Rake $0.50
Board [9s 8d Qs Ah 5s]
Seat 4: VolkovDmitri (big blind) collected ($35.50)
Seat 6: barranqueiro (button) (small blind) folded on the River


PokerStars Hand #155508531194:  Hold'em Limit ($3/$6 USD) - 2016/07/03 11:08:47 ET
Table 'Basilea' 6-max Seat #6 is the button
Seat 1: Fess7791 ($60 in chips)
Seat 6: barranqueiro ($103 in chips)
barranqueiro: posts small blind $1
Fess7791: posts big blind $3
*** HOLE CARDS ***
barranqueiro: raises $3 to $6
Fess7791: raises $3 to $9
barranqueiro: calls $3
*** FLOP *** [Th 5d 8h]
Fess7791: bets $3
barranqueiro: raises $3 to $6
Fess7791: raises $3 to $9
barranqueiro: calls $3
*** TURN *** [Th 5d 8h] [9d]
Fess7791: bets $6
barranqueiro: calls $6
*** RIVER *** [Th 5d 8h 9d] [Td]
Fess7791: bets $6
barranqueiro: calls $6
*** SHOW DOWN ***
Fess7791: shows [Qs Qh] (two pair, Queens and Tens)
barranqueiro: mucks hand
Fess7791 collected $59.50 from pot
*** SUMMARY ***
Total pot $60 | Rake $0.50
Board [Th 5d 8h 9d Td]
Seat 1: Fess7791 (big blind) showed [Qs Qh] and won ($59.50) with two pair, Queens and Tens
Seat 6: barranqueiro (button) (small blind) mucked


PokerStars Hand #155508527716:  Hold'em Limit ($3/$6 USD) - 2016/07/03 11:08:42 ET
Table 'Basilea' 6-max Seat #1 is the button
Seat 1: Fess7791 ($60 in chips)
Seat 6: barranqueiro ($102 in chips)
Fess7791: posts small blind $1
barranqueiro: posts big blind $3
*** HOLE CARDS ***
Makomar joins the table at seat #2
Fess7791: folds
Uncalled bet ($2) returned to barranqueiro
barranqueiro collected $2 from pot
*** SUMMARY ***
Total pot $2 | Rake $0
Seat 1: Fess7791 (button) (small blind) folded before Flop
Seat 6: barranqueiro (big blind) collected ($2)


PokerStars Hand #155508522092:  Hold'em Limit ($3/$6 USD) - 2016/07/03 11:08:34 ET
Table 'Basilea' 6-max Seat #6 is the button
Seat 1: Fess7791 ($60 in chips)
Seat 6: barranqueiro ($99 in chips)
barranqueiro: posts small blind $1
Fess7791: posts big blind $3
*** HOLE CARDS ***
VolkovDmitri leaves the table
barranqueiro: raises $3 to $6
Fess7791: folds
Uncalled bet ($3) returned to barranqueiro
barranqueiro collected $6 from pot
*** SUMMARY ***
Total pot $6 | Rake $0
Seat 1: Fess7791 (big blind) folded before Flop
Seat 6: barranqueiro (button) (small blind) collected ($6)


