PokerStars Hand #156363862522:  Hold'em Limit ($3/$6 USD) - 2016/07/23 21:54:45 ET
Table 'Bateson' 10-max Seat #6 is the button
Seat 5: simper11 ($138.14 in chips)
Seat 6: Scheubi88 ($146.78 in chips)
Scheubi88: posts small blind $1
simper11: posts big blind $3
*** HOLE CARDS ***
Scheubi88: raises $3 to $6
simper11: calls $3
*** FLOP *** [Th Qd 4s]
simper11: checks
Scheubi88: checks
*** TURN *** [Th Qd 4s] [9h]
simper11: checks
Scheubi88: checks
*** RIVER *** [Th Qd 4s 9h] [4h]
simper11: checks
Scheubi88: checks
*** SHOW DOWN ***
simper11: shows [6d Ah] (a pair of Fours)
Scheubi88: mucks hand
simper11 collected $11.76 from pot
*** SUMMARY ***
Total pot $12 | Rake $0.24
Board [Th Qd 4s 9h 4h]
Seat 5: simper11 (big blind) showed [6d Ah] and won ($11.76) with a pair of Fours
Seat 6: Scheubi88 (button) (small blind) mucked


PokerStars Hand #156363869525:  Hold'em Limit ($3/$6 USD) - 2016/07/23 21:55:05 ET
Table 'Bateson' 10-max Seat #5 is the button
Seat 5: simper11 ($143.90 in chips)
Seat 6: Scheubi88 ($140.78 in chips)
simper11: posts small blind $1
Scheubi88: posts big blind $3
*** HOLE CARDS ***
simper11: raises $3 to $6
Scheubi88: calls $3
*** FLOP *** [Qd 2s 9c]
Scheubi88: checks
simper11: bets $3
Scheubi88: folds
Uncalled bet ($3) returned to simper11
simper11 collected $11.76 from pot
simper11: doesn't show hand
*** SUMMARY ***
Total pot $12 | Rake $0.24
Board [Qd 2s 9c]
Seat 5: simper11 (button) (small blind) collected ($11.76)
Seat 6: Scheubi88 (big blind) folded on the Flop


PokerStars Hand #156363872855:  Hold'em Limit ($3/$6 USD) - 2016/07/23 21:55:16 ET
Table 'Bateson' 10-max Seat #6 is the button
Seat 5: simper11 ($149.66 in chips)
Seat 6: Scheubi88 ($134.78 in chips)
Scheubi88: posts small blind $1
simper11: posts big blind $3
*** HOLE CARDS ***
Scheubi88: raises $3 to $6
simper11: calls $3
*** FLOP *** [Kc 9d Ah]
simper11: checks
Scheubi88: bets $3
simper11: folds
Uncalled bet ($3) returned to Scheubi88
Scheubi88 collected $11.76 from pot
Scheubi88: doesn't show hand
*** SUMMARY ***
Total pot $12 | Rake $0.24
Board [Kc 9d Ah]
Seat 5: simper11 (big blind) folded on the Flop
Seat 6: Scheubi88 (button) (small blind) collected ($11.76)


PokerStars Hand #156363901586:  Hold'em Limit ($3/$6 USD) - 2016/07/23 21:56:29 ET
Table 'Bateson' 10-max Seat #5 is the button
Seat 5: simper11 ($157.66 in chips)
Seat 6: Scheubi88 ($124.94 in chips)
simper11: posts small blind $1
Scheubi88: posts big blind $3
*** HOLE CARDS ***
simper11: raises $3 to $6
Scheubi88: raises $3 to $9
simper11: calls $3
*** FLOP *** [6d 3d 7h]
Scheubi88: bets $3
simper11: folds
Uncalled bet ($3) returned to Scheubi88
Scheubi88 collected $17.64 from pot
Scheubi88: doesn't show hand
*** SUMMARY ***
Total pot $18 | Rake $0.36
Board [6d 3d 7h]
Seat 5: simper11 (button) (small blind) folded on the Flop
Seat 6: Scheubi88 (big blind) collected ($17.64)


PokerStars Hand #156363897956:  Hold'em Limit ($3/$6 USD) - 2016/07/23 21:56:17 ET
Table 'Bateson' 10-max Seat #6 is the button
Seat 5: simper11 ($163.66 in chips)
Seat 6: Scheubi88 ($119.18 in chips)
Scheubi88: posts small blind $1
simper11: posts big blind $3
*** HOLE CARDS ***
Scheubi88: raises $3 to $6
simper11: calls $3
*** FLOP *** [7h Jd 7d]
simper11: checks
Scheubi88: bets $3
simper11: folds
Uncalled bet ($3) returned to Scheubi88
Scheubi88 collected $11.76 from pot
Scheubi88: doesn't show hand
*** SUMMARY ***
Total pot $12 | Rake $0.24
Board [7h Jd 7d]
Seat 5: simper11 (big blind) folded on the Flop
Seat 6: Scheubi88 (button) (small blind) collected ($11.76)


PokerStars Hand #156363880320:  Hold'em Limit ($3/$6 USD) - 2016/07/23 21:55:41 ET
Table 'Bateson' 10-max Seat #6 is the button
Seat 5: simper11 ($161.16 in chips)
Seat 6: Scheubi88 ($122.54 in chips)
Scheubi88: posts small blind $1
simper11: posts big blind $3
*** HOLE CARDS ***
Scheubi88: raises $3 to $6
simper11: folds
Uncalled bet ($3) returned to Scheubi88
Scheubi88 collected $6 from pot
Scheubi88: doesn't show hand
*** SUMMARY ***
Total pot $6 | Rake $0
Seat 5: simper11 (big blind) folded before Flop
Seat 6: Scheubi88 (button) (small blind) collected ($6)


PokerStars Hand #156363875483:  Hold'em Limit ($3/$6 USD) - 2016/07/23 21:55:25 ET
Table 'Bateson' 10-max Seat #5 is the button
Seat 5: simper11 ($143.66 in chips)
Seat 6: Scheubi88 ($140.54 in chips)
simper11: posts small blind $1
Scheubi88: posts big blind $3
*** HOLE CARDS ***
simper11: raises $3 to $6
Scheubi88: calls $3
*** FLOP *** [7s As 9c]
Scheubi88: checks
simper11: checks
*** TURN *** [7s As 9c] [7h]
Scheubi88: bets $6
simper11: calls $6
*** RIVER *** [7s As 9c 7h] [8h]
Scheubi88: bets $6
simper11: calls $6
*** SHOW DOWN ***
Scheubi88: shows [Jc 6c] (a pair of Sevens)
simper11: shows [Jd 9d] (two pair, Nines and Sevens)
simper11 collected $35.50 from pot
*** SUMMARY ***
Total pot $36 | Rake $0.50
Board [7s As 9c 7h 8h]
Seat 5: simper11 (button) (small blind) showed [Jd 9d] and won ($35.50) with two pair, Nines and Sevens
Seat 6: Scheubi88 (big blind) showed [Jc 6c] and lost with a pair of Sevens


PokerStars Hand #156363881915:  Hold'em Limit ($3/$6 USD) - 2016/07/23 21:55:47 ET
Table 'Bateson' 10-max Seat #5 is the button
Seat 5: simper11 ($158.16 in chips)
Seat 6: Scheubi88 ($125.54 in chips)
simper11: posts small blind $1
Scheubi88: posts big blind $3
*** HOLE CARDS ***
simper11: raises $3 to $6
Scheubi88: raises $3 to $9
simper11: calls $3
*** FLOP *** [Ks 6c 5h]
Scheubi88: bets $3
simper11: folds
Uncalled bet ($3) returned to Scheubi88
Scheubi88 collected $17.64 from pot
Scheubi88: doesn't show hand
*** SUMMARY ***
Total pot $18 | Rake $0.36
Board [Ks 6c 5h]
Seat 5: simper11 (button) (small blind) folded on the Flop
Seat 6: Scheubi88 (big blind) collected ($17.64)


PokerStars Hand #156363891681:  Hold'em Limit ($3/$6 USD) - 2016/07/23 21:55:56 ET
Table 'Bateson' 10-max Seat #6 is the button
Seat 5: simper11 ($149.16 in chips)
Seat 6: Scheubi88 ($134.18 in chips)
Scheubi88: posts small blind $1
simper11: posts big blind $3
*** HOLE CARDS ***
Scheubi88: raises $3 to $6
simper11: folds
Uncalled bet ($3) returned to Scheubi88
Scheubi88 collected $6 from pot
Scheubi88: doesn't show hand
*** SUMMARY ***
Total pot $6 | Rake $0
Seat 5: simper11 (big blind) folded before Flop
Seat 6: Scheubi88 (button) (small blind) collected ($6)


PokerStars Hand #156363893716:  Hold'em Limit ($3/$6 USD) - 2016/07/23 21:56:03 ET
Table 'Bateson' 10-max Seat #5 is the button
Seat 5: simper11 ($146.16 in chips)
Seat 6: Scheubi88 ($137.18 in chips)
simper11: posts small blind $1
Scheubi88: posts big blind $3
*** HOLE CARDS ***
simper11: raises $3 to $6
Scheubi88: raises $3 to $9
simper11: calls $3
*** FLOP *** [2d Jc Jd]
Scheubi88: bets $3
simper11: calls $3
*** TURN *** [2d Jc Jd] [5d]
Scheubi88: bets $6
simper11: calls $6
*** RIVER *** [2d Jc Jd 5d] [2h]
Scheubi88: checks
simper11: checks
*** SHOW DOWN ***
Scheubi88: shows [Ks Qs] (two pair, Jacks and Deuces)
simper11: shows [Ah 9s] (two pair, Jacks and Deuces - Ace kicker)
simper11 collected $35.50 from pot
*** SUMMARY ***
Total pot $36 | Rake $0.50
Board [2d Jc Jd 5d 2h]
Seat 5: simper11 (button) (small blind) showed [Ah 9s] and won ($35.50) with two pair, Jacks and Deuces
Seat 6: Scheubi88 (big blind) showed [Ks Qs] and lost with two pair, Jacks and Deuces


PokerStars Hand #156363904152:  Hold'em Limit ($3/$6 USD) - 2016/07/23 21:56:38 ET
Table 'Bateson' 10-max Seat #6 is the button
Seat 5: simper11 ($148.66 in chips)
Seat 6: Scheubi88 ($133.58 in chips)
Scheubi88: posts small blind $1
simper11: posts big blind $3
*** HOLE CARDS ***
Scheubi88: raises $3 to $6
simper11: calls $3
*** FLOP *** [8d Ts Js]
simper11: checks
Scheubi88: bets $3
simper11: folds
Uncalled bet ($3) returned to Scheubi88
Scheubi88 collected $11.76 from pot
Scheubi88: doesn't show hand
*** SUMMARY ***
Total pot $12 | Rake $0.24
Board [8d Ts Js]
Seat 5: simper11 (big blind) folded on the Flop
Seat 6: Scheubi88 (button) (small blind) collected ($11.76)


PokerStars Hand #156363907864:  Hold'em Limit ($3/$6 USD) - 2016/07/23 21:56:50 ET
Table 'Bateson' 10-max Seat #5 is the button
Seat 5: simper11 ($142.66 in chips)
Seat 6: Scheubi88 ($139.34 in chips)
simper11: posts small blind $1
Scheubi88: posts big blind $3
*** HOLE CARDS ***
simper11: raises $3 to $6
Scheubi88: calls $3
*** FLOP *** [3h Ah 9h]
Scheubi88: checks
simper11: bets $3
Scheubi88: calls $3
*** TURN *** [3h Ah 9h] [6s]
Scheubi88: checks
simper11: bets $6
Scheubi88: calls $6
*** RIVER *** [3h Ah 9h 6s] [3d]
Scheubi88: checks
simper11: checks
*** SHOW DOWN ***
Scheubi88: shows [Ts 4h] (a pair of Threes)
simper11: shows [6c Kh] (two pair, Sixes and Threes)
simper11 collected $29.50 from pot
*** SUMMARY ***
Total pot $30 | Rake $0.50
Board [3h Ah 9h 6s 3d]
Seat 5: simper11 (button) (small blind) showed [6c Kh] and won ($29.50) with two pair, Sixes and Threes
Seat 6: Scheubi88 (big blind) showed [Ts 4h] and lost with a pair of Threes


PokerStars Hand #156363912336:  Hold'em Limit ($3/$6 USD) - 2016/07/23 21:57:05 ET
Table 'Bateson' 10-max Seat #6 is the button
Seat 5: simper11 ($157.16 in chips)
Seat 6: Scheubi88 ($124.34 in chips)
Scheubi88: posts small blind $1
simper11: posts big blind $3
*** HOLE CARDS ***
Scheubi88: raises $3 to $6
simper11: raises $3 to $9
Scheubi88: calls $3
*** FLOP *** [Jd 9d Qd]
simper11: bets $3
Scheubi88: folds
Uncalled bet ($3) returned to simper11
simper11 collected $17.64 from pot
simper11: doesn't show hand
*** SUMMARY ***
Total pot $18 | Rake $0.36
Board [Jd 9d Qd]
Seat 5: simper11 (big blind) collected ($17.64)
Seat 6: Scheubi88 (button) (small blind) folded on the Flop


PokerStars Hand #156363916562:  Hold'em Limit ($3/$6 USD) - 2016/07/23 21:57:19 ET
Table 'Bateson' 10-max Seat #5 is the button
Seat 5: simper11 ($165.80 in chips)
Seat 6: Scheubi88 ($115.34 in chips)
simper11: posts small blind $1
Scheubi88: posts big blind $3
*** HOLE CARDS ***
simper11: raises $3 to $6
Scheubi88: raises $3 to $9
simper11: calls $3
*** FLOP *** [Th 7s Ad]
Scheubi88: bets $3
simper11: folds
Uncalled bet ($3) returned to Scheubi88
Scheubi88 collected $17.64 from pot
Scheubi88: doesn't show hand
*** SUMMARY ***
Total pot $18 | Rake $0.36
Board [Th 7s Ad]
Seat 5: simper11 (button) (small blind) folded on the Flop
Seat 6: Scheubi88 (big blind) collected ($17.64)


