PokerStars Hand #147557734608:  Hold'em Limit ($3/$6 USD) - 2016/01/23 16:19:00 ET
Table 'Bateson II' 6-max Seat #5 is the button
Seat 3: n0xberry ($139.11 in chips)
Seat 5: scorpio04 ($249.74 in chips)
scorpio04: posts small blind $1
n0xberry: posts big blind $3
*** HOLE CARDS ***
scorpio04: raises $3 to $6
n0xberry: calls $3
*** FLOP *** [8h 8d 4h]
n0xberry: checks
scorpio04: bets $3
n0xberry: folds
Uncalled bet ($3) returned to scorpio04
scorpio04 collected $11.76 from pot
scorpio04: doesn't show hand
*** SUMMARY ***
Total pot $12 | Rake $0.24
Board [8h 8d 4h]
Seat 3: n0xberry (big blind) folded on the Flop
Seat 5: scorpio04 (button) (small blind) collected ($11.76)


PokerStars Hand #147557730400:  Hold'em Limit ($3/$6 USD) - 2016/01/23 16:18:56 ET
Table 'Bateson II' 6-max Seat #3 is the button
Seat 3: n0xberry ($140.11 in chips)
Seat 5: scorpio04 ($248.74 in chips)
n0xberry: posts small blind $1
scorpio04: posts big blind $3
*** HOLE CARDS ***
n0xberry: folds
Uncalled bet ($2) returned to scorpio04
scorpio04 collected $2 from pot
scorpio04: doesn't show hand
*** SUMMARY ***
Total pot $2 | Rake $0
Seat 3: n0xberry (button) (small blind) folded before Flop
Seat 5: scorpio04 (big blind) collected ($2)


PokerStars Hand #147557711982:  Hold'em Limit ($3/$6 USD) - 2016/01/23 16:18:38 ET
Table 'Bateson II' 6-max Seat #5 is the button
Seat 3: n0xberry ($146.11 in chips)
Seat 5: scorpio04 ($242.98 in chips)
scorpio04: posts small blind $1
n0xberry: posts big blind $3
*** HOLE CARDS ***
wxcvnb leaves the table
scorpio04: raises $3 to $6
n0xberry: calls $3
*** FLOP *** [5s Kc Js]
n0xberry: checks
scorpio04: bets $3
n0xberry: folds
Uncalled bet ($3) returned to scorpio04
scorpio04 collected $11.76 from pot
scorpio04: doesn't show hand
*** SUMMARY ***
Total pot $12 | Rake $0.24
Board [5s Kc Js]
Seat 3: n0xberry (big blind) folded on the Flop
Seat 5: scorpio04 (button) (small blind) collected ($11.76)


PokerStars Hand #147557752737:  Hold'em Limit ($3/$6 USD) - 2016/01/23 16:19:17 ET
Table 'Bateson II' 6-max Seat #3 is the button
Seat 3: n0xberry ($133.11 in chips)
Seat 5: scorpio04 ($255.50 in chips)
n0xberry: posts small blind $1
scorpio04: posts big blind $3
*** HOLE CARDS ***
n0xberry: raises $3 to $6
scorpio04: calls $3
*** FLOP *** [3h 8c 2h]
scorpio04: checks
n0xberry: bets $3
scorpio04: calls $3
*** TURN *** [3h 8c 2h] [3s]
scorpio04: checks
n0xberry: bets $6
scorpio04: folds
Uncalled bet ($6) returned to n0xberry
Thanks84 joins the table at seat #4
n0xberry collected $17.64 from pot
n0xberry: doesn't show hand
*** SUMMARY ***
Total pot $18 | Rake $0.36
Board [3h 8c 2h 3s]
Seat 3: n0xberry (button) (small blind) collected ($17.64)
Seat 5: scorpio04 (big blind) folded on the Turn


PokerStars Hand #147557780744:  Hold'em Limit ($3/$6 USD) - 2016/01/23 16:19:44 ET
Table 'Bateson II' 6-max Seat #5 is the button
Seat 3: n0xberry ($141.75 in chips)
Seat 5: scorpio04 ($246.50 in chips)
scorpio04: posts small blind $1
n0xberry: posts big blind $3
*** HOLE CARDS ***
scorpio04: folds
Uncalled bet ($2) returned to n0xberry
n0xberry collected $2 from pot
n0xberry: doesn't show hand
*** SUMMARY ***
Total pot $2 | Rake $0
Seat 3: n0xberry (big blind) collected ($2)
Seat 5: scorpio04 (button) (small blind) folded before Flop


