PokerStars Hand #147519829543:  Hold'em Limit ($3/$6 USD) - 2016/01/23 1:56:13 ET
Table 'Bateson' 10-max Seat #6 is the button
Seat 6: Agrotait ($72 in chips)
Seat 7: Darts ($78 in chips)
Agrotait: posts small blind $1
Darts: posts big blind $3
*** HOLE CARDS ***
Agrotait: raises $3 to $6
Darts: calls $3
*** FLOP *** [7h 7s Js]
Darts: checks
Agrotait: bets $3
Darts: raises $3 to $6
Agrotait: calls $3
*** TURN *** [7h 7s Js] [3h]
Darts: bets $6
Agrotait: calls $6
*** RIVER *** [7h 7s Js 3h] [8s]
Darts: bets $6
Agrotait: folds
Uncalled bet ($6) returned to Darts
Darts collected $35.50 from pot
Darts: doesn't show hand
*** SUMMARY ***
Total pot $36 | Rake $0.50
Board [7h 7s Js 3h 8s]
Seat 6: Agrotait (button) (small blind) folded on the River
Seat 7: Darts (big blind) collected ($35.50)


PokerStars Hand #147519839564:  Hold'em Limit ($3/$6 USD) - 2016/01/23 1:56:50 ET
Table 'Bateson' 10-max Seat #7 is the button
Seat 6: Agrotait ($72 in chips)
Seat 7: Darts ($95.50 in chips)
Darts: posts small blind $1
Agrotait: posts big blind $3
*** HOLE CARDS ***
Darts: raises $3 to $6
Agrotait: calls $3
*** FLOP *** [2c 2d Jh]
Agrotait: checks
Darts: bets $3
Agrotait: folds
Uncalled bet ($3) returned to Darts
Darts collected $11.76 from pot
Darts: doesn't show hand
*** SUMMARY ***
Total pot $12 | Rake $0.24
Board [2c 2d Jh]
Seat 6: Agrotait (big blind) folded on the Flop
Seat 7: Darts (button) (small blind) collected ($11.76)


PokerStars Hand #147519854533:  Hold'em Limit ($3/$6 USD) - 2016/01/23 1:57:45 ET
Table 'Bateson' 10-max Seat #7 is the button
Seat 6: Agrotait ($86.50 in chips)
Seat 7: Darts ($80.26 in chips)
Darts: posts small blind $1
Agrotait: posts big blind $3
*** HOLE CARDS ***
Darts: folds
Uncalled bet ($2) returned to Agrotait
Agrotait collected $2 from pot
Agrotait: doesn't show hand
*** SUMMARY ***
Total pot $2 | Rake $0
Seat 6: Agrotait (big blind) collected ($2)
Seat 7: Darts (button) (small blind) folded before Flop


PokerStars Hand #147519844584:  Hold'em Limit ($3/$6 USD) - 2016/01/23 1:57:09 ET
Table 'Bateson' 10-max Seat #6 is the button
Seat 6: Agrotait ($66 in chips)
Seat 7: Darts ($101.26 in chips)
Agrotait: posts small blind $1
Darts: posts big blind $3
*** HOLE CARDS ***
Agrotait: raises $3 to $6
Darts: calls $3
*** FLOP *** [9d 7h 8h]
Darts: checks
Agrotait: bets $3
Darts: calls $3
*** TURN *** [9d 7h 8h] [Kc]
Darts: checks
Agrotait: bets $6
Darts: calls $6
*** RIVER *** [9d 7h 8h Kc] [3s]
Darts: bets $6
Agrotait: raises $6 to $12
Darts: folds
Uncalled bet ($6) returned to Agrotait
Agrotait collected $41.50 from pot
Agrotait: doesn't show hand
*** SUMMARY ***
Total pot $42 | Rake $0.50
Board [9d 7h 8h Kc 3s]
Seat 6: Agrotait (button) (small blind) collected ($41.50)
Seat 7: Darts (big blind) folded on the River


PokerStars Hand #147519872855:  Hold'em Limit ($3/$6 USD) - 2016/01/23 1:58:27 ET
Table 'Bateson' 10-max Seat #7 is the button
Seat 6: Agrotait ($66.50 in chips)
Seat 7: Darts ($99.76 in chips)
Darts: posts small blind $1
Agrotait: posts big blind $3
*** HOLE CARDS ***
Darts: calls $2
Agrotait: raises $3 to $6
Darts: calls $3
*** FLOP *** [As 9d Jc]
Agrotait: bets $3
Darts: folds
Uncalled bet ($3) returned to Agrotait
Agrotait collected $11.76 from pot
Agrotait: doesn't show hand
*** SUMMARY ***
Total pot $12 | Rake $0.24
Board [As 9d Jc]
Seat 6: Agrotait (big blind) collected ($11.76)
Seat 7: Darts (button) (small blind) folded on the Flop


PokerStars Hand #147519878653:  Hold'em Limit ($3/$6 USD) - 2016/01/23 1:58:46 ET
Table 'Bateson' 10-max Seat #6 is the button
Seat 6: Agrotait ($72.26 in chips)
Seat 7: Darts ($93.76 in chips)
Agrotait: posts small blind $1
Darts: posts big blind $3
*** HOLE CARDS ***
Agrotait: raises $3 to $6
Darts: calls $3
*** FLOP *** [4c 5h Ts]
Darts: checks
Agrotait: bets $3
Darts: folds
Uncalled bet ($3) returned to Agrotait
Agrotait collected $11.76 from pot
Agrotait: doesn't show hand
*** SUMMARY ***
Total pot $12 | Rake $0.24
Board [4c 5h Ts]
Seat 6: Agrotait (button) (small blind) collected ($11.76)
Seat 7: Darts (big blind) folded on the Flop


PokerStars Hand #147519883783:  Hold'em Limit ($3/$6 USD) - 2016/01/23 1:59:04 ET
Table 'Bateson' 10-max Seat #7 is the button
Seat 6: Agrotait ($78.02 in chips)
Seat 7: Darts ($87.76 in chips)
Darts: posts small blind $1
Agrotait: posts big blind $3
*** HOLE CARDS ***
Darts: raises $3 to $6
Agrotait: calls $3
*** FLOP *** [Kh 7c Ac]
Agrotait: checks
Darts: bets $3
Agrotait: calls $3
*** TURN *** [Kh 7c Ac] [Qd]
Agrotait: checks
Darts: bets $6
Agrotait: calls $6
*** RIVER *** [Kh 7c Ac Qd] [Kd]
Agrotait: checks
Darts: bets $6
Agrotait: calls $6
*** SHOW DOWN ***
Darts: shows [Js Ts] (a straight, Ten to Ace)
Agrotait: mucks hand
Darts collected $41.50 from pot
*** SUMMARY ***
Total pot $42 | Rake $0.50
Board [Kh 7c Ac Qd Kd]
Seat 6: Agrotait (big blind) mucked
Seat 7: Darts (button) (small blind) showed [Js Ts] and won ($41.50) with a straight, Ten to Ace


PokerStars Hand #147519904100:  Hold'em Limit ($3/$6 USD) - 2016/01/23 2:00:19 ET
Table 'Bateson' 10-max Seat #6 is the button
Seat 6: Agrotait ($72 in chips)
Seat 7: Darts ($108.26 in chips)
Agrotait: posts small blind $1
Darts: posts big blind $3
*** HOLE CARDS ***
Agrotait: raises $3 to $6
Darts: calls $3
*** FLOP *** [Ts 2c Js]
Darts: checks
Agrotait: bets $3
Darts: raises $3 to $6
Agrotait: calls $3
*** TURN *** [Ts 2c Js] [Qh]
Darts: bets $6
Agrotait: raises $6 to $12
Darts: calls $6
*** RIVER *** [Ts 2c Js Qh] [7s]
Darts: checks
Agrotait: bets $6
Darts: calls $6
*** SHOW DOWN ***
Agrotait: shows [Jd Qc] (two pair, Queens and Jacks)
Darts: shows [Jc Qs] (two pair, Queens and Jacks)
Darts collected $29.75 from pot
Agrotait collected $29.75 from pot
*** SUMMARY ***
Total pot $60 | Rake $0.50
Board [Ts 2c Js Qh 7s]
Seat 6: Agrotait (button) (small blind) showed [Jd Qc] and won ($29.75) with two pair, Queens and Jacks
Seat 7: Darts (big blind) showed [Jc Qs] and won ($29.75) with two pair, Queens and Jacks


PokerStars Hand #147519922448:  Hold'em Limit ($3/$6 USD) - 2016/01/23 2:01:24 ET
Table 'Bateson' 10-max Seat #6 is the button
Seat 6: Agrotait ($77.51 in chips)
Seat 7: Darts ($102.01 in chips)
Agrotait: posts small blind $1
Darts: posts big blind $3
*** HOLE CARDS ***
Agrotait: raises $3 to $6
Darts: calls $3
*** FLOP *** [2d 4c 8d]
Darts: checks
Agrotait: bets $3
Darts: raises $3 to $6
Agrotait: calls $3
*** TURN *** [2d 4c 8d] [3c]
Darts: bets $6
Agrotait: folds
Uncalled bet ($6) returned to Darts
Darts collected $23.52 from pot
Darts: doesn't show hand
*** SUMMARY ***
Total pot $24 | Rake $0.48
Board [2d 4c 8d 3c]
Seat 6: Agrotait (button) (small blind) folded on the Turn
Seat 7: Darts (big blind) collected ($23.52)


PokerStars Hand #147519917262:  Hold'em Limit ($3/$6 USD) - 2016/01/23 2:01:05 ET
Table 'Bateson' 10-max Seat #7 is the button
Seat 6: Agrotait ($71.75 in chips)
Seat 7: Darts ($108.01 in chips)
Darts: posts small blind $1
Agrotait: posts big blind $3
*** HOLE CARDS ***
Darts: calls $2
Agrotait: raises $3 to $6
Darts: calls $3
*** FLOP *** [Kh Ah 6h]
Agrotait: bets $3
Darts: folds
Uncalled bet ($3) returned to Agrotait
Agrotait collected $11.76 from pot
Agrotait: doesn't show hand
*** SUMMARY ***
Total pot $12 | Rake $0.24
Board [Kh Ah 6h]
Seat 6: Agrotait (big blind) collected ($11.76)
Seat 7: Darts (button) (small blind) folded on the Flop


PokerStars Hand #147519947584:  Hold'em Limit ($3/$6 USD) - 2016/01/23 2:02:45 ET
Table 'Bateson' 10-max Seat #7 is the button
Seat 6: Agrotait ($72 in chips)
Seat 7: Darts ($131.03 in chips)
Darts: posts small blind $1
Agrotait: posts big blind $3
*** HOLE CARDS ***
Darts: raises $3 to $6
Agrotait: folds
Uncalled bet ($3) returned to Darts
Darts collected $6 from pot
Darts: doesn't show hand
*** SUMMARY ***
Total pot $6 | Rake $0
Seat 6: Agrotait (big blind) folded before Flop
Seat 7: Darts (button) (small blind) collected ($6)


PokerStars Hand #147519934368:  Hold'em Limit ($3/$6 USD) - 2016/01/23 2:02:03 ET
Table 'Bateson' 10-max Seat #6 is the button
Seat 6: Agrotait ($62.51 in chips)
Seat 7: Darts ($116.53 in chips)
Agrotait: posts small blind $1
Darts: posts big blind $3
*** HOLE CARDS ***
Agrotait: raises $3 to $6
Darts: calls $3
*** FLOP *** [7h 8h Qc]
Darts: checks
Agrotait: bets $3
Darts: calls $3
*** TURN *** [7h 8h Qc] [9d]
Darts: bets $6
Agrotait: calls $6
*** RIVER *** [7h 8h Qc 9d] [7d]
Darts: bets $6
Agrotait: folds
Uncalled bet ($6) returned to Darts
Darts collected $29.50 from pot
Darts: doesn't show hand
*** SUMMARY ***
Total pot $30 | Rake $0.50
Board [7h 8h Qc 9d 7d]
Seat 6: Agrotait (button) (small blind) folded on the River
Seat 7: Darts (big blind) collected ($29.50)


PokerStars Hand #147519931261:  Hold'em Limit ($3/$6 USD) - 2016/01/23 2:01:53 ET
Table 'Bateson' 10-max Seat #7 is the button
Seat 6: Agrotait ($65.51 in chips)
Seat 7: Darts ($113.53 in chips)
Darts: posts small blind $1
Agrotait: posts big blind $3
*** HOLE CARDS ***
Darts: raises $3 to $6
Agrotait: folds
Uncalled bet ($3) returned to Darts
Darts collected $6 from pot
Darts: doesn't show hand
*** SUMMARY ***
Total pot $6 | Rake $0
Seat 6: Agrotait (big blind) folded before Flop
Seat 7: Darts (button) (small blind) collected ($6)


PokerStars Hand #147519952309:  Hold'em Limit ($3/$6 USD) - 2016/01/23 2:03:01 ET
Table 'Bateson' 10-max Seat #6 is the button
Seat 6: Agrotait ($69 in chips)
Seat 7: Darts ($134.03 in chips)
Agrotait: posts small blind $1
Darts: posts big blind $3
*** HOLE CARDS ***
Agrotait: raises $3 to $6
Darts: calls $3
*** FLOP *** [4d 6d 3d]
Darts: checks
Agrotait: bets $3
Darts said, "to slow"
Darts: raises $3 to $6
Agrotait: calls $3
*** TURN *** [4d 6d 3d] [5c]
Darts: bets $6
Agrotait: raises $6 to $12
Darts: calls $6
*** RIVER *** [4d 6d 3d 5c] [5s]
Darts: checks
Agrotait: bets $6
Darts: calls $6
*** SHOW DOWN ***
Agrotait: shows [7h Jd] (a straight, Three to Seven)
Darts: mucks hand
Agrotait collected $59.50 from pot
*** SUMMARY ***
Total pot $60 | Rake $0.50
Board [4d 6d 3d 5c 5s]
Seat 6: Agrotait (button) (small blind) showed [7h Jd] and won ($59.50) with a straight, Three to Seven
Seat 7: Darts (big blind) mucked


PokerStars Hand #147519970490:  Hold'em Limit ($3/$6 USD) - 2016/01/23 2:03:59 ET
Table 'Bateson' 10-max Seat #7 is the button
Seat 6: Agrotait ($98.50 in chips)
Seat 7: Darts ($104.03 in chips)
Darts: posts small blind $1
Agrotait: posts big blind $3
*** HOLE CARDS ***
Darts: raises $3 to $6
Agrotait: calls $3
*** FLOP *** [7d Tc 9c]
Agrotait: checks
Darts: bets $3
Agrotait: folds
Uncalled bet ($3) returned to Darts
Darts collected $11.76 from pot
Darts: doesn't show hand
*** SUMMARY ***
Total pot $12 | Rake $0.24
Board [7d Tc 9c]
Seat 6: Agrotait (big blind) folded on the Flop
Seat 7: Darts (button) (small blind) collected ($11.76)


