PokerStars Hand #156697434103:  Hold'em Limit ($3/$6 USD) - 2016/07/31 16:56:31 ET
Table 'Bathseba' 6-max Seat #4 is the button
Seat 1: Airbag999 ($128.64 in chips)
Seat 4: Great_Kang ($120 in chips)
Great_Kang: posts small blind $1
Airbag999: posts big blind $3
*** HOLE CARDS ***
Great_Kang: raises $3 to $6
Airbag999: raises $3 to $9
Great_Kang: calls $3
*** FLOP *** [6d 8h 9d]
Airbag999: bets $3
Great_Kang: calls $3
*** TURN *** [6d 8h 9d] [Ts]
Airbag999: checks
Great_Kang: bets $6
Airbag999: calls $6
*** RIVER *** [6d 8h 9d Ts] [7h]
Airbag999: checks
Great_Kang: checks
*** SHOW DOWN ***
Airbag999: shows [4d 4c] (a straight, Six to Ten)
Great_Kang: shows [7s Td] (a straight, Six to Ten)
Airbag999 collected $17.75 from pot
Great_Kang collected $17.75 from pot
*** SUMMARY ***
Total pot $36 | Rake $0.50
Board [6d 8h 9d Ts 7h]
Seat 1: Airbag999 (big blind) showed [4d 4c] and won ($17.75) with a straight, Six to Ten
Seat 4: Great_Kang (button) (small blind) showed [7s Td] and won ($17.75) with a straight, Six to Ten


PokerStars Hand #156697418573:  Hold'em Limit ($3/$6 USD) - 2016/07/31 16:56:06 ET
Table 'Bathseba' 6-max Seat #1 is the button
Seat 1: Airbag999 ($120 in chips)
Seat 4: Great_Kang ($120 in chips)
Airbag999: posts small blind $1
Great_Kang: posts big blind $3
*** HOLE CARDS ***
Airbag999: raises $3 to $6
Great_Kang: calls $3
*** FLOP *** [4h Ks Jh]
Great_Kang: checks
Airbag999: bets $3
Great_Kang: calls $3
*** TURN *** [4h Ks Jh] [6s]
Great_Kang: checks
Airbag999: bets $6
Great_Kang: folds
Uncalled bet ($6) returned to Airbag999
Airbag999 collected $17.64 from pot
Airbag999: doesn't show hand
*** SUMMARY ***
Total pot $18 | Rake $0.36
Board [4h Ks Jh 6s]
Seat 1: Airbag999 (button) (small blind) collected ($17.64)
Seat 4: Great_Kang (big blind) folded on the Turn


PokerStars Hand #156697462602:  Hold'em Limit ($3/$6 USD) - 2016/07/31 16:57:16 ET
Table 'Bathseba' 6-max Seat #4 is the button
Seat 1: Airbag999 ($134.15 in chips)
Seat 4: Great_Kang ($120 in chips)
Great_Kang: posts small blind $1
Airbag999: posts big blind $3
*** HOLE CARDS ***
Great_Kang: raises $3 to $6
Airbag999: calls $3
*** FLOP *** [8d Ad 2h]
Airbag999: checks
Great_Kang: bets $3
Airbag999: folds
Uncalled bet ($3) returned to Great_Kang
Great_Kang collected $11.76 from pot
Great_Kang: doesn't show hand
*** SUMMARY ***
Total pot $12 | Rake $0.24
Board [8d Ad 2h]
Seat 1: Airbag999 (big blind) folded on the Flop
Seat 4: Great_Kang (button) (small blind) collected ($11.76)


PokerStars Hand #156697453360:  Hold'em Limit ($3/$6 USD) - 2016/07/31 16:57:01 ET
Table 'Bathseba' 6-max Seat #1 is the button
Seat 1: Airbag999 ($128.39 in chips)
Seat 4: Great_Kang ($120 in chips)
Airbag999: posts small blind $1
Great_Kang: posts big blind $3
*** HOLE CARDS ***
Airbag999: raises $3 to $6
Great_Kang: calls $3
*** FLOP *** [9c 8h Jh]
Great_Kang: checks
Airbag999: bets $3
Great_Kang: folds
Uncalled bet ($3) returned to Airbag999
Airbag999 collected $11.76 from pot
Airbag999: doesn't show hand
*** SUMMARY ***
Total pot $12 | Rake $0.24
Board [9c 8h Jh]
Seat 1: Airbag999 (button) (small blind) collected ($11.76)
Seat 4: Great_Kang (big blind) folded on the Flop


PokerStars Hand #156697877030:  Hold'em Limit ($3/$6 USD) - 2016/07/31 17:06:04 ET
Table 'Bathseba' 6-max Seat #1 is the button
Seat 1: Airbag999 ($128.15 in chips)
Seat 2: _fayzulllo_ ($72 in chips)
Airbag999: posts small blind $1
_fayzulllo_: posts big blind $3
*** HOLE CARDS ***
Airbag999: raises $3 to $6
_fayzulllo_: calls $3
*** FLOP *** [Jc 5d 8c]
BuzovaPro joins the table at seat #3
_fayzulllo_: checks
Airbag999: bets $3
_fayzulllo_: folds
Uncalled bet ($3) returned to Airbag999
Airbag999 collected $11.76 from pot
*** SUMMARY ***
Total pot $12 | Rake $0.24
Board [Jc 5d 8c]
Seat 1: Airbag999 (button) (small blind) collected ($11.76)
Seat 2: _fayzulllo_ (big blind) folded on the Flop


PokerStars Hand #156699002657:  Hold'em Limit ($3/$6 USD) - 2016/07/31 17:25:00 ET
Table 'Bathseba' 6-max Seat #5 is the button
Seat 1: krytalex ($106.50 in chips)
Seat 5: Scheubi88 ($82.64 in chips)
Scheubi88: posts small blind $1
krytalex: posts big blind $3
*** HOLE CARDS ***
Scheubi88: raises $3 to $6
krytalex: calls $3
*** FLOP *** [9s Ac Jd]
krytalex: checks
Scheubi88: bets $3
krytalex: calls $3
*** TURN *** [9s Ac Jd] [4c]
krytalex: checks
Scheubi88: bets $6
krytalex: folds
Uncalled bet ($6) returned to Scheubi88
Scheubi88 collected $17.64 from pot
Scheubi88: doesn't show hand
*** SUMMARY ***
Total pot $18 | Rake $0.36
Board [9s Ac Jd 4c]
Seat 1: krytalex (big blind) folded on the Turn
Seat 5: Scheubi88 (button) (small blind) collected ($17.64)


PokerStars Hand #156698976421:  Hold'em Limit ($3/$6 USD) - 2016/07/31 17:24:34 ET
Table 'Bathseba' 6-max Seat #1 is the button
Seat 1: krytalex ($92 in chips)
Seat 5: Scheubi88 ($97.64 in chips)
krytalex: posts small blind $1
Airbag999: is sitting out
Scheubi88: posts big blind $3
*** HOLE CARDS ***
Airbag999 leaves the table
krytalex: raises $3 to $6
Scheubi88: calls $3
*** FLOP *** [3h 2h 2s]
Scheubi88: checks
krytalex: bets $3
Scheubi88: calls $3
*** TURN *** [3h 2h 2s] [7d]
Scheubi88: checks
krytalex: checks
*** RIVER *** [3h 2h 2s 7d] [Qc]
Scheubi88: bets $6
krytalex: calls $6
*** SHOW DOWN ***
Scheubi88: shows [4s Js] (a pair of Deuces)
krytalex: shows [Kc Ts] (a pair of Deuces - King kicker)
krytalex collected $29.50 from pot
*** SUMMARY ***
Total pot $30 | Rake $0.50
Board [3h 2h 2s 7d Qc]
Seat 1: krytalex (button) (small blind) showed [Kc Ts] and won ($29.50) with a pair of Deuces
Seat 5: Scheubi88 (big blind) showed [4s Js] and lost with a pair of Deuces


PokerStars Hand #156699032444:  Hold'em Limit ($3/$6 USD) - 2016/07/31 17:25:31 ET
Table 'Bathseba' 6-max Seat #1 is the button
Seat 1: krytalex ($97.50 in chips)
Seat 5: Scheubi88 ($91.28 in chips)
krytalex: posts small blind $1
Scheubi88: posts big blind $3
*** HOLE CARDS ***
krytalex: raises $3 to $6
Scheubi88: raises $3 to $9
krytalex: calls $3
*** FLOP *** [9h 6s 8s]
Scheubi88: bets $3
krytalex: raises $3 to $6
Scheubi88: calls $3
*** TURN *** [9h 6s 8s] [As]
Scheubi88: checks
krytalex: bets $6
Scheubi88: raises $6 to $12
krytalex: calls $6
*** RIVER *** [9h 6s 8s As] [Qh]
Scheubi88: bets $6
krytalex: raises $6 to $12
Scheubi88: calls $6
*** SHOW DOWN ***
krytalex: shows [Qd Qs] (three of a kind, Queens)
Scheubi88: mucks hand
krytalex collected $77.50 from pot
*** SUMMARY ***
Total pot $78 | Rake $0.50
Board [9h 6s 8s As Qh]
Seat 1: krytalex (button) (small blind) showed [Qd Qs] and won ($77.50) with three of a kind, Queens
Seat 5: Scheubi88 (big blind) mucked


PokerStars Hand #156699097781:  Hold'em Limit ($3/$6 USD) - 2016/07/31 17:26:41 ET
Table 'Bathseba' 6-max Seat #1 is the button
Seat 1: krytalex ($130 in chips)
Seat 5: Scheubi88 ($58.04 in chips)
krytalex: posts small blind $1
Scheubi88: posts big blind $3
*** HOLE CARDS ***
krytalex: raises $3 to $6
Scheubi88: folds
Uncalled bet ($3) returned to krytalex
krytalex collected $6 from pot
*** SUMMARY ***
Total pot $6 | Rake $0
Seat 1: krytalex (button) (small blind) collected ($6)
Seat 5: Scheubi88 (big blind) folded before Flop


PokerStars Hand #156699078250:  Hold'em Limit ($3/$6 USD) - 2016/07/31 17:26:20 ET
Table 'Bathseba' 6-max Seat #5 is the button
Seat 1: krytalex ($136 in chips)
Seat 5: Scheubi88 ($52.28 in chips)
Scheubi88: posts small blind $1
krytalex: posts big blind $3
*** HOLE CARDS ***
Scheubi88: raises $3 to $6
krytalex: calls $3
*** FLOP *** [7s Tc Qc]
krytalex: checks
Scheubi88: bets $3
krytalex: folds
Uncalled bet ($3) returned to Scheubi88
Scheubi88 collected $11.76 from pot
Scheubi88: doesn't show hand
*** SUMMARY ***
Total pot $12 | Rake $0.24
Board [7s Tc Qc]
Seat 1: krytalex (big blind) folded on the Flop
Seat 5: Scheubi88 (button) (small blind) collected ($11.76)


PokerStars Hand #156699109894:  Hold'em Limit ($3/$6 USD) - 2016/07/31 17:26:55 ET
Table 'Bathseba' 6-max Seat #5 is the button
Seat 1: krytalex ($133 in chips)
Seat 5: Scheubi88 ($55.04 in chips)
Scheubi88: posts small blind $1
krytalex: posts big blind $3
*** HOLE CARDS ***
Scheubi88: raises $3 to $6
krytalex: calls $3
*** FLOP *** [7h 8c 9d]
krytalex: checks
Scheubi88: bets $3
krytalex: raises $3 to $6
Scheubi88: calls $3
*** TURN *** [7h 8c 9d] [Qs]
krytalex: bets $6
FabronxRJ joins the table at seat #2
Scheubi88: calls $6
*** RIVER *** [7h 8c 9d Qs] [2c]
krytalex: checks
Scheubi88: checks
*** SHOW DOWN ***
krytalex: shows [6c 8h] (a pair of Eights)
Scheubi88: mucks hand
krytalex collected $35.50 from pot
*** SUMMARY ***
Total pot $36 | Rake $0.50
Board [7h 8c 9d Qs 2c]
Seat 1: krytalex (big blind) showed [6c 8h] and won ($35.50) with a pair of Eights
Seat 5: Scheubi88 (button) (small blind) mucked


PokerStars Hand #156699668612:  Hold'em Limit ($3/$6 USD) - 2016/07/31 17:37:33 ET
Table 'Bathseba' 6-max Seat #6 is the button
Seat 1: krytalex ($254.86 in chips)
Seat 6: Hannibal2211 ($101.47 in chips)
Hannibal2211: posts small blind $1
krytalex: posts big blind $3
*** HOLE CARDS ***
Hannibal2211: raises $3 to $6
krytalex: folds
Uncalled bet ($3) returned to Hannibal2211
Hannibal2211 collected $6 from pot
*** SUMMARY ***
Total pot $6 | Rake $0
Seat 1: krytalex (big blind) folded before Flop
Seat 6: Hannibal2211 (button) (small blind) collected ($6)


PokerStars Hand #156699663258:  Hold'em Limit ($3/$6 USD) - 2016/07/31 17:37:27 ET
Table 'Bathseba' 6-max Seat #1 is the button
Seat 1: krytalex ($255.86 in chips)
Seat 6: Hannibal2211 ($100.47 in chips)
krytalex: posts small blind $1
Hannibal2211: posts big blind $3
*** HOLE CARDS ***
krytalex: folds
Uncalled bet ($2) returned to Hannibal2211
Hannibal2211 collected $2 from pot
*** SUMMARY ***
Total pot $2 | Rake $0
Seat 1: krytalex (button) (small blind) folded before Flop
Seat 6: Hannibal2211 (big blind) collected ($2)


