PokerStars Hand #147040944506:  Hold'em Limit ($3/$6 USD) - 2016/01/14 15:52:25 ET
Table 'Bathseba' 2-max Seat #1 is the button
Seat 1: Pokali ($72 in chips)
Seat 2: Durema ($55.46 in chips)
Pokali: posts small blind $1
Durema: posts big blind $3
*** HOLE CARDS ***
Pokali: folds
Uncalled bet ($2) returned to Durema
Durema collected $2 from pot
*** SUMMARY ***
Total pot $2 | Rake $0
Seat 1: Pokali (button) (small blind) folded before Flop
Seat 2: Durema (big blind) collected ($2)


PokerStars Hand #147040969177:  Hold'em Limit ($3/$6 USD) - 2016/01/14 15:52:47 ET
Table 'Bathseba' 2-max Seat #1 is the button
Seat 1: Pokali ($89.50 in chips)
Seat 2: Durema ($38.46 in chips)
Pokali: posts small blind $1
Durema: posts big blind $3
*** HOLE CARDS ***
Pokali: raises $3 to $6
Durema: raises $3 to $9
Pokali: calls $3
*** FLOP *** [Jc 5d 4s]
Durema: bets $3
Pokali: raises $3 to $6
Durema: raises $3 to $9
Pokali: calls $3
*** TURN *** [Jc 5d 4s] [5s]
Durema: bets $6
Pokali: calls $6
*** RIVER *** [Jc 5d 4s 5s] [6c]
Durema: bets $6
Pokali: calls $6
*** SHOW DOWN ***
Durema: shows [As 3c] (a pair of Fives)
Pokali: shows [7h Js] (two pair, Jacks and Fives)
Pokali collected $59.50 from pot
*** SUMMARY ***
Total pot $60 | Rake $0.50
Board [Jc 5d 4s 5s 6c]
Seat 1: Pokali (button) (small blind) showed [7h Js] and won ($59.50) with two pair, Jacks and Fives
Seat 2: Durema (big blind) showed [As 3c] and lost with a pair of Fives


PokerStars Hand #147040949285:  Hold'em Limit ($3/$6 USD) - 2016/01/14 15:52:29 ET
Table 'Bathseba' 2-max Seat #2 is the button
Seat 1: Pokali ($72 in chips)
Seat 2: Durema ($56.46 in chips)
Durema: posts small blind $1
Pokali: posts big blind $3
*** HOLE CARDS ***
Durema: raises $3 to $6
Pokali: calls $3
*** FLOP *** [9c 4d Jc]
Pokali: checks
Durema: checks
*** TURN *** [9c 4d Jc] [Js]
Pokali: bets $6
Durema: calls $6
*** RIVER *** [9c 4d Jc Js] [Jd]
Pokali: bets $6
Durema: calls $6
*** SHOW DOWN ***
Pokali: shows [2c 2s] (a full house, Jacks full of Deuces)
Durema: mucks hand
Pokali collected $35.50 from pot
*** SUMMARY ***
Total pot $36 | Rake $0.50
Board [9c 4d Jc Js Jd]
Seat 1: Pokali (big blind) showed [2c 2s] and won ($35.50) with a full house, Jacks full of Deuces
Seat 2: Durema (button) (small blind) mucked


PokerStars Hand #147041053906:  Hold'em Limit ($3/$6 USD) - 2016/01/14 15:54:02 ET
Table 'Bathseba' 2-max Seat #1 is the button
Seat 1: Pokali ($110.42 in chips)
Seat 2: Durema ($16.58 in chips)
Pokali: posts small blind $1
Durema: posts big blind $3
*** HOLE CARDS ***
Pokali: calls $2
Durema: checks
*** FLOP *** [7c Jc 8h]
Durema: checks
Pokali: bets $3
Durema: folds
Uncalled bet ($3) returned to Pokali
Pokali collected $5.88 from pot
Pokali: doesn't show hand
*** SUMMARY ***
Total pot $6 | Rake $0.12
Board [7c Jc 8h]
Seat 1: Pokali (button) (small blind) collected ($5.88)
Seat 2: Durema (big blind) folded on the Flop


PokerStars Hand #147041046806:  Hold'em Limit ($3/$6 USD) - 2016/01/14 15:53:56 ET
Table 'Bathseba' 2-max Seat #2 is the button
Seat 1: Pokali ($113.42 in chips)
Seat 2: Durema ($13.58 in chips)
Durema: posts small blind $1
Pokali: posts big blind $3
*** HOLE CARDS ***
Durema: raises $3 to $6
Pokali: folds
Uncalled bet ($3) returned to Durema
Durema collected $6 from pot
Durema: doesn't show hand
*** SUMMARY ***
Total pot $6 | Rake $0
Seat 1: Pokali (big blind) folded before Flop
Seat 2: Durema (button) (small blind) collected ($6)


PokerStars Hand #147041026439:  Hold'em Limit ($3/$6 USD) - 2016/01/14 15:53:38 ET
Table 'Bathseba' 2-max Seat #1 is the button
Seat 1: Pokali ($110.54 in chips)
Seat 2: Durema ($16.58 in chips)
Pokali: posts small blind $1
Durema: posts big blind $3
*** HOLE CARDS ***
Pokali: calls $2
Durema: checks
*** FLOP *** [Kd 3s 4c]
Durema: checks
Pokali: bets $3
Durema: folds
Uncalled bet ($3) returned to Pokali
Pokali collected $5.88 from pot
Pokali: doesn't show hand
*** SUMMARY ***
Total pot $6 | Rake $0.12
Board [Kd 3s 4c]
Seat 1: Pokali (button) (small blind) collected ($5.88)
Seat 2: Durema (big blind) folded on the Flop


PokerStars Hand #147040997010:  Hold'em Limit ($3/$6 USD) - 2016/01/14 15:53:12 ET
Table 'Bathseba' 2-max Seat #2 is the button
Seat 1: Pokali ($119 in chips)
Seat 2: Durema ($8.46 in chips)
Durema: posts small blind $1
Pokali: posts big blind $3
*** HOLE CARDS ***
Durema: raises $3 to $6
Pokali: raises $3 to $9
Durema: calls $2.46 and is all-in
Uncalled bet ($0.54) returned to Pokali
*** FLOP *** [7d Jc 5d]
*** TURN *** [7d Jc 5d] [As]
*** RIVER *** [7d Jc 5d As] [7s]
*** SHOW DOWN ***
Pokali: shows [9h 3s] (a pair of Sevens)
Durema: shows [Kd 6c] (a pair of Sevens - Ace+King kicker)
Durema collected $16.58 from pot
*** SUMMARY ***
Total pot $16.92 | Rake $0.34
Board [7d Jc 5d As 7s]
Seat 1: Pokali (big blind) showed [9h 3s] and lost with a pair of Sevens
Seat 2: Durema (button) (small blind) showed [Kd 6c] and won ($16.58) with a pair of Sevens


PokerStars Hand #147041072711:  Hold'em Limit ($3/$6 USD) - 2016/01/14 15:54:19 ET
Table 'Bathseba' 2-max Seat #2 is the button
Seat 1: Pokali ($113.30 in chips)
Seat 2: Durema ($13.58 in chips)
Durema: posts small blind $1
Pokali: posts big blind $3
*** HOLE CARDS ***
Durema: raises $3 to $6
Pokali: raises $3 to $9
Durema: raises $3 to $12
Betting is capped
Pokali: calls $3
*** FLOP *** [Js 6d Qd]
Pokali: bets $3
Durema: calls $1.58 and is all-in
Uncalled bet ($1.42) returned to Pokali
*** TURN *** [Js 6d Qd] [8h]
*** RIVER *** [Js 6d Qd 8h] [2s]
*** SHOW DOWN ***
Pokali: shows [Qc Kd] (a pair of Queens)
Durema: shows [Ac 5h] (high card Ace)
Pokali collected $26.66 from pot
*** SUMMARY ***
Total pot $27.16 | Rake $0.50
Board [Js 6d Qd 8h 2s]
Seat 1: Pokali (big blind) showed [Qc Kd] and won ($26.66) with a pair of Queens
Seat 2: Durema (button) (small blind) showed [Ac 5h] and lost with high card Ace


