PokerStars Hand #152660086384:  Hold'em Limit ($3/$6 USD) - 2016/04/30 11:44:44 ET
Table 'Bathseba' 6-max Seat #2 is the button
Seat 2: CherepovD ($18 in chips)
Seat 3: mylifeluvsol ($41.52 in chips)
CherepovD: posts small blind $1
mylifeluvsol: posts big blind $3
*** HOLE CARDS ***
CherepovD: raises $3 to $6
mylifeluvsol: calls $3
*** FLOP *** [4s 7s Ac]
mylifeluvsol: checks
CherepovD: checks
*** TURN *** [4s 7s Ac] [Jh]
mylifeluvsol: checks
CherepovD: checks
*** RIVER *** [4s 7s Ac Jh] [7h]
mylifeluvsol: checks
CherepovD: checks
*** SHOW DOWN ***
mylifeluvsol: shows [As 7c] (a full house, Sevens full of Aces)
CherepovD: mucks hand
mylifeluvsol collected $11.76 from pot
*** SUMMARY ***
Total pot $12 | Rake $0.24
Board [4s 7s Ac Jh 7h]
Seat 2: CherepovD (button) (small blind) mucked
Seat 3: mylifeluvsol (big blind) showed [As 7c] and won ($11.76) with a full house, Sevens full of Aces


PokerStars Hand #152660070515:  Hold'em Limit ($3/$6 USD) - 2016/04/30 11:44:23 ET
Table 'Bathseba' 6-max Seat #3 is the button
Seat 2: CherepovD ($27 in chips)
Seat 3: mylifeluvsol ($32.88 in chips)
mylifeluvsol: posts small blind $1
CherepovD: posts big blind $3
*** HOLE CARDS ***
crash19867 joins the table at seat #5
mylifeluvsol: calls $2
CherepovD: checks
*** FLOP *** [Kc 2h 2s]
CherepovD: checks
mylifeluvsol: checks
*** TURN *** [Kc 2h 2s] [6d]
CherepovD: checks
mylifeluvsol: checks
*** RIVER *** [Kc 2h 2s 6d] [7c]
CherepovD: bets $6
mylifeluvsol: raises $6 to $12
CherepovD: folds
Uncalled bet ($6) returned to mylifeluvsol
mylifeluvsol collected $17.64 from pot
mylifeluvsol: doesn't show hand
*** SUMMARY ***
Total pot $18 | Rake $0.36
Board [Kc 2h 2s 6d 7c]
Seat 2: CherepovD (big blind) folded on the River
Seat 3: mylifeluvsol (button) (small blind) collected ($17.64)


PokerStars Hand #152660061929:  Hold'em Limit ($3/$6 USD) - 2016/04/30 11:44:11 ET
Table 'Bathseba' 6-max Seat #2 is the button
Seat 2: CherepovD ($30 in chips)
Seat 3: mylifeluvsol ($30 in chips)
CherepovD: posts small blind $1
mylifeluvsol: posts big blind $3
*** HOLE CARDS ***
vestimokrec joins the table at seat #4
CherepovD: calls $2
mylifeluvsol: checks
*** FLOP *** [Ah 7h 9c]
mylifeluvsol: bets $3
CherepovD: folds
Uncalled bet ($3) returned to mylifeluvsol
mylifeluvsol collected $5.88 from pot
mylifeluvsol: doesn't show hand
*** SUMMARY ***
Total pot $6 | Rake $0.12
Board [Ah 7h 9c]
Seat 2: CherepovD (button) (small blind) folded on the Flop
Seat 3: mylifeluvsol (big blind) collected ($5.88)


PokerStars Hand #152660123648:  Hold'em Limit ($3/$6 USD) - 2016/04/30 11:45:35 ET
Table 'Bathseba' 6-max Seat #3 is the button
Seat 3: mylifeluvsol ($57.80 in chips)
Seat 5: crash19867 ($120.25 in chips)
mylifeluvsol: posts small blind $1
crash19867: posts big blind $3
*** HOLE CARDS ***
mylifeluvsol: folds
Uncalled bet ($2) returned to crash19867
crash19867 collected $2 from pot
crash19867: doesn't show hand
*** SUMMARY ***
Total pot $2 | Rake $0
Seat 3: mylifeluvsol (button) (small blind) folded before Flop
Seat 5: crash19867 (big blind) collected ($2)


PokerStars Hand #152660111360:  Hold'em Limit ($3/$6 USD) - 2016/04/30 11:45:18 ET
Table 'Bathseba' 6-max Seat #5 is the button
Seat 3: mylifeluvsol ($46.28 in chips)
Seat 5: crash19867 ($132.25 in chips)
crash19867: posts small blind $1
mylifeluvsol: posts big blind $3
*** HOLE CARDS ***
crash19867: raises $3 to $6
mylifeluvsol: calls $3
*** FLOP *** [3c 9s 6c]
mylifeluvsol: checks
crash19867: bets $3
mylifeluvsol: raises $3 to $6
crash19867: calls $3
*** TURN *** [3c 9s 6c] [2c]
mylifeluvsol: bets $6
crash19867: folds
Uncalled bet ($6) returned to mylifeluvsol
mylifeluvsol collected $23.52 from pot
mylifeluvsol: doesn't show hand
*** SUMMARY ***
Total pot $24 | Rake $0.48
Board [3c 9s 6c 2c]
Seat 3: mylifeluvsol (big blind) collected ($23.52)
Seat 5: crash19867 (button) (small blind) folded on the Turn


PokerStars Hand #152663472642:  Hold'em Limit ($3/$6 USD) - 2016/04/30 13:00:27 ET
Table 'Bathseba' 6-max Seat #6 is the button
Seat 5: johnnybadad1 ($63 in chips)
Seat 6: Mind90 ($478.40 in chips)
Mind90: posts small blind $1
johnnybadad1: posts big blind $3
*** HOLE CARDS ***
Mind90: raises $3 to $6
johnnybadad1: calls $3
*** FLOP *** [5s 2s 3c]
johnnybadad1: bets $3
Mind90: calls $3
*** TURN *** [5s 2s 3c] [8s]
johnnybadad1: bets $6
Mind90: raises $6 to $12
johnnybadad1: calls $6
*** RIVER *** [5s 2s 3c 8s] [Th]
johnnybadad1: checks
Mind90: bets $6
johnnybadad1: folds
Uncalled bet ($6) returned to Mind90
Mind90 collected $41.50 from pot
*** SUMMARY ***
Total pot $42 | Rake $0.50
Board [5s 2s 3c 8s Th]
Seat 5: johnnybadad1 (big blind) folded on the River
Seat 6: Mind90 (button) (small blind) collected ($41.50)


