PokerStars Hand #173781471534:  Hold'em Limit ($3/$6 USD) - 2017/08/01 6:50:23 ET
Table 'Bathseba' 6-max Seat #4 is the button
Seat 3: DangerMoneys ($32 in chips)
Seat 4: VolkovDmitri ($218.78 in chips)
VolkovDmitri: posts small blind $1
oliwan joins the table at seat #6
DangerMoneys: posts big blind $3
*** HOLE CARDS ***
VolkovDmitri: raises $3 to $6
DangerMoneys: calls $3
*** FLOP *** [9h 7c Qc]
DangerMoneys: checks
VolkovDmitri: bets $3
DangerMoneys: calls $3
*** TURN *** [9h 7c Qc] [5h]
DangerMoneys: checks
VolkovDmitri: checks
*** RIVER *** [9h 7c Qc 5h] [4c]
DangerMoneys: checks
VolkovDmitri: checks
*** SHOW DOWN ***
DangerMoneys: shows [3h 3d] (a pair of Threes)
VolkovDmitri: mucks hand
DangerMoneys collected $17.64 from pot
*** SUMMARY ***
Total pot $18 | Rake $0.36
Board [9h 7c Qc 5h 4c]
Seat 3: DangerMoneys (big blind) showed [3h 3d] and won ($17.64) with a pair of Threes
Seat 4: VolkovDmitri (button) (small blind) mucked


PokerStars Hand #173787788810:  Hold'em Limit ($3/$6 USD) - 2017/08/01 10:36:04 ET
Table 'Bathseba' 6-max Seat #2 is the button
Seat 2: Ale4o ($307.76 in chips)
Seat 6: racefire999 ($262.42 in chips)
Ale4o: posts small blind $1
racefire999: posts big blind $3
*** HOLE CARDS ***
Ale4o: raises $3 to $6
racefire999: folds
Uncalled bet ($3) returned to Ale4o
Ale4o collected $6 from pot
Ale4o: doesn't show hand
*** SUMMARY ***
Total pot $6 | Rake $0
Seat 2: Ale4o (button) (small blind) collected ($6)
Seat 6: racefire999 (big blind) folded before Flop


PokerStars Hand #173787778412:  Hold'em Limit ($3/$6 USD) - 2017/08/01 10:35:45 ET
Table 'Bathseba' 6-max Seat #6 is the button
Seat 2: Ale4o ($316.76 in chips)
Seat 6: racefire999 ($253.78 in chips)
racefire999: posts small blind $1
Ale4o: posts big blind $3
*** HOLE CARDS ***
racefire999: raises $3 to $6
Ale4o: calls $3
*** FLOP *** [Ad 6c Th]
Ale4o: checks
racefire999: bets $3
Ale4o: calls $3
*** TURN *** [Ad 6c Th] [Jh]
Ale4o: checks
racefire999: bets $6
Ale4o: folds
Uncalled bet ($6) returned to racefire999
racefire999 collected $17.64 from pot
racefire999: doesn't show hand
*** SUMMARY ***
Total pot $18 | Rake $0.36
Board [Ad 6c Th Jh]
Seat 2: Ale4o (big blind) folded on the Turn
Seat 6: racefire999 (button) (small blind) collected ($17.64)


PokerStars Hand #173787763662:  Hold'em Limit ($3/$6 USD) - 2017/08/01 10:35:19 ET
Table 'Bathseba' 6-max Seat #2 is the button
Seat 2: Ale4o ($325.76 in chips)
Seat 6: racefire999 ($245.14 in chips)
Ale4o: posts small blind $1
Jannuh: is sitting out
racefire999: posts big blind $3
*** HOLE CARDS ***
Ale4o: raises $3 to $6
racefire999: calls $3
*** FLOP *** [4h 8d Kh]
Jannuh leaves the table
racefire999: checks
Ale4o: bets $3
racefire999: calls $3
*** TURN *** [4h 8d Kh] [Ks]
racefire999: checks
Ale4o: checks
*** RIVER *** [4h 8d Kh Ks] [Td]
racefire999: bets $6
Ale4o: folds
Uncalled bet ($6) returned to racefire999
racefire999 collected $17.64 from pot
racefire999: doesn't show hand
*** SUMMARY ***
Total pot $18 | Rake $0.36
Board [4h 8d Kh Ks Td]
Seat 2: Ale4o (button) (small blind) folded on the River
Seat 6: racefire999 (big blind) collected ($17.64)


PokerStars Hand #173787792002:  Hold'em Limit ($3/$6 USD) - 2017/08/01 10:36:10 ET
Table 'Bathseba' 6-max Seat #6 is the button
Seat 2: Ale4o ($310.76 in chips)
Seat 6: racefire999 ($259.42 in chips)
racefire999: posts small blind $1
Ale4o: posts big blind $3
*** HOLE CARDS ***
racefire999: raises $3 to $6
Ale4o: calls $3
*** FLOP *** [Qc 6d 3h]
Ale4o: checks
racefire999: checks
*** TURN *** [Qc 6d 3h] [4d]
Ale4o: bets $6
racefire999: calls $6
*** RIVER *** [Qc 6d 3h 4d] [3c]
Ale4o: bets $6
racefire999: calls $6
*** SHOW DOWN ***
Ale4o: shows [9d Ts] (a pair of Threes)
racefire999: shows [7h Ac] (a pair of Threes - Ace kicker)
racefire999 collected $35.50 from pot
*** SUMMARY ***
Total pot $36 | Rake $0.50
Board [Qc 6d 3h 4d 3c]
Seat 2: Ale4o (big blind) showed [9d Ts] and lost with a pair of Threes
Seat 6: racefire999 (button) (small blind) showed [7h Ac] and won ($35.50) with a pair of Threes


PokerStars Hand #173787821182:  Hold'em Limit ($3/$6 USD) - 2017/08/01 10:37:02 ET
Table 'Bathseba' 6-max Seat #6 is the button
Seat 2: Ale4o ($292.51 in chips)
Seat 6: racefire999 ($276.67 in chips)
racefire999: posts small blind $1
Ale4o: posts big blind $3
*** HOLE CARDS ***
racefire999: folds
Uncalled bet ($2) returned to Ale4o
Ale4o collected $2 from pot
Ale4o: doesn't show hand
*** SUMMARY ***
Total pot $2 | Rake $0
Seat 2: Ale4o (big blind) collected ($2)
Seat 6: racefire999 (button) (small blind) folded before Flop


PokerStars Hand #173787809654:  Hold'em Limit ($3/$6 USD) - 2017/08/01 10:36:42 ET
Table 'Bathseba' 6-max Seat #2 is the button
Seat 2: Ale4o ($292.76 in chips)
Seat 6: racefire999 ($276.92 in chips)
Ale4o: posts small blind $1
racefire999: posts big blind $3
*** HOLE CARDS ***
Ale4o: raises $3 to $6
racefire999: calls $3
*** FLOP *** [Ks 9s Jd]
racefire999: checks
Ale4o: bets $3
racefire999: calls $3
*** TURN *** [Ks 9s Jd] [4h]
racefire999: checks
Ale4o: bets $6
racefire999: calls $6
*** RIVER *** [Ks 9s Jd 4h] [Jc]
racefire999: checks
Ale4o: checks
*** SHOW DOWN ***
racefire999: shows [Ad 6d] (a pair of Jacks)
Ale4o: shows [6c As] (a pair of Jacks)
racefire999 collected $14.75 from pot
Ale4o collected $14.75 from pot
*** SUMMARY ***
Total pot $30 | Rake $0.50
Board [Ks 9s Jd 4h Jc]
Seat 2: Ale4o (button) (small blind) showed [6c As] and won ($14.75) with a pair of Jacks
Seat 6: racefire999 (big blind) showed [Ad 6d] and won ($14.75) with a pair of Jacks


PokerStars Hand #173787824232:  Hold'em Limit ($3/$6 USD) - 2017/08/01 10:37:08 ET
Table 'Bathseba' 6-max Seat #2 is the button
Seat 2: Ale4o ($293.51 in chips)
Seat 6: racefire999 ($275.67 in chips)
Ale4o: posts small blind $1
racefire999: posts big blind $3
*** HOLE CARDS ***
Ale4o: raises $3 to $6
racefire999: folds
Uncalled bet ($3) returned to Ale4o
Ale4o collected $6 from pot
Ale4o: doesn't show hand
*** SUMMARY ***
Total pot $6 | Rake $0
Seat 2: Ale4o (button) (small blind) collected ($6)
Seat 6: racefire999 (big blind) folded before Flop


PokerStars Hand #173787802748:  Hold'em Limit ($3/$6 USD) - 2017/08/01 10:36:29 ET
Table 'Bathseba' 6-max Seat #2 is the button
Seat 2: Ale4o ($292.76 in chips)
Seat 6: racefire999 ($276.92 in chips)
Ale4o: posts small blind $1
racefire999: posts big blind $3
*** HOLE CARDS ***
Ale4o: raises $3 to $6
racefire999: folds
Uncalled bet ($3) returned to Ale4o
Ale4o collected $6 from pot
Ale4o: doesn't show hand
*** SUMMARY ***
Total pot $6 | Rake $0
Seat 2: Ale4o (button) (small blind) collected ($6)
Seat 6: racefire999 (big blind) folded before Flop


PokerStars Hand #173787805785:  Hold'em Limit ($3/$6 USD) - 2017/08/01 10:36:34 ET
Table 'Bathseba' 6-max Seat #6 is the button
Seat 2: Ale4o ($295.76 in chips)
Seat 6: racefire999 ($273.92 in chips)
racefire999: posts small blind $1
Ale4o: posts big blind $3
*** HOLE CARDS ***
racefire999: raises $3 to $6
Ale4o: folds
Uncalled bet ($3) returned to racefire999
racefire999 collected $6 from pot
racefire999: doesn't show hand
*** SUMMARY ***
Total pot $6 | Rake $0
Seat 2: Ale4o (big blind) folded before Flop
Seat 6: racefire999 (button) (small blind) collected ($6)


PokerStars Hand #173787839942:  Hold'em Limit ($3/$6 USD) - 2017/08/01 10:37:36 ET
Table 'Bathseba' 6-max Seat #2 is the button
Seat 2: Ale4o ($320.01 in chips)
Seat 6: racefire999 ($248.67 in chips)
Ale4o: posts small blind $1
racefire999: posts big blind $3
*** HOLE CARDS ***
Ale4o: raises $3 to $6
racefire999: calls $3
*** FLOP *** [Kc Qc 6h]
racefire999: checks
Ale4o: bets $3
racefire999: calls $3
*** TURN *** [Kc Qc 6h] [7h]
racefire999: checks
Ale4o: bets $6
racefire999: folds
Uncalled bet ($6) returned to Ale4o
Ale4o collected $17.64 from pot
Ale4o: doesn't show hand
*** SUMMARY ***
Total pot $18 | Rake $0.36
Board [Kc Qc 6h 7h]
Seat 2: Ale4o (button) (small blind) collected ($17.64)
Seat 6: racefire999 (big blind) folded on the Turn


PokerStars Hand #173787852461:  Hold'em Limit ($3/$6 USD) - 2017/08/01 10:37:59 ET
Table 'Bathseba' 6-max Seat #6 is the button
Seat 2: Ale4o ($328.65 in chips)
Seat 6: racefire999 ($239.67 in chips)
racefire999: posts small blind $1
Ale4o: posts big blind $3
*** HOLE CARDS ***
racefire999: folds
Uncalled bet ($2) returned to Ale4o
Ale4o collected $2 from pot
Ale4o: doesn't show hand
*** SUMMARY ***
Total pot $2 | Rake $0
Seat 2: Ale4o (big blind) collected ($2)
Seat 6: racefire999 (button) (small blind) folded before Flop


PokerStars Hand #173787828007:  Hold'em Limit ($3/$6 USD) - 2017/08/01 10:37:15 ET
Table 'Bathseba' 6-max Seat #6 is the button
Seat 2: Ale4o ($296.51 in chips)
Seat 6: racefire999 ($272.67 in chips)
racefire999: posts small blind $1
Ale4o: posts big blind $3
*** HOLE CARDS ***
racefire999: raises $3 to $6
Ale4o: calls $3
*** FLOP *** [6d 6h Ad]
Ale4o: checks
racefire999: bets $3
Ale4o: raises $3 to $6
racefire999: calls $3
*** TURN *** [6d 6h Ad] [Ts]
Ale4o: bets $6
racefire999: calls $6
*** RIVER *** [6d 6h Ad Ts] [2s]
Ale4o: bets $6
racefire999: calls $6
*** SHOW DOWN ***
Ale4o: shows [As Tc] (two pair, Aces and Tens)
racefire999: mucks hand
Ale4o collected $47.50 from pot
*** SUMMARY ***
Total pot $48 | Rake $0.50
Board [6d 6h Ad Ts 2s]
Seat 2: Ale4o (big blind) showed [As Tc] and won ($47.50) with two pair, Aces and Tens
Seat 6: racefire999 (button) (small blind) mucked


PokerStars Hand #173787877295:  Hold'em Limit ($3/$6 USD) - 2017/08/01 10:38:44 ET
Table 'Bathseba' 6-max Seat #6 is the button
Seat 2: Ale4o ($300.65 in chips)
Seat 6: racefire999 ($266.93 in chips)
racefire999: posts small blind $1
Ale4o: posts big blind $3
*** HOLE CARDS ***
racefire999: calls $2
Ale4o: raises $3 to $6
racefire999: calls $3
*** FLOP *** [Td Kh 9s]
Ale4o: bets $3
racefire999: folds
Uncalled bet ($3) returned to Ale4o
Ale4o collected $11.76 from pot
Ale4o: doesn't show hand
*** SUMMARY ***
Total pot $12 | Rake $0.24
Board [Td Kh 9s]
Seat 2: Ale4o (big blind) collected ($11.76)
Seat 6: racefire999 (button) (small blind) folded on the Flop


PokerStars Hand #173787885004:  Hold'em Limit ($3/$6 USD) - 2017/08/01 10:38:58 ET
Table 'Bathseba' 6-max Seat #2 is the button
Seat 2: Ale4o ($306.41 in chips)
Seat 6: racefire999 ($260.93 in chips)
Ale4o: posts small blind $1
racefire999: posts big blind $3
*** HOLE CARDS ***
Ale4o: raises $3 to $6
racefire999: calls $3
*** FLOP *** [Tc 8d 9d]
racefire999: checks
Ale4o: bets $3
racefire999: calls $3
*** TURN *** [Tc 8d 9d] [6h]
racefire999: checks
Ale4o: checks
*** RIVER *** [Tc 8d 9d 6h] [6s]
racefire999: bets $6
Ale4o: folds
Uncalled bet ($6) returned to racefire999
racefire999 collected $17.64 from pot
racefire999: doesn't show hand
*** SUMMARY ***
Total pot $18 | Rake $0.36
Board [Tc 8d 9d 6h 6s]
Seat 2: Ale4o (button) (small blind) folded on the River
Seat 6: racefire999 (big blind) collected ($17.64)


PokerStars Hand #173787865260:  Hold'em Limit ($3/$6 USD) - 2017/08/01 10:38:22 ET
Table 'Bathseba' 6-max Seat #6 is the button
Seat 2: Ale4o ($323.65 in chips)
Seat 6: racefire999 ($244.43 in chips)
racefire999: posts small blind $1
Ale4o: posts big blind $3
*** HOLE CARDS ***
racefire999: folds
Uncalled bet ($2) returned to Ale4o
Ale4o collected $2 from pot
Ale4o: doesn't show hand
*** SUMMARY ***
Total pot $2 | Rake $0
Seat 2: Ale4o (big blind) collected ($2)
Seat 6: racefire999 (button) (small blind) folded before Flop


PokerStars Hand #173787856300:  Hold'em Limit ($3/$6 USD) - 2017/08/01 10:38:06 ET
Table 'Bathseba' 6-max Seat #2 is the button
Seat 2: Ale4o ($329.65 in chips)
Seat 6: racefire999 ($238.67 in chips)
Ale4o: posts small blind $1
racefire999: posts big blind $3
*** HOLE CARDS ***
Ale4o: raises $3 to $6
racefire999: calls $3
*** FLOP *** [7c Qs Ts]
racefire999: checks
Ale4o: checks
*** TURN *** [7c Qs Ts] [Jd]
racefire999: bets $6
Ale4o: folds
Uncalled bet ($6) returned to racefire999
racefire999 collected $11.76 from pot
racefire999: doesn't show hand
*** SUMMARY ***
Total pot $12 | Rake $0.24
Board [7c Qs Ts Jd]
Seat 2: Ale4o (button) (small blind) folded on the Turn
Seat 6: racefire999 (big blind) collected ($11.76)


PokerStars Hand #173787867975:  Hold'em Limit ($3/$6 USD) - 2017/08/01 10:38:27 ET
Table 'Bathseba' 6-max Seat #2 is the button
Seat 2: Ale4o ($324.65 in chips)
Seat 6: racefire999 ($243.43 in chips)
Ale4o: posts small blind $1
racefire999: posts big blind $3
*** HOLE CARDS ***
Ale4o: raises $3 to $6
racefire999: raises $3 to $9
Ale4o: calls $3
*** FLOP *** [Jd Tc 6h]
racefire999: bets $3
Ale4o: calls $3
*** TURN *** [Jd Tc 6h] [As]
racefire999: bets $6
Ale4o: calls $6
*** RIVER *** [Jd Tc 6h As] [7h]
racefire999: bets $6
Ale4o: calls $6
*** SHOW DOWN ***
racefire999: shows [Ac 8c] (a pair of Aces)
Ale4o: mucks hand
racefire999 collected $47.50 from pot
*** SUMMARY ***
Total pot $48 | Rake $0.50
Board [Jd Tc 6h As 7h]
Seat 2: Ale4o (button) (small blind) mucked
Seat 6: racefire999 (big blind) showed [Ac 8c] and won ($47.50) with a pair of Aces


PokerStars Hand #173787911226:  Hold'em Limit ($3/$6 USD) - 2017/08/01 10:39:46 ET
Table 'Bathseba' 6-max Seat #6 is the button
Seat 2: Ale4o ($314.91 in chips)
Seat 6: racefire999 ($251.57 in chips)
racefire999: posts small blind $1
Ale4o: posts big blind $3
*** HOLE CARDS ***
racefire999: folds
Uncalled bet ($2) returned to Ale4o
Ale4o collected $2 from pot
Ale4o: doesn't show hand
*** SUMMARY ***
Total pot $2 | Rake $0
Seat 2: Ale4o (big blind) collected ($2)
Seat 6: racefire999 (button) (small blind) folded before Flop


PokerStars Hand #173787905626:  Hold'em Limit ($3/$6 USD) - 2017/08/01 10:39:36 ET
Table 'Bathseba' 6-max Seat #2 is the button
Seat 2: Ale4o ($311.91 in chips)
Seat 6: racefire999 ($254.57 in chips)
Ale4o: posts small blind $1
racefire999: posts big blind $3
*** HOLE CARDS ***
Ale4o: raises $3 to $6
racefire999: folds
Uncalled bet ($3) returned to Ale4o
Ale4o collected $6 from pot
Ale4o: doesn't show hand
*** SUMMARY ***
Total pot $6 | Rake $0
Seat 2: Ale4o (button) (small blind) collected ($6)
Seat 6: racefire999 (big blind) folded before Flop


PokerStars Hand #173787914062:  Hold'em Limit ($3/$6 USD) - 2017/08/01 10:39:51 ET
Table 'Bathseba' 6-max Seat #2 is the button
Seat 2: Ale4o ($315.91 in chips)
Seat 6: racefire999 ($250.57 in chips)
Ale4o: posts small blind $1
racefire999: posts big blind $3
*** HOLE CARDS ***
Ale4o: folds
Uncalled bet ($2) returned to racefire999
racefire999 collected $2 from pot
racefire999: doesn't show hand
*** SUMMARY ***
Total pot $2 | Rake $0
Seat 2: Ale4o (button) (small blind) folded before Flop
Seat 6: racefire999 (big blind) collected ($2)


PokerStars Hand #173787917238:  Hold'em Limit ($3/$6 USD) - 2017/08/01 10:39:57 ET
Table 'Bathseba' 6-max Seat #6 is the button
Seat 2: Ale4o ($314.91 in chips)
Seat 6: racefire999 ($251.57 in chips)
racefire999: posts small blind $1
Ale4o: posts big blind $3
*** HOLE CARDS ***
vitamin168 joins the table at seat #3
racefire999: raises $3 to $6
Ale4o: folds
Uncalled bet ($3) returned to racefire999
racefire999 collected $6 from pot
racefire999: doesn't show hand
*** SUMMARY ***
Total pot $6 | Rake $0
Seat 2: Ale4o (big blind) folded before Flop
Seat 6: racefire999 (button) (small blind) collected ($6)


PokerStars Hand #173787896420:  Hold'em Limit ($3/$6 USD) - 2017/08/01 10:39:19 ET
Table 'Bathseba' 6-max Seat #6 is the button
Seat 2: Ale4o ($297.41 in chips)
Seat 6: racefire999 ($269.57 in chips)
racefire999: posts small blind $1
Ale4o: posts big blind $3
*** HOLE CARDS ***
racefire999: raises $3 to $6
Ale4o: calls $3
*** FLOP *** [5d 2d Qh]
Ale4o: checks
racefire999: bets $3
Ale4o: calls $3
*** TURN *** [5d 2d Qh] [Tc]
Ale4o: checks
racefire999: bets $6
Ale4o: calls $6
*** RIVER *** [5d 2d Qh Tc] [4s]
Ale4o: checks
racefire999: checks
*** SHOW DOWN ***
Ale4o: shows [7h 5c] (a pair of Fives)
racefire999: mucks hand
Ale4o collected $29.50 from pot
*** SUMMARY ***
Total pot $30 | Rake $0.50
Board [5d 2d Qh Tc 4s]
Seat 2: Ale4o (big blind) showed [7h 5c] and won ($29.50) with a pair of Fives
Seat 6: racefire999 (button) (small blind) mucked


PokerStars Hand #173790151802:  Hold'em Limit ($3/$6 USD) - 2017/08/01 11:46:13 ET
Table 'Bathseba' 6-max Seat #4 is the button
Seat 4: DangerMoneys ($51.28 in chips)
Seat 6: Jannuh ($88.50 in chips)
DangerMoneys: posts small blind $1
Jannuh: posts big blind $3
*** HOLE CARDS ***
DangerMoneys: raises $3 to $6
Jannuh: calls $3
*** FLOP *** [Jh 8d Kh]
Jannuh: checks
DangerMoneys: bets $3
Jannuh: folds
Uncalled bet ($3) returned to DangerMoneys
DangerMoneys collected $11.76 from pot
*** SUMMARY ***
Total pot $12 | Rake $0.24
Board [Jh 8d Kh]
Seat 4: DangerMoneys (button) (small blind) collected ($11.76)
Seat 6: Jannuh (big blind) folded on the Flop


PokerStars Hand #173790146464:  Hold'em Limit ($3/$6 USD) - 2017/08/01 11:46:04 ET
Table 'Bathseba' 6-max Seat #6 is the button
Seat 4: DangerMoneys ($50.28 in chips)
Seat 6: Jannuh ($89.50 in chips)
Jannuh: posts small blind $1
DangerMoneys: posts big blind $3
*** HOLE CARDS ***
Jannuh: folds
Uncalled bet ($2) returned to DangerMoneys
SEQUOIA2012 leaves the table
DangerMoneys collected $2 from pot
*** SUMMARY ***
Total pot $2 | Rake $0
Seat 4: DangerMoneys (big blind) collected ($2)
Seat 6: Jannuh (button) (small blind) folded before Flop


PokerStars Hand #173790143562:  Hold'em Limit ($3/$6 USD) - 2017/08/01 11:45:59 ET
Table 'Bathseba' 6-max Seat #4 is the button
Seat 4: DangerMoneys ($51.28 in chips)
Seat 6: Jannuh ($88.50 in chips)
DangerMoneys: posts small blind $1
Jannuh: posts big blind $3
*** HOLE CARDS ***
DangerMoneys: folds
Uncalled bet ($2) returned to Jannuh
Jannuh collected $2 from pot
Jannuh: doesn't show hand
*** SUMMARY ***
Total pot $2 | Rake $0
Seat 4: DangerMoneys (button) (small blind) folded before Flop
Seat 6: Jannuh (big blind) collected ($2)


PokerStars Hand #173790159526:  Hold'em Limit ($3/$6 USD) - 2017/08/01 11:46:26 ET
Table 'Bathseba' 6-max Seat #6 is the button
Seat 4: DangerMoneys ($57.04 in chips)
Seat 6: Jannuh ($82.50 in chips)
Jannuh: posts small blind $1
DangerMoneys: posts big blind $3
*** HOLE CARDS ***
Jannuh: raises $3 to $6
DangerMoneys: raises $3 to $9
Jannuh: calls $3
*** FLOP *** [8s 6s 2s]
DangerMoneys: bets $3
Jannuh: calls $3
*** TURN *** [8s 6s 2s] [7h]
DangerMoneys: bets $6
Jannuh: calls $6
*** RIVER *** [8s 6s 2s 7h] [Ac]
DangerMoneys: bets $6
Jannuh: calls $6
*** SHOW DOWN ***
DangerMoneys: shows [8c As] (two pair, Aces and Eights)
Jannuh: mucks hand
DangerMoneys collected $47.50 from pot
*** SUMMARY ***
Total pot $48 | Rake $0.50
Board [8s 6s 2s 7h Ac]
Seat 4: DangerMoneys (big blind) showed [8c As] and won ($47.50) with two pair, Aces and Eights
Seat 6: Jannuh (button) (small blind) mucked


