PokerStars Hand #145400060640:  Hold'em Limit ($3/$6 USD) - 2015/12/15 16:10:32 ET
Table 'Bathseba' 6-max Seat #4 is the button
Seat 2: Eklund_1891 ($50.03 in chips)
Seat 4: AzureCaper ($156.56 in chips)
AzureCaper: posts small blind $1
Eklund_1891: posts big blind $3
*** HOLE CARDS ***
factor725 joins the table at seat #3
AzureCaper: raises $3 to $6
Eklund_1891: raises $3 to $9
AzureCaper: calls $3
*** FLOP *** [Kc 9d 3d]
BuzovaPro joins the table at seat #5
Eklund_1891: bets $3
AzureCaper: calls $3
*** TURN *** [Kc 9d 3d] [Ac]
Eklund_1891: bets $6
AzureCaper: folds
Uncalled bet ($6) returned to Eklund_1891
Eklund_1891 collected $23.52 from pot
*** SUMMARY ***
Total pot $24 | Rake $0.48
Board [Kc 9d 3d Ac]
Seat 2: Eklund_1891 (big blind) collected ($23.52)
Seat 4: AzureCaper (button) (small blind) folded on the Turn


PokerStars Hand #145400046931:  Hold'em Limit ($3/$6 USD) - 2015/12/15 16:10:18 ET
Table 'Bathseba' 6-max Seat #2 is the button
Seat 2: Eklund_1891 ($59.03 in chips)
Seat 4: AzureCaper ($147.92 in chips)
Eklund_1891: posts small blind $1
REZOLUTION84: is sitting out
AzureCaper: posts big blind $3
*** HOLE CARDS ***
REZOLUTION84 leaves the table
Eklund_1891: raises $3 to $6
AzureCaper: calls $3
*** FLOP *** [Ac 3h 2h]
AzureCaper: checks
Eklund_1891: bets $3
AzureCaper: raises $3 to $6
Eklund_1891: folds
Uncalled bet ($3) returned to AzureCaper
AzureCaper collected $17.64 from pot
AzureCaper: doesn't show hand
*** SUMMARY ***
Total pot $18 | Rake $0.36
Board [Ac 3h 2h]
Seat 2: Eklund_1891 (button) (small blind) folded on the Flop
Seat 4: AzureCaper (big blind) collected ($17.64)


PokerStars Hand #145400238887:  Hold'em Limit ($3/$6 USD) - 2015/12/15 16:13:32 ET
Table 'Bathseba' 6-max Seat #3 is the button
Seat 3: factor725 ($120.59 in chips)
Seat 5: BuzovaPro ($72 in chips)
REZOLUTION84 will be allowed to play after the button
factor725: posts small blind $1
BuzovaPro: posts big blind $3
*** HOLE CARDS ***
factor725: raises $3 to $6
BuzovaPro: raises $3 to $9
factor725: calls $3
*** FLOP *** [7s Ts Kc]
BuzovaPro: bets $3
factor725: calls $3
*** TURN *** [7s Ts Kc] [Jd]
BuzovaPro: bets $6
factor725: calls $6
*** RIVER *** [7s Ts Kc Jd] [Ks]
BuzovaPro: bets $6
factor725: calls $6
*** SHOW DOWN ***
BuzovaPro: shows [Qc Qh] (two pair, Kings and Queens)
factor725: mucks hand
BuzovaPro collected $47.50 from pot
*** SUMMARY ***
Total pot $48 | Rake $0.50
Board [7s Ts Kc Jd Ks]
Seat 3: factor725 (button) (small blind) mucked
Seat 5: BuzovaPro (big blind) showed [Qc Qh] and won ($47.50) with two pair, Kings and Queens


PokerStars Hand #145400389607:  Hold'em Limit ($3/$6 USD) - 2015/12/15 16:16:03 ET
Table 'Bathseba' 6-max Seat #5 is the button
Seat 3: factor725 ($82.27 in chips)
Seat 5: BuzovaPro ($91.74 in chips)
Karpik09 will be allowed to play after the button
BuzovaPro: posts small blind $1
REZOLUTION84: is sitting out
factor725: posts big blind $3
*** HOLE CARDS ***
BuzovaPro: folds
Uncalled bet ($2) returned to factor725
factor725 collected $2 from pot
*** SUMMARY ***
Total pot $2 | Rake $0
Seat 3: factor725 (big blind) collected ($2)
Seat 5: BuzovaPro (button) (small blind) folded before Flop


PokerStars Hand #145402881944:  Hold'em Limit ($3/$6 USD) - 2015/12/15 17:00:07 ET
Table 'Bathseba' 6-max Seat #3 is the button
Seat 1: artiZzt ($75 in chips)
Seat 3: Chessnok ($96.59 in chips)
Chessnok: posts small blind $1
artiZzt: posts big blind $3
*** HOLE CARDS ***
Chessnok: raises $3 to $6
artiZzt: folds
Uncalled bet ($3) returned to Chessnok
Chessnok collected $6 from pot
Chessnok: doesn't show hand
*** SUMMARY ***
Total pot $6 | Rake $0
Seat 1: artiZzt (big blind) folded before Flop
Seat 3: Chessnok (button) (small blind) collected ($6)


