PokerStars Hand #167974505239:  Hold'em Limit ($3/$6 USD) - 2017/03/22 20:20:23 ET
Table 'Bathseba' 6-max Seat #1 is the button
Seat 1: japachess ($40 in chips)
Seat 4: AzureCaper ($72 in chips)
japachess: posts small blind $1
AzureCaper: posts big blind $3
*** HOLE CARDS ***
japachess: raises $3 to $6
AzureCaper: folds
Uncalled bet ($3) returned to japachess
japachess collected $6 from pot
japachess: doesn't show hand
*** SUMMARY ***
Total pot $6 | Rake $0
Seat 1: japachess (button) (small blind) collected ($6)
Seat 4: AzureCaper (big blind) folded before Flop


PokerStars Hand #167974518016:  Hold'em Limit ($3/$6 USD) - 2017/03/22 20:20:45 ET
Table 'Bathseba' 6-max Seat #4 is the button
Seat 1: japachess ($44.36 in chips)
Seat 4: AzureCaper ($72 in chips)
AzureCaper: posts small blind $1
japachess: posts big blind $3
*** HOLE CARDS ***
AzureCaper: raises $3 to $6
japachess: calls $3
*** FLOP *** [3h Qd 8s]
japachess: checks
AzureCaper: bets $3
japachess: folds
Uncalled bet ($3) returned to AzureCaper
AzureCaper collected $11.76 from pot
AzureCaper: doesn't show hand
*** SUMMARY ***
Total pot $12 | Rake $0.24
Board [3h Qd 8s]
Seat 1: japachess (big blind) folded on the Flop
Seat 4: AzureCaper (button) (small blind) collected ($11.76)


PokerStars Hand #167974527127:  Hold'em Limit ($3/$6 USD) - 2017/03/22 20:21:02 ET
Table 'Bathseba' 6-max Seat #4 is the button
Seat 1: japachess ($37.36 in chips)
Seat 4: AzureCaper ($78.76 in chips)
AzureCaper: posts small blind $1
japachess: posts big blind $3
*** HOLE CARDS ***
AzureCaper: folds
Uncalled bet ($2) returned to japachess
japachess collected $2 from pot
japachess: doesn't show hand
*** SUMMARY ***
Total pot $2 | Rake $0
Seat 1: japachess (big blind) collected ($2)
Seat 4: AzureCaper (button) (small blind) folded before Flop


PokerStars Hand #167974524252:  Hold'em Limit ($3/$6 USD) - 2017/03/22 20:20:56 ET
Table 'Bathseba' 6-max Seat #1 is the button
Seat 1: japachess ($38.36 in chips)
Seat 4: AzureCaper ($77.76 in chips)
japachess: posts small blind $1
AzureCaper: posts big blind $3
*** HOLE CARDS ***
japachess: folds
Uncalled bet ($2) returned to AzureCaper
AzureCaper collected $2 from pot
AzureCaper: doesn't show hand
*** SUMMARY ***
Total pot $2 | Rake $0
Seat 1: japachess (button) (small blind) folded before Flop
Seat 4: AzureCaper (big blind) collected ($2)


PokerStars Hand #167974530422:  Hold'em Limit ($3/$6 USD) - 2017/03/22 20:21:07 ET
Table 'Bathseba' 6-max Seat #1 is the button
Seat 1: japachess ($38.36 in chips)
Seat 4: AzureCaper ($77.76 in chips)
japachess: posts small blind $1
AzureCaper: posts big blind $3
*** HOLE CARDS ***
japachess: raises $3 to $6
AzureCaper: calls $3
*** FLOP *** [9s Kh 9d]
AzureCaper: checks
japachess: bets $3
AzureCaper: folds
Uncalled bet ($3) returned to japachess
japachess collected $11.76 from pot
japachess: doesn't show hand
*** SUMMARY ***
Total pot $12 | Rake $0.24
Board [9s Kh 9d]
Seat 1: japachess (button) (small blind) collected ($11.76)
Seat 4: AzureCaper (big blind) folded on the Flop


PokerStars Hand #167974547914:  Hold'em Limit ($3/$6 USD) - 2017/03/22 20:21:28 ET
Table 'Bathseba' 6-max Seat #4 is the button
Seat 1: japachess ($44.12 in chips)
Seat 4: AzureCaper ($72 in chips)
AzureCaper: posts small blind $1
japachess: posts big blind $3
*** HOLE CARDS ***
AzureCaper: raises $3 to $6
japachess: calls $3
*** FLOP *** [4h 3d 5d]
japachess: checks
AzureCaper: bets $3
japachess: calls $3
*** TURN *** [4h 3d 5d] [Qs]
japachess: checks
AzureCaper: bets $6
japachess: calls $6
*** RIVER *** [4h 3d 5d Qs] [Kd]
japachess: checks
AzureCaper: bets $6
japachess: folds
Uncalled bet ($6) returned to AzureCaper
AzureCaper collected $29.50 from pot
AzureCaper: doesn't show hand
*** SUMMARY ***
Total pot $30 | Rake $0.50
Board [4h 3d 5d Qs Kd]
Seat 1: japachess (big blind) folded on the River
Seat 4: AzureCaper (button) (small blind) collected ($29.50)


PokerStars Hand #167974562876:  Hold'em Limit ($3/$6 USD) - 2017/03/22 20:21:54 ET
Table 'Bathseba' 6-max Seat #1 is the button
Seat 1: japachess ($29.12 in chips)
Seat 4: AzureCaper ($86.50 in chips)
japachess: posts small blind $1
AzureCaper: posts big blind $3
*** HOLE CARDS ***
japachess: raises $3 to $6
AzureCaper: folds
Uncalled bet ($3) returned to japachess
japachess collected $6 from pot
japachess: doesn't show hand
*** SUMMARY ***
Total pot $6 | Rake $0
Seat 1: japachess (button) (small blind) collected ($6)
Seat 4: AzureCaper (big blind) folded before Flop


PokerStars Hand #167974585327:  Hold'em Limit ($3/$6 USD) - 2017/03/22 20:22:34 ET
Table 'Bathseba' 6-max Seat #1 is the button
Seat 1: japachess ($8.12 in chips)
Seat 4: AzureCaper ($107 in chips)
japachess: posts small blind $1
AzureCaper: posts big blind $3
*** HOLE CARDS ***
japachess: folds
Uncalled bet ($2) returned to AzureCaper
AzureCaper collected $2 from pot
AzureCaper: doesn't show hand
*** SUMMARY ***
Total pot $2 | Rake $0
Seat 1: japachess (button) (small blind) folded before Flop
Seat 4: AzureCaper (big blind) collected ($2)


PokerStars Hand #167974567077:  Hold'em Limit ($3/$6 USD) - 2017/03/22 20:22:02 ET
Table 'Bathseba' 6-max Seat #4 is the button
Seat 1: japachess ($32.12 in chips)
Seat 4: AzureCaper ($83.50 in chips)
AzureCaper: posts small blind $1
japachess: posts big blind $3
*** HOLE CARDS ***
AzureCaper: raises $3 to $6
japachess: calls $3
*** FLOP *** [5s 6d Jc]
japachess: checks
AzureCaper: bets $3
japachess: raises $3 to $6
AzureCaper: calls $3
*** TURN *** [5s 6d Jc] [3h]
japachess: bets $6
AzureCaper: calls $6
*** RIVER *** [5s 6d Jc 3h] [4s]
japachess: checks
AzureCaper: bets $6
japachess: calls $6
*** SHOW DOWN ***
AzureCaper: shows [7c 8s] (a straight, Four to Eight)
japachess: mucks hand
AzureCaper collected $47.50 from pot
*** SUMMARY ***
Total pot $48 | Rake $0.50
Board [5s 6d Jc 3h 4s]
Seat 1: japachess (big blind) mucked
Seat 4: AzureCaper (button) (small blind) showed [7c 8s] and won ($47.50) with a straight, Four to Eight


PokerStars Hand #167974588746:  Hold'em Limit ($3/$6 USD) - 2017/03/22 20:22:40 ET
Table 'Bathseba' 6-max Seat #4 is the button
Seat 1: japachess ($7.12 in chips)
Seat 4: AzureCaper ($108 in chips)
AzureCaper: posts small blind $1
japachess: posts big blind $3
*** HOLE CARDS ***
AzureCaper: raises $3 to $6
japachess: raises $1.12 to $7.12 and is all-in
AzureCaper: calls $1.12
*** FLOP *** [Ad 3h Jc]
*** TURN *** [Ad 3h Jc] [8s]
*** RIVER *** [Ad 3h Jc 8s] [7d]
*** SHOW DOWN ***
japachess: shows [5h 5s] (a pair of Fives)
AzureCaper: shows [7s 4s] (a pair of Sevens)
AzureCaper collected $13.96 from pot
*** SUMMARY ***
Total pot $14.24 | Rake $0.28
Board [Ad 3h Jc 8s 7d]
Seat 1: japachess (big blind) showed [5h 5s] and lost with a pair of Fives
Seat 4: AzureCaper (button) (small blind) showed [7s 4s] and won ($13.96) with a pair of Sevens


