PokerStars Hand #172209196197:  Hold'em Limit ($3/$6 USD) - 2017/06/25 4:25:26 ET
Table 'Baucis II' 6-max Seat #1 is the button
Seat 1: hassan67 ($120 in chips)
Seat 2: CatPuppy1999 ($72.63 in chips)
hassan67: posts small blind $1
CatPuppy1999: posts big blind $3
*** HOLE CARDS ***
hassan67: raises $3 to $6
CatPuppy1999: calls $3
*** FLOP *** [Ks 3s 3h]
CatPuppy1999: checks
hassan67: bets $3
CatPuppy1999: folds
Uncalled bet ($3) returned to hassan67
hassan67 collected $11.76 from pot
hassan67: doesn't show hand
*** SUMMARY ***
Total pot $12 | Rake $0.24
Board [Ks 3s 3h]
Seat 1: hassan67 (button) (small blind) collected ($11.76)
Seat 2: CatPuppy1999 (big blind) folded on the Flop


PokerStars Hand #172209202939:  Hold'em Limit ($3/$6 USD) - 2017/06/25 4:25:46 ET
Table 'Baucis II' 6-max Seat #2 is the button
Seat 1: hassan67 ($125.76 in chips)
Seat 2: CatPuppy1999 ($72 in chips)
CatPuppy1999: posts small blind $1
hassan67: posts big blind $3
*** HOLE CARDS ***
CatPuppy1999: raises $3 to $6
hassan67: calls $3
*** FLOP *** [2d 3s 4h]
hassan67: checks
CatPuppy1999: bets $3
hassan67: calls $3
*** TURN *** [2d 3s 4h] [9c]
hassan67: checks
CatPuppy1999: checks
*** RIVER *** [2d 3s 4h 9c] [4c]
hassan67: checks
CatPuppy1999: bets $6
hassan67: raises $6 to $12
CatPuppy1999: calls $6
*** SHOW DOWN ***
hassan67: shows [Td 8c] (a pair of Fours)
CatPuppy1999: shows [Ah 3h] (two pair, Fours and Threes)
CatPuppy1999 collected $41.50 from pot
*** SUMMARY ***
Total pot $42 | Rake $0.50
Board [2d 3s 4h 9c 4c]
Seat 1: hassan67 (big blind) showed [Td 8c] and lost with a pair of Fours
Seat 2: CatPuppy1999 (button) (small blind) showed [Ah 3h] and won ($41.50) with two pair, Fours and Threes


PokerStars Hand #172209218824:  Hold'em Limit ($3/$6 USD) - 2017/06/25 4:26:33 ET
Table 'Baucis II' 6-max Seat #2 is the button
Seat 1: hassan67 ($107.76 in chips)
Seat 2: CatPuppy1999 ($89.50 in chips)
CatPuppy1999: posts small blind $1
hassan67: posts big blind $3
*** HOLE CARDS ***
CatPuppy1999: raises $3 to $6
hassan67: folds
Uncalled bet ($3) returned to CatPuppy1999
CatPuppy1999 collected $6 from pot
CatPuppy1999: doesn't show hand
*** SUMMARY ***
Total pot $6 | Rake $0
Seat 1: hassan67 (big blind) folded before Flop
Seat 2: CatPuppy1999 (button) (small blind) collected ($6)


PokerStars Hand #172209221268:  Hold'em Limit ($3/$6 USD) - 2017/06/25 4:26:40 ET
Table 'Baucis II' 6-max Seat #1 is the button
Seat 1: hassan67 ($104.76 in chips)
Seat 2: CatPuppy1999 ($92.50 in chips)
hassan67: posts small blind $1
CatPuppy1999: posts big blind $3
*** HOLE CARDS ***
hassan67: raises $3 to $6
CatPuppy1999: calls $3
*** FLOP *** [4c Qh Kh]
artecris joins the table at seat #4
CatPuppy1999: checks
hassan67: bets $3
CatPuppy1999: calls $3
*** TURN *** [4c Qh Kh] [3h]
CatPuppy1999: checks
hassan67: bets $6
CatPuppy1999: calls $6
*** RIVER *** [4c Qh Kh 3h] [2d]
CatPuppy1999: checks
hassan67: checks
*** SHOW DOWN ***
CatPuppy1999: shows [Jc 9h] (high card King)
hassan67: mucks hand
CatPuppy1999 collected $29.50 from pot
*** SUMMARY ***
Total pot $30 | Rake $0.50
Board [4c Qh Kh 3h 2d]
Seat 1: hassan67 (button) (small blind) mucked
Seat 2: CatPuppy1999 (big blind) showed [Jc 9h] and won ($29.50) with high card King


PokerStars Hand #172209258226:  Hold'em Limit ($3/$6 USD) - 2017/06/25 4:28:30 ET
Table 'Baucis II' 6-max Seat #1 is the button
Seat 1: hassan67 ($75.40 in chips)
Seat 2: CatPuppy1999 ($97 in chips)
hassan67: posts small blind $1
CatPuppy1999: posts big blind $3
*** HOLE CARDS ***
hassan67: raises $3 to $6
CatPuppy1999: calls $3
*** FLOP *** [Ah 8h 2s]
CatPuppy1999: checks
hassan67: bets $3
CatPuppy1999: folds
Uncalled bet ($3) returned to hassan67
hassan67 collected $11.76 from pot
hassan67: doesn't show hand
*** SUMMARY ***
Total pot $12 | Rake $0.24
Board [Ah 8h 2s]
Seat 1: hassan67 (button) (small blind) collected ($11.76)
Seat 2: CatPuppy1999 (big blind) folded on the Flop


PokerStars Hand #172209264877:  Hold'em Limit ($3/$6 USD) - 2017/06/25 4:28:50 ET
Table 'Baucis II' 6-max Seat #1 is the button
Seat 1: hassan67 ($78.16 in chips)
Seat 2: CatPuppy1999 ($94 in chips)
hassan67: posts small blind $1
CatPuppy1999: posts big blind $3
*** HOLE CARDS ***
hassan67: folds
Uncalled bet ($2) returned to CatPuppy1999
CatPuppy1999 collected $2 from pot
CatPuppy1999: doesn't show hand
*** SUMMARY ***
Total pot $2 | Rake $0
Seat 1: hassan67 (button) (small blind) folded before Flop
Seat 2: CatPuppy1999 (big blind) collected ($2)


PokerStars Hand #172209253565:  Hold'em Limit ($3/$6 USD) - 2017/06/25 4:28:16 ET
Table 'Baucis II' 6-max Seat #2 is the button
Seat 1: hassan67 ($66.76 in chips)
Seat 2: CatPuppy1999 ($106 in chips)
CatPuppy1999: posts small blind $1
hassan67: posts big blind $3
*** HOLE CARDS ***
CatPuppy1999: raises $3 to $6
hassan67: raises $3 to $9
artecris leaves the table
CatPuppy1999: calls $3
*** FLOP *** [8s 6d Kc]
hassan67: bets $3
CatPuppy1999: folds
Uncalled bet ($3) returned to hassan67
hassan67 collected $17.64 from pot
hassan67: doesn't show hand
*** SUMMARY ***
Total pot $18 | Rake $0.36
Board [8s 6d Kc]
Seat 1: hassan67 (big blind) collected ($17.64)
Seat 2: CatPuppy1999 (button) (small blind) folded on the Flop


PokerStars Hand #172209269683:  Hold'em Limit ($3/$6 USD) - 2017/06/25 4:29:04 ET
Table 'Baucis II' 6-max Seat #1 is the button
Seat 1: hassan67 ($74.16 in chips)
Seat 2: CatPuppy1999 ($98 in chips)
hassan67: posts small blind $1
CatPuppy1999: posts big blind $3
*** HOLE CARDS ***
hassan67: raises $3 to $6
CatPuppy1999: calls $3
*** FLOP *** [7s 6c As]
CatPuppy1999: checks
hassan67: bets $3
CatPuppy1999: calls $3
*** TURN *** [7s 6c As] [8s]
CatPuppy1999: checks
hassan67: bets $6
CatPuppy1999: calls $6
*** RIVER *** [7s 6c As 8s] [2s]
CatPuppy1999: bets $6
hassan67: calls $6
*** SHOW DOWN ***
CatPuppy1999: shows [9s Jh] (a flush, Ace high)
hassan67: mucks hand
CatPuppy1999 collected $41.50 from pot
*** SUMMARY ***
Total pot $42 | Rake $0.50
Board [7s 6c As 8s 2s]
Seat 1: hassan67 (button) (small blind) mucked
Seat 2: CatPuppy1999 (big blind) showed [9s Jh] and won ($41.50) with a flush, Ace high


PokerStars Hand #172209285364:  Hold'em Limit ($3/$6 USD) - 2017/06/25 4:29:50 ET
Table 'Baucis II' 6-max Seat #2 is the button
Seat 1: hassan67 ($53.16 in chips)
Seat 2: CatPuppy1999 ($118.50 in chips)
CatPuppy1999: posts small blind $1
hassan67: posts big blind $3
*** HOLE CARDS ***
CatPuppy1999: raises $3 to $6
hassan67: folds
Uncalled bet ($3) returned to CatPuppy1999
CatPuppy1999 collected $6 from pot
CatPuppy1999: doesn't show hand
*** SUMMARY ***
Total pot $6 | Rake $0
Seat 1: hassan67 (big blind) folded before Flop
Seat 2: CatPuppy1999 (button) (small blind) collected ($6)


PokerStars Hand #172209300466:  Hold'em Limit ($3/$6 USD) - 2017/06/25 4:30:36 ET
Table 'Baucis II' 6-max Seat #2 is the button
Seat 1: hassan67 ($49.16 in chips)
Seat 2: CatPuppy1999 ($122.50 in chips)
CatPuppy1999: posts small blind $1
hassan67: posts big blind $3
*** HOLE CARDS ***
CatPuppy1999: raises $3 to $6
hassan67: calls $3
*** FLOP *** [Kh Ts Ah]
hassan67: checks
CatPuppy1999: bets $3
hassan67: calls $3
*** TURN *** [Kh Ts Ah] [7c]
hassan67: checks
CatPuppy1999: checks
*** RIVER *** [Kh Ts Ah 7c] [Js]
hassan67: checks
CatPuppy1999: bets $6
hassan67: calls $6
*** SHOW DOWN ***
CatPuppy1999: shows [Qd 5c] (a straight, Ten to Ace)
hassan67: mucks hand
CatPuppy1999 collected $29.50 from pot
*** SUMMARY ***
Total pot $30 | Rake $0.50
Board [Kh Ts Ah 7c Js]
Seat 1: hassan67 (big blind) mucked
Seat 2: CatPuppy1999 (button) (small blind) showed [Qd 5c] and won ($29.50) with a straight, Ten to Ace


PokerStars Hand #172209291877:  Hold'em Limit ($3/$6 USD) - 2017/06/25 4:30:10 ET
Table 'Baucis II' 6-max Seat #2 is the button
Seat 1: hassan67 ($53.16 in chips)
Seat 2: CatPuppy1999 ($118.50 in chips)
CatPuppy1999: posts small blind $1
hassan67: posts big blind $3
*** HOLE CARDS ***
CatPuppy1999: raises $3 to $6
hassan67: folds
Uncalled bet ($3) returned to CatPuppy1999
CatPuppy1999 collected $6 from pot
CatPuppy1999: doesn't show hand
*** SUMMARY ***
Total pot $6 | Rake $0
Seat 1: hassan67 (big blind) folded before Flop
Seat 2: CatPuppy1999 (button) (small blind) collected ($6)


PokerStars Hand #172209310243:  Hold'em Limit ($3/$6 USD) - 2017/06/25 4:31:05 ET
Table 'Baucis II' 6-max Seat #1 is the button
Seat 1: hassan67 ($34.16 in chips)
Seat 2: CatPuppy1999 ($137 in chips)
hassan67: posts small blind $1
CatPuppy1999: posts big blind $3
*** HOLE CARDS ***
hassan67: folds
Uncalled bet ($2) returned to CatPuppy1999
CatPuppy1999 collected $2 from pot
CatPuppy1999: doesn't show hand
*** SUMMARY ***
Total pot $2 | Rake $0
Seat 1: hassan67 (button) (small blind) folded before Flop
Seat 2: CatPuppy1999 (big blind) collected ($2)


PokerStars Hand #172209312225:  Hold'em Limit ($3/$6 USD) - 2017/06/25 4:31:11 ET
Table 'Baucis II' 6-max Seat #2 is the button
Seat 1: hassan67 ($33.16 in chips)
Seat 2: CatPuppy1999 ($138 in chips)
CatPuppy1999: posts small blind $1
hassan67: posts big blind $3
*** HOLE CARDS ***
CatPuppy1999: raises $3 to $6
hassan67: raises $3 to $9
CatPuppy1999: calls $3
*** FLOP *** [2c 2d 7d]
hassan67: bets $3
CatPuppy1999: calls $3
*** TURN *** [2c 2d 7d] [4c]
hassan67: bets $6
CatPuppy1999: folds
Uncalled bet ($6) returned to hassan67
hassan67 collected $23.52 from pot
hassan67: doesn't show hand
*** SUMMARY ***
Total pot $24 | Rake $0.48
Board [2c 2d 7d 4c]
Seat 1: hassan67 (big blind) collected ($23.52)
Seat 2: CatPuppy1999 (button) (small blind) folded on the Turn


PokerStars Hand #172209297626:  Hold'em Limit ($3/$6 USD) - 2017/06/25 4:30:27 ET
Table 'Baucis II' 6-max Seat #1 is the button
Seat 1: hassan67 ($50.16 in chips)
Seat 2: CatPuppy1999 ($121.50 in chips)
hassan67: posts small blind $1
CatPuppy1999: posts big blind $3
*** HOLE CARDS ***
hassan67: folds
Uncalled bet ($2) returned to CatPuppy1999
CatPuppy1999 collected $2 from pot
CatPuppy1999: doesn't show hand
*** SUMMARY ***
Total pot $2 | Rake $0
Seat 1: hassan67 (button) (small blind) folded before Flop
Seat 2: CatPuppy1999 (big blind) collected ($2)


PokerStars Hand #172209316956:  Hold'em Limit ($3/$6 USD) - 2017/06/25 4:31:25 ET
Table 'Baucis II' 6-max Seat #1 is the button
Seat 1: hassan67 ($44.68 in chips)
Seat 2: CatPuppy1999 ($126 in chips)
hassan67: posts small blind $1
CatPuppy1999: posts big blind $3
*** HOLE CARDS ***
hassan67: raises $3 to $6
CatPuppy1999: raises $3 to $9
hassan67: calls $3
*** FLOP *** [Ac 3s 7h]
CatPuppy1999: bets $3
hassan67: calls $3
*** TURN *** [Ac 3s 7h] [Qd]
CatPuppy1999: checks
hassan67: checks
*** RIVER *** [Ac 3s 7h Qd] [8s]
CatPuppy1999: checks
hassan67: bets $6
CatPuppy1999: calls $6
*** SHOW DOWN ***
hassan67: shows [8c Jc] (a pair of Eights)
CatPuppy1999: mucks hand
hassan67 collected $35.50 from pot
*** SUMMARY ***
Total pot $36 | Rake $0.50
Board [Ac 3s 7h Qd 8s]
Seat 1: hassan67 (button) (small blind) showed [8c Jc] and won ($35.50) with a pair of Eights
Seat 2: CatPuppy1999 (big blind) mucked


PokerStars Hand #172209329079:  Hold'em Limit ($3/$6 USD) - 2017/06/25 4:32:01 ET
Table 'Baucis II' 6-max Seat #1 is the button
Seat 1: hassan67 ($59.18 in chips)
Seat 2: CatPuppy1999 ($111 in chips)
hassan67: posts small blind $1
CatPuppy1999: posts big blind $3
*** HOLE CARDS ***
hassan67: folds
Uncalled bet ($2) returned to CatPuppy1999
CatPuppy1999 collected $2 from pot
CatPuppy1999: doesn't show hand
*** SUMMARY ***
Total pot $2 | Rake $0
Seat 1: hassan67 (button) (small blind) folded before Flop
Seat 2: CatPuppy1999 (big blind) collected ($2)


PokerStars Hand #172209346731:  Hold'em Limit ($3/$6 USD) - 2017/06/25 4:32:54 ET
Table 'Baucis II' 6-max Seat #1 is the button
Seat 1: hassan67 ($69.70 in chips)
Seat 2: CatPuppy1999 ($100 in chips)
hassan67: posts small blind $1
CatPuppy1999: posts big blind $3
*** HOLE CARDS ***
hassan67: folds
Uncalled bet ($2) returned to CatPuppy1999
CatPuppy1999 collected $2 from pot
CatPuppy1999: doesn't show hand
*** SUMMARY ***
Total pot $2 | Rake $0
Seat 1: hassan67 (button) (small blind) folded before Flop
Seat 2: CatPuppy1999 (big blind) collected ($2)


PokerStars Hand #172209348485:  Hold'em Limit ($3/$6 USD) - 2017/06/25 4:32:59 ET
Table 'Baucis II' 6-max Seat #2 is the button
Seat 1: hassan67 ($68.70 in chips)
Seat 2: CatPuppy1999 ($101 in chips)
CatPuppy1999: posts small blind $1
hassan67: posts big blind $3
*** HOLE CARDS ***
CatPuppy1999: raises $3 to $6
hassan67: calls $3
*** FLOP *** [3s Tc 6c]
hassan67: checks
CatPuppy1999: bets $3
hassan67: calls $3
*** TURN *** [3s Tc 6c] [2d]
hassan67: checks
CatPuppy1999: bets $6
hassan67: calls $6
*** RIVER *** [3s Tc 6c 2d] [9d]
hassan67: checks
CatPuppy1999: bets $6
hassan67: folds
Uncalled bet ($6) returned to CatPuppy1999
CatPuppy1999 collected $29.50 from pot
CatPuppy1999: doesn't show hand
*** SUMMARY ***
Total pot $30 | Rake $0.50
Board [3s Tc 6c 2d 9d]
Seat 1: hassan67 (big blind) folded on the River
Seat 2: CatPuppy1999 (button) (small blind) collected ($29.50)


PokerStars Hand #172209334878:  Hold'em Limit ($3/$6 USD) - 2017/06/25 4:32:19 ET
Table 'Baucis II' 6-max Seat #2 is the button
Seat 1: hassan67 ($58.18 in chips)
Seat 2: CatPuppy1999 ($112 in chips)
CatPuppy1999: posts small blind $1
hassan67: posts big blind $3
*** HOLE CARDS ***
CatPuppy1999: raises $3 to $6
hassan67: raises $3 to $9
CatPuppy1999: calls $3
*** FLOP *** [6s Ad 2c]
hassan67: bets $3
CatPuppy1999: calls $3
*** TURN *** [6s Ad 2c] [8c]
hassan67: bets $6
CatPuppy1999: folds
Uncalled bet ($6) returned to hassan67
hassan67 collected $23.52 from pot
hassan67: doesn't show hand
*** SUMMARY ***
Total pot $24 | Rake $0.48
Board [6s Ad 2c 8c]
Seat 1: hassan67 (big blind) collected ($23.52)
Seat 2: CatPuppy1999 (button) (small blind) folded on the Turn


PokerStars Hand #172209344262:  Hold'em Limit ($3/$6 USD) - 2017/06/25 4:32:46 ET
Table 'Baucis II' 6-max Seat #2 is the button
Seat 1: hassan67 ($72.70 in chips)
Seat 2: CatPuppy1999 ($97 in chips)
CatPuppy1999: posts small blind $1
hassan67: posts big blind $3
*** HOLE CARDS ***
CatPuppy1999: raises $3 to $6
hassan67: folds
Uncalled bet ($3) returned to CatPuppy1999
CatPuppy1999 collected $6 from pot
CatPuppy1999: doesn't show hand
*** SUMMARY ***
Total pot $6 | Rake $0
Seat 1: hassan67 (big blind) folded before Flop
Seat 2: CatPuppy1999 (button) (small blind) collected ($6)


PokerStars Hand #172209370633:  Hold'em Limit ($3/$6 USD) - 2017/06/25 4:34:04 ET
Table 'Baucis II' 6-max Seat #1 is the button
Seat 1: hassan67 ($45.70 in chips)
Seat 2: CatPuppy1999 ($123.14 in chips)
hassan67: posts small blind $1
CatPuppy1999: posts big blind $3
*** HOLE CARDS ***
hassan67: raises $3 to $6
CatPuppy1999: folds
Uncalled bet ($3) returned to hassan67
hassan67 collected $6 from pot
hassan67: doesn't show hand
*** SUMMARY ***
Total pot $6 | Rake $0
Seat 1: hassan67 (button) (small blind) collected ($6)
Seat 2: CatPuppy1999 (big blind) folded before Flop


PokerStars Hand #172209368572:  Hold'em Limit ($3/$6 USD) - 2017/06/25 4:33:58 ET
Table 'Baucis II' 6-max Seat #2 is the button
Seat 1: hassan67 ($44.70 in chips)
Seat 2: CatPuppy1999 ($124.14 in chips)
CatPuppy1999: posts small blind $1
hassan67: posts big blind $3
*** HOLE CARDS ***
CatPuppy1999: folds
Uncalled bet ($2) returned to hassan67
hassan67 collected $2 from pot
hassan67: doesn't show hand
*** SUMMARY ***
Total pot $2 | Rake $0
Seat 1: hassan67 (big blind) collected ($2)
Seat 2: CatPuppy1999 (button) (small blind) folded before Flop


PokerStars Hand #172209356567:  Hold'em Limit ($3/$6 USD) - 2017/06/25 4:33:23 ET
Table 'Baucis II' 6-max Seat #1 is the button
Seat 1: hassan67 ($53.70 in chips)
Seat 2: CatPuppy1999 ($115.50 in chips)
hassan67: posts small blind $1
CatPuppy1999: posts big blind $3
*** HOLE CARDS ***
hassan67: raises $3 to $6
CatPuppy1999: calls $3
*** FLOP *** [8c Th 4h]
CatPuppy1999: checks
hassan67: bets $3
CatPuppy1999: calls $3
*** TURN *** [8c Th 4h] [5s]
CatPuppy1999: checks
hassan67: checks
*** RIVER *** [8c Th 4h 5s] [Kc]
CatPuppy1999: bets $6
hassan67: folds
Uncalled bet ($6) returned to CatPuppy1999
CatPuppy1999 collected $17.64 from pot
CatPuppy1999: doesn't show hand
*** SUMMARY ***
Total pot $18 | Rake $0.36
Board [8c Th 4h 5s Kc]
Seat 1: hassan67 (button) (small blind) folded on the River
Seat 2: CatPuppy1999 (big blind) collected ($17.64)


PokerStars Hand #172209376206:  Hold'em Limit ($3/$6 USD) - 2017/06/25 4:34:21 ET
Table 'Baucis II' 6-max Seat #2 is the button
Seat 1: hassan67 ($48.70 in chips)
Seat 2: CatPuppy1999 ($120.14 in chips)
CatPuppy1999: posts small blind $1
hassan67: posts big blind $3
*** HOLE CARDS ***
CatPuppy1999: raises $3 to $6
hassan67: raises $3 to $9
CatPuppy1999: calls $3
*** FLOP *** [5d 2c 3d]
hassan67: bets $3
CatPuppy1999: calls $3
*** TURN *** [5d 2c 3d] [7s]
hassan67: bets $6
CatPuppy1999: folds
Uncalled bet ($6) returned to hassan67
hassan67 collected $23.52 from pot
hassan67: doesn't show hand
*** SUMMARY ***
Total pot $24 | Rake $0.48
Board [5d 2c 3d 7s]
Seat 1: hassan67 (big blind) collected ($23.52)
Seat 2: CatPuppy1999 (button) (small blind) folded on the Turn


PokerStars Hand #172209402724:  Hold'em Limit ($3/$6 USD) - 2017/06/25 4:35:39 ET
Table 'Baucis II' 6-max Seat #2 is the button
Seat 1: hassan67 ($65.98 in chips)
Seat 2: CatPuppy1999 ($102.14 in chips)
CatPuppy1999: posts small blind $1
hassan67: posts big blind $3
*** HOLE CARDS ***
CatPuppy1999: raises $3 to $6
hassan67: calls $3
*** FLOP *** [4h 6h 3c]
hassan67: checks
CatPuppy1999: checks
*** TURN *** [4h 6h 3c] [6s]
hassan67: checks
CatPuppy1999: bets $6
hassan67: folds
Uncalled bet ($6) returned to CatPuppy1999
CatPuppy1999 collected $11.76 from pot
CatPuppy1999: doesn't show hand
*** SUMMARY ***
Total pot $12 | Rake $0.24
Board [4h 6h 3c 6s]
Seat 1: hassan67 (big blind) folded on the Turn
Seat 2: CatPuppy1999 (button) (small blind) collected ($11.76)


PokerStars Hand #172209389125:  Hold'em Limit ($3/$6 USD) - 2017/06/25 4:34:59 ET
Table 'Baucis II' 6-max Seat #1 is the button
Seat 1: hassan67 ($60.22 in chips)
Seat 2: CatPuppy1999 ($108.14 in chips)
hassan67: posts small blind $1
CatPuppy1999: posts big blind $3
*** HOLE CARDS ***
hassan67: raises $3 to $6
CatPuppy1999: calls $3
*** FLOP *** [Js Ac 7d]
CatPuppy1999: checks
hassan67: bets $3
CatPuppy1999: folds
Uncalled bet ($3) returned to hassan67
hassan67 collected $11.76 from pot
hassan67: doesn't show hand
*** SUMMARY ***
Total pot $12 | Rake $0.24
Board [Js Ac 7d]
Seat 1: hassan67 (button) (small blind) collected ($11.76)
Seat 2: CatPuppy1999 (big blind) folded on the Flop


PokerStars Hand #172209428575:  Hold'em Limit ($3/$6 USD) - 2017/06/25 4:36:55 ET
Table 'Baucis II' 6-max Seat #1 is the button
Seat 1: hassan67 ($47.98 in chips)
Seat 2: CatPuppy1999 ($119.54 in chips)
hassan67: posts small blind $1
CatPuppy1999: posts big blind $3
*** HOLE CARDS ***
hassan67: raises $3 to $6
CatPuppy1999: calls $3
*** FLOP *** [8d 3s 2d]
CatPuppy1999: checks
hassan67: bets $3
CatPuppy1999: folds
Uncalled bet ($3) returned to hassan67
hassan67 collected $11.76 from pot
hassan67: doesn't show hand
*** SUMMARY ***
Total pot $12 | Rake $0.24
Board [8d 3s 2d]
Seat 1: hassan67 (button) (small blind) collected ($11.76)
Seat 2: CatPuppy1999 (big blind) folded on the Flop


PokerStars Hand #172209424562:  Hold'em Limit ($3/$6 USD) - 2017/06/25 4:36:43 ET
Table 'Baucis II' 6-max Seat #2 is the button
Seat 1: hassan67 ($50.98 in chips)
Seat 2: CatPuppy1999 ($116.54 in chips)
CatPuppy1999: posts small blind $1
hassan67: posts big blind $3
*** HOLE CARDS ***
CatPuppy1999: raises $3 to $6
hassan67: folds
Uncalled bet ($3) returned to CatPuppy1999
CatPuppy1999 collected $6 from pot
CatPuppy1999: doesn't show hand
*** SUMMARY ***
Total pot $6 | Rake $0
Seat 1: hassan67 (big blind) folded before Flop
Seat 2: CatPuppy1999 (button) (small blind) collected ($6)


PokerStars Hand #172209414703:  Hold'em Limit ($3/$6 USD) - 2017/06/25 4:36:14 ET
Table 'Baucis II' 6-max Seat #1 is the button
Seat 1: hassan67 ($59.98 in chips)
Seat 2: CatPuppy1999 ($107.90 in chips)
hassan67: posts small blind $1
CatPuppy1999: posts big blind $3
*** HOLE CARDS ***
hassan67: raises $3 to $6
CatPuppy1999: calls $3
*** FLOP *** [Ts 3h Kd]
CatPuppy1999: checks
hassan67: bets $3
CatPuppy1999: raises $3 to $6
hassan67: folds
Uncalled bet ($3) returned to CatPuppy1999
CatPuppy1999 collected $17.64 from pot
CatPuppy1999: doesn't show hand
*** SUMMARY ***
Total pot $18 | Rake $0.36
Board [Ts 3h Kd]
Seat 1: hassan67 (button) (small blind) folded on the Flop
Seat 2: CatPuppy1999 (big blind) collected ($17.64)


PokerStars Hand #172209433094:  Hold'em Limit ($3/$6 USD) - 2017/06/25 4:37:08 ET
Table 'Baucis II' 6-max Seat #2 is the button
Seat 1: hassan67 ($53.74 in chips)
Seat 2: CatPuppy1999 ($113.54 in chips)
CatPuppy1999: posts small blind $1
hassan67: posts big blind $3
*** HOLE CARDS ***
CatPuppy1999: raises $3 to $6
hassan67: calls $3
*** FLOP *** [Ts 3h 2d]
hassan67: bets $3
CatPuppy1999: calls $3
*** TURN *** [Ts 3h 2d] [6d]
hassan67: bets $6
CatPuppy1999: calls $6
*** RIVER *** [Ts 3h 2d 6d] [2c]
hassan67: bets $6
CatPuppy1999: raises $6 to $12
hassan67: folds
Uncalled bet ($6) returned to CatPuppy1999
CatPuppy1999 collected $41.50 from pot
CatPuppy1999: doesn't show hand
*** SUMMARY ***
Total pot $42 | Rake $0.50
Board [Ts 3h 2d 6d 2c]
Seat 1: hassan67 (big blind) folded on the River
Seat 2: CatPuppy1999 (button) (small blind) collected ($41.50)


PokerStars Hand #172209452943:  Hold'em Limit ($3/$6 USD) - 2017/06/25 4:38:06 ET
Table 'Baucis II' 6-max Seat #1 is the button
Seat 1: hassan67 ($32.74 in chips)
Seat 2: CatPuppy1999 ($134.04 in chips)
hassan67: posts small blind $1
CatPuppy1999: posts big blind $3
*** HOLE CARDS ***
hassan67: raises $3 to $6
CatPuppy1999: calls $3
*** FLOP *** [2h 2s Ah]
CatPuppy1999: checks
hassan67: bets $3
CatPuppy1999: calls $3
*** TURN *** [2h 2s Ah] [Jd]
CatPuppy1999: checks
hassan67: checks
*** RIVER *** [2h 2s Ah Jd] [2c]
CatPuppy1999: bets $6
hassan67: folds
Uncalled bet ($6) returned to CatPuppy1999
CatPuppy1999 collected $17.64 from pot
CatPuppy1999: doesn't show hand
*** SUMMARY ***
Total pot $18 | Rake $0.36
Board [2h 2s Ah Jd 2c]
Seat 1: hassan67 (button) (small blind) folded on the River
Seat 2: CatPuppy1999 (big blind) collected ($17.64)


PokerStars Hand #172209473102:  Hold'em Limit ($3/$6 USD) - 2017/06/25 4:39:06 ET
Table 'Baucis II' 6-max Seat #1 is the button
Seat 1: hassan67 ($20.74 in chips)
Seat 2: CatPuppy1999 ($145.68 in chips)
hassan67: posts small blind $1
CatPuppy1999: posts big blind $3
*** HOLE CARDS ***
hassan67: raises $3 to $6
CatPuppy1999: folds
Uncalled bet ($3) returned to hassan67
hassan67 collected $6 from pot
hassan67: doesn't show hand
*** SUMMARY ***
Total pot $6 | Rake $0
Seat 1: hassan67 (button) (small blind) collected ($6)
Seat 2: CatPuppy1999 (big blind) folded before Flop


PokerStars Hand #172209469206:  Hold'em Limit ($3/$6 USD) - 2017/06/25 4:38:55 ET
Table 'Baucis II' 6-max Seat #2 is the button
Seat 1: hassan67 ($23.74 in chips)
Seat 2: CatPuppy1999 ($142.68 in chips)
CatPuppy1999: posts small blind $1
hassan67: posts big blind $3
*** HOLE CARDS ***
CatPuppy1999: raises $3 to $6
hassan67: folds
Uncalled bet ($3) returned to CatPuppy1999
CatPuppy1999 collected $6 from pot
CatPuppy1999: doesn't show hand
*** SUMMARY ***
Total pot $6 | Rake $0
Seat 1: hassan67 (big blind) folded before Flop
Seat 2: CatPuppy1999 (button) (small blind) collected ($6)


PokerStars Hand #172209475666:  Hold'em Limit ($3/$6 USD) - 2017/06/25 4:39:14 ET
Table 'Baucis II' 6-max Seat #2 is the button
Seat 1: hassan67 ($23.74 in chips)
Seat 2: CatPuppy1999 ($142.68 in chips)
CatPuppy1999: posts small blind $1
hassan67: posts big blind $3
*** HOLE CARDS ***
CatPuppy1999: raises $3 to $6
hassan67: calls $3
*** FLOP *** [Td Js 5s]
hassan67: checks
CatPuppy1999: bets $3
hassan67: folds
Uncalled bet ($3) returned to CatPuppy1999
CatPuppy1999 collected $11.76 from pot
CatPuppy1999: doesn't show hand
*** SUMMARY ***
Total pot $12 | Rake $0.24
Board [Td Js 5s]
Seat 1: hassan67 (big blind) folded on the Flop
Seat 2: CatPuppy1999 (button) (small blind) collected ($11.76)


PokerStars Hand #172209486428:  Hold'em Limit ($3/$6 USD) - 2017/06/25 4:39:46 ET
Table 'Baucis II' 6-max Seat #1 is the button
Seat 1: hassan67 ($77.74 in chips)
Seat 2: CatPuppy1999 ($148.44 in chips)
hassan67: posts small blind $1
CatPuppy1999: posts big blind $3
*** HOLE CARDS ***
hassan67: raises $3 to $6
CatPuppy1999: raises $3 to $9
hassan67: calls $3
*** FLOP *** [2s Qc 9h]
CatPuppy1999: bets $3
hassan67: folds
Uncalled bet ($3) returned to CatPuppy1999
CatPuppy1999 collected $17.64 from pot
CatPuppy1999: doesn't show hand
*** SUMMARY ***
Total pot $18 | Rake $0.36
Board [2s Qc 9h]
Seat 1: hassan67 (button) (small blind) folded on the Flop
Seat 2: CatPuppy1999 (big blind) collected ($17.64)


PokerStars Hand #172209501315:  Hold'em Limit ($3/$6 USD) - 2017/06/25 4:40:30 ET
Table 'Baucis II' 6-max Seat #1 is the button
Seat 1: hassan67 ($65.74 in chips)
Seat 2: CatPuppy1999 ($160.08 in chips)
hassan67: posts small blind $1
CatPuppy1999: posts big blind $3
*** HOLE CARDS ***
hassan67: folds
Uncalled bet ($2) returned to CatPuppy1999
CatPuppy1999 collected $2 from pot
CatPuppy1999: doesn't show hand
*** SUMMARY ***
Total pot $2 | Rake $0
Seat 1: hassan67 (button) (small blind) folded before Flop
Seat 2: CatPuppy1999 (big blind) collected ($2)


PokerStars Hand #172209496129:  Hold'em Limit ($3/$6 USD) - 2017/06/25 4:40:14 ET
Table 'Baucis II' 6-max Seat #2 is the button
Seat 1: hassan67 ($68.74 in chips)
Seat 2: CatPuppy1999 ($157.08 in chips)
CatPuppy1999: posts small blind $1
hassan67: posts big blind $3
*** HOLE CARDS ***
CatPuppy1999: raises $3 to $6
hassan67: folds
Uncalled bet ($3) returned to CatPuppy1999
CatPuppy1999 collected $6 from pot
CatPuppy1999: doesn't show hand
*** SUMMARY ***
Total pot $6 | Rake $0
Seat 1: hassan67 (big blind) folded before Flop
Seat 2: CatPuppy1999 (button) (small blind) collected ($6)


PokerStars Hand #172209503439:  Hold'em Limit ($3/$6 USD) - 2017/06/25 4:40:36 ET
Table 'Baucis II' 6-max Seat #2 is the button
Seat 1: hassan67 ($64.74 in chips)
Seat 2: CatPuppy1999 ($161.08 in chips)
CatPuppy1999: posts small blind $1
hassan67: posts big blind $3
*** HOLE CARDS ***
CatPuppy1999: raises $3 to $6
hassan67: raises $3 to $9
CatPuppy1999: calls $3
*** FLOP *** [Qs 8d 2h]
hassan67: bets $3
CatPuppy1999: calls $3
*** TURN *** [Qs 8d 2h] [Kh]
hassan67: bets $6
CatPuppy1999: calls $6
*** RIVER *** [Qs 8d 2h Kh] [8c]
hassan67: bets $6
CatPuppy1999: calls $6
*** SHOW DOWN ***
hassan67: shows [Ts Kd] (two pair, Kings and Eights)
CatPuppy1999: mucks hand
hassan67 collected $47.50 from pot
*** SUMMARY ***
Total pot $48 | Rake $0.50
Board [Qs 8d 2h Kh 8c]
Seat 1: hassan67 (big blind) showed [Ts Kd] and won ($47.50) with two pair, Kings and Eights
Seat 2: CatPuppy1999 (button) (small blind) mucked


PokerStars Hand #172209531851:  Hold'em Limit ($3/$6 USD) - 2017/06/25 4:42:01 ET
Table 'Baucis II' 6-max Seat #2 is the button
Seat 1: hassan67 ($84 in chips)
Seat 2: CatPuppy1999 ($140.72 in chips)
CatPuppy1999: posts small blind $1
hassan67: posts big blind $3
*** HOLE CARDS ***
CatPuppy1999: raises $3 to $6
hassan67: calls $3
*** FLOP *** [Kh 7c 6s]
hassan67: checks
CatPuppy1999: checks
*** TURN *** [Kh 7c 6s] [Ad]
hassan67: bets $6
CatPuppy1999: folds
Uncalled bet ($6) returned to hassan67
hassan67 collected $11.76 from pot
hassan67: doesn't show hand
*** SUMMARY ***
Total pot $12 | Rake $0.24
Board [Kh 7c 6s Ad]
Seat 1: hassan67 (big blind) collected ($11.76)
Seat 2: CatPuppy1999 (button) (small blind) folded on the Turn


PokerStars Hand #172209516177:  Hold'em Limit ($3/$6 USD) - 2017/06/25 4:41:14 ET
Table 'Baucis II' 6-max Seat #1 is the button
Seat 1: hassan67 ($88.24 in chips)
Seat 2: CatPuppy1999 ($137.08 in chips)
hassan67: posts small blind $1
CatPuppy1999: posts big blind $3
*** HOLE CARDS ***
hassan67: raises $3 to $6
CatPuppy1999: raises $3 to $9
hassan67: calls $3
*** FLOP *** [Jd 8c Ah]
CatPuppy1999: bets $3
hassan67: folds
Uncalled bet ($3) returned to CatPuppy1999
CatPuppy1999 collected $17.64 from pot
CatPuppy1999: doesn't show hand
*** SUMMARY ***
Total pot $18 | Rake $0.36
Board [Jd 8c Ah]
Seat 1: hassan67 (button) (small blind) folded on the Flop
Seat 2: CatPuppy1999 (big blind) collected ($17.64)


PokerStars Hand #172209523316:  Hold'em Limit ($3/$6 USD) - 2017/06/25 4:41:35 ET
Table 'Baucis II' 6-max Seat #2 is the button
Seat 1: hassan67 ($79.24 in chips)
Seat 2: CatPuppy1999 ($145.72 in chips)
CatPuppy1999: posts small blind $1
hassan67: posts big blind $3
*** HOLE CARDS ***
CatPuppy1999: raises $3 to $6
hassan67: calls $3
*** FLOP *** [9s 2d Kc]
hassan67: bets $3
CatPuppy1999: folds
Uncalled bet ($3) returned to hassan67
hassan67 collected $11.76 from pot
hassan67: doesn't show hand
*** SUMMARY ***
Total pot $12 | Rake $0.24
Board [9s 2d Kc]
Seat 1: hassan67 (big blind) collected ($11.76)
Seat 2: CatPuppy1999 (button) (small blind) folded on the Flop


PokerStars Hand #172209545381:  Hold'em Limit ($3/$6 USD) - 2017/06/25 4:42:40 ET
Table 'Baucis II' 6-max Seat #2 is the button
Seat 1: hassan67 ($88.76 in chips)
Seat 2: CatPuppy1999 ($135.72 in chips)
CatPuppy1999: posts small blind $1
hassan67: posts big blind $3
*** HOLE CARDS ***
CatPuppy1999: raises $3 to $6
hassan67: calls $3
*** FLOP *** [6c 8c 8h]
hassan67: checks
CatPuppy1999: bets $3
hassan67: calls $3
*** TURN *** [6c 8c 8h] [Tc]
hassan67: checks
CatPuppy1999: bets $6
hassan67: calls $6
*** RIVER *** [6c 8c 8h Tc] [Qs]
hassan67: checks
CatPuppy1999: bets $6
hassan67: folds
Uncalled bet ($6) returned to CatPuppy1999
CatPuppy1999 collected $29.50 from pot
CatPuppy1999: doesn't show hand
*** SUMMARY ***
Total pot $30 | Rake $0.50
Board [6c 8c 8h Tc Qs]
Seat 1: hassan67 (big blind) folded on the River
Seat 2: CatPuppy1999 (button) (small blind) collected ($29.50)


PokerStars Hand #172209561601:  Hold'em Limit ($3/$6 USD) - 2017/06/25 4:43:27 ET
Table 'Baucis II' 6-max Seat #2 is the button
Seat 1: hassan67 ($72.76 in chips)
Seat 2: CatPuppy1999 ($151.22 in chips)
CatPuppy1999: posts small blind $1
hassan67: posts big blind $3
*** HOLE CARDS ***
CatPuppy1999: folds
Uncalled bet ($2) returned to hassan67
hassan67 collected $2 from pot
hassan67: doesn't show hand
*** SUMMARY ***
Total pot $2 | Rake $0
Seat 1: hassan67 (big blind) collected ($2)
Seat 2: CatPuppy1999 (button) (small blind) folded before Flop


PokerStars Hand #172209563202:  Hold'em Limit ($3/$6 USD) - 2017/06/25 4:43:32 ET
Table 'Baucis II' 6-max Seat #1 is the button
Seat 1: hassan67 ($73.76 in chips)
Seat 2: CatPuppy1999 ($150.22 in chips)
hassan67: posts small blind $1
CatPuppy1999: posts big blind $3
*** HOLE CARDS ***
hassan67: raises $3 to $6
CatPuppy1999: calls $3
*** FLOP *** [2d Ts 5h]
CatPuppy1999: checks
hassan67: bets $3
CatPuppy1999: calls $3
*** TURN *** [2d Ts 5h] [Ac]
CatPuppy1999: checks
hassan67: bets $6
CatPuppy1999: raises $6 to $12
hassan67: calls $6
*** RIVER *** [2d Ts 5h Ac] [Kc]
CatPuppy1999: bets $6
hassan67: calls $6
*** SHOW DOWN ***
CatPuppy1999: shows [4c 3s] (a straight, Ace to Five)
hassan67: mucks hand
CatPuppy1999 collected $53.50 from pot
*** SUMMARY ***
Total pot $54 | Rake $0.50
Board [2d Ts 5h Ac Kc]
Seat 1: hassan67 (button) (small blind) mucked
Seat 2: CatPuppy1999 (big blind) showed [4c 3s] and won ($53.50) with a straight, Ace to Five


PokerStars Hand #172209577220:  Hold'em Limit ($3/$6 USD) - 2017/06/25 4:44:13 ET
Table 'Baucis II' 6-max Seat #2 is the button
Seat 1: hassan67 ($46.76 in chips)
Seat 2: CatPuppy1999 ($176.72 in chips)
CatPuppy1999: posts small blind $1
hassan67: posts big blind $3
*** HOLE CARDS ***
CatPuppy1999: raises $3 to $6
hassan67: folds
Uncalled bet ($3) returned to CatPuppy1999
CatPuppy1999 collected $6 from pot
CatPuppy1999: doesn't show hand
*** SUMMARY ***
Total pot $6 | Rake $0
Seat 1: hassan67 (big blind) folded before Flop
Seat 2: CatPuppy1999 (button) (small blind) collected ($6)


PokerStars Hand #172209591922:  Hold'em Limit ($3/$6 USD) - 2017/06/25 4:44:55 ET
Table 'Baucis II' 6-max Seat #2 is the button
Seat 1: hassan67 ($52.40 in chips)
Seat 2: CatPuppy1999 ($170.72 in chips)
CatPuppy1999: posts small blind $1
hassan67: posts big blind $3
*** HOLE CARDS ***
CatPuppy1999: raises $3 to $6
hassan67: calls $3
*** FLOP *** [Kd 5d 2d]
hassan67: checks
CatPuppy1999: bets $3
hassan67: folds
Uncalled bet ($3) returned to CatPuppy1999
CatPuppy1999 collected $11.76 from pot
CatPuppy1999: doesn't show hand
*** SUMMARY ***
Total pot $12 | Rake $0.24
Board [Kd 5d 2d]
Seat 1: hassan67 (big blind) folded on the Flop
Seat 2: CatPuppy1999 (button) (small blind) collected ($11.76)


PokerStars Hand #172209580788:  Hold'em Limit ($3/$6 USD) - 2017/06/25 4:44:23 ET
Table 'Baucis II' 6-max Seat #1 is the button
Seat 1: hassan67 ($43.76 in chips)
Seat 2: CatPuppy1999 ($179.72 in chips)
hassan67: posts small blind $1
CatPuppy1999: posts big blind $3
*** HOLE CARDS ***
hassan67: raises $3 to $6
CatPuppy1999: calls $3
*** FLOP *** [4s 2d Th]
CatPuppy1999: checks
hassan67: bets $3
CatPuppy1999: calls $3
*** TURN *** [4s 2d Th] [4d]
CatPuppy1999: checks
hassan67: bets $6
CatPuppy1999: folds
Uncalled bet ($6) returned to hassan67
hassan67 collected $17.64 from pot
hassan67: doesn't show hand
*** SUMMARY ***
Total pot $18 | Rake $0.36
Board [4s 2d Th 4d]
Seat 1: hassan67 (button) (small blind) collected ($17.64)
Seat 2: CatPuppy1999 (big blind) folded on the Turn


PokerStars Hand #172209599580:  Hold'em Limit ($3/$6 USD) - 2017/06/25 4:45:17 ET
Table 'Baucis II' 6-max Seat #1 is the button
Seat 1: hassan67 ($46.40 in chips)
Seat 2: CatPuppy1999 ($176.48 in chips)
hassan67: posts small blind $1
CatPuppy1999: posts big blind $3
*** HOLE CARDS ***
hassan67: raises $3 to $6
CatPuppy1999: calls $3
*** FLOP *** [6d Ts Ad]
CatPuppy1999: checks
hassan67: bets $3
CatPuppy1999: calls $3
*** TURN *** [6d Ts Ad] [Jc]
CatPuppy1999: checks
hassan67: bets $6
CatPuppy1999: folds
Uncalled bet ($6) returned to hassan67
hassan67 collected $17.64 from pot
hassan67: doesn't show hand
*** SUMMARY ***
Total pot $18 | Rake $0.36
Board [6d Ts Ad Jc]
Seat 1: hassan67 (button) (small blind) collected ($17.64)
Seat 2: CatPuppy1999 (big blind) folded on the Turn


PokerStars Hand #172209625807:  Hold'em Limit ($3/$6 USD) - 2017/06/25 4:46:31 ET
Table 'Baucis II' 6-max Seat #1 is the button
Seat 1: hassan67 ($81.54 in chips)
Seat 2: CatPuppy1999 ($140.48 in chips)
hassan67: posts small blind $1
CatPuppy1999: posts big blind $3
*** HOLE CARDS ***
hassan67: raises $3 to $6
CatPuppy1999: calls $3
*** FLOP *** [7d 3s 5s]
CatPuppy1999: checks
hassan67: bets $3
CatPuppy1999: raises $3 to $6
hassan67: calls $3
*** TURN *** [7d 3s 5s] [3h]
CatPuppy1999: bets $6
hassan67: calls $6
*** RIVER *** [7d 3s 5s 3h] [7c]
CatPuppy1999: bets $6
hassan67: calls $6
*** SHOW DOWN ***
CatPuppy1999: shows [9c 7s] (a full house, Sevens full of Threes)
hassan67: mucks hand
CatPuppy1999 collected $47.50 from pot
*** SUMMARY ***
Total pot $48 | Rake $0.50
Board [7d 3s 5s 3h 7c]
Seat 1: hassan67 (button) (small blind) mucked
Seat 2: CatPuppy1999 (big blind) showed [9c 7s] and won ($47.50) with a full house, Sevens full of Threes


PokerStars Hand #172209635433:  Hold'em Limit ($3/$6 USD) - 2017/06/25 4:46:59 ET
Table 'Baucis II' 6-max Seat #2 is the button
Seat 1: hassan67 ($57.54 in chips)
Seat 2: CatPuppy1999 ($163.98 in chips)
CatPuppy1999: posts small blind $1
hassan67: posts big blind $3
*** HOLE CARDS ***
CatPuppy1999: folds
Uncalled bet ($2) returned to hassan67
hassan67 collected $2 from pot
hassan67: doesn't show hand
*** SUMMARY ***
Total pot $2 | Rake $0
Seat 1: hassan67 (big blind) collected ($2)
Seat 2: CatPuppy1999 (button) (small blind) folded before Flop


PokerStars Hand #172209612692:  Hold'em Limit ($3/$6 USD) - 2017/06/25 4:45:54 ET
Table 'Baucis II' 6-max Seat #2 is the button
Seat 1: hassan67 ($55.04 in chips)
Seat 2: CatPuppy1999 ($167.48 in chips)
CatPuppy1999: posts small blind $1
hassan67: posts big blind $3
*** HOLE CARDS ***
CatPuppy1999: raises $3 to $6
hassan67: calls $3
*** FLOP *** [7h 6s 9c]
hassan67: checks
CatPuppy1999: bets $3
hassan67: calls $3
*** TURN *** [7h 6s 9c] [Ks]
hassan67: checks
CatPuppy1999: bets $6
hassan67: raises $6 to $12
CatPuppy1999: calls $6
*** RIVER *** [7h 6s 9c Ks] [9d]
hassan67: bets $6
CatPuppy1999: calls $6
*** SHOW DOWN ***
hassan67: shows [Kd 7d] (two pair, Kings and Nines)
CatPuppy1999: mucks hand
hassan67 collected $53.50 from pot
*** SUMMARY ***
Total pot $54 | Rake $0.50
Board [7h 6s 9c Ks 9d]
Seat 1: hassan67 (big blind) showed [Kd 7d] and won ($53.50) with two pair, Kings and Nines
Seat 2: CatPuppy1999 (button) (small blind) mucked


PokerStars Hand #172209637105:  Hold'em Limit ($3/$6 USD) - 2017/06/25 4:47:03 ET
Table 'Baucis II' 6-max Seat #1 is the button
Seat 1: hassan67 ($58.54 in chips)
Seat 2: CatPuppy1999 ($162.98 in chips)
hassan67: posts small blind $1
CatPuppy1999: posts big blind $3
*** HOLE CARDS ***
hassan67: raises $3 to $6
CatPuppy1999: calls $3
*** FLOP *** [Jd Js Qd]
CatPuppy1999: checks
hassan67: bets $3
CatPuppy1999: folds
Uncalled bet ($3) returned to hassan67
hassan67 collected $11.76 from pot
hassan67: doesn't show hand
*** SUMMARY ***
Total pot $12 | Rake $0.24
Board [Jd Js Qd]
Seat 1: hassan67 (button) (small blind) collected ($11.76)
Seat 2: CatPuppy1999 (big blind) folded on the Flop


PokerStars Hand #172209652397:  Hold'em Limit ($3/$6 USD) - 2017/06/25 4:47:47 ET
Table 'Baucis II' 6-max Seat #2 is the button
Seat 1: hassan67 ($60.30 in chips)
Seat 2: CatPuppy1999 ($160.98 in chips)
CatPuppy1999: posts small blind $1
hassan67: posts big blind $3
*** HOLE CARDS ***
CatPuppy1999: raises $3 to $6
hassan67: folds
Uncalled bet ($3) returned to CatPuppy1999
CatPuppy1999 collected $6 from pot
CatPuppy1999: doesn't show hand
*** SUMMARY ***
Total pot $6 | Rake $0
Seat 1: hassan67 (big blind) folded before Flop
Seat 2: CatPuppy1999 (button) (small blind) collected ($6)


PokerStars Hand #172209643215:  Hold'em Limit ($3/$6 USD) - 2017/06/25 4:47:21 ET
Table 'Baucis II' 6-max Seat #2 is the button
Seat 1: hassan67 ($64.30 in chips)
Seat 2: CatPuppy1999 ($156.98 in chips)
CatPuppy1999: posts small blind $1
hassan67: posts big blind $3
*** HOLE CARDS ***
CatPuppy1999: raises $3 to $6
hassan67: folds
Uncalled bet ($3) returned to CatPuppy1999
CatPuppy1999 collected $6 from pot
CatPuppy1999: doesn't show hand
*** SUMMARY ***
Total pot $6 | Rake $0
Seat 1: hassan67 (big blind) folded before Flop
Seat 2: CatPuppy1999 (button) (small blind) collected ($6)


PokerStars Hand #172209659510:  Hold'em Limit ($3/$6 USD) - 2017/06/25 4:48:07 ET
Table 'Baucis II' 6-max Seat #2 is the button
Seat 1: hassan67 ($56.30 in chips)
Seat 2: CatPuppy1999 ($164.98 in chips)
CatPuppy1999: posts small blind $1
hassan67: posts big blind $3
*** HOLE CARDS ***
CatPuppy1999: folds
Uncalled bet ($2) returned to hassan67
hassan67 collected $2 from pot
hassan67: doesn't show hand
*** SUMMARY ***
Total pot $2 | Rake $0
Seat 1: hassan67 (big blind) collected ($2)
Seat 2: CatPuppy1999 (button) (small blind) folded before Flop


PokerStars Hand #172209661205:  Hold'em Limit ($3/$6 USD) - 2017/06/25 4:48:12 ET
Table 'Baucis II' 6-max Seat #1 is the button
Seat 1: hassan67 ($57.30 in chips)
Seat 2: CatPuppy1999 ($163.98 in chips)
hassan67: posts small blind $1
CatPuppy1999: posts big blind $3
*** HOLE CARDS ***
hassan67: raises $3 to $6
CatPuppy1999: calls $3
*** FLOP *** [Kc 9s Kh]
CatPuppy1999: checks
hassan67: bets $3
CatPuppy1999: raises $3 to $6
hassan67: calls $3
*** TURN *** [Kc 9s Kh] [7h]
CatPuppy1999: bets $6
hassan67: raises $6 to $12
CatPuppy1999: folds
Uncalled bet ($6) returned to hassan67
hassan67 collected $35.50 from pot
hassan67: doesn't show hand
*** SUMMARY ***
Total pot $36 | Rake $0.50
Board [Kc 9s Kh 7h]
Seat 1: hassan67 (button) (small blind) collected ($35.50)
Seat 2: CatPuppy1999 (big blind) folded on the Turn


PokerStars Hand #172209677919:  Hold'em Limit ($3/$6 USD) - 2017/06/25 4:49:00 ET
Table 'Baucis II' 6-max Seat #1 is the button
Seat 1: hassan67 ($80.56 in chips)
Seat 2: CatPuppy1999 ($139.98 in chips)
hassan67: posts small blind $1
CatPuppy1999: posts big blind $3
*** HOLE CARDS ***
hassan67: raises $3 to $6
CatPuppy1999: calls $3
*** FLOP *** [Kc Qc 2h]
CatPuppy1999: checks
hassan67: bets $3
CatPuppy1999: calls $3
*** TURN *** [Kc Qc 2h] [9h]
CatPuppy1999: checks
hassan67: bets $6
CatPuppy1999: calls $6
*** RIVER *** [Kc Qc 2h 9h] [5s]
CatPuppy1999: checks
hassan67: bets $6
CatPuppy1999: calls $6
*** SHOW DOWN ***
hassan67: shows [5c 3c] (a pair of Fives)
CatPuppy1999: mucks hand
hassan67 collected $41.50 from pot
*** SUMMARY ***
Total pot $42 | Rake $0.50
Board [Kc Qc 2h 9h 5s]
Seat 1: hassan67 (button) (small blind) showed [5c 3c] and won ($41.50) with a pair of Fives
Seat 2: CatPuppy1999 (big blind) mucked


PokerStars Hand #172209672557:  Hold'em Limit ($3/$6 USD) - 2017/06/25 4:48:44 ET
Table 'Baucis II' 6-max Seat #2 is the button
Seat 1: hassan67 ($74.80 in chips)
Seat 2: CatPuppy1999 ($145.98 in chips)
CatPuppy1999: posts small blind $1
hassan67: posts big blind $3
*** HOLE CARDS ***
CatPuppy1999: raises $3 to $6
hassan67: calls $3
*** FLOP *** [3c 8d 6s]
hassan67: checks
CatPuppy1999: checks
*** TURN *** [3c 8d 6s] [8h]
hassan67: bets $6
CatPuppy1999: folds
Uncalled bet ($6) returned to hassan67
hassan67 collected $11.76 from pot
hassan67: doesn't show hand
*** SUMMARY ***
Total pot $12 | Rake $0.24
Board [3c 8d 6s 8h]
Seat 1: hassan67 (big blind) collected ($11.76)
Seat 2: CatPuppy1999 (button) (small blind) folded on the Turn


PokerStars Hand #172209687517:  Hold'em Limit ($3/$6 USD) - 2017/06/25 4:49:27 ET
Table 'Baucis II' 6-max Seat #2 is the button
Seat 1: hassan67 ($101.06 in chips)
Seat 2: CatPuppy1999 ($118.98 in chips)
CatPuppy1999: posts small blind $1
hassan67: posts big blind $3
*** HOLE CARDS ***
CatPuppy1999: raises $3 to $6
hassan67: folds
Uncalled bet ($3) returned to CatPuppy1999
CatPuppy1999 collected $6 from pot
CatPuppy1999: doesn't show hand
*** SUMMARY ***
Total pot $6 | Rake $0
Seat 1: hassan67 (big blind) folded before Flop
Seat 2: CatPuppy1999 (button) (small blind) collected ($6)


PokerStars Hand #172209690328:  Hold'em Limit ($3/$6 USD) - 2017/06/25 4:49:35 ET
Table 'Baucis II' 6-max Seat #1 is the button
Seat 1: hassan67 ($98.06 in chips)
Seat 2: CatPuppy1999 ($121.98 in chips)
hassan67: posts small blind $1
CatPuppy1999: posts big blind $3
*** HOLE CARDS ***
hassan67: raises $3 to $6
CatPuppy1999: calls $3
*** FLOP *** [8c 7h 4d]
CatPuppy1999: checks
hassan67: bets $3
CatPuppy1999: calls $3
*** TURN *** [8c 7h 4d] [2h]
CatPuppy1999: checks
hassan67: bets $6
CatPuppy1999: calls $6
*** RIVER *** [8c 7h 4d 2h] [2c]
CatPuppy1999: checks
hassan67: bets $6
CatPuppy1999: calls $6
*** SHOW DOWN ***
hassan67: shows [5d 4s] (two pair, Fours and Deuces)
CatPuppy1999: mucks hand
hassan67 collected $41.50 from pot
*** SUMMARY ***
Total pot $42 | Rake $0.50
Board [8c 7h 4d 2h 2c]
Seat 1: hassan67 (button) (small blind) showed [5d 4s] and won ($41.50) with two pair, Fours and Deuces
Seat 2: CatPuppy1999 (big blind) mucked


PokerStars Hand #172209707278:  Hold'em Limit ($3/$6 USD) - 2017/06/25 4:50:22 ET
Table 'Baucis II' 6-max Seat #2 is the button
Seat 1: hassan67 ($118.56 in chips)
Seat 2: CatPuppy1999 ($100.98 in chips)
CatPuppy1999: posts small blind $1
hassan67: posts big blind $3
*** HOLE CARDS ***
CatPuppy1999: raises $3 to $6
hassan67: folds
Uncalled bet ($3) returned to CatPuppy1999
CatPuppy1999 collected $6 from pot
CatPuppy1999: doesn't show hand
*** SUMMARY ***
Total pot $6 | Rake $0
Seat 1: hassan67 (big blind) folded before Flop
Seat 2: CatPuppy1999 (button) (small blind) collected ($6)


PokerStars Hand #172209713568:  Hold'em Limit ($3/$6 USD) - 2017/06/25 4:50:40 ET
Table 'Baucis II' 6-max Seat #1 is the button
Seat 1: hassan67 ($115.56 in chips)
Seat 2: CatPuppy1999 ($103.98 in chips)
hassan67: posts small blind $1
CatPuppy1999: posts big blind $3
*** HOLE CARDS ***
hassan67: raises $3 to $6
CatPuppy1999: calls $3
*** FLOP *** [Jc 5s Th]
CatPuppy1999: checks
hassan67: bets $3
CatPuppy1999: calls $3
*** TURN *** [Jc 5s Th] [Jd]
CatPuppy1999: checks
hassan67: bets $6
CatPuppy1999: calls $6
*** RIVER *** [Jc 5s Th Jd] [8s]
CatPuppy1999: checks
hassan67: bets $6
CatPuppy1999: calls $6
*** SHOW DOWN ***
hassan67: shows [5c Ad] (two pair, Jacks and Fives)
CatPuppy1999: shows [As 5h] (two pair, Jacks and Fives)
CatPuppy1999 collected $20.75 from pot
hassan67 collected $20.75 from pot
*** SUMMARY ***
Total pot $42 | Rake $0.50
Board [Jc 5s Th Jd 8s]
Seat 1: hassan67 (button) (small blind) showed [5c Ad] and won ($20.75) with two pair, Jacks and Fives
Seat 2: CatPuppy1999 (big blind) showed [As 5h] and won ($20.75) with two pair, Jacks and Fives


PokerStars Hand #172209739770:  Hold'em Limit ($3/$6 USD) - 2017/06/25 4:51:54 ET
Table 'Baucis II' 6-max Seat #2 is the button
Seat 1: hassan67 ($129.71 in chips)
Seat 2: CatPuppy1999 ($88.73 in chips)
CatPuppy1999: posts small blind $1
hassan67: posts big blind $3
*** HOLE CARDS ***
CatPuppy1999: raises $3 to $6
hassan67: calls $3
*** FLOP *** [Ac Td 3d]
hassan67: checks
CatPuppy1999: bets $3
hassan67: folds
Uncalled bet ($3) returned to CatPuppy1999
CatPuppy1999 collected $11.76 from pot
CatPuppy1999: doesn't show hand
*** SUMMARY ***
Total pot $12 | Rake $0.24
Board [Ac Td 3d]
Seat 1: hassan67 (big blind) folded on the Flop
Seat 2: CatPuppy1999 (button) (small blind) collected ($11.76)


PokerStars Hand #172209733090:  Hold'em Limit ($3/$6 USD) - 2017/06/25 4:51:35 ET
Table 'Baucis II' 6-max Seat #1 is the button
Seat 1: hassan67 ($123.95 in chips)
Seat 2: CatPuppy1999 ($94.73 in chips)
hassan67: posts small blind $1
CatPuppy1999: posts big blind $3
*** HOLE CARDS ***
hassan67: raises $3 to $6
CatPuppy1999: calls $3
*** FLOP *** [3d Qh 5c]
CatPuppy1999: checks
hassan67: bets $3
CatPuppy1999: folds
Uncalled bet ($3) returned to hassan67
hassan67 collected $11.76 from pot
hassan67: doesn't show hand
*** SUMMARY ***
Total pot $12 | Rake $0.24
Board [3d Qh 5c]
Seat 1: hassan67 (button) (small blind) collected ($11.76)
Seat 2: CatPuppy1999 (big blind) folded on the Flop


PokerStars Hand #172209728113:  Hold'em Limit ($3/$6 USD) - 2017/06/25 4:51:21 ET
Table 'Baucis II' 6-max Seat #2 is the button
Seat 1: hassan67 ($115.31 in chips)
Seat 2: CatPuppy1999 ($103.73 in chips)
CatPuppy1999: posts small blind $1
hassan67: posts big blind $3
*** HOLE CARDS ***
CatPuppy1999: raises $3 to $6
hassan67: raises $3 to $9
CatPuppy1999: calls $3
*** FLOP *** [8d 8s 6d]
hassan67: bets $3
CatPuppy1999: folds
Uncalled bet ($3) returned to hassan67
hassan67 collected $17.64 from pot
hassan67: doesn't show hand
*** SUMMARY ***
Total pot $18 | Rake $0.36
Board [8d 8s 6d]
Seat 1: hassan67 (big blind) collected ($17.64)
Seat 2: CatPuppy1999 (button) (small blind) folded on the Flop


PokerStars Hand #172209746804:  Hold'em Limit ($3/$6 USD) - 2017/06/25 4:52:14 ET
Table 'Baucis II' 6-max Seat #1 is the button
Seat 1: hassan67 ($123.71 in chips)
Seat 2: CatPuppy1999 ($94.49 in chips)
hassan67: posts small blind $1
CatPuppy1999: posts big blind $3
*** HOLE CARDS ***
hassan67: raises $3 to $6
CatPuppy1999: calls $3
*** FLOP *** [Qd Qh As]
CatPuppy1999: checks
hassan67: bets $3
CatPuppy1999: folds
Uncalled bet ($3) returned to hassan67
hassan67 collected $11.76 from pot
hassan67: doesn't show hand
*** SUMMARY ***
Total pot $12 | Rake $0.24
Board [Qd Qh As]
Seat 1: hassan67 (button) (small blind) collected ($11.76)
Seat 2: CatPuppy1999 (big blind) folded on the Flop


PokerStars Hand #172209754008:  Hold'em Limit ($3/$6 USD) - 2017/06/25 4:52:34 ET
Table 'Baucis II' 6-max Seat #2 is the button
Seat 1: hassan67 ($129.47 in chips)
Seat 2: CatPuppy1999 ($88.49 in chips)
CatPuppy1999: posts small blind $1
hassan67: posts big blind $3
*** HOLE CARDS ***
CatPuppy1999: raises $3 to $6
hassan67: calls $3
*** FLOP *** [4s 7h Ts]
hassan67: checks
CatPuppy1999: bets $3
hassan67: raises $3 to $6
CatPuppy1999: calls $3
*** TURN *** [4s 7h Ts] [5h]
hassan67: bets $6
CatPuppy1999: raises $6 to $12
hassan67: raises $6 to $18
CatPuppy1999: raises $6 to $24
Betting is capped
hassan67: calls $6
*** RIVER *** [4s 7h Ts 5h] [4d]
hassan67: checks
CatPuppy1999: bets $6
hassan67: calls $6
*** SHOW DOWN ***
CatPuppy1999: shows [4h 4c] (four of a kind, Fours)
hassan67: mucks hand
CatPuppy1999 collected $83.50 from pot
*** SUMMARY ***
Total pot $84 | Rake $0.50
Board [4s 7h Ts 5h 4d]
Seat 1: hassan67 (big blind) mucked
Seat 2: CatPuppy1999 (button) (small blind) showed [4h 4c] and won ($83.50) with four of a kind, Fours


