PokerStars Hand #164688991787:  Hold'em Limit ($3/$6 USD) - 2017/01/16 16:26:07 ET
Table 'Baucis II' 6-max Seat #1 is the button
Seat 1: laubes04 ($431.44 in chips)
Seat 2: Chessnok ($60 in chips)
laubes04: posts small blind $1
Chessnok: posts big blind $3
*** HOLE CARDS ***
laubes04: folds
Uncalled bet ($2) returned to Chessnok
rumataA leaves the table
Chessnok collected $2 from pot
Chessnok: doesn't show hand
*** SUMMARY ***
Total pot $2 | Rake $0
Seat 1: laubes04 (button) (small blind) folded before Flop
Seat 2: Chessnok (big blind) collected ($2)


PokerStars Hand #164689033973:  Hold'em Limit ($3/$6 USD) - 2017/01/16 16:26:49 ET
Table 'Baucis II' 6-max Seat #1 is the button
Seat 1: laubes04 ($421.44 in chips)
Seat 2: Chessnok ($69.64 in chips)
laubes04: posts small blind $1
Chessnok: posts big blind $3
*** HOLE CARDS ***
laubes04: raises $3 to $6
Chessnok: raises $3 to $9
laubes04: calls $3
*** FLOP *** [Qh Qc 3d]
Chessnok: bets $3
laubes04: calls $3
*** TURN *** [Qh Qc 3d] [Tc]
Chessnok: bets $6
laubes04: folds
Uncalled bet ($6) returned to Chessnok
Chessnok collected $23.52 from pot
Chessnok: doesn't show hand
*** SUMMARY ***
Total pot $24 | Rake $0.48
Board [Qh Qc 3d Tc]
Seat 1: laubes04 (button) (small blind) folded on the Turn
Seat 2: Chessnok (big blind) collected ($23.52)


PokerStars Hand #164688999956:  Hold'em Limit ($3/$6 USD) - 2017/01/16 16:26:15 ET
Table 'Baucis II' 6-max Seat #2 is the button
Seat 1: laubes04 ($430.44 in chips)
Seat 2: Chessnok ($61 in chips)
Chessnok: posts small blind $1
laubes04: posts big blind $3
*** HOLE CARDS ***
Chessnok: raises $3 to $6
laubes04: calls $3
*** FLOP *** [Qc 3d Qh]
laubes04: checks
Chessnok: bets $3
laubes04: calls $3
*** TURN *** [Qc 3d Qh] [2s]
laubes04: checks
wobetting leaves the table
Chessnok: bets $6
laubes04: folds
Uncalled bet ($6) returned to Chessnok
Chessnok collected $17.64 from pot
Chessnok: doesn't show hand
*** SUMMARY ***
Total pot $18 | Rake $0.36
Board [Qc 3d Qh 2s]
Seat 1: laubes04 (big blind) folded on the Turn
Seat 2: Chessnok (button) (small blind) collected ($17.64)


PokerStars Hand #164689097327:  Hold'em Limit ($3/$6 USD) - 2017/01/16 16:27:52 ET
Table 'Baucis II' 6-max Seat #1 is the button
Seat 1: laubes04 ($391.44 in chips)
Seat 2: Chessnok ($98.66 in chips)
laubes04: posts small blind $1
Chessnok: posts big blind $3
*** HOLE CARDS ***
laubes04: raises $3 to $6
Chessnok: calls $3
*** FLOP *** [9s 4h Kc]
Chessnok: checks
laubes04: bets $3
Chessnok: folds
Uncalled bet ($3) returned to laubes04
laubes04 collected $11.76 from pot
laubes04: doesn't show hand
*** SUMMARY ***
Total pot $12 | Rake $0.24
Board [9s 4h Kc]
Seat 1: laubes04 (button) (small blind) collected ($11.76)
Seat 2: Chessnok (big blind) folded on the Flop


PokerStars Hand #164689057758:  Hold'em Limit ($3/$6 USD) - 2017/01/16 16:27:12 ET
Table 'Baucis II' 6-max Seat #2 is the button
Seat 1: laubes04 ($409.44 in chips)
Seat 2: Chessnok ($81.16 in chips)
Chessnok: posts small blind $1
laubes04: posts big blind $3
*** HOLE CARDS ***
Chessnok: raises $3 to $6
laubes04: calls $3
*** FLOP *** [Kd 8c 5s]
laubes04: checks
Chessnok: bets $3
laubes04: raises $3 to $6
Chessnok: calls $3
*** TURN *** [Kd 8c 5s] [Jh]
laubes04: bets $6
Chessnok: raises $6 to $12
laubes04: folds
Uncalled bet ($6) returned to Chessnok
Chessnok collected $35.50 from pot
Chessnok: doesn't show hand
*** SUMMARY ***
Total pot $36 | Rake $0.50
Board [Kd 8c 5s Jh]
Seat 1: laubes04 (big blind) folded on the Turn
Seat 2: Chessnok (button) (small blind) collected ($35.50)


PokerStars Hand #164689476687:  Hold'em Limit ($3/$6 USD) - 2017/01/16 16:34:14 ET
Table 'Baucis II' 6-max Seat #3 is the button
Seat 2: Chessnok ($116.16 in chips)
Seat 3: isildur_Bluf ($237.24 in chips)
isildur_Bluf: posts small blind $1
Chessnok: posts big blind $3
*** HOLE CARDS ***
isildur_Bluf: raises $3 to $6
Chessnok: calls $3
*** FLOP *** [Th 7h Kh]
Chessnok: checks
isildur_Bluf: bets $3
Chessnok: raises $3 to $6
isildur_Bluf: calls $3
*** TURN *** [Th 7h Kh] [6c]
Chessnok: bets $6
isildur_Bluf: calls $6
*** RIVER *** [Th 7h Kh 6c] [6d]
Chessnok: bets $6
isildur_Bluf: calls $6
*** SHOW DOWN ***
Chessnok: shows [9h Kd] (two pair, Kings and Sixes)
isildur_Bluf: mucks hand
Chessnok collected $47.50 from pot
*** SUMMARY ***
Total pot $48 | Rake $0.50
Board [Th 7h Kh 6c 6d]
Seat 2: Chessnok (big blind) showed [9h Kd] and won ($47.50) with two pair, Kings and Sixes
Seat 3: isildur_Bluf (button) (small blind) mucked


PokerStars Hand #164689429938:  Hold'em Limit ($3/$6 USD) - 2017/01/16 16:33:27 ET
Table 'Baucis II' 6-max Seat #2 is the button
Seat 2: Chessnok ($92.66 in chips)
Seat 3: isildur_Bluf ($261.24 in chips)
Chessnok: posts small blind $1
isildur_Bluf: posts big blind $3
*** HOLE CARDS ***
Chessnok: raises $3 to $6
isildur_Bluf: calls $3
*** FLOP *** [Ac 8s Th]
isildur_Bluf: checks
Chessnok: bets $3
isildur_Bluf: raises $3 to $6
Chessnok: calls $3
*** TURN *** [Ac 8s Th] [6c]
isildur_Bluf: bets $6
Chessnok: calls $6
*** RIVER *** [Ac 8s Th 6c] [2s]
isildur_Bluf: checks
Chessnok: bets $6
isildur_Bluf: calls $6
*** SHOW DOWN ***
Chessnok: shows [Ad Js] (a pair of Aces)
isildur_Bluf: mucks hand
Chessnok collected $47.50 from pot
*** SUMMARY ***
Total pot $48 | Rake $0.50
Board [Ac 8s Th 6c 2s]
Seat 2: Chessnok (button) (small blind) showed [Ad Js] and won ($47.50) with a pair of Aces
Seat 3: isildur_Bluf (big blind) mucked


PokerStars Hand #164689546412:  Hold'em Limit ($3/$6 USD) - 2017/01/16 16:35:25 ET
Table 'Baucis II' 6-max Seat #2 is the button
Seat 2: Chessnok ($116.66 in chips)
Seat 3: isildur_Bluf ($235.74 in chips)
Chessnok: posts small blind $1
isildur_Bluf: posts big blind $3
*** HOLE CARDS ***
Chessnok: raises $3 to $6
isildur_Bluf: calls $3
*** FLOP *** [5h 7c 6s]
isildur_Bluf: checks
Chessnok: bets $3
isildur_Bluf: calls $3
*** TURN *** [5h 7c 6s] [Qs]
isildur_Bluf: checks
Chessnok: bets $6
isildur_Bluf: calls $6
*** RIVER *** [5h 7c 6s Qs] [Th]
isildur_Bluf: checks
Chessnok: checks
*** SHOW DOWN ***
isildur_Bluf: shows [Ts 4s] (a pair of Tens)
Chessnok: mucks hand
isildur_Bluf collected $29.50 from pot
*** SUMMARY ***
Total pot $30 | Rake $0.50
Board [5h 7c 6s Qs Th]
Seat 2: Chessnok (button) (small blind) mucked
Seat 3: isildur_Bluf (big blind) showed [Ts 4s] and won ($29.50) with a pair of Tens


PokerStars Hand #164689540063:  Hold'em Limit ($3/$6 USD) - 2017/01/16 16:35:19 ET
Table 'Baucis II' 6-max Seat #3 is the button
Seat 2: Chessnok ($115.66 in chips)
Seat 3: isildur_Bluf ($236.74 in chips)
isildur_Bluf: posts small blind $1
Chessnok: posts big blind $3
*** HOLE CARDS ***
isildur_Bluf: folds
Uncalled bet ($2) returned to Chessnok
Chessnok collected $2 from pot
Chessnok: doesn't show hand
*** SUMMARY ***
Total pot $2 | Rake $0
Seat 2: Chessnok (big blind) collected ($2)
Seat 3: isildur_Bluf (button) (small blind) folded before Flop


PokerStars Hand #164689501287:  Hold'em Limit ($3/$6 USD) - 2017/01/16 16:34:39 ET
Table 'Baucis II' 6-max Seat #2 is the button
Seat 2: Chessnok ($139.66 in chips)
Seat 3: isildur_Bluf ($213.24 in chips)
Chessnok: posts small blind $1
isildur_Bluf: posts big blind $3
*** HOLE CARDS ***
Chessnok: raises $3 to $6
isildur_Bluf: raises $3 to $9
Chessnok: calls $3
*** FLOP *** [Ts Jd 5h]
isildur_Bluf: bets $3
Chessnok: calls $3
*** TURN *** [Ts Jd 5h] [Qh]
isildur_Bluf: bets $6
Chessnok: calls $6
*** RIVER *** [Ts Jd 5h Qh] [7h]
isildur_Bluf: bets $6
Chessnok: calls $6
*** SHOW DOWN ***
isildur_Bluf: shows [Jc Ad] (a pair of Jacks)
Chessnok: mucks hand
isildur_Bluf collected $47.50 from pot
*** SUMMARY ***
Total pot $48 | Rake $0.50
Board [Ts Jd 5h Qh 7h]
Seat 2: Chessnok (button) (small blind) mucked
Seat 3: isildur_Bluf (big blind) showed [Jc Ad] and won ($47.50) with a pair of Jacks


