PokerStars Hand #159290422972:  Hold'em Limit ($3/$6 USD) - 2016/09/30 12:25:54 ET
Table 'Baucis II' 6-max Seat #1 is the button
Seat 1: dirk 0001 ($32.28 in chips)
Seat 5: GoliafUa ($120 in chips)
dirk 0001: posts small blind $1
GoliafUa: posts big blind $3
*** HOLE CARDS ***
dirk 0001: raises $3 to $6
GoliafUa: calls $3
*** FLOP *** [9h Td 7c]
GoliafUa: checks
dirk 0001: bets $3
GoliafUa: calls $3
*** TURN *** [9h Td 7c] [Tc]
GoliafUa: checks
dirk 0001: bets $6
GoliafUa: calls $6
*** RIVER *** [9h Td 7c Tc] [3c]
GoliafUa: checks
dirk 0001: checks
*** SHOW DOWN ***
GoliafUa: shows [7s 8s] (two pair, Tens and Sevens)
dirk 0001: mucks hand
GoliafUa collected $29.50 from pot
*** SUMMARY ***
Total pot $30 | Rake $0.50
Board [9h Td 7c Tc 3c]
Seat 1: dirk 0001 (button) (small blind) mucked
Seat 5: GoliafUa (big blind) showed [7s 8s] and won ($29.50) with two pair, Tens and Sevens


PokerStars Hand #159290450724:  Hold'em Limit ($3/$6 USD) - 2016/09/30 12:26:37 ET
Table 'Baucis II' 6-max Seat #1 is the button
Seat 1: dirk 0001 ($34.06 in chips)
Seat 5: GoliafUa ($117.22 in chips)
dirk 0001: posts small blind $1
GoliafUa: posts big blind $3
*** HOLE CARDS ***
dirk 0001: folds
Uncalled bet ($2) returned to GoliafUa
GoliafUa collected $2 from pot
GoliafUa: doesn't show hand
*** SUMMARY ***
Total pot $2 | Rake $0
Seat 1: dirk 0001 (button) (small blind) folded before Flop
Seat 5: GoliafUa (big blind) collected ($2)


PokerStars Hand #159290434572:  Hold'em Limit ($3/$6 USD) - 2016/09/30 12:26:12 ET
Table 'Baucis II' 6-max Seat #5 is the button
Seat 1: dirk 0001 ($17.28 in chips)
Seat 5: GoliafUa ($134.50 in chips)
GoliafUa: posts small blind $1
dirk 0001: posts big blind $3
*** HOLE CARDS ***
GoliafUa: raises $3 to $6
dirk 0001: raises $3 to $9
GoliafUa: calls $3
*** FLOP *** [Th 8c 2s]
dirk 0001: bets $3
GoliafUa: calls $3
*** TURN *** [Th 8c 2s] [Ac]
dirk 0001: bets $5.28 and is all-in
GoliafUa: calls $5.28
*** RIVER *** [Th 8c 2s Ac] [Td]
*** SHOW DOWN ***
dirk 0001: shows [Ks Kd] (two pair, Kings and Tens)
GoliafUa: shows [6c 8d] (two pair, Tens and Eights)
dirk 0001 collected $34.06 from pot
*** SUMMARY ***
Total pot $34.56 | Rake $0.50
Board [Th 8c 2s Ac Td]
Seat 1: dirk 0001 (big blind) showed [Ks Kd] and won ($34.06) with two pair, Kings and Tens
Seat 5: GoliafUa (button) (small blind) showed [6c 8d] and lost with two pair, Tens and Eights


PokerStars Hand #159290465356:  Hold'em Limit ($3/$6 USD) - 2016/09/30 12:26:59 ET
Table 'Baucis II' 6-max Seat #1 is the button
Seat 1: dirk 0001 ($47.56 in chips)
Seat 5: GoliafUa ($103.22 in chips)
dirk 0001: posts small blind $1
GoliafUa: posts big blind $3
*** HOLE CARDS ***
dirk 0001: folds
Uncalled bet ($2) returned to GoliafUa
GoliafUa collected $2 from pot
GoliafUa: doesn't show hand
*** SUMMARY ***
Total pot $2 | Rake $0
Seat 1: dirk 0001 (button) (small blind) folded before Flop
Seat 5: GoliafUa (big blind) collected ($2)


PokerStars Hand #159290453867:  Hold'em Limit ($3/$6 USD) - 2016/09/30 12:26:42 ET
Table 'Baucis II' 6-max Seat #5 is the button
Seat 1: dirk 0001 ($33.06 in chips)
Seat 5: GoliafUa ($118.22 in chips)
GoliafUa: posts small blind $1
dirk 0001: posts big blind $3
*** HOLE CARDS ***
GoliafUa: raises $3 to $6
dirk 0001: calls $3
*** FLOP *** [6c Kc 3d]
dirk 0001: checks
GoliafUa: bets $3
dirk 0001: calls $3
*** TURN *** [6c Kc 3d] [8h]
dirk 0001: checks
GoliafUa: checks
*** RIVER *** [6c Kc 3d 8h] [Jh]
dirk 0001: bets $6
GoliafUa: calls $6
*** SHOW DOWN ***
dirk 0001: shows [5d Ks] (a pair of Kings)
GoliafUa: mucks hand
dirk 0001 collected $29.50 from pot
*** SUMMARY ***
Total pot $30 | Rake $0.50
Board [6c Kc 3d 8h Jh]
Seat 1: dirk 0001 (big blind) showed [5d Ks] and won ($29.50) with a pair of Kings
Seat 5: GoliafUa (button) (small blind) mucked


PokerStars Hand #159290468322:  Hold'em Limit ($3/$6 USD) - 2016/09/30 12:27:04 ET
Table 'Baucis II' 6-max Seat #5 is the button
Seat 1: dirk 0001 ($46.56 in chips)
Seat 5: GoliafUa ($104.22 in chips)
GoliafUa: posts small blind $1
dirk 0001: posts big blind $3
*** HOLE CARDS ***
GoliafUa: raises $3 to $6
dirk 0001: folds
Uncalled bet ($3) returned to GoliafUa
GoliafUa collected $6 from pot
GoliafUa: doesn't show hand
*** SUMMARY ***
Total pot $6 | Rake $0
Seat 1: dirk 0001 (big blind) folded before Flop
Seat 5: GoliafUa (button) (small blind) collected ($6)


PokerStars Hand #159290507124:  Hold'em Limit ($3/$6 USD) - 2016/09/30 12:28:04 ET
Table 'Baucis II' 6-max Seat #5 is the button
Seat 1: dirk 0001 ($42.06 in chips)
Seat 5: GoliafUa ($107.50 in chips)
GoliafUa: posts small blind $1
dirk 0001: posts big blind $3
*** HOLE CARDS ***
GoliafUa: raises $3 to $6
dirk 0001: folds
Uncalled bet ($3) returned to GoliafUa
GoliafUa collected $6 from pot
GoliafUa: doesn't show hand
*** SUMMARY ***
Total pot $6 | Rake $0
Seat 1: dirk 0001 (big blind) folded before Flop
Seat 5: GoliafUa (button) (small blind) collected ($6)


PokerStars Hand #159290472578:  Hold'em Limit ($3/$6 USD) - 2016/09/30 12:27:10 ET
Table 'Baucis II' 6-max Seat #1 is the button
Seat 1: dirk 0001 ($43.56 in chips)
Seat 5: GoliafUa ($107.22 in chips)
dirk 0001: posts small blind $1
GoliafUa: posts big blind $3
*** HOLE CARDS ***
dirk 0001: calls $2
GoliafUa: raises $3 to $6
dirk 0001: calls $3
*** FLOP *** [As 6s 4s]
GoliafUa: bets $3
dirk 0001: calls $3
*** TURN *** [As 6s 4s] [4d]
GoliafUa: bets $6
dirk 0001: calls $6
*** RIVER *** [As 6s 4s 4d] [6d]
GoliafUa: checks
dirk 0001: bets $6
GoliafUa: calls $6
*** SHOW DOWN ***
dirk 0001: shows [8h 6h] (a full house, Sixes full of Fours)
GoliafUa: mucks hand
dirk 0001 collected $41.50 from pot
*** SUMMARY ***
Total pot $42 | Rake $0.50
Board [As 6s 4s 4d 6d]
Seat 1: dirk 0001 (button) (small blind) showed [8h 6h] and won ($41.50) with a full house, Sixes full of Fours
Seat 5: GoliafUa (big blind) mucked


PokerStars Hand #159290484035:  Hold'em Limit ($3/$6 USD) - 2016/09/30 12:27:28 ET
Table 'Baucis II' 6-max Seat #5 is the button
Seat 1: dirk 0001 ($64.06 in chips)
Seat 5: GoliafUa ($86.22 in chips)
GoliafUa: posts small blind $1
dirk 0001: posts big blind $3
*** HOLE CARDS ***
GoliafUa: raises $3 to $6
dirk 0001: calls $3
*** FLOP *** [2s Jc Ts]
dirk 0001: checks
GoliafUa: bets $3
dirk 0001: folds
Uncalled bet ($3) returned to GoliafUa
GoliafUa collected $11.76 from pot
GoliafUa: doesn't show hand
*** SUMMARY ***
Total pot $12 | Rake $0.24
Board [2s Jc Ts]
Seat 1: dirk 0001 (big blind) folded on the Flop
Seat 5: GoliafUa (button) (small blind) collected ($11.76)


PokerStars Hand #159290496246:  Hold'em Limit ($3/$6 USD) - 2016/09/30 12:27:47 ET
Table 'Baucis II' 6-max Seat #5 is the button
Seat 1: dirk 0001 ($57.06 in chips)
Seat 5: GoliafUa ($92.98 in chips)
GoliafUa: posts small blind $1
dirk 0001: posts big blind $3
*** HOLE CARDS ***
GoliafUa: raises $3 to $6
dirk 0001: folds
Uncalled bet ($3) returned to GoliafUa
GoliafUa collected $6 from pot
GoliafUa: doesn't show hand
*** SUMMARY ***
Total pot $6 | Rake $0
Seat 1: dirk 0001 (big blind) folded before Flop
Seat 5: GoliafUa (button) (small blind) collected ($6)


PokerStars Hand #159290493170:  Hold'em Limit ($3/$6 USD) - 2016/09/30 12:27:42 ET
Table 'Baucis II' 6-max Seat #1 is the button
Seat 1: dirk 0001 ($58.06 in chips)
Seat 5: GoliafUa ($91.98 in chips)
dirk 0001: posts small blind $1
GoliafUa: posts big blind $3
*** HOLE CARDS ***
dirk 0001: folds
Uncalled bet ($2) returned to GoliafUa
GoliafUa collected $2 from pot
GoliafUa: doesn't show hand
*** SUMMARY ***
Total pot $2 | Rake $0
Seat 1: dirk 0001 (button) (small blind) folded before Flop
Seat 5: GoliafUa (big blind) collected ($2)


PokerStars Hand #159290499938:  Hold'em Limit ($3/$6 USD) - 2016/09/30 12:27:53 ET
Table 'Baucis II' 6-max Seat #1 is the button
Seat 1: dirk 0001 ($54.06 in chips)
Seat 5: GoliafUa ($95.98 in chips)
dirk 0001: posts small blind $1
GoliafUa: posts big blind $3
*** HOLE CARDS ***
dirk 0001: raises $3 to $6
GoliafUa: raises $3 to $9
dirk 0001: calls $3
*** FLOP *** [2s 5c Ts]
GoliafUa: bets $3
dirk 0001: calls $3
*** TURN *** [2s 5c Ts] [As]
GoliafUa: bets $6
dirk 0001: folds
Uncalled bet ($6) returned to GoliafUa
GoliafUa collected $23.52 from pot
GoliafUa: doesn't show hand
*** SUMMARY ***
Total pot $24 | Rake $0.48
Board [2s 5c Ts As]
Seat 1: dirk 0001 (button) (small blind) folded on the Turn
Seat 5: GoliafUa (big blind) collected ($23.52)


PokerStars Hand #159290550282:  Hold'em Limit ($3/$6 USD) - 2016/09/30 12:29:10 ET
Table 'Baucis II' 6-max Seat #5 is the button
Seat 1: dirk 0001 ($64.06 in chips)
Seat 5: GoliafUa ($84.38 in chips)
GoliafUa: posts small blind $1
dirk 0001: posts big blind $3
*** HOLE CARDS ***
GoliafUa: raises $3 to $6
dirk 0001: folds
Uncalled bet ($3) returned to GoliafUa
GoliafUa collected $6 from pot
GoliafUa: doesn't show hand
*** SUMMARY ***
Total pot $6 | Rake $0
Seat 1: dirk 0001 (big blind) folded before Flop
Seat 5: GoliafUa (button) (small blind) collected ($6)


PokerStars Hand #159290542407:  Hold'em Limit ($3/$6 USD) - 2016/09/30 12:28:58 ET
Table 'Baucis II' 6-max Seat #1 is the button
Seat 1: dirk 0001 ($67.06 in chips)
Seat 5: GoliafUa ($81.50 in chips)
dirk 0001: posts small blind $1
GoliafUa: posts big blind $3
*** HOLE CARDS ***
dirk 0001: calls $2
GoliafUa: checks
*** FLOP *** [6s 9c 7s]
GoliafUa: checks
dirk 0001: checks
*** TURN *** [6s 9c 7s] [Js]
GoliafUa: checks
dirk 0001: checks
*** RIVER *** [6s 9c 7s Js] [3c]
GoliafUa: bets $6
dirk 0001: folds
Uncalled bet ($6) returned to GoliafUa
GoliafUa collected $5.88 from pot
GoliafUa: doesn't show hand
*** SUMMARY ***
Total pot $6 | Rake $0.12
Board [6s 9c 7s Js 3c]
Seat 1: dirk 0001 (button) (small blind) folded on the River
Seat 5: GoliafUa (big blind) collected ($5.88)


PokerStars Hand #159290531281:  Hold'em Limit ($3/$6 USD) - 2016/09/30 12:28:41 ET
Table 'Baucis II' 6-max Seat #1 is the button
Seat 1: dirk 0001 ($71.06 in chips)
Seat 5: GoliafUa ($77.50 in chips)
dirk 0001: posts small blind $1
GoliafUa: posts big blind $3
*** HOLE CARDS ***
dirk 0001: folds
Uncalled bet ($2) returned to GoliafUa
GoliafUa collected $2 from pot
GoliafUa: doesn't show hand
*** SUMMARY ***
Total pot $2 | Rake $0
Seat 1: dirk 0001 (button) (small blind) folded before Flop
Seat 5: GoliafUa (big blind) collected ($2)


PokerStars Hand #159290519966:  Hold'em Limit ($3/$6 USD) - 2016/09/30 12:28:23 ET
Table 'Baucis II' 6-max Seat #5 is the button
Seat 1: dirk 0001 ($53.56 in chips)
Seat 5: GoliafUa ($95.50 in chips)
GoliafUa: posts small blind $1
dirk 0001: posts big blind $3
*** HOLE CARDS ***
GoliafUa: raises $3 to $6
dirk 0001: raises $3 to $9
GoliafUa: calls $3
*** FLOP *** [8s 4c Jd]
dirk 0001: bets $3
GoliafUa: calls $3
*** TURN *** [8s 4c Jd] [6h]
dirk 0001: bets $6
GoliafUa: calls $6
*** RIVER *** [8s 4c Jd 6h] [4d]
dirk 0001: checks
GoliafUa: checks
*** SHOW DOWN ***
dirk 0001: shows [Ac Kc] (a pair of Fours)
GoliafUa: mucks hand
dirk 0001 collected $35.50 from pot
*** SUMMARY ***
Total pot $36 | Rake $0.50
Board [8s 4c Jd 6h 4d]
Seat 1: dirk 0001 (big blind) showed [Ac Kc] and won ($35.50) with a pair of Fours
Seat 5: GoliafUa (button) (small blind) mucked


PokerStars Hand #159290535022:  Hold'em Limit ($3/$6 USD) - 2016/09/30 12:28:46 ET
Table 'Baucis II' 6-max Seat #5 is the button
Seat 1: dirk 0001 ($70.06 in chips)
Seat 5: GoliafUa ($78.50 in chips)
GoliafUa: posts small blind $1
dirk 0001: posts big blind $3
*** HOLE CARDS ***
GoliafUa: raises $3 to $6
dirk 0001: folds
Uncalled bet ($3) returned to GoliafUa
GoliafUa collected $6 from pot
GoliafUa: doesn't show hand
*** SUMMARY ***
Total pot $6 | Rake $0
Seat 1: dirk 0001 (big blind) folded before Flop
Seat 5: GoliafUa (button) (small blind) collected ($6)


PokerStars Hand #159290510886:  Hold'em Limit ($3/$6 USD) - 2016/09/30 12:28:09 ET
Table 'Baucis II' 6-max Seat #1 is the button
Seat 1: dirk 0001 ($39.06 in chips)
Seat 5: GoliafUa ($110.50 in chips)
dirk 0001: posts small blind $1
GoliafUa: posts big blind $3
*** HOLE CARDS ***
dirk 0001: raises $3 to $6
GoliafUa: raises $3 to $9
dirk 0001: raises $3 to $12
Betting is capped
GoliafUa: calls $3
*** FLOP *** [7d 7h 6s]
GoliafUa: checks
dirk 0001: bets $3
GoliafUa: calls $3
*** TURN *** [7d 7h 6s] [Qh]
GoliafUa: checks
dirk 0001: bets $6
GoliafUa: folds
Uncalled bet ($6) returned to dirk 0001
dirk 0001 collected $29.50 from pot
*** SUMMARY ***
Total pot $30 | Rake $0.50
Board [7d 7h 6s Qh]
Seat 1: dirk 0001 (button) (small blind) collected ($29.50)
Seat 5: GoliafUa (big blind) folded on the Turn


PokerStars Hand #159290598683:  Hold'em Limit ($3/$6 USD) - 2016/09/30 12:30:11 ET
Table 'Baucis II' 6-max Seat #5 is the button
Seat 1: dirk 0001 ($70.56 in chips)
Seat 5: GoliafUa ($77.14 in chips)
GoliafUa: posts small blind $1
dirk 0001: posts big blind $3
*** HOLE CARDS ***
GoliafUa: raises $3 to $6
dirk 0001: folds
Uncalled bet ($3) returned to GoliafUa
GoliafUa collected $6 from pot
GoliafUa: doesn't show hand
*** SUMMARY ***
Total pot $6 | Rake $0
Seat 1: dirk 0001 (big blind) folded before Flop
Seat 5: GoliafUa (button) (small blind) collected ($6)


PokerStars Hand #159290575130:  Hold'em Limit ($3/$6 USD) - 2016/09/30 12:29:48 ET
Table 'Baucis II' 6-max Seat #1 is the button
Seat 1: dirk 0001 ($50.06 in chips)
Seat 5: GoliafUa ($98.14 in chips)
dirk 0001: posts small blind $1
GoliafUa: posts big blind $3
*** HOLE CARDS ***
dirk 0001: raises $3 to $6
GoliafUa: calls $3
*** FLOP *** [7s Jc 7h]
GoliafUa: checks
dirk 0001: bets $3
GoliafUa: calls $3
*** TURN *** [7s Jc 7h] [Kh]
GoliafUa: checks
dirk 0001: bets $6
GoliafUa: raises $6 to $12
dirk 0001: calls $6
*** RIVER *** [7s Jc 7h Kh] [Td]
GoliafUa: checks
dirk 0001: checks
*** SHOW DOWN ***
GoliafUa: shows [5h 8h] (a pair of Sevens)
dirk 0001: shows [3d Kc] (two pair, Kings and Sevens)
dirk 0001 collected $41.50 from pot
*** SUMMARY ***
Total pot $42 | Rake $0.50
Board [7s Jc 7h Kh Td]
Seat 1: dirk 0001 (button) (small blind) showed [3d Kc] and won ($41.50) with two pair, Kings and Sevens
Seat 5: GoliafUa (big blind) showed [5h 8h] and lost with a pair of Sevens


PokerStars Hand #159290554111:  Hold'em Limit ($3/$6 USD) - 2016/09/30 12:29:16 ET
Table 'Baucis II' 6-max Seat #1 is the button
Seat 1: dirk 0001 ($61.06 in chips)
Seat 5: GoliafUa ($87.38 in chips)
dirk 0001: posts small blind $1
GoliafUa: posts big blind $3
*** HOLE CARDS ***
dirk 0001: folds
Uncalled bet ($2) returned to GoliafUa
GoliafUa collected $2 from pot
GoliafUa: doesn't show hand
*** SUMMARY ***
Total pot $2 | Rake $0
Seat 1: dirk 0001 (button) (small blind) folded before Flop
Seat 5: GoliafUa (big blind) collected ($2)


PokerStars Hand #159290557163:  Hold'em Limit ($3/$6 USD) - 2016/09/30 12:29:21 ET
Table 'Baucis II' 6-max Seat #5 is the button
Seat 1: dirk 0001 ($60.06 in chips)
Seat 5: GoliafUa ($88.38 in chips)
GoliafUa: posts small blind $1
dirk 0001: posts big blind $3
*** HOLE CARDS ***
GoliafUa: raises $3 to $6
dirk 0001: calls $3
*** FLOP *** [Ah 2d Qs]
dirk 0001: checks
GoliafUa: bets $3
dirk 0001: folds
Uncalled bet ($3) returned to GoliafUa
GoliafUa collected $11.76 from pot
GoliafUa: doesn't show hand
*** SUMMARY ***
Total pot $12 | Rake $0.24
Board [Ah 2d Qs]
Seat 1: dirk 0001 (big blind) folded on the Flop
Seat 5: GoliafUa (button) (small blind) collected ($11.76)


PokerStars Hand #159290565030:  Hold'em Limit ($3/$6 USD) - 2016/09/30 12:29:33 ET
Table 'Baucis II' 6-max Seat #1 is the button
Seat 1: dirk 0001 ($54.06 in chips)
Seat 5: GoliafUa ($94.14 in chips)
dirk 0001: posts small blind $1
GoliafUa: posts big blind $3
*** HOLE CARDS ***
dirk 0001: folds
Uncalled bet ($2) returned to GoliafUa
GoliafUa collected $2 from pot
GoliafUa: doesn't show hand
*** SUMMARY ***
Total pot $2 | Rake $0
Seat 1: dirk 0001 (button) (small blind) folded before Flop
Seat 5: GoliafUa (big blind) collected ($2)


PokerStars Hand #159290568134:  Hold'em Limit ($3/$6 USD) - 2016/09/30 12:29:37 ET
Table 'Baucis II' 6-max Seat #5 is the button
Seat 1: dirk 0001 ($53.06 in chips)
Seat 5: GoliafUa ($95.14 in chips)
GoliafUa: posts small blind $1
dirk 0001: posts big blind $3
*** HOLE CARDS ***
GoliafUa: raises $3 to $6
dirk 0001: folds
Uncalled bet ($3) returned to GoliafUa
GoliafUa collected $6 from pot
GoliafUa: doesn't show hand
*** SUMMARY ***
Total pot $6 | Rake $0
Seat 1: dirk 0001 (big blind) folded before Flop
Seat 5: GoliafUa (button) (small blind) collected ($6)


PokerStars Hand #159290602542:  Hold'em Limit ($3/$6 USD) - 2016/09/30 12:30:16 ET
Table 'Baucis II' 6-max Seat #1 is the button
Seat 1: dirk 0001 ($67.56 in chips)
Seat 5: GoliafUa ($80.14 in chips)
dirk 0001: posts small blind $1
GoliafUa: posts big blind $3
*** HOLE CARDS ***
dirk 0001: raises $3 to $6
GoliafUa: raises $3 to $9
dirk 0001: calls $3
*** FLOP *** [9c Ac 7s]
GoliafUa: bets $3
dirk 0001: raises $3 to $6
GoliafUa: calls $3
*** TURN *** [9c Ac 7s] [6s]
GoliafUa: checks
dirk 0001: bets $6
GoliafUa: calls $6
*** RIVER *** [9c Ac 7s 6s] [Jh]
GoliafUa: checks
dirk 0001: bets $6
GoliafUa: calls $6
*** SHOW DOWN ***
dirk 0001: shows [Qc Jc] (a pair of Jacks)
GoliafUa: shows [Kh Ks] (a pair of Kings)
GoliafUa collected $53.50 from pot
*** SUMMARY ***
Total pot $54 | Rake $0.50
Board [9c Ac 7s 6s Jh]
Seat 1: dirk 0001 (button) (small blind) showed [Qc Jc] and lost with a pair of Jacks
Seat 5: GoliafUa (big blind) showed [Kh Ks] and won ($53.50) with a pair of Kings


PokerStars Hand #159290614265:  Hold'em Limit ($3/$6 USD) - 2016/09/30 12:30:34 ET
Table 'Baucis II' 6-max Seat #5 is the button
Seat 1: dirk 0001 ($40.56 in chips)
Seat 5: GoliafUa ($106.64 in chips)
GoliafUa: posts small blind $1
dirk 0001: posts big blind $3
*** HOLE CARDS ***
GoliafUa: raises $3 to $6
dirk 0001: raises $3 to $9
GoliafUa: calls $3
*** FLOP *** [5s As 8d]
dirk 0001: bets $3
GoliafUa: calls $3
*** TURN *** [5s As 8d] [Ah]
dirk 0001: bets $6
GoliafUa: folds
Uncalled bet ($6) returned to dirk 0001
dirk 0001 collected $23.52 from pot
*** SUMMARY ***
Total pot $24 | Rake $0.48
Board [5s As 8d Ah]
Seat 1: dirk 0001 (big blind) collected ($23.52)
Seat 5: GoliafUa (button) (small blind) folded on the Turn


PokerStars Hand #159290621577:  Hold'em Limit ($3/$6 USD) - 2016/09/30 12:30:45 ET
Table 'Baucis II' 6-max Seat #1 is the button
Seat 1: dirk 0001 ($52.08 in chips)
Seat 5: GoliafUa ($94.64 in chips)
dirk 0001: posts small blind $1
GoliafUa: posts big blind $3
*** HOLE CARDS ***
dirk 0001: raises $3 to $6
GoliafUa: calls $3
*** FLOP *** [Ts Qd Td]
GoliafUa: checks
dirk 0001: bets $3
GoliafUa: raises $3 to $6
dirk 0001: calls $3
*** TURN *** [Ts Qd Td] [Ks]
GoliafUa: bets $6
dirk 0001: folds
Uncalled bet ($6) returned to GoliafUa
GoliafUa collected $23.52 from pot
GoliafUa: doesn't show hand
*** SUMMARY ***
Total pot $24 | Rake $0.48
Board [Ts Qd Td Ks]
Seat 1: dirk 0001 (button) (small blind) folded on the Turn
Seat 5: GoliafUa (big blind) collected ($23.52)


PokerStars Hand #159290630981:  Hold'em Limit ($3/$6 USD) - 2016/09/30 12:30:59 ET
Table 'Baucis II' 6-max Seat #5 is the button
Seat 1: dirk 0001 ($40.08 in chips)
Seat 5: GoliafUa ($106.16 in chips)
GoliafUa: posts small blind $1
dirk 0001: posts big blind $3
*** HOLE CARDS ***
GoliafUa: raises $3 to $6
dirk 0001: raises $3 to $9
fire852181 joins the table at seat #6
GoliafUa: calls $3
*** FLOP *** [4d 4c 9d]
dirk 0001: bets $3
GoliafUa: calls $3
*** TURN *** [4d 4c 9d] [3s]
dirk 0001: bets $6
GoliafUa: calls $6
*** RIVER *** [4d 4c 9d 3s] [Ts]
dirk 0001: bets $6
GoliafUa: calls $6
*** SHOW DOWN ***
dirk 0001: shows [Ad 3c] (two pair, Fours and Threes)
GoliafUa: mucks hand
dirk 0001 collected $47.50 from pot
*** SUMMARY ***
Total pot $48 | Rake $0.50
Board [4d 4c 9d 3s Ts]
Seat 1: dirk 0001 (big blind) showed [Ad 3c] and won ($47.50) with two pair, Fours and Threes
Seat 5: GoliafUa (button) (small blind) mucked


PokerStars Hand #159290641564:  Hold'em Limit ($3/$6 USD) - 2016/09/30 12:31:16 ET
Table 'Baucis II' 6-max Seat #1 is the button
Seat 1: dirk 0001 ($63.58 in chips)
Seat 5: GoliafUa ($82.16 in chips)
dirk 0001: posts small blind $1
GoliafUa: posts big blind $3
*** HOLE CARDS ***
dirk 0001: folds
Uncalled bet ($2) returned to GoliafUa
GoliafUa collected $2 from pot
GoliafUa: doesn't show hand
*** SUMMARY ***
Total pot $2 | Rake $0
Seat 1: dirk 0001 (button) (small blind) folded before Flop
Seat 5: GoliafUa (big blind) collected ($2)


PokerStars Hand #159290948067:  Hold'em Limit ($3/$6 USD) - 2016/09/30 12:39:02 ET
Table 'Baucis II' 6-max Seat #5 is the button
Seat 1: dirk 0001 ($39.64 in chips)
Seat 5: GoliafUa ($112 in chips)
GoliafUa: posts small blind $1
dirk 0001: posts big blind $3
*** HOLE CARDS ***
GoliafUa: raises $3 to $6
dirk 0001: calls $3
*** FLOP *** [9h 2h Td]
dirk 0001: checks
GoliafUa: bets $3
dirk 0001: calls $3
*** TURN *** [9h 2h Td] [3h]
dirk 0001: checks
GoliafUa: bets $6
dirk 0001: folds
Uncalled bet ($6) returned to GoliafUa
GoliafUa collected $17.64 from pot
GoliafUa: doesn't show hand
*** SUMMARY ***
Total pot $18 | Rake $0.36
Board [9h 2h Td 3h]
Seat 1: dirk 0001 (big blind) folded on the Turn
Seat 5: GoliafUa (button) (small blind) collected ($17.64)


PokerStars Hand #159290987203:  Hold'em Limit ($3/$6 USD) - 2016/09/30 12:40:01 ET
Table 'Baucis II' 6-max Seat #1 is the button
Seat 1: dirk 0001 ($64.42 in chips)
Seat 5: GoliafUa ($85.64 in chips)
dirk 0001: posts small blind $1
GoliafUa: posts big blind $3
*** HOLE CARDS ***
Great_Kang joins the table at seat #2
dirk 0001: raises $3 to $6
GoliafUa: calls $3
*** FLOP *** [8d 9c Qd]
GoliafUa: checks
dirk 0001: checks
*** TURN *** [8d 9c Qd] [Kd]
GoliafUa: bets $6
dirk 0001: calls $6
*** RIVER *** [8d 9c Qd Kd] [Kc]
GoliafUa: bets $6
dirk 0001: calls $6
*** SHOW DOWN ***
GoliafUa: shows [3d 9d] (a flush, King high)
dirk 0001: mucks hand
GoliafUa collected $35.50 from pot
*** SUMMARY ***
Total pot $36 | Rake $0.50
Board [8d 9c Qd Kd Kc]
Seat 1: dirk 0001 (button) (small blind) mucked
Seat 5: GoliafUa (big blind) showed [3d 9d] and won ($35.50) with a flush, King high


PokerStars Hand #159290957001:  Hold'em Limit ($3/$6 USD) - 2016/09/30 12:39:15 ET
Table 'Baucis II' 6-max Seat #1 is the button
Seat 1: dirk 0001 ($30.64 in chips)
Seat 5: GoliafUa ($120.64 in chips)
dirk 0001: posts small blind $1
GoliafUa: posts big blind $3
*** HOLE CARDS ***
dirk 0001: folds
Uncalled bet ($2) returned to GoliafUa
GoliafUa collected $2 from pot
GoliafUa: doesn't show hand
*** SUMMARY ***
Total pot $2 | Rake $0
Seat 1: dirk 0001 (button) (small blind) folded before Flop
Seat 5: GoliafUa (big blind) collected ($2)


PokerStars Hand #159290978504:  Hold'em Limit ($3/$6 USD) - 2016/09/30 12:39:48 ET
Table 'Baucis II' 6-max Seat #5 is the button
Seat 1: dirk 0001 ($55.78 in chips)
Seat 5: GoliafUa ($94.64 in chips)
GoliafUa: posts small blind $1
dirk 0001: posts big blind $3
*** HOLE CARDS ***
GoliafUa: raises $3 to $6
dirk 0001: raises $3 to $9
GoliafUa: calls $3
*** FLOP *** [9s 6c Jd]
dirk 0001: bets $3
GoliafUa: folds
Uncalled bet ($3) returned to dirk 0001
dirk 0001 collected $17.64 from pot
*** SUMMARY ***
Total pot $18 | Rake $0.36
Board [9s 6c Jd]
Seat 1: dirk 0001 (big blind) collected ($17.64)
Seat 5: GoliafUa (button) (small blind) folded on the Flop


PokerStars Hand #159290969223:  Hold'em Limit ($3/$6 USD) - 2016/09/30 12:39:34 ET
Table 'Baucis II' 6-max Seat #1 is the button
Seat 1: dirk 0001 ($47.14 in chips)
Seat 5: GoliafUa ($103.64 in chips)
dirk 0001: posts small blind $1
GoliafUa: posts big blind $3
*** HOLE CARDS ***
dirk 0001: calls $2
GoliafUa: checks
*** FLOP *** [Jh 4d Ks]
GoliafUa: checks
dirk 0001: checks
*** TURN *** [Jh 4d Ks] [Kd]
GoliafUa: checks
dirk 0001: checks
*** RIVER *** [Jh 4d Ks Kd] [3d]
GoliafUa: checks
dirk 0001: bets $6
GoliafUa: calls $6
*** SHOW DOWN ***
dirk 0001: shows [8d 5d] (a flush, King high)
GoliafUa: mucks hand
dirk 0001 collected $17.64 from pot
*** SUMMARY ***
Total pot $18 | Rake $0.36
Board [Jh 4d Ks Kd 3d]
Seat 1: dirk 0001 (button) (small blind) showed [8d 5d] and won ($17.64) with a flush, King high
Seat 5: GoliafUa (big blind) mucked


PokerStars Hand #159290996655:  Hold'em Limit ($3/$6 USD) - 2016/09/30 12:40:16 ET
Table 'Baucis II' 6-max Seat #5 is the button
Seat 1: dirk 0001 ($46.42 in chips)
Seat 5: GoliafUa ($103.14 in chips)
GoliafUa: posts small blind $1
dirk 0001: posts big blind $3
*** HOLE CARDS ***
GoliafUa: raises $3 to $6
dirk 0001: calls $3
*** FLOP *** [7d 4c Qh]
dirk 0001: checks
GoliafUa: bets $3
dirk 0001: folds
Uncalled bet ($3) returned to GoliafUa
GoliafUa collected $11.76 from pot
GoliafUa: doesn't show hand
*** SUMMARY ***
Total pot $12 | Rake $0.24
Board [7d 4c Qh]
Seat 1: dirk 0001 (big blind) folded on the Flop
Seat 5: GoliafUa (button) (small blind) collected ($11.76)


PokerStars Hand #159291150081:  Hold'em Limit ($3/$6 USD) - 2016/09/30 12:44:06 ET
Table 'Baucis II' 6-max Seat #3 is the button
Seat 2: Great_Kang ($173.97 in chips)
Seat 3: camshaft321 ($59.35 in chips)
camshaft321: posts small blind $1
Great_Kang: posts big blind $3
*** HOLE CARDS ***
camshaft321: raises $3 to $6
Great_Kang: calls $3
*** FLOP *** [Jc 4s 6s]
Great_Kang: checks
camshaft321: checks
*** TURN *** [Jc 4s 6s] [Kc]
Great_Kang: bets $6
camshaft321: calls $6
*** RIVER *** [Jc 4s 6s Kc] [3s]
Great_Kang: bets $6
camshaft321: folds
Uncalled bet ($6) returned to Great_Kang
Great_Kang collected $23.52 from pot
Great_Kang: doesn't show hand
*** SUMMARY ***
Total pot $24 | Rake $0.48
Board [Jc 4s 6s Kc 3s]
Seat 2: Great_Kang (big blind) collected ($23.52)
Seat 3: camshaft321 (button) (small blind) folded on the River


PokerStars Hand #159291175265:  Hold'em Limit ($3/$6 USD) - 2016/09/30 12:44:44 ET
Table 'Baucis II' 6-max Seat #2 is the button
Seat 2: Great_Kang ($185.49 in chips)
Seat 3: camshaft321 ($47.35 in chips)
Great_Kang: posts small blind $1
camshaft321: posts big blind $3
*** HOLE CARDS ***
Great_Kang: raises $3 to $6
camshaft321: calls $3
*** FLOP *** [3d 5s 6h]
camshaft321: checks
Great_Kang: bets $3
camshaft321: calls $3
*** TURN *** [3d 5s 6h] [2h]
camshaft321: checks
Great_Kang: bets $6
camshaft321: calls $6
*** RIVER *** [3d 5s 6h 2h] [Qd]
italianhero4 joins the table at seat #6
camshaft321: checks
Great_Kang: checks
*** SHOW DOWN ***
camshaft321: shows [7d Kd] (high card King)
Great_Kang: mucks hand
camshaft321 collected $29.50 from pot
*** SUMMARY ***
Total pot $30 | Rake $0.50
Board [3d 5s 6h 2h Qd]
Seat 2: Great_Kang (button) (small blind) mucked
Seat 3: camshaft321 (big blind) showed [7d Kd] and won ($29.50) with high card King


PokerStars Hand #159292646347:  Hold'em Limit ($3/$6 USD) - 2016/09/30 13:20:31 ET
Table 'Baucis II' 6-max Seat #3 is the button
Seat 2: Great_Kang ($160.90 in chips)
Seat 3: camshaft321 ($260.15 in chips)
camshaft321: posts small blind $1
raccoon444: is sitting out
Great_Kang: posts big blind $3
*** HOLE CARDS ***
camshaft321: raises $3 to $6
Great_Kang: calls $3
*** FLOP *** [6c 9c Kh]
Great_Kang: checks
camshaft321: bets $3
Great_Kang: calls $3
*** TURN *** [6c 9c Kh] [8h]
Great_Kang: checks
camshaft321: bets $6
Great_Kang: calls $6
*** RIVER *** [6c 9c Kh 8h] [5c]
Great_Kang: checks
camshaft321: bets $6
Great_Kang: calls $6
*** SHOW DOWN ***
camshaft321: shows [Kd 2c] (a pair of Kings)
Great_Kang: shows [6h 5h] (two pair, Sixes and Fives)
Great_Kang collected $41.50 from pot
*** SUMMARY ***
Total pot $42 | Rake $0.50
Board [6c 9c Kh 8h 5c]
Seat 2: Great_Kang (big blind) showed [6h 5h] and won ($41.50) with two pair, Sixes and Fives
Seat 3: camshaft321 (button) (small blind) showed [Kd 2c] and lost with a pair of Kings


PokerStars Hand #159292669447:  Hold'em Limit ($3/$6 USD) - 2016/09/30 13:21:03 ET
Table 'Baucis II' 6-max Seat #2 is the button
Seat 2: Great_Kang ($181.40 in chips)
Seat 3: camshaft321 ($239.15 in chips)
Great_Kang: posts small blind $1
camshaft321: posts big blind $3
*** HOLE CARDS ***
Great_Kang: raises $3 to $6
camshaft321: calls $3
*** FLOP *** [2h 4h 5h]
camshaft321: checks
Great_Kang: bets $3
camshaft321: calls $3
*** TURN *** [2h 4h 5h] [Ac]
camshaft321: checks
Great_Kang: checks
*** RIVER *** [2h 4h 5h Ac] [7s]
camshaft321: checks
Great_Kang: bets $6
camshaft321: folds
Uncalled bet ($6) returned to Great_Kang
Great_Kang collected $17.64 from pot
Great_Kang: doesn't show hand
*** SUMMARY ***
Total pot $18 | Rake $0.36
Board [2h 4h 5h Ac 7s]
Seat 2: Great_Kang (button) (small blind) collected ($17.64)
Seat 3: camshaft321 (big blind) folded on the River


PokerStars Hand #159292807315:  Hold'em Limit ($3/$6 USD) - 2016/09/30 13:24:17 ET
Table 'Baucis II' 6-max Seat #2 is the button
Seat 2: Great_Kang ($199.17 in chips)
Seat 4: raccoon444 ($53.79 in chips)
Great_Kang: posts small blind $1
raccoon444: posts big blind $3
*** HOLE CARDS ***
Great_Kang: raises $3 to $6
raccoon444: raises $3 to $9
Great_Kang: calls $3
*** FLOP *** [Kc As 8d]
raccoon444: bets $3
italianhero4 joins the table at seat #6
Great_Kang: folds
Uncalled bet ($3) returned to raccoon444
raccoon444 collected $17.64 from pot
raccoon444: doesn't show hand
*** SUMMARY ***
Total pot $18 | Rake $0.36
Board [Kc As 8d]
Seat 2: Great_Kang (button) (small blind) folded on the Flop
Seat 4: raccoon444 (big blind) collected ($17.64)


