PokerStars Hand #144889682209:  Hold'em Limit ($3/$6 USD) - 2015/12/05 20:41:56 ET
Table 'Baucis' 6-max Seat #1 is the button
Seat 1: mdif ($120 in chips)
Seat 2: fluit83 ($41.11 in chips)
mdif: posts small blind $1
fluit83: posts big blind $3
*** HOLE CARDS ***
mdif: raises $3 to $6
fluit83: calls $3
*** FLOP *** [9c 6h Js]
fluit83: checks
mdif: bets $3
fluit83: calls $3
*** TURN *** [9c 6h Js] [Td]
fluit83: checks
mdif: bets $6
fluit83: folds
Uncalled bet ($6) returned to mdif
mdif collected $17.64 from pot
mdif: doesn't show hand
*** SUMMARY ***
Total pot $18 | Rake $0.36
Board [9c 6h Js Td]
Seat 1: mdif (button) (small blind) collected ($17.64)
Seat 2: fluit83 (big blind) folded on the Turn


PokerStars Hand #144889662249:  Hold'em Limit ($3/$6 USD) - 2015/12/05 20:41:17 ET
Table 'Baucis' 6-max Seat #2 is the button
Seat 1: mdif ($123 in chips)
Seat 2: fluit83 ($32.47 in chips)
fluit83: posts small blind $1
mdif: posts big blind $3
*** HOLE CARDS ***
fluit83: calls $2
mdif: checks
*** FLOP *** [2h 5s Jd]
mdif: bets $3
fluit83: raises $3 to $6
mdif: calls $3
*** TURN *** [2h 5s Jd] [Ks]
mdif: checks
fluit83: checks
*** RIVER *** [2h 5s Jd Ks] [5d]
mdif: checks
fluit83: bets $6
mdif: folds
Uncalled bet ($6) returned to fluit83
fluit83 collected $17.64 from pot
fluit83: doesn't show hand
*** SUMMARY ***
Total pot $18 | Rake $0.36
Board [2h 5s Jd Ks 5d]
Seat 1: mdif (big blind) folded on the River
Seat 2: fluit83 (button) (small blind) collected ($17.64)


PokerStars Hand #144889705607:  Hold'em Limit ($3/$6 USD) - 2015/12/05 20:42:43 ET
Table 'Baucis' 6-max Seat #1 is the button
Seat 1: mdif ($125.64 in chips)
Seat 2: fluit83 ($35.11 in chips)
mdif: posts small blind $1
fluit83: posts big blind $3
*** HOLE CARDS ***
mdif: raises $3 to $6
fluit83: folds
Uncalled bet ($3) returned to mdif
artiZzt joins the table at seat #3
mdif collected $6 from pot
mdif: doesn't show hand
*** SUMMARY ***
Total pot $6 | Rake $0
Seat 1: mdif (button) (small blind) collected ($6)
Seat 2: fluit83 (big blind) folded before Flop


PokerStars Hand #144889696722:  Hold'em Limit ($3/$6 USD) - 2015/12/05 20:42:25 ET
Table 'Baucis' 6-max Seat #2 is the button
Seat 1: mdif ($128.64 in chips)
Seat 2: fluit83 ($32.11 in chips)
fluit83: posts small blind $1
mdif: posts big blind $3
*** HOLE CARDS ***
fluit83: raises $3 to $6
mdif: folds
Uncalled bet ($3) returned to fluit83
fluit83 collected $6 from pot
fluit83: doesn't show hand
*** SUMMARY ***
Total pot $6 | Rake $0
Seat 1: mdif (big blind) folded before Flop
Seat 2: fluit83 (button) (small blind) collected ($6)


