PokerStars Hand #176291290233:  Hold'em Limit ($3/$6 USD) - 2017/09/29 20:52:00 ET
Table 'Baucis' 6-max Seat #2 is the button
Seat 2: libaikang ($113 in chips)
Seat 3: Ag3r0n ($78.76 in chips)
libaikang: posts small blind $1
Ag3r0n: posts big blind $3
*** HOLE CARDS ***
libaikang: folds
Uncalled bet ($2) returned to Ag3r0n
Ag3r0n collected $2 from pot
Ag3r0n: doesn't show hand
*** SUMMARY ***
Total pot $2 | Rake $0
Seat 2: libaikang (button) (small blind) folded before Flop
Seat 3: Ag3r0n (big blind) collected ($2)


PokerStars Hand #176291285318:  Hold'em Limit ($3/$6 USD) - 2017/09/29 20:51:49 ET
Table 'Baucis' 6-max Seat #3 is the button
Seat 2: libaikang ($119 in chips)
Seat 3: Ag3r0n ($73 in chips)
Ag3r0n: posts small blind $1
libaikang: posts big blind $3
*** HOLE CARDS ***
Ag3r0n: raises $3 to $6
libaikang: calls $3
*** FLOP *** [Kc Qd Qs]
libaikang: checks
Ag3r0n: bets $3
libaikang: folds
Uncalled bet ($3) returned to Ag3r0n
Ag3r0n collected $11.76 from pot
Ag3r0n: doesn't show hand
*** SUMMARY ***
Total pot $12 | Rake $0.24
Board [Kc Qd Qs]
Seat 2: libaikang (big blind) folded on the Flop
Seat 3: Ag3r0n (button) (small blind) collected ($11.76)


PokerStars Hand #176291310378:  Hold'em Limit ($3/$6 USD) - 2017/09/29 20:52:44 ET
Table 'Baucis' 6-max Seat #3 is the button
Seat 2: libaikang ($82 in chips)
Seat 3: Ag3r0n ($109.02 in chips)
Ag3r0n: posts small blind $1
libaikang: posts big blind $3
*** HOLE CARDS ***
Ag3r0n: raises $3 to $6
libaikang: raises $3 to $9
Ag3r0n: calls $3
*** FLOP *** [Th 4c Jc]
libaikang: checks
Ag3r0n: checks
*** TURN *** [Th 4c Jc] [5d]
libaikang: bets $6
Ag3r0n: folds
Uncalled bet ($6) returned to libaikang
libaikang collected $17.64 from pot
libaikang: doesn't show hand
*** SUMMARY ***
Total pot $18 | Rake $0.36
Board [Th 4c Jc 5d]
Seat 2: libaikang (big blind) collected ($17.64)
Seat 3: Ag3r0n (button) (small blind) folded on the Turn


PokerStars Hand #176291294938:  Hold'em Limit ($3/$6 USD) - 2017/09/29 20:52:10 ET
Table 'Baucis' 6-max Seat #3 is the button
Seat 2: libaikang ($112 in chips)
Seat 3: Ag3r0n ($79.76 in chips)
Ag3r0n: posts small blind $1
libaikang: posts big blind $3
*** HOLE CARDS ***
Ag3r0n: raises $3 to $6
libaikang: calls $3
*** FLOP *** [4s Kh 7h]
libaikang: checks
Ag3r0n: bets $3
libaikang: raises $3 to $6
Ag3r0n: calls $3
*** TURN *** [4s Kh 7h] [2h]
libaikang: bets $6
Ag3r0n: calls $6
*** RIVER *** [4s Kh 7h 2h] [8c]
libaikang: bets $6
Ag3r0n: calls $6
*** SHOW DOWN ***
libaikang: shows [9s 7c] (a pair of Sevens)
Ag3r0n: shows [Kd As] (a pair of Kings)
Ag3r0n collected $47.50 from pot
*** SUMMARY ***
Total pot $48 | Rake $0.50
Board [4s Kh 7h 2h 8c]
Seat 2: libaikang (big blind) showed [9s 7c] and lost with a pair of Sevens
Seat 3: Ag3r0n (button) (small blind) showed [Kd As] and won ($47.50) with a pair of Kings


PokerStars Hand #176291330485:  Hold'em Limit ($3/$6 USD) - 2017/09/29 20:53:28 ET
Table 'Baucis' 6-max Seat #2 is the button
Seat 2: libaikang ($99.03 in chips)
Seat 3: Ag3r0n ($90.77 in chips)
libaikang: posts small blind $1
Ag3r0n: posts big blind $3
*** HOLE CARDS ***
libaikang: raises $3 to $6
Ag3r0n: calls $3
*** FLOP *** [Ah 2h 5d]
Ag3r0n: checks
libaikang: bets $3
Ag3r0n: folds
Uncalled bet ($3) returned to libaikang
libaikang collected $11.76 from pot
libaikang: doesn't show hand
*** SUMMARY ***
Total pot $12 | Rake $0.24
Board [Ah 2h 5d]
Seat 2: libaikang (button) (small blind) collected ($11.76)
Seat 3: Ag3r0n (big blind) folded on the Flop


PokerStars Hand #176291324781:  Hold'em Limit ($3/$6 USD) - 2017/09/29 20:53:16 ET
Table 'Baucis' 6-max Seat #3 is the button
Seat 2: libaikang ($90.39 in chips)
Seat 3: Ag3r0n ($99.77 in chips)
Ag3r0n: posts small blind $1
libaikang: posts big blind $3
*** HOLE CARDS ***
Ag3r0n: raises $3 to $6
libaikang: raises $3 to $9
Ag3r0n: calls $3
*** FLOP *** [3h As Jc]
libaikang: bets $3
Ag3r0n: folds
Uncalled bet ($3) returned to libaikang
libaikang collected $17.64 from pot
libaikang: doesn't show hand
*** SUMMARY ***
Total pot $18 | Rake $0.36
Board [3h As Jc]
Seat 2: libaikang (big blind) collected ($17.64)
Seat 3: Ag3r0n (button) (small blind) folded on the Flop


PokerStars Hand #176291316850:  Hold'em Limit ($3/$6 USD) - 2017/09/29 20:52:58 ET
Table 'Baucis' 6-max Seat #2 is the button
Seat 2: libaikang ($90.64 in chips)
Seat 3: Ag3r0n ($100.02 in chips)
libaikang: posts small blind $1
Ag3r0n: posts big blind $3
*** HOLE CARDS ***
libaikang: raises $3 to $6
Ag3r0n: raises $3 to $9
libaikang: calls $3
*** FLOP *** [7d Qd 7c]
Ag3r0n: bets $3
libaikang: calls $3
*** TURN *** [7d Qd 7c] [Qs]
Ag3r0n: checks
libaikang: checks
*** RIVER *** [7d Qd 7c Qs] [4s]
Ag3r0n: checks
libaikang: bets $6
Ag3r0n: calls $6
*** SHOW DOWN ***
libaikang: shows [4h Kd] (two pair, Queens and Sevens)
Ag3r0n: shows [Tc Kc] (two pair, Queens and Sevens)
Ag3r0n collected $17.75 from pot
libaikang collected $17.75 from pot
*** SUMMARY ***
Total pot $36 | Rake $0.50
Board [7d Qd 7c Qs 4s]
Seat 2: libaikang (button) (small blind) showed [4h Kd] and won ($17.75) with two pair, Queens and Sevens
Seat 3: Ag3r0n (big blind) showed [Tc Kc] and won ($17.75) with two pair, Queens and Sevens


PokerStars Hand #176291347558:  Hold'em Limit ($3/$6 USD) - 2017/09/29 20:54:06 ET
Table 'Baucis' 6-max Seat #2 is the button
Seat 2: libaikang ($128.29 in chips)
Seat 3: Ag3r0n ($72 in chips)
libaikang: posts small blind $1
Ag3r0n: posts big blind $3
*** HOLE CARDS ***
libaikang: raises $3 to $6
Ag3r0n: calls $3
*** FLOP *** [4c Tc 5d]
Ag3r0n: checks
libaikang: checks
*** TURN *** [4c Tc 5d] [8s]
Ag3r0n: bets $6
libaikang: calls $6
*** RIVER *** [4c Tc 5d 8s] [Qh]
Ag3r0n: bets $6
libaikang: calls $6
*** SHOW DOWN ***
Ag3r0n: shows [6d 3d] (high card Queen)
libaikang: shows [Ah 2h] (high card Ace)
libaikang collected $35.50 from pot
*** SUMMARY ***
Total pot $36 | Rake $0.50
Board [4c Tc 5d 8s Qh]
Seat 2: libaikang (button) (small blind) showed [Ah 2h] and won ($35.50) with high card Ace
Seat 3: Ag3r0n (big blind) showed [6d 3d] and lost with high card Queen


PokerStars Hand #176291391876:  Hold'em Limit ($3/$6 USD) - 2017/09/29 20:55:44 ET
Table 'Baucis' 6-max Seat #3 is the button
Seat 3: Ag3r0n ($86.52 in chips)
Seat 6: iskambil ($66 in chips)
Ag3r0n: posts small blind $1
iskambil: posts big blind $3
*** HOLE CARDS ***
Ag3r0n: raises $3 to $6
iskambil: calls $3
*** FLOP *** [6d 7c Qd]
libaikang leaves the table
iskambil: checks
Ag3r0n: bets $3
iskambil: calls $3
*** TURN *** [6d 7c Qd] [Ad]
iskambil: checks
Ag3r0n: checks
*** RIVER *** [6d 7c Qd Ad] [Jh]
iskambil: bets $6
Ag3r0n: folds
Uncalled bet ($6) returned to iskambil
iskambil collected $17.64 from pot
iskambil: doesn't show hand
*** SUMMARY ***
Total pot $18 | Rake $0.36
Board [6d 7c Qd Ad Jh]
Seat 3: Ag3r0n (button) (small blind) folded on the River
Seat 6: iskambil (big blind) collected ($17.64)


PokerStars Hand #176291383532:  Hold'em Limit ($3/$6 USD) - 2017/09/29 20:55:22 ET
Table 'Baucis' 6-max Seat #2 is the button
Seat 2: libaikang ($142.79 in chips)
Seat 3: Ag3r0n ($75 in chips)
libaikang: posts small blind $1
Ag3r0n: posts big blind $3
*** HOLE CARDS ***
libaikang: calls $2
Ag3r0n: checks
*** FLOP *** [2c 5c 9h]
Ag3r0n: bets $3
libaikang: calls $3
*** TURN *** [2c 5c 9h] [Qc]
Ag3r0n: bets $6
iskambil joins the table at seat #6
libaikang: calls $6
*** RIVER *** [2c 5c 9h Qc] [6d]
Ag3r0n: bets $6
libaikang: folds
Uncalled bet ($6) returned to Ag3r0n
Ag3r0n collected $23.52 from pot
Ag3r0n: doesn't show hand
*** SUMMARY ***
Total pot $24 | Rake $0.48
Board [2c 5c 9h Qc 6d]
Seat 2: libaikang (button) (small blind) folded on the River
Seat 3: Ag3r0n (big blind) collected ($23.52)


PokerStars Hand #176291356077:  Hold'em Limit ($3/$6 USD) - 2017/09/29 20:54:25 ET
Table 'Baucis' 6-max Seat #3 is the button
Seat 2: libaikang ($145.79 in chips)
Seat 3: Ag3r0n ($72 in chips)
Ag3r0n: posts small blind $1
libaikang: posts big blind $3
*** HOLE CARDS ***
Ag3r0n: raises $3 to $6
libaikang: folds
Uncalled bet ($3) returned to Ag3r0n
Ag3r0n collected $6 from pot
Ag3r0n: doesn't show hand
*** SUMMARY ***
Total pot $6 | Rake $0
Seat 2: libaikang (big blind) folded before Flop
Seat 3: Ag3r0n (button) (small blind) collected ($6)


