PokerStars Hand #147214094054:  Hold'em Limit ($3/$6 USD) - 2016/01/17 15:17:43 ET
Table 'Baucis' 2-max Seat #2 is the button
Seat 1: echsecution ($72 in chips)
Seat 2: nedo1414 ($149.50 in chips)
nedo1414: posts small blind $1
echsecution: posts big blind $3
*** HOLE CARDS ***
nedo1414: folds
Uncalled bet ($2) returned to echsecution
echsecution collected $2 from pot
echsecution: doesn't show hand
*** SUMMARY ***
Total pot $2 | Rake $0
Seat 1: echsecution (big blind) collected ($2)
Seat 2: nedo1414 (button) (small blind) folded before Flop


PokerStars Hand #147214038076:  Hold'em Limit ($3/$6 USD) - 2016/01/17 15:16:58 ET
Table 'Baucis' 2-max Seat #1 is the button
Seat 1: echsecution ($72 in chips)
Seat 2: nedo1414 ($123 in chips)
echsecution: posts small blind $1
nedo1414: posts big blind $3
*** HOLE CARDS ***
echsecution: raises $3 to $6
nedo1414: calls $3
*** FLOP *** [3c 4c 9d]
nedo1414: checks
echsecution: bets $3
nedo1414: calls $3
*** TURN *** [3c 4c 9d] [Ks]
nedo1414: checks
echsecution: bets $6
nedo1414: raises $6 to $12
echsecution: calls $6
*** RIVER *** [3c 4c 9d Ks] [Kh]
nedo1414: bets $6
echsecution: calls $6
*** SHOW DOWN ***
nedo1414: shows [Kd 8s] (three of a kind, Kings)
echsecution: mucks hand
nedo1414 collected $53.50 from pot
*** SUMMARY ***
Total pot $54 | Rake $0.50
Board [3c 4c 9d Ks Kh]
Seat 1: echsecution (button) (small blind) mucked
Seat 2: nedo1414 (big blind) showed [Kd 8s] and won ($53.50) with three of a kind, Kings


PokerStars Hand #147215043509:  Hold'em Limit ($3/$6 USD) - 2016/01/17 15:30:33 ET
Table 'Baucis' 2-max Seat #1 is the button
Seat 1: echsecution ($72 in chips)
Seat 2: nedo1414 ($136.26 in chips)
echsecution: posts small blind $1
nedo1414: posts big blind $3
*** HOLE CARDS ***
echsecution: raises $3 to $6
nedo1414: folds
Uncalled bet ($3) returned to echsecution
echsecution collected $6 from pot
echsecution: doesn't show hand
*** SUMMARY ***
Total pot $6 | Rake $0
Seat 1: echsecution (button) (small blind) collected ($6)
Seat 2: nedo1414 (big blind) folded before Flop


PokerStars Hand #147215032757:  Hold'em Limit ($3/$6 USD) - 2016/01/17 15:30:24 ET
Table 'Baucis' 2-max Seat #2 is the button
Seat 1: echsecution ($72 in chips)
Seat 2: nedo1414 ($130.50 in chips)
nedo1414: posts small blind $1
echsecution: posts big blind $3
*** HOLE CARDS ***
nedo1414: raises $3 to $6
echsecution: calls $3
*** FLOP *** [8h Ks Qh]
echsecution: checks
nedo1414: bets $3
echsecution: folds
Uncalled bet ($3) returned to nedo1414
nedo1414 collected $11.76 from pot
nedo1414: doesn't show hand
*** SUMMARY ***
Total pot $12 | Rake $0.24
Board [8h Ks Qh]
Seat 1: echsecution (big blind) folded on the Flop
Seat 2: nedo1414 (button) (small blind) collected ($11.76)


PokerStars Hand #147215067283:  Hold'em Limit ($3/$6 USD) - 2016/01/17 15:30:52 ET
Table 'Baucis' 2-max Seat #1 is the button
Seat 1: echsecution ($98.50 in chips)
Seat 2: nedo1414 ($109.26 in chips)
echsecution: posts small blind $1
nedo1414: posts big blind $3
*** HOLE CARDS ***
echsecution: folds
Uncalled bet ($2) returned to nedo1414
nedo1414 collected $2 from pot
nedo1414: doesn't show hand
*** SUMMARY ***
Total pot $2 | Rake $0
Seat 1: echsecution (button) (small blind) folded before Flop
Seat 2: nedo1414 (big blind) collected ($2)


PokerStars Hand #147215050268:  Hold'em Limit ($3/$6 USD) - 2016/01/17 15:30:38 ET
Table 'Baucis' 2-max Seat #2 is the button
Seat 1: echsecution ($75 in chips)
Seat 2: nedo1414 ($133.26 in chips)
nedo1414: posts small blind $1
echsecution: posts big blind $3
*** HOLE CARDS ***
nedo1414: raises $3 to $6
echsecution: calls $3
*** FLOP *** [5d 6c Ts]
echsecution: checks
nedo1414: bets $3
echsecution: raises $3 to $6
nedo1414: calls $3
*** TURN *** [5d 6c Ts] [9s]
echsecution: bets $6
nedo1414: calls $6
*** RIVER *** [5d 6c Ts 9s] [3s]
echsecution: bets $6
nedo1414: calls $6
*** SHOW DOWN ***
echsecution: shows [Kh 6d] (a pair of Sixes)
nedo1414: mucks hand
echsecution collected $47.50 from pot
*** SUMMARY ***
Total pot $48 | Rake $0.50
Board [5d 6c Ts 9s 3s]
Seat 1: echsecution (big blind) showed [Kh 6d] and won ($47.50) with a pair of Sixes
Seat 2: nedo1414 (button) (small blind) mucked


PokerStars Hand #147215073445:  Hold'em Limit ($3/$6 USD) - 2016/01/17 15:30:57 ET
Table 'Baucis' 2-max Seat #2 is the button
Seat 1: echsecution ($97.50 in chips)
Seat 2: nedo1414 ($110.26 in chips)
nedo1414: posts small blind $1
echsecution: posts big blind $3
*** HOLE CARDS ***
nedo1414: raises $3 to $6
echsecution: calls $3
*** FLOP *** [9h 4h Ks]
echsecution: checks
nedo1414: bets $3
echsecution: folds
Uncalled bet ($3) returned to nedo1414
nedo1414 collected $11.76 from pot
nedo1414: doesn't show hand
*** SUMMARY ***
Total pot $12 | Rake $0.24
Board [9h 4h Ks]
Seat 1: echsecution (big blind) folded on the Flop
Seat 2: nedo1414 (button) (small blind) collected ($11.76)


PokerStars Hand #147215083895:  Hold'em Limit ($3/$6 USD) - 2016/01/17 15:31:06 ET
Table 'Baucis' 2-max Seat #1 is the button
Seat 1: echsecution ($91.50 in chips)
Seat 2: nedo1414 ($116.02 in chips)
echsecution: posts small blind $1
nedo1414: posts big blind $3
*** HOLE CARDS ***
echsecution: raises $3 to $6
nedo1414: raises $3 to $9
echsecution: calls $3
*** FLOP *** [6h 7d 3s]
nedo1414: bets $3
echsecution: raises $3 to $6
nedo1414: calls $3
*** TURN *** [6h 7d 3s] [8c]
nedo1414: checks
echsecution: bets $6
nedo1414: calls $6
*** RIVER *** [6h 7d 3s 8c] [9d]
nedo1414: checks
echsecution: bets $6
nedo1414: calls $6
*** SHOW DOWN ***
echsecution: shows [9s 3h] (two pair, Nines and Threes)
nedo1414: shows [5c 5h] (a straight, Five to Nine)
nedo1414 collected $53.50 from pot
*** SUMMARY ***
Total pot $54 | Rake $0.50
Board [6h 7d 3s 8c 9d]
Seat 1: echsecution (button) (small blind) showed [9s 3h] and lost with two pair, Nines and Threes
Seat 2: nedo1414 (big blind) showed [5c 5h] and won ($53.50) with a straight, Five to Nine


PokerStars Hand #147215107395:  Hold'em Limit ($3/$6 USD) - 2016/01/17 15:31:25 ET
Table 'Baucis' 2-max Seat #2 is the button
Seat 1: echsecution ($72 in chips)
Seat 2: nedo1414 ($142.52 in chips)
nedo1414: posts small blind $1
echsecution: posts big blind $3
*** HOLE CARDS ***
nedo1414: raises $3 to $6
echsecution: folds
Uncalled bet ($3) returned to nedo1414
nedo1414 collected $6 from pot
nedo1414: doesn't show hand
*** SUMMARY ***
Total pot $6 | Rake $0
Seat 1: echsecution (big blind) folded before Flop
Seat 2: nedo1414 (button) (small blind) collected ($6)


PokerStars Hand #147215114739:  Hold'em Limit ($3/$6 USD) - 2016/01/17 15:31:31 ET
Table 'Baucis' 2-max Seat #1 is the button
Seat 1: echsecution ($72 in chips)
Seat 2: nedo1414 ($145.52 in chips)
echsecution: posts small blind $1
nedo1414: posts big blind $3
*** HOLE CARDS ***
echsecution: raises $3 to $6
nedo1414: raises $3 to $9
echsecution: calls $3
*** FLOP *** [8d Qs 8h]
nedo1414: bets $3
echsecution: calls $3
*** TURN *** [8d Qs 8h] [5h]
nedo1414: bets $6
echsecution: calls $6
*** RIVER *** [8d Qs 8h 5h] [As]
nedo1414: checks
echsecution: bets $6
nedo1414: calls $6
*** SHOW DOWN ***
echsecution: shows [Ac 4d] (two pair, Aces and Eights)
nedo1414: mucks hand
echsecution collected $47.50 from pot
*** SUMMARY ***
Total pot $48 | Rake $0.50
Board [8d Qs 8h 5h As]
Seat 1: echsecution (button) (small blind) showed [Ac 4d] and won ($47.50) with two pair, Aces and Eights
Seat 2: nedo1414 (big blind) mucked


PokerStars Hand #147215135973:  Hold'em Limit ($3/$6 USD) - 2016/01/17 15:31:48 ET
Table 'Baucis' 2-max Seat #2 is the button
Seat 1: echsecution ($95.50 in chips)
Seat 2: nedo1414 ($121.52 in chips)
nedo1414: posts small blind $1
echsecution: posts big blind $3
*** HOLE CARDS ***
nedo1414: raises $3 to $6
echsecution: raises $3 to $9
nedo1414: calls $3
*** FLOP *** [8d 4d Kc]
echsecution: bets $3
nedo1414: calls $3
*** TURN *** [8d 4d Kc] [4s]
echsecution: bets $6
nedo1414: calls $6
*** RIVER *** [8d 4d Kc 4s] [6s]
echsecution: bets $6
nedo1414: raises $6 to $12
echsecution: folds
Uncalled bet ($6) returned to nedo1414
nedo1414 collected $47.50 from pot
nedo1414: doesn't show hand
*** SUMMARY ***
Total pot $48 | Rake $0.50
Board [8d 4d Kc 4s 6s]
Seat 1: echsecution (big blind) folded on the River
Seat 2: nedo1414 (button) (small blind) collected ($47.50)


PokerStars Hand #147215155309:  Hold'em Limit ($3/$6 USD) - 2016/01/17 15:32:04 ET
Table 'Baucis' 2-max Seat #1 is the button
Seat 1: echsecution ($72 in chips)
Seat 2: nedo1414 ($145.02 in chips)
echsecution: posts small blind $1
nedo1414: posts big blind $3
*** HOLE CARDS ***
echsecution: raises $3 to $6
nedo1414: calls $3
*** FLOP *** [7c 5c Js]
nedo1414: checks
echsecution: bets $3
nedo1414: folds
Uncalled bet ($3) returned to echsecution
echsecution collected $11.76 from pot
echsecution: doesn't show hand
*** SUMMARY ***
Total pot $12 | Rake $0.24
Board [7c 5c Js]
Seat 1: echsecution (button) (small blind) collected ($11.76)
Seat 2: nedo1414 (big blind) folded on the Flop


PokerStars Hand #147215164849:  Hold'em Limit ($3/$6 USD) - 2016/01/17 15:32:11 ET
Table 'Baucis' 2-max Seat #2 is the button
Seat 1: echsecution ($77.76 in chips)
Seat 2: nedo1414 ($139.02 in chips)
nedo1414: posts small blind $1
echsecution: posts big blind $3
*** HOLE CARDS ***
nedo1414: raises $3 to $6
echsecution: calls $3
*** FLOP *** [7s 8d Qc]
echsecution: checks
nedo1414: bets $3
echsecution: calls $3
*** TURN *** [7s 8d Qc] [4h]
echsecution: checks
nedo1414: checks
*** RIVER *** [7s 8d Qc 4h] [Jd]
echsecution: bets $6
nedo1414: calls $6
*** SHOW DOWN ***
echsecution: shows [9c Td] (a straight, Eight to Queen)
nedo1414: mucks hand
echsecution collected $29.50 from pot
*** SUMMARY ***
Total pot $30 | Rake $0.50
Board [7s 8d Qc 4h Jd]
Seat 1: echsecution (big blind) showed [9c Td] and won ($29.50) with a straight, Eight to Queen
Seat 2: nedo1414 (button) (small blind) mucked


PokerStars Hand #147215180247:  Hold'em Limit ($3/$6 USD) - 2016/01/17 15:32:24 ET
Table 'Baucis' 2-max Seat #1 is the button
Seat 1: echsecution ($92.26 in chips)
Seat 2: nedo1414 ($124.02 in chips)
echsecution: posts small blind $1
nedo1414: posts big blind $3
*** HOLE CARDS ***
echsecution: raises $3 to $6
nedo1414: calls $3
*** FLOP *** [Ks 9d 4s]
nedo1414: checks
echsecution: bets $3
nedo1414: raises $3 to $6
echsecution: calls $3
*** TURN *** [Ks 9d 4s] [7s]
nedo1414: bets $6
echsecution: calls $6
*** RIVER *** [Ks 9d 4s 7s] [Ac]
nedo1414: checks
echsecution: checks
*** SHOW DOWN ***
nedo1414: shows [Qs 5s] (a flush, King high)
echsecution: mucks hand
nedo1414 collected $35.50 from pot
*** SUMMARY ***
Total pot $36 | Rake $0.50
Board [Ks 9d 4s 7s Ac]
Seat 1: echsecution (button) (small blind) mucked
Seat 2: nedo1414 (big blind) showed [Qs 5s] and won ($35.50) with a flush, King high


PokerStars Hand #147215199315:  Hold'em Limit ($3/$6 USD) - 2016/01/17 15:32:39 ET
Table 'Baucis' 2-max Seat #2 is the button
Seat 1: echsecution ($74.26 in chips)
Seat 2: nedo1414 ($141.52 in chips)
nedo1414: posts small blind $1
echsecution: posts big blind $3
*** HOLE CARDS ***
nedo1414: raises $3 to $6
echsecution: calls $3
*** FLOP *** [Ks 4d Ts]
echsecution: checks
nedo1414: bets $3
echsecution: calls $3
*** TURN *** [Ks 4d Ts] [8d]
echsecution: checks
nedo1414: bets $6
echsecution: folds
Uncalled bet ($6) returned to nedo1414
nedo1414 collected $17.64 from pot
nedo1414: doesn't show hand
*** SUMMARY ***
Total pot $18 | Rake $0.36
Board [Ks 4d Ts 8d]
Seat 1: echsecution (big blind) folded on the Turn
Seat 2: nedo1414 (button) (small blind) collected ($17.64)


PokerStars Hand #147215215668:  Hold'em Limit ($3/$6 USD) - 2016/01/17 15:32:53 ET
Table 'Baucis' 2-max Seat #1 is the button
Seat 1: echsecution ($72 in chips)
Seat 2: nedo1414 ($150.16 in chips)
echsecution: posts small blind $1
nedo1414: posts big blind $3
*** HOLE CARDS ***
echsecution: raises $3 to $6
nedo1414: raises $3 to $9
echsecution: calls $3
*** FLOP *** [7h Ts Kd]
nedo1414: bets $3
echsecution: calls $3
*** TURN *** [7h Ts Kd] [Qs]
nedo1414: checks
echsecution: bets $6
nedo1414: calls $6
*** RIVER *** [7h Ts Kd Qs] [3d]
nedo1414: checks
echsecution: bets $6
nedo1414: calls $6
*** SHOW DOWN ***
echsecution: shows [9s Th] (a pair of Tens)
nedo1414: mucks hand
echsecution collected $47.50 from pot
*** SUMMARY ***
Total pot $48 | Rake $0.50
Board [7h Ts Kd Qs 3d]
Seat 1: echsecution (button) (small blind) showed [9s Th] and won ($47.50) with a pair of Tens
Seat 2: nedo1414 (big blind) mucked


PokerStars Hand #147215237703:  Hold'em Limit ($3/$6 USD) - 2016/01/17 15:33:10 ET
Table 'Baucis' 2-max Seat #2 is the button
Seat 1: echsecution ($95.50 in chips)
Seat 2: nedo1414 ($126.16 in chips)
nedo1414: posts small blind $1
echsecution: posts big blind $3
*** HOLE CARDS ***
nedo1414: folds
Uncalled bet ($2) returned to echsecution
echsecution collected $2 from pot
echsecution: doesn't show hand
*** SUMMARY ***
Total pot $2 | Rake $0
Seat 1: echsecution (big blind) collected ($2)
Seat 2: nedo1414 (button) (small blind) folded before Flop


PokerStars Hand #147215243096:  Hold'em Limit ($3/$6 USD) - 2016/01/17 15:33:15 ET
Table 'Baucis' 2-max Seat #1 is the button
Seat 1: echsecution ($96.50 in chips)
Seat 2: nedo1414 ($125.16 in chips)
echsecution: posts small blind $1
nedo1414: posts big blind $3
*** HOLE CARDS ***
echsecution: raises $3 to $6
nedo1414: calls $3
*** FLOP *** [8c 2h Qh]
nedo1414: checks
echsecution: bets $3
nedo1414: raises $3 to $6
echsecution: calls $3
*** TURN *** [8c 2h Qh] [Js]
nedo1414: bets $6
echsecution: calls $6
*** RIVER *** [8c 2h Qh Js] [Kd]
nedo1414: bets $6
echsecution: folds
Uncalled bet ($6) returned to nedo1414
nedo1414 collected $35.50 from pot
nedo1414: doesn't show hand
*** SUMMARY ***
Total pot $36 | Rake $0.50
Board [8c 2h Qh Js Kd]
Seat 1: echsecution (button) (small blind) folded on the River
Seat 2: nedo1414 (big blind) collected ($35.50)


PokerStars Hand #147215263632:  Hold'em Limit ($3/$6 USD) - 2016/01/17 15:33:32 ET
Table 'Baucis' 2-max Seat #2 is the button
Seat 1: echsecution ($78.50 in chips)
Seat 2: nedo1414 ($142.66 in chips)
nedo1414: posts small blind $1
echsecution: posts big blind $3
*** HOLE CARDS ***
nedo1414: raises $3 to $6
echsecution: calls $3
*** FLOP *** [3s As 7c]
echsecution: checks
nedo1414: bets $3
echsecution: calls $3
*** TURN *** [3s As 7c] [Ac]
echsecution: checks
nedo1414: checks
*** RIVER *** [3s As 7c Ac] [8s]
echsecution: checks
nedo1414: checks
*** SHOW DOWN ***
echsecution: shows [4h 6d] (a pair of Aces)
nedo1414: shows [6c Jh] (a pair of Aces - Jack kicker)
nedo1414 collected $17.64 from pot
*** SUMMARY ***
Total pot $18 | Rake $0.36
Board [3s As 7c Ac 8s]
Seat 1: echsecution (big blind) showed [4h 6d] and lost with a pair of Aces
Seat 2: nedo1414 (button) (small blind) showed [6c Jh] and won ($17.64) with a pair of Aces


PokerStars Hand #147215302277:  Hold'em Limit ($3/$6 USD) - 2016/01/17 15:34:03 ET
Table 'Baucis' 2-max Seat #2 is the button
Seat 1: echsecution ($72 in chips)
Seat 2: nedo1414 ($174.80 in chips)
nedo1414: posts small blind $1
echsecution: posts big blind $3
*** HOLE CARDS ***
nedo1414: raises $3 to $6
echsecution: calls $3
*** FLOP *** [Ac Jh Qs]
echsecution: checks
nedo1414: bets $3
echsecution: folds
Uncalled bet ($3) returned to nedo1414
nedo1414 collected $11.76 from pot
nedo1414: doesn't show hand
*** SUMMARY ***
Total pot $12 | Rake $0.24
Board [Ac Jh Qs]
Seat 1: echsecution (big blind) folded on the Flop
Seat 2: nedo1414 (button) (small blind) collected ($11.76)


PokerStars Hand #147215284428:  Hold'em Limit ($3/$6 USD) - 2016/01/17 15:33:48 ET
Table 'Baucis' 2-max Seat #1 is the button
Seat 1: echsecution ($72 in chips)
Seat 2: nedo1414 ($151.30 in chips)
echsecution: posts small blind $1
nedo1414: posts big blind $3
*** HOLE CARDS ***
echsecution: raises $3 to $6
nedo1414: raises $3 to $9
echsecution: calls $3
*** FLOP *** [5d 4d Jh]
nedo1414: bets $3
echsecution: calls $3
*** TURN *** [5d 4d Jh] [8d]
nedo1414: bets $6
echsecution: calls $6
*** RIVER *** [5d 4d Jh 8d] [2h]
nedo1414: bets $6
echsecution: calls $6
*** SHOW DOWN ***
nedo1414: shows [Js Ad] (a pair of Jacks)
echsecution: mucks hand
nedo1414 collected $47.50 from pot
*** SUMMARY ***
Total pot $48 | Rake $0.50
Board [5d 4d Jh 8d 2h]
Seat 1: echsecution (button) (small blind) mucked
Seat 2: nedo1414 (big blind) showed [Js Ad] and won ($47.50) with a pair of Jacks


PokerStars Hand #147215311310:  Hold'em Limit ($3/$6 USD) - 2016/01/17 15:34:11 ET
Table 'Baucis' 2-max Seat #1 is the button
Seat 1: echsecution ($72 in chips)
Seat 2: nedo1414 ($180.56 in chips)
echsecution: posts small blind $1
nedo1414: posts big blind $3
*** HOLE CARDS ***
echsecution: raises $3 to $6
nedo1414: calls $3
*** FLOP *** [6c Jd Js]
nedo1414: checks
echsecution: checks
*** TURN *** [6c Jd Js] [2c]
nedo1414: bets $6
echsecution: calls $6
*** RIVER *** [6c Jd Js 2c] [As]
nedo1414: bets $6
echsecution: calls $6
*** SHOW DOWN ***
nedo1414: shows [2h Jh] (a full house, Jacks full of Deuces)
echsecution: mucks hand
nedo1414 collected $35.50 from pot
*** SUMMARY ***
Total pot $36 | Rake $0.50
Board [6c Jd Js 2c As]
Seat 1: echsecution (button) (small blind) mucked
Seat 2: nedo1414 (big blind) showed [2h Jh] and won ($35.50) with a full house, Jacks full of Deuces


PokerStars Hand #147215327163:  Hold'em Limit ($3/$6 USD) - 2016/01/17 15:34:24 ET
Table 'Baucis' 2-max Seat #2 is the button
Seat 1: echsecution ($72 in chips)
Seat 2: nedo1414 ($198.06 in chips)
nedo1414: posts small blind $1
echsecution: posts big blind $3
*** HOLE CARDS ***
nedo1414: raises $3 to $6
echsecution: raises $3 to $9
nedo1414: calls $3
*** FLOP *** [7d Kh 2h]
echsecution: bets $3
nedo1414: calls $3
*** TURN *** [7d Kh 2h] [9h]
echsecution: bets $6
nedo1414: raises $6 to $12
echsecution: calls $6
*** RIVER *** [7d Kh 2h 9h] [5s]
echsecution: checks
nedo1414: bets $6
echsecution: calls $6
*** SHOW DOWN ***
nedo1414: shows [Kd 9s] (two pair, Kings and Nines)
echsecution: mucks hand
nedo1414 collected $59.50 from pot
*** SUMMARY ***
Total pot $60 | Rake $0.50
Board [7d Kh 2h 9h 5s]
Seat 1: echsecution (big blind) mucked
Seat 2: nedo1414 (button) (small blind) showed [Kd 9s] and won ($59.50) with two pair, Kings and Nines


PokerStars Hand #147215348251:  Hold'em Limit ($3/$6 USD) - 2016/01/17 15:34:41 ET
Table 'Baucis' 2-max Seat #1 is the button
Seat 1: echsecution ($72 in chips)
Seat 2: nedo1414 ($227.56 in chips)
echsecution: posts small blind $1
nedo1414: posts big blind $3
*** HOLE CARDS ***
echsecution: raises $3 to $6
nedo1414: raises $3 to $9
echsecution: calls $3
*** FLOP *** [Js Kh 6d]
nedo1414: bets $3
echsecution: folds
Uncalled bet ($3) returned to nedo1414
nedo1414 collected $17.64 from pot
nedo1414: doesn't show hand
*** SUMMARY ***
Total pot $18 | Rake $0.36
Board [Js Kh 6d]
Seat 1: echsecution (button) (small blind) folded on the Flop
Seat 2: nedo1414 (big blind) collected ($17.64)


PokerStars Hand #147215357138:  Hold'em Limit ($3/$6 USD) - 2016/01/17 15:34:48 ET
Table 'Baucis' 2-max Seat #2 is the button
Seat 1: echsecution ($72 in chips)
Seat 2: nedo1414 ($236.20 in chips)
nedo1414: posts small blind $1
echsecution: posts big blind $3
*** HOLE CARDS ***
nedo1414: raises $3 to $6
echsecution: calls $3
*** FLOP *** [8s 4d Jh]
echsecution: checks
nedo1414: bets $3
echsecution: calls $3
*** TURN *** [8s 4d Jh] [5d]
echsecution: checks
nedo1414: checks
*** RIVER *** [8s 4d Jh 5d] [Ah]
echsecution: checks
nedo1414: checks
*** SHOW DOWN ***
echsecution: shows [7s Qh] (high card Ace)
nedo1414: shows [Ks Ts] (high card Ace - King kicker)
nedo1414 collected $17.64 from pot
*** SUMMARY ***
Total pot $18 | Rake $0.36
Board [8s 4d Jh 5d Ah]
Seat 1: echsecution (big blind) showed [7s Qh] and lost with high card Ace
Seat 2: nedo1414 (button) (small blind) showed [Ks Ts] and won ($17.64) with high card Ace


PokerStars Hand #147215369388:  Hold'em Limit ($3/$6 USD) - 2016/01/17 15:34:58 ET
Table 'Baucis' 2-max Seat #1 is the button
Seat 1: echsecution ($72 in chips)
Seat 2: nedo1414 ($244.84 in chips)
echsecution: posts small blind $1
nedo1414: posts big blind $3
*** HOLE CARDS ***
echsecution: raises $3 to $6
nedo1414: calls $3
*** FLOP *** [As Kh Th]
nedo1414: checks
echsecution: bets $3
nedo1414: calls $3
*** TURN *** [As Kh Th] [9d]
nedo1414: checks
echsecution: checks
*** RIVER *** [As Kh Th 9d] [5d]
nedo1414: checks
echsecution: bets $6
nedo1414: folds
Uncalled bet ($6) returned to echsecution
echsecution collected $17.64 from pot
echsecution: doesn't show hand
*** SUMMARY ***
Total pot $18 | Rake $0.36
Board [As Kh Th 9d 5d]
Seat 1: echsecution (button) (small blind) collected ($17.64)
Seat 2: nedo1414 (big blind) folded on the River


PokerStars Hand #147215385640:  Hold'em Limit ($3/$6 USD) - 2016/01/17 15:35:11 ET
Table 'Baucis' 2-max Seat #2 is the button
Seat 1: echsecution ($80.64 in chips)
Seat 2: nedo1414 ($235.84 in chips)
nedo1414: posts small blind $1
echsecution: posts big blind $3
*** HOLE CARDS ***
nedo1414: raises $3 to $6
echsecution: raises $3 to $9
nedo1414: calls $3
*** FLOP *** [Kh 9d 3s]
echsecution: bets $3
nedo1414: calls $3
*** TURN *** [Kh 9d 3s] [Td]
echsecution: bets $6
nedo1414: calls $6
*** RIVER *** [Kh 9d 3s Td] [6c]
echsecution: bets $6
nedo1414: raises $6 to $12
echsecution: calls $6
*** SHOW DOWN ***
nedo1414: shows [6h 6d] (three of a kind, Sixes)
echsecution: mucks hand
nedo1414 collected $59.50 from pot
*** SUMMARY ***
Total pot $60 | Rake $0.50
Board [Kh 9d 3s Td 6c]
Seat 1: echsecution (big blind) mucked
Seat 2: nedo1414 (button) (small blind) showed [6h 6d] and won ($59.50) with three of a kind, Sixes


PokerStars Hand #147215426792:  Hold'em Limit ($3/$6 USD) - 2016/01/17 15:35:45 ET
Table 'Baucis' 2-max Seat #2 is the button
Seat 1: echsecution ($92.50 in chips)
Seat 2: nedo1414 ($244.34 in chips)
nedo1414: posts small blind $1
echsecution: posts big blind $3
*** HOLE CARDS ***
nedo1414: folds
Uncalled bet ($2) returned to echsecution
echsecution collected $2 from pot
echsecution: doesn't show hand
*** SUMMARY ***
Total pot $2 | Rake $0
Seat 1: echsecution (big blind) collected ($2)
Seat 2: nedo1414 (button) (small blind) folded before Flop


PokerStars Hand #147215402972:  Hold'em Limit ($3/$6 USD) - 2016/01/17 15:35:26 ET
Table 'Baucis' 2-max Seat #1 is the button
Seat 1: echsecution ($72 in chips)
Seat 2: nedo1414 ($265.34 in chips)
echsecution: posts small blind $1
nedo1414: posts big blind $3
*** HOLE CARDS ***
echsecution: raises $3 to $6
nedo1414: calls $3
*** FLOP *** [9d 2s Ts]
nedo1414: checks
echsecution: bets $3
nedo1414: calls $3
*** TURN *** [9d 2s Ts] [6h]
nedo1414: checks
echsecution: bets $6
nedo1414: calls $6
*** RIVER *** [9d 2s Ts 6h] [Ah]
nedo1414: checks
echsecution: bets $6
nedo1414: calls $6
*** SHOW DOWN ***
echsecution: shows [2c 2h] (three of a kind, Deuces)
nedo1414: mucks hand
echsecution collected $41.50 from pot
*** SUMMARY ***
Total pot $42 | Rake $0.50
Board [9d 2s Ts 6h Ah]
Seat 1: echsecution (button) (small blind) showed [2c 2h] and won ($41.50) with three of a kind, Deuces
Seat 2: nedo1414 (big blind) mucked


PokerStars Hand #147215437915:  Hold'em Limit ($3/$6 USD) - 2016/01/17 15:35:54 ET
Table 'Baucis' 2-max Seat #2 is the button
Seat 1: echsecution ($92.50 in chips)
Seat 2: nedo1414 ($244.34 in chips)
nedo1414: posts small blind $1
echsecution: posts big blind $3
*** HOLE CARDS ***
nedo1414: folds
Uncalled bet ($2) returned to echsecution
echsecution collected $2 from pot
echsecution: doesn't show hand
*** SUMMARY ***
Total pot $2 | Rake $0
Seat 1: echsecution (big blind) collected ($2)
Seat 2: nedo1414 (button) (small blind) folded before Flop


PokerStars Hand #147215432059:  Hold'em Limit ($3/$6 USD) - 2016/01/17 15:35:49 ET
Table 'Baucis' 2-max Seat #1 is the button
Seat 1: echsecution ($93.50 in chips)
Seat 2: nedo1414 ($243.34 in chips)
echsecution: posts small blind $1
nedo1414: posts big blind $3
*** HOLE CARDS ***
echsecution: folds
Uncalled bet ($2) returned to nedo1414
nedo1414 collected $2 from pot
nedo1414: doesn't show hand
*** SUMMARY ***
Total pot $2 | Rake $0
Seat 1: echsecution (button) (small blind) folded before Flop
Seat 2: nedo1414 (big blind) collected ($2)


PokerStars Hand #147215465715:  Hold'em Limit ($3/$6 USD) - 2016/01/17 15:36:16 ET
Table 'Baucis' 2-max Seat #1 is the button
Seat 1: echsecution ($82.50 in chips)
Seat 2: nedo1414 ($253.86 in chips)
echsecution: posts small blind $1
nedo1414: posts big blind $3
*** HOLE CARDS ***
echsecution: raises $3 to $6
nedo1414: folds
Uncalled bet ($3) returned to echsecution
echsecution collected $6 from pot
echsecution: doesn't show hand
*** SUMMARY ***
Total pot $6 | Rake $0
Seat 1: echsecution (button) (small blind) collected ($6)
Seat 2: nedo1414 (big blind) folded before Flop


PokerStars Hand #147215460139:  Hold'em Limit ($3/$6 USD) - 2016/01/17 15:36:12 ET
Table 'Baucis' 2-max Seat #2 is the button
Seat 1: echsecution ($81.50 in chips)
Seat 2: nedo1414 ($254.86 in chips)
nedo1414: posts small blind $1
echsecution: posts big blind $3
*** HOLE CARDS ***
nedo1414: folds
Uncalled bet ($2) returned to echsecution
echsecution collected $2 from pot
echsecution: doesn't show hand
*** SUMMARY ***
Total pot $2 | Rake $0
Seat 1: echsecution (big blind) collected ($2)
Seat 2: nedo1414 (button) (small blind) folded before Flop


PokerStars Hand #147215443410:  Hold'em Limit ($3/$6 USD) - 2016/01/17 15:35:58 ET
Table 'Baucis' 2-max Seat #1 is the button
Seat 1: echsecution ($93.50 in chips)
Seat 2: nedo1414 ($243.34 in chips)
echsecution: posts small blind $1
nedo1414: posts big blind $3
*** HOLE CARDS ***
echsecution: raises $3 to $6
nedo1414: raises $3 to $9
echsecution: calls $3
*** FLOP *** [7c 5c Qc]
nedo1414: bets $3
echsecution: calls $3
*** TURN *** [7c 5c Qc] [3c]
nedo1414: checks
echsecution: checks
*** RIVER *** [7c 5c Qc 3c] [5h]
nedo1414: bets $6
echsecution: folds
Uncalled bet ($6) returned to nedo1414
nedo1414 collected $23.52 from pot
nedo1414: doesn't show hand
*** SUMMARY ***
Total pot $24 | Rake $0.48
Board [7c 5c Qc 3c 5h]
Seat 1: echsecution (button) (small blind) folded on the River
Seat 2: nedo1414 (big blind) collected ($23.52)


PokerStars Hand #147215471283:  Hold'em Limit ($3/$6 USD) - 2016/01/17 15:36:21 ET
Table 'Baucis' 2-max Seat #2 is the button
Seat 1: echsecution ($85.50 in chips)
Seat 2: nedo1414 ($250.86 in chips)
nedo1414: posts small blind $1
echsecution: posts big blind $3
*** HOLE CARDS ***
nedo1414: raises $3 to $6
echsecution: calls $3
*** FLOP *** [Jd 6s 3s]
echsecution: checks
nedo1414: bets $3
echsecution: calls $3
*** TURN *** [Jd 6s 3s] [Ks]
echsecution: checks
nedo1414: checks
*** RIVER *** [Jd 6s 3s Ks] [7d]
echsecution: bets $6
nedo1414: folds
Uncalled bet ($6) returned to echsecution
echsecution collected $17.64 from pot
echsecution: doesn't show hand
*** SUMMARY ***
Total pot $18 | Rake $0.36
Board [Jd 6s 3s Ks 7d]
Seat 1: echsecution (big blind) collected ($17.64)
Seat 2: nedo1414 (button) (small blind) folded on the River


PokerStars Hand #147215489920:  Hold'em Limit ($3/$6 USD) - 2016/01/17 15:36:36 ET
Table 'Baucis' 2-max Seat #1 is the button
Seat 1: echsecution ($94.14 in chips)
Seat 2: nedo1414 ($241.86 in chips)
echsecution: posts small blind $1
nedo1414: posts big blind $3
*** HOLE CARDS ***
echsecution: raises $3 to $6
nedo1414: raises $3 to $9
echsecution: calls $3
*** FLOP *** [Ks 5s 7c]
nedo1414: bets $3
echsecution: calls $3
*** TURN *** [Ks 5s 7c] [2s]
nedo1414: checks
echsecution: bets $6
nedo1414: folds
Uncalled bet ($6) returned to echsecution
echsecution collected $23.52 from pot
echsecution: doesn't show hand
*** SUMMARY ***
Total pot $24 | Rake $0.48
Board [Ks 5s 7c 2s]
Seat 1: echsecution (button) (small blind) collected ($23.52)
Seat 2: nedo1414 (big blind) folded on the Turn


PokerStars Hand #147215504444:  Hold'em Limit ($3/$6 USD) - 2016/01/17 15:36:48 ET
Table 'Baucis' 2-max Seat #2 is the button
Seat 1: echsecution ($105.66 in chips)
Seat 2: nedo1414 ($229.86 in chips)
nedo1414: posts small blind $1
echsecution: posts big blind $3
*** HOLE CARDS ***
nedo1414: raises $3 to $6
echsecution: folds
Uncalled bet ($3) returned to nedo1414
nedo1414 collected $6 from pot
nedo1414: doesn't show hand
*** SUMMARY ***
Total pot $6 | Rake $0
Seat 1: echsecution (big blind) folded before Flop
Seat 2: nedo1414 (button) (small blind) collected ($6)


PokerStars Hand #147215510191:  Hold'em Limit ($3/$6 USD) - 2016/01/17 15:36:53 ET
Table 'Baucis' 2-max Seat #1 is the button
Seat 1: echsecution ($102.66 in chips)
Seat 2: nedo1414 ($232.86 in chips)
echsecution: posts small blind $1
nedo1414: posts big blind $3
*** HOLE CARDS ***
echsecution: raises $3 to $6
nedo1414: calls $3
*** FLOP *** [Ad 2s 8d]
nedo1414: checks
echsecution: bets $3
nedo1414: calls $3
*** TURN *** [Ad 2s 8d] [5s]
nedo1414: checks
echsecution: bets $6
nedo1414: calls $6
*** RIVER *** [Ad 2s 8d 5s] [2h]
nedo1414: checks
echsecution: bets $6
nedo1414: calls $6
*** SHOW DOWN ***
echsecution: shows [9d 6c] (a pair of Deuces)
nedo1414: shows [8h 6s] (two pair, Eights and Deuces)
nedo1414 collected $41.50 from pot
*** SUMMARY ***
Total pot $42 | Rake $0.50
Board [Ad 2s 8d 5s 2h]
Seat 1: echsecution (button) (small blind) showed [9d 6c] and lost with a pair of Deuces
Seat 2: nedo1414 (big blind) showed [8h 6s] and won ($41.50) with two pair, Eights and Deuces


PokerStars Hand #147215538310:  Hold'em Limit ($3/$6 USD) - 2016/01/17 15:37:16 ET
Table 'Baucis' 2-max Seat #2 is the button
Seat 1: echsecution ($81.66 in chips)
Seat 2: nedo1414 ($253.36 in chips)
nedo1414: posts small blind $1
echsecution: posts big blind $3
*** HOLE CARDS ***
nedo1414: folds
Uncalled bet ($2) returned to echsecution
echsecution collected $2 from pot
echsecution: doesn't show hand
*** SUMMARY ***
Total pot $2 | Rake $0
Seat 1: echsecution (big blind) collected ($2)
Seat 2: nedo1414 (button) (small blind) folded before Flop


PokerStars Hand #147215548549:  Hold'em Limit ($3/$6 USD) - 2016/01/17 15:37:24 ET
Table 'Baucis' 2-max Seat #1 is the button
Seat 1: echsecution ($82.66 in chips)
Seat 2: nedo1414 ($252.36 in chips)
echsecution: posts small blind $1
nedo1414: posts big blind $3
*** HOLE CARDS ***
echsecution: raises $3 to $6
nedo1414: raises $3 to $9
echsecution: calls $3
*** FLOP *** [3h Js Qd]
nedo1414: bets $3
echsecution: calls $3
*** TURN *** [3h Js Qd] [Jh]
nedo1414: checks
echsecution: bets $6
nedo1414: calls $6
*** RIVER *** [3h Js Qd Jh] [7s]
nedo1414: checks
echsecution: bets $6
nedo1414: calls $6
*** SHOW DOWN ***
echsecution: shows [Qs Ac] (two pair, Queens and Jacks)
nedo1414: mucks hand
echsecution collected $47.50 from pot
*** SUMMARY ***
Total pot $48 | Rake $0.50
Board [3h Js Qd Jh 7s]
Seat 1: echsecution (button) (small blind) showed [Qs Ac] and won ($47.50) with two pair, Queens and Jacks
Seat 2: nedo1414 (big blind) mucked


PokerStars Hand #147215569100:  Hold'em Limit ($3/$6 USD) - 2016/01/17 15:37:41 ET
Table 'Baucis' 2-max Seat #2 is the button
Seat 1: echsecution ($106.16 in chips)
Seat 2: nedo1414 ($228.36 in chips)
nedo1414: posts small blind $1
echsecution: posts big blind $3
*** HOLE CARDS ***
nedo1414: raises $3 to $6
echsecution: calls $3
*** FLOP *** [5s 6c 3h]
echsecution: checks
nedo1414: bets $3
echsecution: raises $3 to $6
nedo1414: calls $3
*** TURN *** [5s 6c 3h] [8d]
echsecution: bets $6
nedo1414: calls $6
*** RIVER *** [5s 6c 3h 8d] [5d]
echsecution: bets $6
nedo1414: calls $6
*** SHOW DOWN ***
echsecution: shows [9s 7h] (a straight, Five to Nine)
nedo1414: mucks hand
echsecution collected $47.50 from pot
*** SUMMARY ***
Total pot $48 | Rake $0.50
Board [5s 6c 3h 8d 5d]
Seat 1: echsecution (big blind) showed [9s 7h] and won ($47.50) with a straight, Five to Nine
Seat 2: nedo1414 (button) (small blind) mucked


PokerStars Hand #147215597922:  Hold'em Limit ($3/$6 USD) - 2016/01/17 15:38:04 ET
Table 'Baucis' 2-max Seat #2 is the button
Seat 1: echsecution ($135.42 in chips)
Seat 2: nedo1414 ($198.36 in chips)
nedo1414: posts small blind $1
echsecution: posts big blind $3
*** HOLE CARDS ***
nedo1414: folds
Uncalled bet ($2) returned to echsecution
echsecution collected $2 from pot
echsecution: doesn't show hand
*** SUMMARY ***
Total pot $2 | Rake $0
Seat 1: echsecution (big blind) collected ($2)
Seat 2: nedo1414 (button) (small blind) folded before Flop


PokerStars Hand #147215586841:  Hold'em Limit ($3/$6 USD) - 2016/01/17 15:37:55 ET
Table 'Baucis' 2-max Seat #1 is the button
Seat 1: echsecution ($129.66 in chips)
Seat 2: nedo1414 ($204.36 in chips)
echsecution: posts small blind $1
nedo1414: posts big blind $3
*** HOLE CARDS ***
echsecution: raises $3 to $6
nedo1414: calls $3
*** FLOP *** [9c Kc Js]
nedo1414: checks
echsecution: checks
*** TURN *** [9c Kc Js] [Ac]
nedo1414: folds
echsecution collected $11.76 from pot
echsecution: doesn't show hand
*** SUMMARY ***
Total pot $12 | Rake $0.24
Board [9c Kc Js Ac]
Seat 1: echsecution (button) (small blind) collected ($11.76)
Seat 2: nedo1414 (big blind) folded on the Turn


PokerStars Hand #147215603278:  Hold'em Limit ($3/$6 USD) - 2016/01/17 15:38:09 ET
Table 'Baucis' 2-max Seat #1 is the button
Seat 1: echsecution ($136.42 in chips)
Seat 2: nedo1414 ($197.36 in chips)
echsecution: posts small blind $1
nedo1414: posts big blind $3
*** HOLE CARDS ***
echsecution: raises $3 to $6
nedo1414: calls $3
*** FLOP *** [5s 2d 3h]
nedo1414: checks
echsecution: bets $3
nedo1414: raises $3 to $6
echsecution: calls $3
*** TURN *** [5s 2d 3h] [Jd]
nedo1414: bets $6
echsecution: raises $6 to $12
nedo1414: calls $6
*** RIVER *** [5s 2d 3h Jd] [5c]
nedo1414: checks
echsecution: bets $6
nedo1414: raises $6 to $12
echsecution: raises $6 to $18
nedo1414: calls $6
*** SHOW DOWN ***
echsecution: shows [2c 2s] (a full house, Deuces full of Fives)
nedo1414: mucks hand
echsecution collected $83.50 from pot
*** SUMMARY ***
Total pot $84 | Rake $0.50
Board [5s 2d 3h Jd 5c]
Seat 1: echsecution (button) (small blind) showed [2c 2s] and won ($83.50) with a full house, Deuces full of Fives
Seat 2: nedo1414 (big blind) mucked


PokerStars Hand #147215631980:  Hold'em Limit ($3/$6 USD) - 2016/01/17 15:38:32 ET
Table 'Baucis' 2-max Seat #2 is the button
Seat 1: echsecution ($177.92 in chips)
Seat 2: nedo1414 ($155.36 in chips)
nedo1414: posts small blind $1
echsecution: posts big blind $3
*** HOLE CARDS ***
nedo1414: raises $3 to $6
echsecution: calls $3
*** FLOP *** [6d 6h 6s]
echsecution: checks
nedo1414: bets $3
echsecution: calls $3
*** TURN *** [6d 6h 6s] [5c]
echsecution: checks
nedo1414: bets $6
echsecution: calls $6
*** RIVER *** [6d 6h 6s 5c] [8s]
echsecution: checks
nedo1414: bets $6
echsecution: calls $6
*** SHOW DOWN ***
nedo1414: shows [5d Th] (a full house, Sixes full of Fives)
echsecution: mucks hand
nedo1414 collected $41.50 from pot
*** SUMMARY ***
Total pot $42 | Rake $0.50
Board [6d 6h 6s 5c 8s]
Seat 1: echsecution (big blind) mucked
Seat 2: nedo1414 (button) (small blind) showed [5d Th] and won ($41.50) with a full house, Sixes full of Fives


PokerStars Hand #147215652426:  Hold'em Limit ($3/$6 USD) - 2016/01/17 15:38:49 ET
Table 'Baucis' 2-max Seat #1 is the button
Seat 1: echsecution ($156.92 in chips)
Seat 2: nedo1414 ($175.86 in chips)
echsecution: posts small blind $1
nedo1414: posts big blind $3
*** HOLE CARDS ***
echsecution: raises $3 to $6
nedo1414: calls $3
*** FLOP *** [9h 4d 2c]
nedo1414: checks
echsecution: bets $3
nedo1414: folds
Uncalled bet ($3) returned to echsecution
echsecution collected $11.76 from pot
echsecution: doesn't show hand
*** SUMMARY ***
Total pot $12 | Rake $0.24
Board [9h 4d 2c]
Seat 1: echsecution (button) (small blind) collected ($11.76)
Seat 2: nedo1414 (big blind) folded on the Flop


PokerStars Hand #147215674104:  Hold'em Limit ($3/$6 USD) - 2016/01/17 15:39:07 ET
Table 'Baucis' 2-max Seat #2 is the button
Seat 1: echsecution ($162.68 in chips)
Seat 2: nedo1414 ($169.86 in chips)
nedo1414: posts small blind $1
echsecution: posts big blind $3
*** HOLE CARDS ***
nedo1414: raises $3 to $6
echsecution: calls $3
*** FLOP *** [2s 7d Kh]
echsecution: checks
nedo1414: bets $3
echsecution: calls $3
*** TURN *** [2s 7d Kh] [4s]
echsecution: checks
nedo1414: checks
*** RIVER *** [2s 7d Kh 4s] [5d]
echsecution: bets $6
nedo1414: folds
Uncalled bet ($6) returned to echsecution
echsecution collected $17.64 from pot
echsecution: doesn't show hand
*** SUMMARY ***
Total pot $18 | Rake $0.36
Board [2s 7d Kh 4s 5d]
Seat 1: echsecution (big blind) collected ($17.64)
Seat 2: nedo1414 (button) (small blind) folded on the River


PokerStars Hand #147215694369:  Hold'em Limit ($3/$6 USD) - 2016/01/17 15:39:24 ET
Table 'Baucis' 2-max Seat #2 is the button
Seat 1: echsecution ($174.32 in chips)
Seat 2: nedo1414 ($157.86 in chips)
nedo1414: posts small blind $1
echsecution: posts big blind $3
*** HOLE CARDS ***
nedo1414: folds
Uncalled bet ($2) returned to echsecution
echsecution collected $2 from pot
echsecution: doesn't show hand
*** SUMMARY ***
Total pot $2 | Rake $0
Seat 1: echsecution (big blind) collected ($2)
Seat 2: nedo1414 (button) (small blind) folded before Flop


PokerStars Hand #147215688956:  Hold'em Limit ($3/$6 USD) - 2016/01/17 15:39:19 ET
Table 'Baucis' 2-max Seat #1 is the button
Seat 1: echsecution ($171.32 in chips)
Seat 2: nedo1414 ($160.86 in chips)
echsecution: posts small blind $1
nedo1414: posts big blind $3
*** HOLE CARDS ***
echsecution: raises $3 to $6
nedo1414: folds
Uncalled bet ($3) returned to echsecution
echsecution collected $6 from pot
echsecution: doesn't show hand
*** SUMMARY ***
Total pot $6 | Rake $0
Seat 1: echsecution (button) (small blind) collected ($6)
Seat 2: nedo1414 (big blind) folded before Flop


PokerStars Hand #147215734559:  Hold'em Limit ($3/$6 USD) - 2016/01/17 15:39:56 ET
Table 'Baucis' 2-max Seat #2 is the button
Seat 1: echsecution ($198.48 in chips)
Seat 2: nedo1414 ($132.86 in chips)
nedo1414: posts small blind $1
echsecution: posts big blind $3
*** HOLE CARDS ***
nedo1414: raises $3 to $6
echsecution: calls $3
*** FLOP *** [2d 2s 3h]
echsecution: checks
nedo1414: bets $3
echsecution: raises $3 to $6
nedo1414: calls $3
*** TURN *** [2d 2s 3h] [As]
echsecution: bets $6
nedo1414: calls $6
*** RIVER *** [2d 2s 3h As] [5c]
echsecution: checks
nedo1414: checks
*** SHOW DOWN ***
echsecution: shows [3c Ks] (two pair, Threes and Deuces)
nedo1414: mucks hand
echsecution collected $35.50 from pot
*** SUMMARY ***
Total pot $36 | Rake $0.50
Board [2d 2s 3h As 5c]
Seat 1: echsecution (big blind) showed [3c Ks] and won ($35.50) with two pair, Threes and Deuces
Seat 2: nedo1414 (button) (small blind) mucked


PokerStars Hand #147215728703:  Hold'em Limit ($3/$6 USD) - 2016/01/17 15:39:52 ET
Table 'Baucis' 2-max Seat #1 is the button
Seat 1: echsecution ($195.48 in chips)
Seat 2: nedo1414 ($135.86 in chips)
echsecution: posts small blind $1
nedo1414: posts big blind $3
*** HOLE CARDS ***
echsecution: raises $3 to $6
nedo1414: folds
Uncalled bet ($3) returned to echsecution
echsecution collected $6 from pot
echsecution: doesn't show hand
*** SUMMARY ***
Total pot $6 | Rake $0
Seat 1: echsecution (button) (small blind) collected ($6)
Seat 2: nedo1414 (big blind) folded before Flop


PokerStars Hand #147215714113:  Hold'em Limit ($3/$6 USD) - 2016/01/17 15:39:40 ET
Table 'Baucis' 2-max Seat #2 is the button
Seat 1: echsecution ($183.96 in chips)
Seat 2: nedo1414 ($147.86 in chips)
nedo1414: posts small blind $1
echsecution: posts big blind $3
*** HOLE CARDS ***
nedo1414: raises $3 to $6
echsecution: calls $3
*** FLOP *** [3c 7d Jc]
echsecution: checks
nedo1414: bets $3
echsecution: raises $3 to $6
nedo1414: calls $3
*** TURN *** [3c 7d Jc] [2d]
echsecution: bets $6
nedo1414: folds
Uncalled bet ($6) returned to echsecution
echsecution collected $23.52 from pot
echsecution: doesn't show hand
*** SUMMARY ***
Total pot $24 | Rake $0.48
Board [3c 7d Jc 2d]
Seat 1: echsecution (big blind) collected ($23.52)
Seat 2: nedo1414 (button) (small blind) folded on the Turn


PokerStars Hand #147215699881:  Hold'em Limit ($3/$6 USD) - 2016/01/17 15:39:28 ET
Table 'Baucis' 2-max Seat #1 is the button
Seat 1: echsecution ($175.32 in chips)
Seat 2: nedo1414 ($156.86 in chips)
echsecution: posts small blind $1
nedo1414: posts big blind $3
*** HOLE CARDS ***
echsecution: raises $3 to $6
nedo1414: calls $3
*** FLOP *** [6c Jh Qd]
nedo1414: checks
echsecution: bets $3
nedo1414: calls $3
*** TURN *** [6c Jh Qd] [6d]
nedo1414: checks
echsecution: bets $6
nedo1414: folds
Uncalled bet ($6) returned to echsecution
echsecution collected $17.64 from pot
echsecution: doesn't show hand
*** SUMMARY ***
Total pot $18 | Rake $0.36
Board [6c Jh Qd 6d]
Seat 1: echsecution (button) (small blind) collected ($17.64)
Seat 2: nedo1414 (big blind) folded on the Turn


PokerStars Hand #147215807771:  Hold'em Limit ($3/$6 USD) - 2016/01/17 15:40:56 ET
Table 'Baucis' 2-max Seat #1 is the button
Seat 1: echsecution ($194.73 in chips)
Seat 2: nedo1414 ($135.11 in chips)
echsecution: posts small blind $1
nedo1414: posts big blind $3
*** HOLE CARDS ***
echsecution: raises $3 to $6
nedo1414: folds
Uncalled bet ($3) returned to echsecution
echsecution collected $6 from pot
echsecution: doesn't show hand
*** SUMMARY ***
Total pot $6 | Rake $0
Seat 1: echsecution (button) (small blind) collected ($6)
Seat 2: nedo1414 (big blind) folded before Flop


PokerStars Hand #147215780880:  Hold'em Limit ($3/$6 USD) - 2016/01/17 15:40:34 ET
Table 'Baucis' 2-max Seat #2 is the button
Seat 1: echsecution ($215.73 in chips)
Seat 2: nedo1414 ($114.61 in chips)
nedo1414: posts small blind $1
echsecution: posts big blind $3
*** HOLE CARDS ***
nedo1414: raises $3 to $6
echsecution: calls $3
*** FLOP *** [6s 2c 7c]
echsecution: checks
nedo1414: bets $3
echsecution: calls $3
*** TURN *** [6s 2c 7c] [4d]
echsecution: checks
nedo1414: bets $6
echsecution: calls $6
*** RIVER *** [6s 2c 7c 4d] [4h]
echsecution: checks
nedo1414: bets $6
echsecution: calls $6
*** SHOW DOWN ***
nedo1414: shows [5h 7s] (two pair, Sevens and Fours)
echsecution: mucks hand
nedo1414 collected $41.50 from pot
*** SUMMARY ***
Total pot $42 | Rake $0.50
Board [6s 2c 7c 4d 4h]
Seat 1: echsecution (big blind) mucked
Seat 2: nedo1414 (button) (small blind) showed [5h 7s] and won ($41.50) with two pair, Sevens and Fours


PokerStars Hand #147215757646:  Hold'em Limit ($3/$6 USD) - 2016/01/17 15:40:15 ET
Table 'Baucis' 2-max Seat #1 is the button
Seat 1: echsecution ($215.98 in chips)
Seat 2: nedo1414 ($114.86 in chips)
echsecution: posts small blind $1
nedo1414: posts big blind $3
*** HOLE CARDS ***
echsecution: raises $3 to $6
nedo1414: raises $3 to $9
echsecution: calls $3
*** FLOP *** [3c 7s Ks]
nedo1414: bets $3
echsecution: calls $3
*** TURN *** [3c 7s Ks] [7c]
nedo1414: bets $6
echsecution: raises $6 to $12
nedo1414: calls $6
*** RIVER *** [3c 7s Ks 7c] [Qc]
nedo1414: checks
echsecution: bets $6
nedo1414: calls $6
*** SHOW DOWN ***
echsecution: shows [Kc 6s] (two pair, Kings and Sevens)
nedo1414: shows [Kh 9h] (two pair, Kings and Sevens)
nedo1414 collected $29.75 from pot
echsecution collected $29.75 from pot
*** SUMMARY ***
Total pot $60 | Rake $0.50
Board [3c 7s Ks 7c Qc]
Seat 1: echsecution (button) (small blind) showed [Kc 6s] and won ($29.75) with two pair, Kings and Sevens
Seat 2: nedo1414 (big blind) showed [Kh 9h] and won ($29.75) with two pair, Kings and Sevens


PokerStars Hand #147215903525:  Hold'em Limit ($3/$6 USD) - 2016/01/17 15:42:14 ET
Table 'Baucis' 2-max Seat #1 is the button
Seat 1: echsecution ($185.13 in chips)
Seat 2: nedo1414 ($143.03 in chips)
echsecution: posts small blind $1
nedo1414: posts big blind $3
*** HOLE CARDS ***
echsecution: raises $3 to $6
nedo1414: folds
Uncalled bet ($3) returned to echsecution
echsecution collected $6 from pot
echsecution: doesn't show hand
*** SUMMARY ***
Total pot $6 | Rake $0
Seat 1: echsecution (button) (small blind) collected ($6)
Seat 2: nedo1414 (big blind) folded before Flop


PokerStars Hand #147215888090:  Hold'em Limit ($3/$6 USD) - 2016/01/17 15:42:01 ET
Table 'Baucis' 2-max Seat #2 is the button
Seat 1: echsecution ($194.13 in chips)
Seat 2: nedo1414 ($134.39 in chips)
nedo1414: posts small blind $1
echsecution: posts big blind $3
*** HOLE CARDS ***
nedo1414: raises $3 to $6
echsecution: calls $3
*** FLOP *** [4s 9s 7d]
echsecution: checks
nedo1414: bets $3
echsecution: calls $3
*** TURN *** [4s 9s 7d] [Td]
echsecution: checks
nedo1414: bets $6
echsecution: folds
Uncalled bet ($6) returned to nedo1414
nedo1414 collected $17.64 from pot
nedo1414: doesn't show hand
*** SUMMARY ***
Total pot $18 | Rake $0.36
Board [4s 9s 7d Td]
Seat 1: echsecution (big blind) folded on the Turn
Seat 2: nedo1414 (button) (small blind) collected ($17.64)


PokerStars Hand #147215873300:  Hold'em Limit ($3/$6 USD) - 2016/01/17 15:41:49 ET
Table 'Baucis' 2-max Seat #1 is the button
Seat 1: echsecution ($185.49 in chips)
Seat 2: nedo1414 ($143.39 in chips)
echsecution: posts small blind $1
nedo1414: posts big blind $3
*** HOLE CARDS ***
echsecution: raises $3 to $6
nedo1414: calls $3
*** FLOP *** [8c 5d 4c]
nedo1414: checks
echsecution: bets $3
nedo1414: calls $3
*** TURN *** [8c 5d 4c] [Jh]
nedo1414: checks
echsecution: bets $6
nedo1414: folds
Uncalled bet ($6) returned to echsecution
echsecution collected $17.64 from pot
echsecution: doesn't show hand
*** SUMMARY ***
Total pot $18 | Rake $0.36
Board [8c 5d 4c Jh]
Seat 1: echsecution (button) (small blind) collected ($17.64)
Seat 2: nedo1414 (big blind) folded on the Turn


PokerStars Hand #147215856946:  Hold'em Limit ($3/$6 USD) - 2016/01/17 15:41:36 ET
Table 'Baucis' 2-max Seat #2 is the button
Seat 1: echsecution ($194.49 in chips)
Seat 2: nedo1414 ($134.75 in chips)
nedo1414: posts small blind $1
echsecution: posts big blind $3
*** HOLE CARDS ***
nedo1414: raises $3 to $6
echsecution: calls $3
*** FLOP *** [9c 5h 6h]
echsecution: checks
nedo1414: bets $3
echsecution: calls $3
*** TURN *** [9c 5h 6h] [2h]
echsecution: checks
nedo1414: checks
*** RIVER *** [9c 5h 6h 2h] [2d]
echsecution: checks
nedo1414: checks
*** SHOW DOWN ***
echsecution: shows [3c Qc] (a pair of Deuces)
nedo1414: shows [Kh Ts] (a pair of Deuces - King kicker)
nedo1414 collected $17.64 from pot
*** SUMMARY ***
Total pot $18 | Rake $0.36
Board [9c 5h 6h 2h 2d]
Seat 1: echsecution (big blind) showed [3c Qc] and lost with a pair of Deuces
Seat 2: nedo1414 (button) (small blind) showed [Kh Ts] and won ($17.64) with a pair of Deuces


PokerStars Hand #147215847142:  Hold'em Limit ($3/$6 USD) - 2016/01/17 15:41:28 ET
Table 'Baucis' 2-max Seat #1 is the button
Seat 1: echsecution ($188.73 in chips)
Seat 2: nedo1414 ($140.75 in chips)
echsecution: posts small blind $1
nedo1414: posts big blind $3
*** HOLE CARDS ***
echsecution: raises $3 to $6
nedo1414: calls $3
*** FLOP *** [9c Kd 2c]
nedo1414: checks
echsecution: bets $3
nedo1414: folds
Uncalled bet ($3) returned to echsecution
echsecution collected $11.76 from pot
echsecution: doesn't show hand
*** SUMMARY ***
Total pot $12 | Rake $0.24
Board [9c Kd 2c]
Seat 1: echsecution (button) (small blind) collected ($11.76)
Seat 2: nedo1414 (big blind) folded on the Flop


PokerStars Hand #147215819113:  Hold'em Limit ($3/$6 USD) - 2016/01/17 15:41:05 ET
Table 'Baucis' 2-max Seat #2 is the button
Seat 1: echsecution ($197.73 in chips)
Seat 2: nedo1414 ($132.11 in chips)
nedo1414: posts small blind $1
echsecution: posts big blind $3
*** HOLE CARDS ***
nedo1414: raises $3 to $6
echsecution: calls $3
*** FLOP *** [4c 8d 9d]
echsecution: checks
nedo1414: bets $3
echsecution: calls $3
*** TURN *** [4c 8d 9d] [Ks]
echsecution: checks
nedo1414: bets $6
echsecution: folds
Uncalled bet ($6) returned to nedo1414
nedo1414 collected $17.64 from pot
nedo1414: doesn't show hand
*** SUMMARY ***
Total pot $18 | Rake $0.36
Board [4c 8d 9d Ks]
Seat 1: echsecution (big blind) folded on the Turn
Seat 2: nedo1414 (button) (small blind) collected ($17.64)


PokerStars Hand #147215908785:  Hold'em Limit ($3/$6 USD) - 2016/01/17 15:42:18 ET
Table 'Baucis' 2-max Seat #2 is the button
Seat 1: echsecution ($188.13 in chips)
Seat 2: nedo1414 ($140.03 in chips)
nedo1414: posts small blind $1
echsecution: posts big blind $3
*** HOLE CARDS ***
nedo1414: raises $3 to $6
echsecution: calls $3
*** FLOP *** [4s 2c Qs]
echsecution: checks
nedo1414: bets $3
echsecution: raises $3 to $6
nedo1414: calls $3
*** TURN *** [4s 2c Qs] [2h]
echsecution: bets $6
nedo1414: calls $6
*** RIVER *** [4s 2c Qs 2h] [7c]
echsecution: checks
nedo1414: checks
*** SHOW DOWN ***
echsecution: shows [6s 9s] (a pair of Deuces)
nedo1414: shows [Ac 5d] (a pair of Deuces - Ace kicker)
nedo1414 collected $35.50 from pot
*** SUMMARY ***
Total pot $36 | Rake $0.50
Board [4s 2c Qs 2h 7c]
Seat 1: echsecution (big blind) showed [6s 9s] and lost with a pair of Deuces
Seat 2: nedo1414 (button) (small blind) showed [Ac 5d] and won ($35.50) with a pair of Deuces


