PokerStars Hand #147639091234:  Hold'em Limit ($3/$6 USD) - 2016/01/25 3:37:12 ET
Table 'Baucis' 2-max Seat #2 is the button
Seat 1: jl45259071 ($47.21 in chips)
Seat 2: BugerDV ($72 in chips)
BugerDV: posts small blind $1
jl45259071 is disconnected
jl45259071 is connected
jl45259071: posts big blind $3
*** HOLE CARDS ***
BugerDV: raises $3 to $6
jl45259071: calls $3
*** FLOP *** [Jh Kh Th]
jl45259071: bets $3
BugerDV: calls $3
*** TURN *** [Jh Kh Th] [5h]
jl45259071: bets $6
BugerDV: calls $6
*** RIVER *** [Jh Kh Th 5h] [2c]
jl45259071: bets $6
BugerDV: calls $6
*** SHOW DOWN ***
jl45259071: shows [Qc 2h] (a flush, King high)
BugerDV: shows [Js 3h] (a flush, King high - Three higher)
BugerDV collected $41.50 from pot
*** SUMMARY ***
Total pot $42 | Rake $0.50
Board [Jh Kh Th 5h 2c]
Seat 1: jl45259071 (big blind) showed [Qc 2h] and lost with a flush, King high
Seat 2: BugerDV (button) (small blind) showed [Js 3h] and won ($41.50) with a flush, King high


PokerStars Hand #147639114743:  Hold'em Limit ($3/$6 USD) - 2016/01/25 3:38:22 ET
Table 'Baucis' 2-max Seat #1 is the button
Seat 1: jl45259071 ($26.21 in chips)
Seat 2: BugerDV ($92.50 in chips)
jl45259071: posts small blind $1
BugerDV: posts big blind $3
*** HOLE CARDS ***
jl45259071: calls $2
BugerDV: checks
*** FLOP *** [Qs Ts Td]
BugerDV: checks
jl45259071: bets $3
BugerDV: folds
Uncalled bet ($3) returned to jl45259071
jl45259071 collected $5.88 from pot
*** SUMMARY ***
Total pot $6 | Rake $0.12
Board [Qs Ts Td]
Seat 1: jl45259071 (button) (small blind) collected ($5.88)
Seat 2: BugerDV (big blind) folded on the Flop


PokerStars Hand #147639120111:  Hold'em Limit ($3/$6 USD) - 2016/01/25 3:38:37 ET
Table 'Baucis' 2-max Seat #2 is the button
Seat 1: jl45259071 ($29.09 in chips)
Seat 2: BugerDV ($89.50 in chips)
BugerDV: posts small blind $1
jl45259071: posts big blind $3
*** HOLE CARDS ***
BugerDV: raises $3 to $6
jl45259071: raises $3 to $9
BugerDV: calls $3
*** FLOP *** [Kh Kd 2d]
jl45259071: bets $3
BugerDV: calls $3
*** TURN *** [Kh Kd 2d] [Ks]
jl45259071: bets $6
BugerDV: calls $6
*** RIVER *** [Kh Kd 2d Ks] [4s]
jl45259071: bets $6
BugerDV: folds
Uncalled bet ($6) returned to jl45259071
jl45259071 collected $35.50 from pot
*** SUMMARY ***
Total pot $36 | Rake $0.50
Board [Kh Kd 2d Ks 4s]
Seat 1: jl45259071 (big blind) collected ($35.50)
Seat 2: BugerDV (button) (small blind) folded on the River


PokerStars Hand #147639136280:  Hold'em Limit ($3/$6 USD) - 2016/01/25 3:39:25 ET
Table 'Baucis' 2-max Seat #1 is the button
Seat 1: jl45259071 ($46.59 in chips)
Seat 2: BugerDV ($71.50 in chips)
jl45259071: posts small blind $1
BugerDV: posts big blind $3
*** HOLE CARDS ***
jl45259071: calls $2
BugerDV: raises $3 to $6
jl45259071: calls $3
*** FLOP *** [8s Ks 4s]
BugerDV: bets $3
jl45259071: calls $3
*** TURN *** [8s Ks 4s] [Th]
BugerDV: checks
jl45259071: bets $6
BugerDV: calls $6
*** RIVER *** [8s Ks 4s Th] [Jd]
BugerDV: checks
jl45259071: checks
*** SHOW DOWN ***
BugerDV: shows [9d Qh] (a straight, Nine to King)
jl45259071: mucks hand
BugerDV collected $29.50 from pot
*** SUMMARY ***
Total pot $30 | Rake $0.50
Board [8s Ks 4s Th Jd]
Seat 1: jl45259071 (button) (small blind) mucked
Seat 2: BugerDV (big blind) showed [9d Qh] and won ($29.50) with a straight, Nine to King


PokerStars Hand #147639223530:  Hold'em Limit ($3/$6 USD) - 2016/01/25 3:43:37 ET
Table 'Baucis' 2-max Seat #2 is the button
Seat 1: jl45259071 ($54.73 in chips)
Seat 2: BugerDV ($62 in chips)
BugerDV: posts small blind $1
jl45259071 is connected
jl45259071: posts big blind $3
*** HOLE CARDS ***
BugerDV: folds
Uncalled bet ($2) returned to jl45259071
jl45259071 collected $2 from pot
*** SUMMARY ***
Total pot $2 | Rake $0
Seat 1: jl45259071 (big blind) collected ($2)
Seat 2: BugerDV (button) (small blind) folded before Flop


PokerStars Hand #147639196452:  Hold'em Limit ($3/$6 USD) - 2016/01/25 3:42:19 ET
Table 'Baucis' 2-max Seat #1 is the button
Seat 1: jl45259071 ($46.09 in chips)
Seat 2: BugerDV ($71 in chips)
jl45259071: posts small blind $1
BugerDV: posts big blind $3
*** HOLE CARDS ***
jl45259071: calls $2
BugerDV: checks
*** FLOP *** [9d 7s Qs]
BugerDV: checks
jl45259071: checks
*** TURN *** [9d 7s Qs] [6h]
BugerDV: checks
jl45259071: bets $6
BugerDV: calls $6
*** RIVER *** [9d 7s Qs 6h] [7c]
BugerDV: checks
jl45259071 is disconnected
jl45259071 has timed out while disconnected
jl45259071: checks
*** SHOW DOWN ***
BugerDV: shows [As 3d] (a pair of Sevens)
jl45259071: shows [Tc 6c] (two pair, Sevens and Sixes)
jl45259071 collected $17.64 from pot
*** SUMMARY ***
Total pot $18 | Rake $0.36
Board [9d 7s Qs 6h 7c]
Seat 1: jl45259071 (button) (small blind) showed [Tc 6c] and won ($17.64) with two pair, Sevens and Sixes
Seat 2: BugerDV (big blind) showed [As 3d] and lost with a pair of Sevens


PokerStars Hand #147639239396:  Hold'em Limit ($3/$6 USD) - 2016/01/25 3:44:23 ET
Table 'Baucis' 2-max Seat #2 is the button
Seat 1: jl45259071 ($34.73 in chips)
Seat 2: BugerDV ($141.50 in chips)
BugerDV: posts small blind $1
jl45259071: posts big blind $3
*** HOLE CARDS ***
BugerDV: raises $3 to $6
jl45259071: raises $3 to $9
BugerDV: calls $3
*** FLOP *** [5d 8d 3s]
jl45259071: bets $3
BugerDV: calls $3
*** TURN *** [5d 8d 3s] [Qc]
jl45259071: bets $6
BugerDV: raises $6 to $12
jl45259071: calls $6
*** RIVER *** [5d 8d 3s Qc] [Kd]
jl45259071: checks
BugerDV: bets $6
jl45259071: calls $6
*** SHOW DOWN ***
BugerDV: shows [Jd Qs] (a pair of Queens)
jl45259071: mucks hand
BugerDV collected $59.50 from pot
*** SUMMARY ***
Total pot $60 | Rake $0.50
Board [5d 8d 3s Qc Kd]
Seat 1: jl45259071 (big blind) mucked
Seat 2: BugerDV (button) (small blind) showed [Jd Qs] and won ($59.50) with a pair of Queens


PokerStars Hand #147639228879:  Hold'em Limit ($3/$6 USD) - 2016/01/25 3:43:53 ET
Table 'Baucis' 2-max Seat #1 is the button
Seat 1: jl45259071 ($55.73 in chips)
Seat 2: BugerDV ($61 in chips)
jl45259071: posts small blind $1
BugerDV: posts big blind $3
*** HOLE CARDS ***
jl45259071: calls $2
BugerDV: raises $3 to $6
jl45259071: calls $3
*** FLOP *** [Th 5s Ac]
BugerDV: bets $3
jl45259071: calls $3
*** TURN *** [Th 5s Ac] [Jc]
BugerDV: bets $6
jl45259071: calls $6
*** RIVER *** [Th 5s Ac Jc] [6c]
BugerDV: bets $6
jl45259071: calls $6
*** SHOW DOWN ***
BugerDV: shows [As 7s] (a pair of Aces)
jl45259071: mucks hand
BugerDV collected $41.50 from pot
*** SUMMARY ***
Total pot $42 | Rake $0.50
Board [Th 5s Ac Jc 6c]
Seat 1: jl45259071 (button) (small blind) mucked
Seat 2: BugerDV (big blind) showed [As 7s] and won ($41.50) with a pair of Aces


PokerStars Hand #147639249346:  Hold'em Limit ($3/$6 USD) - 2016/01/25 3:44:52 ET
Table 'Baucis' 2-max Seat #1 is the button
Seat 1: jl45259071 ($4.73 in chips)
Seat 2: BugerDV ($171 in chips)
jl45259071: posts small blind $1
BugerDV: posts big blind $3
*** HOLE CARDS ***
jl45259071: raises $1.73 to $4.73 and is all-in
BugerDV: calls $1.73
*** FLOP *** [Qs Ks 3h]
*** TURN *** [Qs Ks 3h] [5h]
*** RIVER *** [Qs Ks 3h 5h] [3c]
*** SHOW DOWN ***
BugerDV: shows [3s 8c] (three of a kind, Threes)
jl45259071: mucks hand
BugerDV collected $9.27 from pot
*** SUMMARY ***
Total pot $9.46 | Rake $0.19
Board [Qs Ks 3h 5h 3c]
Seat 1: jl45259071 (button) (small blind) mucked
Seat 2: BugerDV (big blind) showed [3s 8c] and won ($9.27) with three of a kind, Threes


