PokerStars Hand #172497816113:  Hold'em Limit ($3/$6 USD) - 2017/07/02 2:54:25 ET
Table 'Baucis II' 6-max Seat #6 is the button
Seat 1: Agrotait ($95.50 in chips)
Seat 6: BAD-Chri$$y ($96 in chips)
BAD-Chri$$y: posts small blind $1
Agrotait: posts big blind $3
*** HOLE CARDS ***
BAD-Chri$$y: folds
Uncalled bet ($2) returned to Agrotait
Agrotait collected $2 from pot
Agrotait: doesn't show hand
*** SUMMARY ***
Total pot $2 | Rake $0
Seat 1: Agrotait (big blind) collected ($2)
Seat 6: BAD-Chri$$y (button) (small blind) folded before Flop


PokerStars Hand #172497803171:  Hold'em Limit ($3/$6 USD) - 2017/07/02 2:53:37 ET
Table 'Baucis II' 6-max Seat #1 is the button
Seat 1: Agrotait ($72 in chips)
Seat 6: BAD-Chri$$y ($120 in chips)
sim5sim5: is sitting out
Agrotait: posts small blind $1
BAD-Chri$$y: posts big blind $3
*** HOLE CARDS ***
Agrotait: raises $3 to $6
BAD-Chri$$y: raises $3 to $9
Agrotait: calls $3
*** FLOP *** [3d Jh 6d]
BAD-Chri$$y: bets $3
Agrotait: calls $3
*** TURN *** [3d Jh 6d] [2h]
BAD-Chri$$y: bets $6
Agrotait: calls $6
*** RIVER *** [3d Jh 6d 2h] [As]
BAD-Chri$$y: checks
Agrotait: bets $6
BAD-Chri$$y: calls $6
*** SHOW DOWN ***
Agrotait: shows [Ad 9h] (a pair of Aces)
BAD-Chri$$y: mucks hand
Agrotait collected $47.50 from pot
*** SUMMARY ***
Total pot $48 | Rake $0.50
Board [3d Jh 6d 2h As]
Seat 1: Agrotait (button) (small blind) showed [Ad 9h] and won ($47.50) with a pair of Aces
Seat 6: BAD-Chri$$y (big blind) mucked


PokerStars Hand #172497831518:  Hold'em Limit ($3/$6 USD) - 2017/07/02 2:55:24 ET
Table 'Baucis II' 6-max Seat #6 is the button
Seat 1: Agrotait ($109.02 in chips)
Seat 6: BAD-Chri$$y ($82 in chips)
BAD-Chri$$y: posts small blind $1
Agrotait: posts big blind $3
*** HOLE CARDS ***
BAD-Chri$$y: folds
Uncalled bet ($2) returned to Agrotait
Agrotait collected $2 from pot
Agrotait: doesn't show hand
*** SUMMARY ***
Total pot $2 | Rake $0
Seat 1: Agrotait (big blind) collected ($2)
Seat 6: BAD-Chri$$y (button) (small blind) folded before Flop


PokerStars Hand #172497826915:  Hold'em Limit ($3/$6 USD) - 2017/07/02 2:55:06 ET
Table 'Baucis II' 6-max Seat #1 is the button
Seat 1: Agrotait ($103.26 in chips)
Seat 6: BAD-Chri$$y ($88 in chips)
Agrotait: posts small blind $1
BAD-Chri$$y: posts big blind $3
*** HOLE CARDS ***
Agrotait: raises $3 to $6
BAD-Chri$$y: calls $3
*** FLOP *** [5h Kc 3s]
BAD-Chri$$y: checks
Agrotait: bets $3
BAD-Chri$$y: folds
Uncalled bet ($3) returned to Agrotait
Agrotait collected $11.76 from pot
Agrotait: doesn't show hand
*** SUMMARY ***
Total pot $12 | Rake $0.24
Board [5h Kc 3s]
Seat 1: Agrotait (button) (small blind) collected ($11.76)
Seat 6: BAD-Chri$$y (big blind) folded on the Flop


PokerStars Hand #172497825500:  Hold'em Limit ($3/$6 USD) - 2017/07/02 2:55:00 ET
Table 'Baucis II' 6-max Seat #6 is the button
Seat 1: Agrotait ($102.26 in chips)
Seat 6: BAD-Chri$$y ($89 in chips)
BAD-Chri$$y: posts small blind $1
Agrotait: posts big blind $3
*** HOLE CARDS ***
BAD-Chri$$y: folds
Uncalled bet ($2) returned to Agrotait
Agrotait collected $2 from pot
Agrotait: doesn't show hand
*** SUMMARY ***
Total pot $2 | Rake $0
Seat 1: Agrotait (big blind) collected ($2)
Seat 6: BAD-Chri$$y (button) (small blind) folded before Flop


PokerStars Hand #172497817848:  Hold'em Limit ($3/$6 USD) - 2017/07/02 2:54:32 ET
Table 'Baucis II' 6-max Seat #1 is the button
Seat 1: Agrotait ($96.50 in chips)
Seat 6: BAD-Chri$$y ($95 in chips)
Agrotait: posts small blind $1
BAD-Chri$$y: posts big blind $3
*** HOLE CARDS ***
Agrotait: raises $3 to $6
BAD-Chri$$y: calls $3
*** FLOP *** [9c 8h 9h]
BAD-Chri$$y: checks
Agrotait: bets $3
BAD-Chri$$y: folds
Uncalled bet ($3) returned to Agrotait
Agrotait collected $11.76 from pot
Agrotait: doesn't show hand
*** SUMMARY ***
Total pot $12 | Rake $0.24
Board [9c 8h 9h]
Seat 1: Agrotait (button) (small blind) collected ($11.76)
Seat 6: BAD-Chri$$y (big blind) folded on the Flop


PokerStars Hand #172497842187:  Hold'em Limit ($3/$6 USD) - 2017/07/02 2:56:08 ET
Table 'Baucis II' 6-max Seat #6 is the button
Seat 1: Agrotait ($89.02 in chips)
Seat 6: BAD-Chri$$y ($101.50 in chips)
BAD-Chri$$y: posts small blind $1
Agrotait: posts big blind $3
*** HOLE CARDS ***
BAD-Chri$$y: raises $3 to $6
Agrotait: folds
Uncalled bet ($3) returned to BAD-Chri$$y
BAD-Chri$$y collected $6 from pot
BAD-Chri$$y: doesn't show hand
*** SUMMARY ***
Total pot $6 | Rake $0
Seat 1: Agrotait (big blind) folded before Flop
Seat 6: BAD-Chri$$y (button) (small blind) collected ($6)


PokerStars Hand #172497832917:  Hold'em Limit ($3/$6 USD) - 2017/07/02 2:55:29 ET
Table 'Baucis II' 6-max Seat #1 is the button
Seat 1: Agrotait ($110.02 in chips)
Seat 6: BAD-Chri$$y ($81 in chips)
Agrotait: posts small blind $1
BAD-Chri$$y: posts big blind $3
*** HOLE CARDS ***
Agrotait: raises $3 to $6
BAD-Chri$$y: calls $3
*** FLOP *** [Qd 5c Jd]
BAD-Chri$$y: checks
Agrotait: bets $3
BAD-Chri$$y: calls $3
*** TURN *** [Qd 5c Jd] [8h]
BAD-Chri$$y: bets $6
Agrotait: calls $6
*** RIVER *** [Qd 5c Jd 8h] [7h]
BAD-Chri$$y: bets $6
Agrotait: calls $6
*** SHOW DOWN ***
BAD-Chri$$y: shows [5h 8d] (two pair, Eights and Fives)
Agrotait: mucks hand
BAD-Chri$$y collected $41.50 from pot
*** SUMMARY ***
Total pot $42 | Rake $0.50
Board [Qd 5c Jd 8h 7h]
Seat 1: Agrotait (button) (small blind) mucked
Seat 6: BAD-Chri$$y (big blind) showed [5h 8d] and won ($41.50) with two pair, Eights and Fives


PokerStars Hand #172497894571:  Hold'em Limit ($3/$6 USD) - 2017/07/02 2:59:39 ET
Table 'Baucis II' 6-max Seat #6 is the button
Seat 3: sim5sim5 ($72 in chips)
Seat 6: BAD-Chri$$y ($48.50 in chips)
BAD-Chri$$y: posts small blind $1
Agrotait: is sitting out
sim5sim5: posts big blind $3
*** HOLE CARDS ***
Agrotait leaves the table
BAD-Chri$$y: calls $2
sim5sim5: checks
*** FLOP *** [Qd 9c Ah]
sim5sim5: checks
BAD-Chri$$y: checks
*** TURN *** [Qd 9c Ah] [Th]
sim5sim5: checks
BAD-Chri$$y: checks
*** RIVER *** [Qd 9c Ah Th] [8c]
sim5sim5: checks
BAD-Chri$$y: checks
*** SHOW DOWN ***
sim5sim5: shows [2c 3h] (high card Ace)
BAD-Chri$$y: shows [Ks 4c] (high card Ace - King kicker)
BAD-Chri$$y collected $5.88 from pot
*** SUMMARY ***
Total pot $6 | Rake $0.12
Board [Qd 9c Ah Th 8c]
Seat 3: sim5sim5 (big blind) showed [2c 3h] and lost with high card Ace
Seat 6: BAD-Chri$$y (button) (small blind) showed [Ks 4c] and won ($5.88) with high card Ace


PokerStars Hand #172497899856:  Hold'em Limit ($3/$6 USD) - 2017/07/02 3:00:01 ET
Table 'Baucis II' 6-max Seat #3 is the button
Seat 3: sim5sim5 ($72 in chips)
Seat 6: BAD-Chri$$y ($51.38 in chips)
sim5sim5: posts small blind $1
BAD-Chri$$y: posts big blind $3
*** HOLE CARDS ***
sim5sim5: raises $3 to $6
BAD-Chri$$y: calls $3
*** FLOP *** [Td 6s 5h]
BAD-Chri$$y: bets $3
sim5sim5: raises $3 to $6
BAD-Chri$$y: calls $3
*** TURN *** [Td 6s 5h] [7s]
BAD-Chri$$y: checks
sim5sim5: bets $6
degal76 joins the table at seat #5
BAD-Chri$$y: calls $6
*** RIVER *** [Td 6s 5h 7s] [7d]
BAD-Chri$$y: checks
sim5sim5: bets $6
BAD-Chri$$y: calls $6
*** SHOW DOWN ***
sim5sim5: shows [4c 7c] (three of a kind, Sevens)
BAD-Chri$$y: mucks hand
sim5sim5 collected $47.50 from pot
*** SUMMARY ***
Total pot $48 | Rake $0.50
Board [Td 6s 5h 7s 7d]
Seat 3: sim5sim5 (button) (small blind) showed [4c 7c] and won ($47.50) with three of a kind, Sevens
Seat 6: BAD-Chri$$y (big blind) mucked


PokerStars Hand #172497906669:  Hold'em Limit ($3/$6 USD) - 2017/07/02 3:00:27 ET
Table 'Baucis II' 6-max Seat #6 is the button
Seat 3: sim5sim5 ($95.50 in chips)
Seat 6: BAD-Chri$$y ($27.38 in chips)
BAD-Chri$$y: posts small blind $1
sim5sim5: posts big blind $3
*** HOLE CARDS ***
BAD-Chri$$y: calls $2
sim5sim5: raises $3 to $6
BAD-Chri$$y: calls $3
*** FLOP *** [2s 7d Tc]
sim5sim5: bets $3
BAD-Chri$$y: raises $3 to $6
sim5sim5: calls $3
*** TURN *** [2s 7d Tc] [7c]
sim5sim5: checks
BAD-Chri$$y: checks
*** RIVER *** [2s 7d Tc 7c] [4d]
sim5sim5: checks
BAD-Chri$$y: bets $6
sim5sim5: calls $6
*** SHOW DOWN ***
BAD-Chri$$y: shows [9c 5c] (a pair of Sevens)
sim5sim5: shows [2c Ad] (two pair, Sevens and Deuces)
sim5sim5 collected $35.50 from pot
*** SUMMARY ***
Total pot $36 | Rake $0.50
Board [2s 7d Tc 7c 4d]
Seat 3: sim5sim5 (big blind) showed [2c Ad] and won ($35.50) with two pair, Sevens and Deuces
Seat 6: BAD-Chri$$y (button) (small blind) showed [9c 5c] and lost with a pair of Sevens


PokerStars Hand #172500325725:  Hold'em Limit ($3/$6 USD) - 2017/07/02 5:08:04 ET
Table 'Baucis II' 6-max Seat #6 is the button
Seat 3: confususs ($252.13 in chips)
Seat 6: Agrotait ($200.38 in chips)
DrMark will be allowed to play after the button
Agrotait: posts small blind $1
confususs: posts big blind $3
*** HOLE CARDS ***
Agrotait: raises $3 to $6
confususs: calls $3
*** FLOP *** [5d 6c 3c]
confususs: bets $3
Agrotait: raises $3 to $6
confususs: calls $3
*** TURN *** [5d 6c 3c] [Js]
confususs: checks
Agrotait: bets $6
confususs: calls $6
*** RIVER *** [5d 6c 3c Js] [Qs]
confususs: checks
Agrotait: bets $6
confususs: folds
Uncalled bet ($6) returned to Agrotait
Agrotait collected $35.50 from pot
Agrotait: doesn't show hand
*** SUMMARY ***
Total pot $36 | Rake $0.50
Board [5d 6c 3c Js Qs]
Seat 3: confususs (big blind) folded on the River
Seat 6: Agrotait (button) (small blind) collected ($35.50)


PokerStars Hand #172502239815:  Hold'em Limit ($3/$6 USD) - 2017/07/02 6:27:19 ET
Table 'Baucis II' 6-max Seat #3 is the button
Seat 3: confususs ($135.37 in chips)
Seat 5: Krazy90 ($120 in chips)
confususs: posts small blind $1
hoodro1164: is sitting out
Krazy90: posts big blind $3
*** HOLE CARDS ***
confususs: folds
Uncalled bet ($2) returned to Krazy90
hoodro1164 leaves the table
Krazy90 collected $2 from pot
Krazy90: doesn't show hand
*** SUMMARY ***
Total pot $2 | Rake $0
Seat 3: confususs (button) (small blind) folded before Flop
Seat 5: Krazy90 (big blind) collected ($2)


PokerStars Hand #172502242636:  Hold'em Limit ($3/$6 USD) - 2017/07/02 6:27:25 ET
Table 'Baucis II' 6-max Seat #5 is the button
Seat 3: confususs ($134.37 in chips)
Seat 5: Krazy90 ($121 in chips)
Krazy90: posts small blind $1
confususs: posts big blind $3
*** HOLE CARDS ***
Krazy90: folds
Uncalled bet ($2) returned to confususs
confususs collected $2 from pot
*** SUMMARY ***
Total pot $2 | Rake $0
Seat 3: confususs (big blind) collected ($2)
Seat 5: Krazy90 (button) (small blind) folded before Flop


PokerStars Hand #172502244726:  Hold'em Limit ($3/$6 USD) - 2017/07/02 6:27:30 ET
Table 'Baucis II' 6-max Seat #3 is the button
Seat 3: confususs ($135.37 in chips)
Seat 5: Krazy90 ($120 in chips)
confususs: posts small blind $1
Krazy90: posts big blind $3
*** HOLE CARDS ***
confususs: calls $2
Whatze Phuck joins the table at seat #4
Krazy90: checks
*** FLOP *** [Ts Ac 9s]
Krazy90: checks
confususs: checks
*** TURN *** [Ts Ac 9s] [6s]
Krazy90: checks
confususs: checks
*** RIVER *** [Ts Ac 9s 6s] [8s]
Krazy90: checks
confususs: checks
*** SHOW DOWN ***
Krazy90: shows [5d 3h] (high card Ace)
confususs: shows [Kd 5h] (high card Ace - King kicker)
confususs collected $5.88 from pot
*** SUMMARY ***
Total pot $6 | Rake $0.12
Board [Ts Ac 9s 6s 8s]
Seat 3: confususs (button) (small blind) showed [Kd 5h] and won ($5.88) with high card Ace
Seat 5: Krazy90 (big blind) showed [5d 3h] and lost with high card Ace


PokerStars Hand #172502250113:  Hold'em Limit ($3/$6 USD) - 2017/07/02 6:27:43 ET
Table 'Baucis II' 6-max Seat #5 is the button
Seat 3: confususs ($138.25 in chips)
Seat 5: Krazy90 ($120 in chips)
Krazy90: posts small blind $1
confususs: posts big blind $3
*** HOLE CARDS ***
Krazy90: raises $3 to $6
confususs: calls $3
*** FLOP *** [9s 5s Kd]
confususs: checks
Krazy90: bets $3
confususs: folds
Uncalled bet ($3) returned to Krazy90
Krazy90 collected $11.76 from pot
Krazy90: doesn't show hand
*** SUMMARY ***
Total pot $12 | Rake $0.24
Board [9s 5s Kd]
Seat 3: confususs (big blind) folded on the Flop
Seat 5: Krazy90 (button) (small blind) collected ($11.76)


PokerStars Hand #172504044645:  Hold'em Limit ($3/$6 USD) - 2017/07/02 7:34:36 ET
Table 'Baucis II' 6-max Seat #1 is the button
Seat 1: StoneFace007 ($304.28 in chips)
Seat 4: ogdealer ($9.04 in chips)
StoneFace007: posts small blind $1
ogdealer: posts big blind $3
*** HOLE CARDS ***
StoneFace007: folds
Uncalled bet ($2) returned to ogdealer
ogdealer collected $2 from pot
ogdealer: doesn't show hand
*** SUMMARY ***
Total pot $2 | Rake $0
Seat 1: StoneFace007 (button) (small blind) folded before Flop
Seat 4: ogdealer (big blind) collected ($2)


PokerStars Hand #172504041706:  Hold'em Limit ($3/$6 USD) - 2017/07/02 7:34:30 ET
Table 'Baucis II' 6-max Seat #4 is the button
Seat 1: StoneFace007 ($303.28 in chips)
Seat 4: ogdealer ($10.04 in chips)
ogdealer: posts small blind $1
StoneFace007: posts big blind $3
*** HOLE CARDS ***
ogdealer: folds
Uncalled bet ($2) returned to StoneFace007
StoneFace007 collected $2 from pot
*** SUMMARY ***
Total pot $2 | Rake $0
Seat 1: StoneFace007 (big blind) collected ($2)
Seat 4: ogdealer (button) (small blind) folded before Flop


PokerStars Hand #172504049439:  Hold'em Limit ($3/$6 USD) - 2017/07/02 7:34:46 ET
Table 'Baucis II' 6-max Seat #1 is the button
Seat 1: StoneFace007 ($304.28 in chips)
Seat 4: ogdealer ($9.04 in chips)
StoneFace007: posts small blind $1
ogdealer: posts big blind $3
*** HOLE CARDS ***
StoneFace007: folds
Uncalled bet ($2) returned to ogdealer
ogdealer collected $2 from pot
ogdealer: doesn't show hand
*** SUMMARY ***
Total pot $2 | Rake $0
Seat 1: StoneFace007 (button) (small blind) folded before Flop
Seat 4: ogdealer (big blind) collected ($2)


PokerStars Hand #172504047134:  Hold'em Limit ($3/$6 USD) - 2017/07/02 7:34:41 ET
Table 'Baucis II' 6-max Seat #4 is the button
Seat 1: StoneFace007 ($303.28 in chips)
Seat 4: ogdealer ($10.04 in chips)
ogdealer: posts small blind $1
StoneFace007: posts big blind $3
*** HOLE CARDS ***
ogdealer: folds
Uncalled bet ($2) returned to StoneFace007
StoneFace007 collected $2 from pot
*** SUMMARY ***
Total pot $2 | Rake $0
Seat 1: StoneFace007 (big blind) collected ($2)
Seat 4: ogdealer (button) (small blind) folded before Flop


PokerStars Hand #172504051436:  Hold'em Limit ($3/$6 USD) - 2017/07/02 7:34:50 ET
Table 'Baucis II' 6-max Seat #4 is the button
Seat 1: StoneFace007 ($303.28 in chips)
Seat 4: ogdealer ($10.04 in chips)
ogdealer: posts small blind $1
StoneFace007: posts big blind $3
*** HOLE CARDS ***
ogdealer: calls $2
StoneFace007: checks
*** FLOP *** [9s 5c Kd]
StoneFace007: checks
ogdealer: bets $3
StoneFace007: folds
Uncalled bet ($3) returned to ogdealer
ogdealer collected $5.88 from pot
ogdealer: doesn't show hand
*** SUMMARY ***
Total pot $6 | Rake $0.12
Board [9s 5c Kd]
Seat 1: StoneFace007 (big blind) folded on the Flop
Seat 4: ogdealer (button) (small blind) collected ($5.88)


PokerStars Hand #172504058692:  Hold'em Limit ($3/$6 USD) - 2017/07/02 7:35:06 ET
Table 'Baucis II' 6-max Seat #1 is the button
Seat 1: StoneFace007 ($300.28 in chips)
Seat 4: ogdealer ($12.92 in chips)
StoneFace007: posts small blind $1
ogdealer: posts big blind $3
*** HOLE CARDS ***
StoneFace007: raises $3 to $6
ogdealer: calls $3
*** FLOP *** [7s Ad 2c]
ogdealer: checks
StoneFace007: bets $3
ogdealer: folds
Uncalled bet ($3) returned to StoneFace007
StoneFace007 collected $11.76 from pot
*** SUMMARY ***
Total pot $12 | Rake $0.24
Board [7s Ad 2c]
Seat 1: StoneFace007 (button) (small blind) collected ($11.76)
Seat 4: ogdealer (big blind) folded on the Flop


PokerStars Hand #172504064613:  Hold'em Limit ($3/$6 USD) - 2017/07/02 7:35:18 ET
Table 'Baucis II' 6-max Seat #4 is the button
Seat 1: StoneFace007 ($306.04 in chips)
Seat 4: ogdealer ($6.92 in chips)
ogdealer: posts small blind $1
StoneFace007: posts big blind $3
*** HOLE CARDS ***
ogdealer: raises $3 to $6
StoneFace007: calls $3
*** FLOP *** [8c Jh 3c]
StoneFace007: bets $3
ogdealer: calls $0.92 and is all-in
Uncalled bet ($2.08) returned to StoneFace007
*** TURN *** [8c Jh 3c] [5s]
*** RIVER *** [8c Jh 3c 5s] [7h]
*** SHOW DOWN ***
StoneFace007: shows [8d 4s] (a pair of Eights)
ogdealer: shows [3h Ah] (a pair of Threes)
StoneFace007 collected $13.56 from pot
*** SUMMARY ***
Total pot $13.84 | Rake $0.28
Board [8c Jh 3c 5s 7h]
Seat 1: StoneFace007 (big blind) showed [8d 4s] and won ($13.56) with a pair of Eights
Seat 4: ogdealer (button) (small blind) showed [3h Ah] and lost with a pair of Threes


