PokerStars Hand #144341386083:  Hold'em Limit ($3/$6 USD) - 2015/11/24 20:21:55 ET
Table 'Baumeia' 6-max Seat #4 is the button
Seat 2: oliwan ($179.70 in chips)
Seat 4: ValeryRon ($149.31 in chips)
ValeryRon: posts small blind $1
Chessnok: is sitting out
oliwan: posts big blind $3
*** HOLE CARDS ***
BuzovaPro joins the table at seat #3
ValeryRon: raises $3 to $6
oliwan: calls $3
*** FLOP *** [9s Ah Qd]
oliwan: bets $3
ValeryRon: calls $3
*** TURN *** [9s Ah Qd] [Tc]
oliwan: checks
ValeryRon: bets $6
oliwan: folds
Uncalled bet ($6) returned to ValeryRon
ValeryRon collected $17.64 from pot
*** SUMMARY ***
Total pot $18 | Rake $0.36
Board [9s Ah Qd Tc]
Seat 2: oliwan (big blind) folded on the Turn
Seat 4: ValeryRon (button) (small blind) collected ($17.64)


PokerStars Hand #144342763771:  Hold'em Limit ($3/$6 USD) - 2015/11/24 21:12:51 ET
Table 'Baumeia' 6-max Seat #5 is the button
Seat 2: SlickDickey ($101.55 in chips)
Seat 5: HAL9QQQ ($127.45 in chips)
HAL9QQQ: posts small blind $1
Chessnok: is sitting out
RainBoVan: is sitting out
SlickDickey: posts big blind $3
*** HOLE CARDS ***
HAL9QQQ: folds
Uncalled bet ($2) returned to SlickDickey
Chessnok leaves the table
SlickDickey collected $2 from pot
SirRomanov leaves the table
SlickDickey: doesn't show hand
RainBoVan leaves the table
*** SUMMARY ***
Total pot $2 | Rake $0
Seat 2: SlickDickey (big blind) collected ($2)
Seat 5: HAL9QQQ (button) (small blind) folded before Flop


