PokerStars Hand #147453666757:  Hold'em Limit ($3/$6 USD) - 2016/01/21 19:15:10 ET
Table 'Baumeia' 10-max Seat #10 is the button
Seat 5: solYmar83 ($44.64 in chips)
Seat 10: SmellyToes4u ($112.50 in chips)
SmellyToes4u: posts small blind $1
solYmar83: posts big blind $3
*** HOLE CARDS ***
SmellyToes4u: raises $3 to $6
solYmar83: folds
Uncalled bet ($3) returned to SmellyToes4u
SmellyToes4u collected $6 from pot
SmellyToes4u: doesn't show hand
solYmar83 said, "lol"
*** SUMMARY ***
Total pot $6 | Rake $0
Seat 5: solYmar83 (big blind) folded before Flop
Seat 10: SmellyToes4u (button) (small blind) collected ($6)


PokerStars Hand #147453655763:  Hold'em Limit ($3/$6 USD) - 2016/01/21 19:14:54 ET
Table 'Baumeia' 10-max Seat #5 is the button
Seat 5: solYmar83 ($36 in chips)
Seat 10: SmellyToes4u ($121.50 in chips)
solYmar83: posts small blind $1
SmellyToes4u: posts big blind $3
*** HOLE CARDS ***
solYmar83: raises $3 to $6
SmellyToes4u: calls $3
*** FLOP *** [Qh Tc 2s]
SmellyToes4u: checks
solYmar83: bets $3
SmellyToes4u: calls $3
*** TURN *** [Qh Tc 2s] [As]
SmellyToes4u: checks
solYmar83: bets $6
SmellyToes4u: folds
Uncalled bet ($6) returned to solYmar83
solYmar83 collected $17.64 from pot
*** SUMMARY ***
Total pot $18 | Rake $0.36
Board [Qh Tc 2s As]
Seat 5: solYmar83 (button) (small blind) collected ($17.64)
Seat 10: SmellyToes4u (big blind) folded on the Turn


PokerStars Hand #147457157627:  Hold'em Limit ($3/$6 USD) - 2016/01/21 20:56:04 ET
Table 'Baumeia' 10-max Seat #5 is the button
Seat 5: pianopoker ($105.77 in chips)
Seat 6: Zubasa07 ($500 in chips)
pianopoker: posts small blind $1
Zubasa07: posts big blind $3
*** HOLE CARDS ***
pianopoker: raises $3 to $6
Zubasa07: calls $3
*** FLOP *** [Ac 8s 8d]
Zubasa07: checks
pianopoker: bets $3
Zubasa07: folds
Uncalled bet ($3) returned to pianopoker
pianopoker collected $11.76 from pot
pianopoker: doesn't show hand
*** SUMMARY ***
Total pot $12 | Rake $0.24
Board [Ac 8s 8d]
Seat 5: pianopoker (button) (small blind) collected ($11.76)
Seat 6: Zubasa07 (big blind) folded on the Flop


PokerStars Hand #147457164957:  Hold'em Limit ($3/$6 USD) - 2016/01/21 20:56:23 ET
Table 'Baumeia' 10-max Seat #6 is the button
Seat 5: pianopoker ($111.53 in chips)
Seat 6: Zubasa07 ($494 in chips)
Zubasa07: posts small blind $1
pianopoker: posts big blind $3
*** HOLE CARDS ***
Zubasa07: raises $3 to $6
pianopoker: calls $3
*** FLOP *** [Tc Ah 4s]
pianopoker: checks
Zubasa07: bets $3
pianopoker: folds
Uncalled bet ($3) returned to Zubasa07
Zubasa07 collected $11.76 from pot
Zubasa07: doesn't show hand
*** SUMMARY ***
Total pot $12 | Rake $0.24
Board [Tc Ah 4s]
Seat 5: pianopoker (big blind) folded on the Flop
Seat 6: Zubasa07 (button) (small blind) collected ($11.76)


PokerStars Hand #147457171192:  Hold'em Limit ($3/$6 USD) - 2016/01/21 20:56:38 ET
Table 'Baumeia' 10-max Seat #5 is the button
Seat 5: pianopoker ($105.53 in chips)
Seat 6: Zubasa07 ($499.76 in chips)
pianopoker: posts small blind $1
Zubasa07: posts big blind $3
*** HOLE CARDS ***
pianopoker: raises $3 to $6
Zubasa07: calls $3
*** FLOP *** [8d As Ad]
Zubasa07: checks
pianopoker: bets $3
Zubasa07: calls $3
*** TURN *** [8d As Ad] [Th]
Zubasa07: checks
pianopoker: checks
*** RIVER *** [8d As Ad Th] [Td]
Zubasa07: checks
pianopoker: bets $6
Zubasa07: folds
Uncalled bet ($6) returned to pianopoker
pianopoker collected $17.64 from pot
pianopoker: doesn't show hand
*** SUMMARY ***
Total pot $18 | Rake $0.36
Board [8d As Ad Th Td]
Seat 5: pianopoker (button) (small blind) collected ($17.64)
Seat 6: Zubasa07 (big blind) folded on the River


PokerStars Hand #147457197434:  Hold'em Limit ($3/$6 USD) - 2016/01/21 20:57:42 ET
Table 'Baumeia' 10-max Seat #6 is the button
Seat 5: pianopoker ($114.17 in chips)
Seat 6: Zubasa07 ($490.76 in chips)
Zubasa07: posts small blind $1
pianopoker: posts big blind $3
*** HOLE CARDS ***
Zubasa07: raises $3 to $6
pianopoker: folds
Uncalled bet ($3) returned to Zubasa07
Zubasa07 collected $6 from pot
Zubasa07: doesn't show hand
*** SUMMARY ***
Total pot $6 | Rake $0
Seat 5: pianopoker (big blind) folded before Flop
Seat 6: Zubasa07 (button) (small blind) collected ($6)


PokerStars Hand #147457202419:  Hold'em Limit ($3/$6 USD) - 2016/01/21 20:57:54 ET
Table 'Baumeia' 10-max Seat #6 is the button
Seat 5: pianopoker ($110.17 in chips)
Seat 6: Zubasa07 ($494.76 in chips)
Zubasa07: posts small blind $1
pianopoker: posts big blind $3
*** HOLE CARDS ***
Zubasa07: raises $3 to $6
pianopoker: folds
Uncalled bet ($3) returned to Zubasa07
Zubasa07 collected $6 from pot
Zubasa07: doesn't show hand
*** SUMMARY ***
Total pot $6 | Rake $0
Seat 5: pianopoker (big blind) folded before Flop
Seat 6: Zubasa07 (button) (small blind) collected ($6)


PokerStars Hand #147457200096:  Hold'em Limit ($3/$6 USD) - 2016/01/21 20:57:49 ET
Table 'Baumeia' 10-max Seat #5 is the button
Seat 5: pianopoker ($111.17 in chips)
Seat 6: Zubasa07 ($493.76 in chips)
pianopoker: posts small blind $1
Zubasa07: posts big blind $3
*** HOLE CARDS ***
pianopoker: folds
Uncalled bet ($2) returned to Zubasa07
Zubasa07 collected $2 from pot
Zubasa07: doesn't show hand
*** SUMMARY ***
Total pot $2 | Rake $0
Seat 5: pianopoker (button) (small blind) folded before Flop
Seat 6: Zubasa07 (big blind) collected ($2)


PokerStars Hand #147457205364:  Hold'em Limit ($3/$6 USD) - 2016/01/21 20:58:02 ET
Table 'Baumeia' 10-max Seat #5 is the button
Seat 5: pianopoker ($107.17 in chips)
Seat 6: Zubasa07 ($497.76 in chips)
pianopoker: posts small blind $1
Zubasa07: posts big blind $3
*** HOLE CARDS ***
pianopoker: folds
Uncalled bet ($2) returned to Zubasa07
Zubasa07 collected $2 from pot
Zubasa07: doesn't show hand
*** SUMMARY ***
Total pot $2 | Rake $0
Seat 5: pianopoker (button) (small blind) folded before Flop
Seat 6: Zubasa07 (big blind) collected ($2)


PokerStars Hand #147457228023:  Hold'em Limit ($3/$6 USD) - 2016/01/21 20:58:41 ET
Table 'Baumeia' 10-max Seat #5 is the button
Seat 5: pianopoker ($91.17 in chips)
Seat 6: Zubasa07 ($513.26 in chips)
pianopoker: posts small blind $1
Zubasa07: posts big blind $3
*** HOLE CARDS ***
pianopoker: folds
Uncalled bet ($2) returned to Zubasa07
Zubasa07 collected $2 from pot
Zubasa07: doesn't show hand
*** SUMMARY ***
Total pot $2 | Rake $0
Seat 5: pianopoker (button) (small blind) folded before Flop
Seat 6: Zubasa07 (big blind) collected ($2)


PokerStars Hand #147457226233:  Hold'em Limit ($3/$6 USD) - 2016/01/21 20:58:36 ET
Table 'Baumeia' 10-max Seat #6 is the button
Seat 5: pianopoker ($90.17 in chips)
Seat 6: Zubasa07 ($514.26 in chips)
Zubasa07: posts small blind $1
pianopoker: posts big blind $3
*** HOLE CARDS ***
Zubasa07: folds
Uncalled bet ($2) returned to pianopoker
pianopoker collected $2 from pot
pianopoker: doesn't show hand
*** SUMMARY ***
Total pot $2 | Rake $0
Seat 5: pianopoker (big blind) collected ($2)
Seat 6: Zubasa07 (button) (small blind) folded before Flop


PokerStars Hand #147457223668:  Hold'em Limit ($3/$6 USD) - 2016/01/21 20:58:31 ET
Table 'Baumeia' 10-max Seat #5 is the button
Seat 5: pianopoker ($91.17 in chips)
Seat 6: Zubasa07 ($513.26 in chips)
pianopoker: posts small blind $1
Zubasa07: posts big blind $3
*** HOLE CARDS ***
pianopoker: folds
Uncalled bet ($2) returned to Zubasa07
Zubasa07 collected $2 from pot
Zubasa07: doesn't show hand
*** SUMMARY ***
Total pot $2 | Rake $0
Seat 5: pianopoker (button) (small blind) folded before Flop
Seat 6: Zubasa07 (big blind) collected ($2)


PokerStars Hand #147457211184:  Hold'em Limit ($3/$6 USD) - 2016/01/21 20:58:07 ET
Table 'Baumeia' 10-max Seat #6 is the button
Seat 5: pianopoker ($106.17 in chips)
Seat 6: Zubasa07 ($498.76 in chips)
Zubasa07: posts small blind $1
pianopoker: posts big blind $3
*** HOLE CARDS ***
Zubasa07: raises $3 to $6
pianopoker: calls $3
*** FLOP *** [Kc Js 9s]
pianopoker: checks
Zubasa07: bets $3
pianopoker: calls $3
*** TURN *** [Kc Js 9s] [7h]
pianopoker: checks
Zubasa07: checks
*** RIVER *** [Kc Js 9s 7h] [9d]
pianopoker: bets $6
Zubasa07: raises $6 to $12
pianopoker: folds
Uncalled bet ($6) returned to Zubasa07
Zubasa07 collected $29.50 from pot
Zubasa07: doesn't show hand
*** SUMMARY ***
Total pot $30 | Rake $0.50
Board [Kc Js 9s 7h 9d]
Seat 5: pianopoker (big blind) folded on the River
Seat 6: Zubasa07 (button) (small blind) collected ($29.50)


PokerStars Hand #147457256745:  Hold'em Limit ($3/$6 USD) - 2016/01/21 20:59:50 ET
Table 'Baumeia' 10-max Seat #5 is the button
Seat 5: pianopoker ($134.07 in chips)
Seat 6: Zubasa07 ($469.26 in chips)
pianopoker: posts small blind $1
Zubasa07: posts big blind $3
*** HOLE CARDS ***
pianopoker: folds
Uncalled bet ($2) returned to Zubasa07
Zubasa07 collected $2 from pot
Zubasa07: doesn't show hand
*** SUMMARY ***
Total pot $2 | Rake $0
Seat 5: pianopoker (button) (small blind) folded before Flop
Seat 6: Zubasa07 (big blind) collected ($2)


PokerStars Hand #147457250835:  Hold'em Limit ($3/$6 USD) - 2016/01/21 20:59:36 ET
Table 'Baumeia' 10-max Seat #6 is the button
Seat 5: pianopoker ($125.43 in chips)
Seat 6: Zubasa07 ($478.26 in chips)
Zubasa07: posts small blind $1
pianopoker: posts big blind $3
*** HOLE CARDS ***
Zubasa07: raises $3 to $6
pianopoker: calls $3
*** FLOP *** [8h 8d 3s]
pianopoker: checks
Zubasa07: bets $3
pianopoker: raises $3 to $6
Zubasa07: folds
Uncalled bet ($3) returned to pianopoker
pianopoker collected $17.64 from pot
pianopoker: doesn't show hand
*** SUMMARY ***
Total pot $18 | Rake $0.36
Board [8h 8d 3s]
Seat 5: pianopoker (big blind) collected ($17.64)
Seat 6: Zubasa07 (button) (small blind) folded on the Flop


PokerStars Hand #147457245234:  Hold'em Limit ($3/$6 USD) - 2016/01/21 20:59:22 ET
Table 'Baumeia' 10-max Seat #5 is the button
Seat 5: pianopoker ($119.67 in chips)
Seat 6: Zubasa07 ($484.26 in chips)
pianopoker: posts small blind $1
Zubasa07: posts big blind $3
*** HOLE CARDS ***
pianopoker: raises $3 to $6
Zubasa07: calls $3
*** FLOP *** [4h 7d 4d]
Zubasa07: checks
pianopoker: bets $3
Zubasa07: folds
Uncalled bet ($3) returned to pianopoker
pianopoker collected $11.76 from pot
pianopoker: doesn't show hand
*** SUMMARY ***
Total pot $12 | Rake $0.24
Board [4h 7d 4d]
Seat 5: pianopoker (button) (small blind) collected ($11.76)
Seat 6: Zubasa07 (big blind) folded on the Flop


PokerStars Hand #147457274608:  Hold'em Limit ($3/$6 USD) - 2016/01/21 21:00:32 ET
Table 'Baumeia' 10-max Seat #6 is the button
Seat 5: pianopoker ($108.07 in chips)
Seat 6: Zubasa07 ($494.76 in chips)
Zubasa07: posts small blind $1
pianopoker: posts big blind $3
*** HOLE CARDS ***
Zubasa07: raises $3 to $6
pianopoker: folds
Uncalled bet ($3) returned to Zubasa07
pianopoker leaves the table
Zubasa07 collected $6 from pot
Zubasa07: doesn't show hand
*** SUMMARY ***
Total pot $6 | Rake $0
Seat 5: pianopoker (big blind) folded before Flop
Seat 6: Zubasa07 (button) (small blind) collected ($6)


PokerStars Hand #147457271621:  Hold'em Limit ($3/$6 USD) - 2016/01/21 21:00:25 ET
Table 'Baumeia' 10-max Seat #5 is the button
Seat 5: pianopoker ($109.07 in chips)
Seat 6: Zubasa07 ($493.76 in chips)
pianopoker: posts small blind $1
Zubasa07: posts big blind $3
*** HOLE CARDS ***
pianopoker: folds
Uncalled bet ($2) returned to Zubasa07
Zubasa07 collected $2 from pot
Zubasa07: doesn't show hand
*** SUMMARY ***
Total pot $2 | Rake $0
Seat 5: pianopoker (button) (small blind) folded before Flop
Seat 6: Zubasa07 (big blind) collected ($2)


PokerStars Hand #147457259068:  Hold'em Limit ($3/$6 USD) - 2016/01/21 20:59:56 ET
Table 'Baumeia' 10-max Seat #6 is the button
Seat 5: pianopoker ($133.07 in chips)
Seat 6: Zubasa07 ($470.26 in chips)
Zubasa07: posts small blind $1
pianopoker: posts big blind $3
*** HOLE CARDS ***
Zubasa07: raises $3 to $6
pianopoker: calls $3
*** FLOP *** [4d 2c 9c]
pianopoker: checks
Zubasa07: bets $3
pianopoker: raises $3 to $6
Zubasa07: calls $3
*** TURN *** [4d 2c 9c] [5c]
pianopoker: bets $6
Zubasa07: calls $6
*** RIVER *** [4d 2c 9c 5c] [3d]
pianopoker: checks
Zubasa07: bets $6
pianopoker: calls $6
*** SHOW DOWN ***
Zubasa07: shows [Ks 6c] (a straight, Deuce to Six)
pianopoker: mucks hand
Zubasa07 collected $47.50 from pot
*** SUMMARY ***
Total pot $48 | Rake $0.50
Board [4d 2c 9c 5c 3d]
Seat 5: pianopoker (big blind) mucked
Seat 6: Zubasa07 (button) (small blind) showed [Ks 6c] and won ($47.50) with a straight, Deuce to Six


PokerStars Hand #147464810151:  Hold'em Limit ($3/$6 USD) - 2016/01/22 3:14:18 ET
Table 'Baumeia' 10-max Seat #6 is the button
Seat 5: LikeLenz ($30.66 in chips)
Seat 6: Agrotait ($92.50 in chips)
Agrotait: posts small blind $1
LikeLenz: posts big blind $3
*** HOLE CARDS ***
Agrotait: raises $3 to $6
LikeLenz: folds
Uncalled bet ($3) returned to Agrotait
Agrotait collected $6 from pot
Agrotait: doesn't show hand
*** SUMMARY ***
Total pot $6 | Rake $0
Seat 5: LikeLenz (big blind) folded before Flop
Seat 6: Agrotait (button) (small blind) collected ($6)


PokerStars Hand #147464801930:  Hold'em Limit ($3/$6 USD) - 2016/01/22 3:13:54 ET
Table 'Baumeia' 10-max Seat #5 is the button
Seat 5: LikeLenz ($51.66 in chips)
Seat 6: Agrotait ($72 in chips)
LikeLenz: posts small blind $1
Agrotait: posts big blind $3
*** HOLE CARDS ***
LikeLenz: calls $2
Agrotait: raises $3 to $6
LikeLenz: calls $3
*** FLOP *** [Ah Jc 9d]
Agrotait: bets $3
LikeLenz: calls $3
*** TURN *** [Ah Jc 9d] [Ts]
Agrotait: bets $6
LikeLenz: calls $6
*** RIVER *** [Ah Jc 9d Ts] [3d]
Agrotait: bets $6
LikeLenz: calls $6
*** SHOW DOWN ***
Agrotait: shows [Jd Ad] (two pair, Aces and Jacks)
LikeLenz: mucks hand
Agrotait collected $41.50 from pot
*** SUMMARY ***
Total pot $42 | Rake $0.50
Board [Ah Jc 9d Ts 3d]
Seat 5: LikeLenz (button) (small blind) mucked
Seat 6: Agrotait (big blind) showed [Jd Ad] and won ($41.50) with two pair, Aces and Jacks


PokerStars Hand #147464823421:  Hold'em Limit ($3/$6 USD) - 2016/01/22 3:14:56 ET
Table 'Baumeia' 10-max Seat #5 is the button
Seat 5: LikeLenz ($22.66 in chips)
Seat 6: Agrotait ($100.26 in chips)
LikeLenz: posts small blind $1
Agrotait: posts big blind $3
*** HOLE CARDS ***
LikeLenz: calls $2
Agrotait: raises $3 to $6
LikeLenz: calls $3
*** FLOP *** [3h 5d 6d]
Agrotait: bets $3
LikeLenz: raises $3 to $6
Agrotait: calls $3
*** TURN *** [3h 5d 6d] [Qs]
Agrotait: checks
LikeLenz: bets $6
Agrotait: raises $6 to $12
LikeLenz: calls $4.66 and is all-in
Uncalled bet ($1.34) returned to Agrotait
*** RIVER *** [3h 5d 6d Qs] [4s]
*** SHOW DOWN ***
Agrotait: shows [Qd Th] (a pair of Queens)
LikeLenz: shows [Js 3s] (a pair of Threes)
Agrotait collected $44.82 from pot
*** SUMMARY ***
Total pot $45.32 | Rake $0.50
Board [3h 5d 6d Qs 4s]
Seat 5: LikeLenz (button) (small blind) showed [Js 3s] and lost with a pair of Threes
Seat 6: Agrotait (big blind) showed [Qd Th] and won ($44.82) with a pair of Queens


PokerStars Hand #147464819605:  Hold'em Limit ($3/$6 USD) - 2016/01/22 3:14:45 ET
Table 'Baumeia' 10-max Seat #6 is the button
Seat 5: LikeLenz ($21.66 in chips)
Seat 6: Agrotait ($101.26 in chips)
Agrotait: posts small blind $1
LikeLenz: posts big blind $3
*** HOLE CARDS ***
Agrotait: folds
Uncalled bet ($2) returned to LikeLenz
LikeLenz collected $2 from pot
LikeLenz: doesn't show hand
*** SUMMARY ***
Total pot $2 | Rake $0
Seat 5: LikeLenz (big blind) collected ($2)
Seat 6: Agrotait (button) (small blind) folded before Flop


PokerStars Hand #147464812804:  Hold'em Limit ($3/$6 USD) - 2016/01/22 3:14:25 ET
Table 'Baumeia' 10-max Seat #5 is the button
Seat 5: LikeLenz ($27.66 in chips)
Seat 6: Agrotait ($95.50 in chips)
LikeLenz: posts small blind $1
Agrotait: posts big blind $3
*** HOLE CARDS ***
LikeLenz: calls $2
Agrotait: raises $3 to $6
LikeLenz: calls $3
*** FLOP *** [Jc Jh 3h]
Agrotait: bets $3
LikeLenz: folds
Uncalled bet ($3) returned to Agrotait
Agrotait collected $11.76 from pot
Agrotait: doesn't show hand
*** SUMMARY ***
Total pot $12 | Rake $0.24
Board [Jc Jh 3h]
Seat 5: LikeLenz (button) (small blind) folded on the Flop
Seat 6: Agrotait (big blind) collected ($11.76)


