PokerStars Hand #176538442458:  Hold'em Limit ($3/$6 USD) - 2017/10/05 17:25:01 ET
Table 'Bauschinger' 10-max Seat #5 is the button
Seat 5: Vitalii.ZN ($120 in chips)
Seat 6: uglyghost101 ($139 in chips)
Vitalii.ZN: posts small blind $1
uglyghost101: posts big blind $3
*** HOLE CARDS ***
Vitalii.ZN: calls $2
uglyghost101: checks
*** FLOP *** [Jh 6s Qc]
uglyghost101: bets $3
Vitalii.ZN: calls $3
*** TURN *** [Jh 6s Qc] [2h]
uglyghost101: checks
Vitalii.ZN: checks
*** RIVER *** [Jh 6s Qc 2h] [Ad]
uglyghost101: checks
Vitalii.ZN: checks
*** SHOW DOWN ***
uglyghost101: shows [2s Ts] (a pair of Deuces)
Vitalii.ZN: mucks hand
uglyghost101 collected $11.76 from pot
*** SUMMARY ***
Total pot $12 | Rake $0.24
Board [Jh 6s Qc 2h Ad]
Seat 5: Vitalii.ZN (button) (small blind) mucked
Seat 6: uglyghost101 (big blind) showed [2s Ts] and won ($11.76) with a pair of Deuces


PokerStars Hand #176538460321:  Hold'em Limit ($3/$6 USD) - 2017/10/05 17:25:25 ET
Table 'Bauschinger' 10-max Seat #6 is the button
Seat 5: Vitalii.ZN ($114 in chips)
Seat 6: uglyghost101 ($144.76 in chips)
uglyghost101: posts small blind $1
Vitalii.ZN: posts big blind $3
*** HOLE CARDS ***
uglyghost101: raises $3 to $6
Vitalii.ZN: calls $3
*** FLOP *** [2c 9d As]
Vitalii.ZN: bets $3
vestimokrec joins the table at seat #7
uglyghost101: calls $3
*** TURN *** [2c 9d As] [6d]
Vitalii.ZN: checks
uglyghost101: bets $6
Vitalii.ZN: folds
Uncalled bet ($6) returned to uglyghost101
uglyghost101 collected $17.64 from pot
uglyghost101: doesn't show hand
*** SUMMARY ***
Total pot $18 | Rake $0.36
Board [2c 9d As 6d]
Seat 5: Vitalii.ZN (big blind) folded on the Turn
Seat 6: uglyghost101 (button) (small blind) collected ($17.64)


PokerStars Hand #176538477597:  Hold'em Limit ($3/$6 USD) - 2017/10/05 17:25:47 ET
Table 'Bauschinger' 10-max Seat #5 is the button
Seat 5: Vitalii.ZN ($105 in chips)
Seat 6: uglyghost101 ($153.40 in chips)
Vitalii.ZN: posts small blind $1
uglyghost101: posts big blind $3
*** HOLE CARDS ***
Vitalii.ZN: raises $3 to $6
uglyghost101: folds
Uncalled bet ($3) returned to Vitalii.ZN
Vitalii.ZN collected $6 from pot
Vitalii.ZN: doesn't show hand
*** SUMMARY ***
Total pot $6 | Rake $0
Seat 5: Vitalii.ZN (button) (small blind) collected ($6)
Seat 6: uglyghost101 (big blind) folded before Flop


PokerStars Hand #176538629653:  Hold'em Limit ($3/$6 USD) - 2017/10/05 17:29:10 ET
Table 'Bauschinger' 10-max Seat #7 is the button
Seat 6: uglyghost101 ($107.40 in chips)
Seat 7: vestimokrec ($168.73 in chips)
vestimokrec: posts small blind $1
uglyghost101: posts big blind $3
*** HOLE CARDS ***
vestimokrec: raises $3 to $6
uglyghost101: raises $3 to $9
vestimokrec: calls $3
*** FLOP *** [8h Ts Kd]
uglyghost101: bets $3
vestimokrec: calls $3
*** TURN *** [8h Ts Kd] [7s]
uglyghost101: bets $6
vestimokrec: raises $6 to $12
uglyghost101: raises $6 to $18
vestimokrec: calls $6
*** RIVER *** [8h Ts Kd 7s] [2c]
uglyghost101: checks
vestimokrec: bets $6
uglyghost101: calls $6
*** SHOW DOWN ***
vestimokrec: shows [Td Ks] (two pair, Kings and Tens)
uglyghost101: mucks hand
vestimokrec collected $71.50 from pot
*** SUMMARY ***
Total pot $72 | Rake $0.50
Board [8h Ts Kd 7s 2c]
Seat 6: uglyghost101 (big blind) mucked
Seat 7: vestimokrec (button) (small blind) showed [Td Ks] and won ($71.50) with two pair, Kings and Tens


PokerStars Hand #176541701008:  Hold'em Limit ($3/$6 USD) - 2017/10/05 18:45:40 ET
Table 'Bauschinger' 10-max Seat #1 is the button
Seat 1: hspcnx ($89 in chips)
Seat 6: fbkvd ($136.03 in chips)
hspcnx: posts small blind $1
fbkvd: posts big blind $3
*** HOLE CARDS ***
hspcnx: folds
Uncalled bet ($2) returned to fbkvd
fbkvd collected $2 from pot
fbkvd leaves the table
*** SUMMARY ***
Total pot $2 | Rake $0
Seat 1: hspcnx (button) (small blind) folded before Flop
Seat 6: fbkvd (big blind) collected ($2)


PokerStars Hand #176541767729:  Hold'em Limit ($3/$6 USD) - 2017/10/05 18:47:31 ET
Table 'Bauschinger' 10-max Seat #6 is the button
Seat 1: hspcnx ($64 in chips)
Seat 6: fbkvd ($162.03 in chips)
fbkvd: posts small blind $1
hspcnx: posts big blind $3
*** HOLE CARDS ***
fbkvd: raises $3 to $6
hspcnx: raises $3 to $9
fbkvd: raises $3 to $12
Betting is capped
hspcnx: calls $3
*** FLOP *** [7s 9d 8c]
hspcnx: bets $3
fbkvd: raises $3 to $6
hspcnx: raises $3 to $9
fbkvd: raises $3 to $12
Betting is capped
hspcnx: calls $3
*** TURN *** [7s 9d 8c] [Qd]
hspcnx: bets $6
fbkvd: raises $6 to $12
hspcnx: raises $6 to $18
fbkvd: raises $6 to $24
Betting is capped
hspcnx: calls $6
*** RIVER *** [7s 9d 8c Qd] [2s]
hspcnx: bets $6
fbkvd: raises $6 to $12
hspcnx: folds
Uncalled bet ($6) returned to fbkvd
fbkvd collected $107.50 from pot
fbkvd: doesn't show hand
*** SUMMARY ***
Total pot $108 | Rake $0.50
Board [7s 9d 8c Qd 2s]
Seat 1: hspcnx (big blind) folded on the River
Seat 6: fbkvd (button) (small blind) collected ($107.50)


PokerStars Hand #176541758096:  Hold'em Limit ($3/$6 USD) - 2017/10/05 18:47:15 ET
Table 'Bauschinger' 10-max Seat #1 is the button
Seat 1: hspcnx ($22 in chips)
Seat 6: fbkvd ($144.53 in chips)
hspcnx: posts small blind $1
fbkvd: posts big blind $3
*** HOLE CARDS ***
hspcnx: raises $3 to $6
fbkvd: raises $3 to $9
hspcnx: raises $3 to $12
Betting is capped
fbkvd: calls $3
*** FLOP *** [6s 5d 4s]
fbkvd: bets $3
hspcnx: raises $3 to $6
fbkvd: raises $3 to $9
hspcnx: folds
Uncalled bet ($3) returned to fbkvd
fbkvd collected $35.50 from pot
fbkvd: doesn't show hand
*** SUMMARY ***
Total pot $36 | Rake $0.50
Board [6s 5d 4s]
Seat 1: hspcnx (button) (small blind) folded on the Flop
Seat 6: fbkvd (big blind) collected ($35.50)


PokerStars Hand #176541744399:  Hold'em Limit ($3/$6 USD) - 2017/10/05 18:46:52 ET
Table 'Bauschinger' 10-max Seat #6 is the button
Seat 1: hspcnx ($88 in chips)
Seat 6: fbkvd ($79.03 in chips)
fbkvd: posts small blind $1
hspcnx: posts big blind $3
*** HOLE CARDS ***
fbkvd: raises $3 to $6
hspcnx: raises $3 to $9
fbkvd: raises $3 to $12
Betting is capped
hspcnx: calls $3
*** FLOP *** [Qd 2h 4c]
hspcnx: bets $3
fbkvd: raises $3 to $6
hspcnx: raises $3 to $9
fbkvd: raises $3 to $12
Betting is capped
hspcnx: calls $3
*** TURN *** [Qd 2h 4c] [Qh]
hspcnx: bets $6
fbkvd: raises $6 to $12
hspcnx: raises $6 to $18
fbkvd: raises $6 to $24
Betting is capped
hspcnx: calls $6
*** RIVER *** [Qd 2h 4c Qh] [6c]
hspcnx: bets $6
fbkvd: raises $6 to $12
hspcnx: raises $6 to $18
fbkvd: raises $6 to $24
Betting is capped
hspcnx: folds
Uncalled bet ($6) returned to fbkvd
fbkvd collected $131.50 from pot
fbkvd: doesn't show hand
*** SUMMARY ***
Total pot $132 | Rake $0.50
Board [Qd 2h 4c Qh 6c]
Seat 1: hspcnx (big blind) folded on the River
Seat 6: fbkvd (button) (small blind) collected ($131.50)


