PokerStars Hand #161978395663:  Hold'em Limit ($3/$6 USD) - 2016/11/26 5:42:22 ET
Table 'Bauschinger' 10-max Seat #10 is the button
Seat 1: perten ($38.08 in chips)
Seat 10: MTails ($124 in chips)
MTails: posts small blind $1
perten: posts big blind $3
*** HOLE CARDS ***
MTails: raises $3 to $6
perten: raises $3 to $9
MTails: calls $3
*** FLOP *** [Ah As 4h]
perten: bets $3
MTails: folds
Uncalled bet ($3) returned to perten
perten collected $17.64 from pot
perten: doesn't show hand
*** SUMMARY ***
Total pot $18 | Rake $0.36
Board [Ah As 4h]
Seat 1: perten (big blind) collected ($17.64)
Seat 10: MTails (button) (small blind) folded on the Flop


PokerStars Hand #161978388572:  Hold'em Limit ($3/$6 USD) - 2016/11/26 5:42:07 ET
Table 'Bauschinger' 10-max Seat #10 is the button
Seat 1: perten ($42.08 in chips)
Seat 10: MTails ($120 in chips)
MTails: posts small blind $1
perten: posts big blind $3
*** HOLE CARDS ***
MTails: raises $3 to $6
perten: folds
Uncalled bet ($3) returned to MTails
MTails collected $6 from pot
*** SUMMARY ***
Total pot $6 | Rake $0
Seat 1: perten (big blind) folded before Flop
Seat 10: MTails (button) (small blind) collected ($6)


PokerStars Hand #161978424498:  Hold'em Limit ($3/$6 USD) - 2016/11/26 5:43:22 ET
Table 'Bauschinger' 10-max Seat #1 is the button
Seat 1: perten ($39.72 in chips)
Seat 2: Agrotait ($65.76 in chips)
perten: posts small blind $1
Agrotait: posts big blind $3
*** HOLE CARDS ***
perten: raises $3 to $6
Agrotait: calls $3
*** FLOP *** [4s 3d 8c]
Agrotait: checks
perten: checks
*** TURN *** [4s 3d 8c] [Ks]
Agrotait: bets $6
perten: raises $6 to $12
Agrotait: folds
Uncalled bet ($6) returned to perten
perten collected $23.52 from pot
perten: doesn't show hand
*** SUMMARY ***
Total pot $24 | Rake $0.48
Board [4s 3d 8c Ks]
Seat 1: perten (button) (small blind) collected ($23.52)
Seat 2: Agrotait (big blind) folded on the Turn


PokerStars Hand #161978416797:  Hold'em Limit ($3/$6 USD) - 2016/11/26 5:43:06 ET
Table 'Bauschinger' 10-max Seat #2 is the button
Seat 1: perten ($45.72 in chips)
Seat 2: Agrotait ($60 in chips)
Agrotait: posts small blind $1
MTails: is sitting out
perten: posts big blind $3
*** HOLE CARDS ***
Agrotait: raises $3 to $6
perten: calls $3
*** FLOP *** [4s 9h Jh]
perten: checks
Agrotait: bets $3
perten: folds
Uncalled bet ($3) returned to Agrotait
Agrotait collected $11.76 from pot
Agrotait: doesn't show hand
*** SUMMARY ***
Total pot $12 | Rake $0.24
Board [4s 9h Jh]
Seat 1: perten (big blind) folded on the Flop
Seat 2: Agrotait (button) (small blind) collected ($11.76)


PokerStars Hand #161978432812:  Hold'em Limit ($3/$6 USD) - 2016/11/26 5:43:39 ET
Table 'Bauschinger' 10-max Seat #2 is the button
Seat 1: perten ($51.24 in chips)
Seat 2: Agrotait ($72 in chips)
Agrotait: posts small blind $1
perten: posts big blind $3
*** HOLE CARDS ***
Agrotait: folds
Uncalled bet ($2) returned to perten
perten collected $2 from pot
perten: doesn't show hand
*** SUMMARY ***
Total pot $2 | Rake $0
Seat 1: perten (big blind) collected ($2)
Seat 2: Agrotait (button) (small blind) folded before Flop


PokerStars Hand #161978437165:  Hold'em Limit ($3/$6 USD) - 2016/11/26 5:43:48 ET
Table 'Bauschinger' 10-max Seat #1 is the button
Seat 1: perten ($52.24 in chips)
Seat 2: Agrotait ($71 in chips)
perten: posts small blind $1
Agrotait: posts big blind $3
*** HOLE CARDS ***
perten: raises $3 to $6
Agrotait: calls $3
*** FLOP *** [9c 3d 6h]
Agrotait: bets $3
perten: raises $3 to $6
Agrotait: calls $3
*** TURN *** [9c 3d 6h] [7d]
Agrotait: checks
perten: bets $6
Agrotait: calls $6
*** RIVER *** [9c 3d 6h 7d] [6s]
Agrotait: bets $6
perten: calls $6
*** SHOW DOWN ***
Agrotait: shows [4d 6d] (three of a kind, Sixes)
perten: mucks hand
Agrotait collected $47.50 from pot
*** SUMMARY ***
Total pot $48 | Rake $0.50
Board [9c 3d 6h 7d 6s]
Seat 1: perten (button) (small blind) mucked
Seat 2: Agrotait (big blind) showed [4d 6d] and won ($47.50) with three of a kind, Sixes


