PokerStars Hand #171922562201:  Hold'em Limit ($3/$6 USD) - 2017/06/18 6:06:18 ET
Table 'Beagle' 6-max Seat #5 is the button
Seat 1: scorpio04 ($153 in chips)
Seat 5: hassan67 ($249 in chips)
hassan67: posts small blind $1
scorpio04: posts big blind $3
*** HOLE CARDS ***
hassan67: raises $3 to $6
scorpio04: calls $3
*** FLOP *** [Qh 9h 4d]
scorpio04: checks
hassan67: bets $3
scorpio04: calls $3
*** TURN *** [Qh 9h 4d] [Qd]
scorpio04: checks
hassan67: bets $6
scorpio04: calls $6
*** RIVER *** [Qh 9h 4d Qd] [2h]
scorpio04: checks
hassan67: bets $6
scorpio04: raises $6 to $12
hassan67: folds
Uncalled bet ($6) returned to scorpio04
scorpio04 collected $41.50 from pot
scorpio04: doesn't show hand
*** SUMMARY ***
Total pot $42 | Rake $0.50
Board [Qh 9h 4d Qd 2h]
Seat 1: scorpio04 (big blind) collected ($41.50)
Seat 5: hassan67 (button) (small blind) folded on the River


PokerStars Hand #171922580429:  Hold'em Limit ($3/$6 USD) - 2017/06/18 6:07:02 ET
Table 'Beagle' 6-max Seat #1 is the button
Seat 1: scorpio04 ($173.50 in chips)
Seat 5: hassan67 ($228 in chips)
scorpio04: posts small blind $1
hassan67: posts big blind $3
*** HOLE CARDS ***
scorpio04: raises $3 to $6
hassan67: raises $3 to $9
scorpio04: calls $3
*** FLOP *** [5d 4h Tc]
hassan67: bets $3
scorpio04: calls $3
*** TURN *** [5d 4h Tc] [2c]
hassan67: bets $6
scorpio04: calls $6
*** RIVER *** [5d 4h Tc 2c] [6s]
hassan67: bets $6
scorpio04: calls $6
*** SHOW DOWN ***
hassan67: shows [8h 9s] (high card Ten)
scorpio04: shows [6c Ac] (a pair of Sixes)
scorpio04 collected $47.50 from pot
*** SUMMARY ***
Total pot $48 | Rake $0.50
Board [5d 4h Tc 2c 6s]
Seat 1: scorpio04 (button) (small blind) showed [6c Ac] and won ($47.50) with a pair of Sixes
Seat 5: hassan67 (big blind) showed [8h 9s] and lost with high card Ten


PokerStars Hand #171922593031:  Hold'em Limit ($3/$6 USD) - 2017/06/18 6:07:32 ET
Table 'Beagle' 6-max Seat #5 is the button
Seat 1: scorpio04 ($197 in chips)
Seat 5: hassan67 ($204 in chips)
hassan67: posts small blind $1
scorpio04: posts big blind $3
*** HOLE CARDS ***
hassan67: raises $3 to $6
scorpio04: calls $3
*** FLOP *** [7c 2h 5s]
scorpio04: checks
hassan67: bets $3
scorpio04: raises $3 to $6
hassan67: raises $3 to $9
scorpio04: raises $3 to $12
Betting is capped
hassan67: calls $3
*** TURN *** [7c 2h 5s] [Qd]
scorpio04: bets $6
hassan67: raises $6 to $12
scorpio04: calls $6
*** RIVER *** [7c 2h 5s Qd] [Jh]
scorpio04: checks
hassan67: bets $6
scorpio04: calls $6
*** SHOW DOWN ***
hassan67: shows [5d Qc] (two pair, Queens and Fives)
scorpio04: mucks hand
hassan67 collected $71.50 from pot
*** SUMMARY ***
Total pot $72 | Rake $0.50
Board [7c 2h 5s Qd Jh]
Seat 1: scorpio04 (big blind) mucked
Seat 5: hassan67 (button) (small blind) showed [5d Qc] and won ($71.50) with two pair, Queens and Fives


PokerStars Hand #171922619155:  Hold'em Limit ($3/$6 USD) - 2017/06/18 6:08:35 ET
Table 'Beagle' 6-max Seat #1 is the button
Seat 1: scorpio04 ($161 in chips)
Seat 5: hassan67 ($239.50 in chips)
scorpio04: posts small blind $1
hassan67: posts big blind $3
*** HOLE CARDS ***
scorpio04: folds
Uncalled bet ($2) returned to hassan67
hassan67 collected $2 from pot
hassan67: doesn't show hand
*** SUMMARY ***
Total pot $2 | Rake $0
Seat 1: scorpio04 (button) (small blind) folded before Flop
Seat 5: hassan67 (big blind) collected ($2)


PokerStars Hand #171922622754:  Hold'em Limit ($3/$6 USD) - 2017/06/18 6:08:44 ET
Table 'Beagle' 6-max Seat #5 is the button
Seat 1: scorpio04 ($160 in chips)
Seat 5: hassan67 ($240.50 in chips)
hassan67: posts small blind $1
scorpio04: posts big blind $3
*** HOLE CARDS ***
hassan67: raises $3 to $6
scorpio04: calls $3
*** FLOP *** [9d Qc Jd]
scorpio04: checks
hassan67: bets $3
scorpio04: calls $3
*** TURN *** [9d Qc Jd] [Ah]
scorpio04: checks
hassan67: bets $6
scorpio04: calls $6
*** RIVER *** [9d Qc Jd Ah] [4h]
scorpio04: checks
hassan67: checks
*** SHOW DOWN ***
scorpio04: shows [Ac 2h] (a pair of Aces)
hassan67: mucks hand
scorpio04 collected $29.50 from pot
*** SUMMARY ***
Total pot $30 | Rake $0.50
Board [9d Qc Jd Ah 4h]
Seat 1: scorpio04 (big blind) showed [Ac 2h] and won ($29.50) with a pair of Aces
Seat 5: hassan67 (button) (small blind) mucked


PokerStars Hand #171922660767:  Hold'em Limit ($3/$6 USD) - 2017/06/18 6:10:00 ET
Table 'Beagle' 6-max Seat #5 is the button
Seat 1: scorpio04 ($183.14 in chips)
Seat 5: hassan67 ($216.50 in chips)
hassan67: posts small blind $1
scorpio04: posts big blind $3
*** HOLE CARDS ***
hassan67: raises $3 to $6
scorpio04: folds
Uncalled bet ($3) returned to hassan67
hassan67 collected $6 from pot
hassan67: doesn't show hand
*** SUMMARY ***
Total pot $6 | Rake $0
Seat 1: scorpio04 (big blind) folded before Flop
Seat 5: hassan67 (button) (small blind) collected ($6)


PokerStars Hand #171922645124:  Hold'em Limit ($3/$6 USD) - 2017/06/18 6:09:37 ET
Table 'Beagle' 6-max Seat #1 is the button
Seat 1: scorpio04 ($174.50 in chips)
Seat 5: hassan67 ($225.50 in chips)
scorpio04: posts small blind $1
hassan67: posts big blind $3
*** HOLE CARDS ***
scorpio04: raises $3 to $6
hassan67: calls $3
*** FLOP *** [4s 4d 2d]
hassan67: checks
scorpio04: bets $3
hassan67: calls $3
*** TURN *** [4s 4d 2d] [9c]
hassan67: checks
scorpio04: bets $6
hassan67: folds
Uncalled bet ($6) returned to scorpio04
scorpio04 collected $17.64 from pot
scorpio04: doesn't show hand
*** SUMMARY ***
Total pot $18 | Rake $0.36
Board [4s 4d 2d 9c]
Seat 1: scorpio04 (button) (small blind) collected ($17.64)
Seat 5: hassan67 (big blind) folded on the Turn


PokerStars Hand #171922670908:  Hold'em Limit ($3/$6 USD) - 2017/06/18 6:10:24 ET
Table 'Beagle' 6-max Seat #5 is the button
Seat 1: scorpio04 ($183.14 in chips)
Seat 5: hassan67 ($216.50 in chips)
hassan67: posts small blind $1
scorpio04: posts big blind $3
*** HOLE CARDS ***
hassan67: raises $3 to $6
scorpio04: calls $3
*** FLOP *** [6h 7c 9h]
scorpio04: checks
hassan67: bets $3
scorpio04: raises $3 to $6
hassan67: folds
Uncalled bet ($3) returned to scorpio04
scorpio04 collected $17.64 from pot
scorpio04: doesn't show hand
*** SUMMARY ***
Total pot $18 | Rake $0.36
Board [6h 7c 9h]
Seat 1: scorpio04 (big blind) collected ($17.64)
Seat 5: hassan67 (button) (small blind) folded on the Flop


PokerStars Hand #171922679704:  Hold'em Limit ($3/$6 USD) - 2017/06/18 6:10:45 ET
Table 'Beagle' 6-max Seat #1 is the button
Seat 1: scorpio04 ($191.78 in chips)
Seat 5: hassan67 ($207.50 in chips)
scorpio04: posts small blind $1
hassan67: posts big blind $3
*** HOLE CARDS ***
scorpio04: raises $3 to $6
hassan67: calls $3
*** FLOP *** [Qd 9s 9c]
hassan67: checks
scorpio04: bets $3
hassan67: folds
Uncalled bet ($3) returned to scorpio04
scorpio04 collected $11.76 from pot
scorpio04: doesn't show hand
*** SUMMARY ***
Total pot $12 | Rake $0.24
Board [Qd 9s 9c]
Seat 1: scorpio04 (button) (small blind) collected ($11.76)
Seat 5: hassan67 (big blind) folded on the Flop


PokerStars Hand #171922683836:  Hold'em Limit ($3/$6 USD) - 2017/06/18 6:10:55 ET
Table 'Beagle' 6-max Seat #5 is the button
Seat 1: scorpio04 ($197.54 in chips)
Seat 5: hassan67 ($201.50 in chips)
hassan67: posts small blind $1
scorpio04: posts big blind $3
*** HOLE CARDS ***
hassan67: raises $3 to $6
scorpio04: raises $3 to $9
hassan67: calls $3
*** FLOP *** [Qs 5h 3h]
scorpio04: bets $3
hassan67: raises $3 to $6
scorpio04: raises $3 to $9
vladal 888 joins the table at seat #3
hassan67: raises $3 to $12
Betting is capped
scorpio04: calls $3
*** TURN *** [Qs 5h 3h] [9c]
scorpio04: checks
hassan67: bets $6
scorpio04: calls $6
*** RIVER *** [Qs 5h 3h 9c] [8s]
scorpio04: checks
hassan67: bets $6
Chessnok joins the table at seat #6
scorpio04: calls $6
*** SHOW DOWN ***
hassan67: shows [3d Qd] (two pair, Queens and Threes)
scorpio04: mucks hand
hassan67 collected $65.50 from pot
*** SUMMARY ***
Total pot $66 | Rake $0.50
Board [Qs 5h 3h 9c 8s]
Seat 1: scorpio04 (big blind) mucked
Seat 5: hassan67 (button) (small blind) showed [3d Qd] and won ($65.50) with two pair, Queens and Threes


