PokerStars Hand #162905648411:  Hold'em Limit ($3/$6 USD) - 2016/12/13 18:29:48 ET
Table 'Beagle' 6-max Seat #2 is the button
Seat 1: LifeisagameX ($88 in chips)
Seat 2: hairy1961 ($100.42 in chips)
hairy1961: posts small blind $1
LifeisagameX: posts big blind $3
*** HOLE CARDS ***
hairy1961: raises $3 to $6
LifeisagameX: raises $3 to $9
hairy1961: calls $3
*** FLOP *** [2h Jc 4d]
LifeisagameX: bets $3
hairy1961: calls $3
*** TURN *** [2h Jc 4d] [Ac]
LifeisagameX: bets $6
hairy1961: calls $6
*** RIVER *** [2h Jc 4d Ac] [8h]
LifeisagameX: bets $6
hairy1961: calls $6
*** SHOW DOWN ***
LifeisagameX: shows [Js Jh] (three of a kind, Jacks)
hairy1961: mucks hand
LifeisagameX collected $47.50 from pot
*** SUMMARY ***
Total pot $48 | Rake $0.50
Board [2h Jc 4d Ac 8h]
Seat 1: LifeisagameX (big blind) showed [Js Jh] and won ($47.50) with three of a kind, Jacks
Seat 2: hairy1961 (button) (small blind) mucked


PokerStars Hand #162905674153:  Hold'em Limit ($3/$6 USD) - 2016/12/13 18:30:20 ET
Table 'Beagle' 6-max Seat #1 is the button
Seat 1: LifeisagameX ($111.50 in chips)
Seat 2: hairy1961 ($76.42 in chips)
LifeisagameX: posts small blind $1
hairy1961: posts big blind $3
*** HOLE CARDS ***
LifeisagameX: raises $3 to $6
hairy1961: folds
Uncalled bet ($3) returned to LifeisagameX
LifeisagameX collected $6 from pot
LifeisagameX: doesn't show hand
*** SUMMARY ***
Total pot $6 | Rake $0
Seat 1: LifeisagameX (button) (small blind) collected ($6)
Seat 2: hairy1961 (big blind) folded before Flop


PokerStars Hand #162905715095:  Hold'em Limit ($3/$6 USD) - 2016/12/13 18:31:12 ET
Table 'Beagle' 6-max Seat #2 is the button
Seat 1: LifeisagameX ($123 in chips)
Seat 2: hairy1961 ($64.06 in chips)
hairy1961: posts small blind $1
LifeisagameX: posts big blind $3
*** HOLE CARDS ***
hairy1961: folds
Uncalled bet ($2) returned to LifeisagameX
LifeisagameX collected $2 from pot
LifeisagameX: doesn't show hand
*** SUMMARY ***
Total pot $2 | Rake $0
Seat 1: LifeisagameX (big blind) collected ($2)
Seat 2: hairy1961 (button) (small blind) folded before Flop


PokerStars Hand #162905703149:  Hold'em Limit ($3/$6 USD) - 2016/12/13 18:30:57 ET
Table 'Beagle' 6-max Seat #1 is the button
Seat 1: LifeisagameX ($132 in chips)
Seat 2: hairy1961 ($55.42 in chips)
LifeisagameX: posts small blind $1
hairy1961: posts big blind $3
*** HOLE CARDS ***
LifeisagameX: raises $3 to $6
hairy1961: raises $3 to $9
LifeisagameX: calls $3
*** FLOP *** [8c Qc 9h]
hairy1961: bets $3
LifeisagameX: folds
Uncalled bet ($3) returned to hairy1961
hairy1961 collected $17.64 from pot
*** SUMMARY ***
Total pot $18 | Rake $0.36
Board [8c Qc 9h]
Seat 1: LifeisagameX (button) (small blind) folded on the Flop
Seat 2: hairy1961 (big blind) collected ($17.64)


PokerStars Hand #162905683049:  Hold'em Limit ($3/$6 USD) - 2016/12/13 18:30:31 ET
Table 'Beagle' 6-max Seat #2 is the button
Seat 1: LifeisagameX ($114.50 in chips)
Seat 2: hairy1961 ($73.42 in chips)
hairy1961: posts small blind $1
LifeisagameX: posts big blind $3
*** HOLE CARDS ***
hairy1961: raises $3 to $6
LifeisagameX: calls $3
*** FLOP *** [6s Qc 2c]
LifeisagameX: checks
hairy1961: checks
*** TURN *** [6s Qc 2c] [Ks]
LifeisagameX: checks
hairy1961: bets $6
LifeisagameX: calls $6
*** RIVER *** [6s Qc 2c Ks] [2h]
LifeisagameX: checks
hairy1961: bets $6
LifeisagameX: raises $6 to $12
hairy1961: folds
Uncalled bet ($6) returned to LifeisagameX
LifeisagameX collected $35.50 from pot
LifeisagameX: doesn't show hand
*** SUMMARY ***
Total pot $36 | Rake $0.50
Board [6s Qc 2c Ks 2h]
Seat 1: LifeisagameX (big blind) collected ($35.50)
Seat 2: hairy1961 (button) (small blind) folded on the River


PokerStars Hand #162905719811:  Hold'em Limit ($3/$6 USD) - 2016/12/13 18:31:18 ET
Table 'Beagle' 6-max Seat #1 is the button
Seat 1: LifeisagameX ($124 in chips)
Seat 2: hairy1961 ($63.06 in chips)
LifeisagameX: posts small blind $1
hairy1961: posts big blind $3
*** HOLE CARDS ***
LifeisagameX: raises $3 to $6
hairy1961: calls $3
*** FLOP *** [8d 2d 7h]
hairy1961: checks
LifeisagameX: bets $3
hairy1961: raises $3 to $6
LifeisagameX: calls $3
*** TURN *** [8d 2d 7h] [3d]
hairy1961: bets $6
LifeisagameX: raises $6 to $12
hairy1961: calls $6
*** RIVER *** [8d 2d 7h 3d] [6h]
hairy1961: checks
LifeisagameX: bets $6
hairy1961: calls $6
*** SHOW DOWN ***
LifeisagameX: shows [Qc Qd] (a pair of Queens)
hairy1961: mucks hand
LifeisagameX collected $59.50 from pot
*** SUMMARY ***
Total pot $60 | Rake $0.50
Board [8d 2d 7h 3d 6h]
Seat 1: LifeisagameX (button) (small blind) showed [Qc Qd] and won ($59.50) with a pair of Queens
Seat 2: hairy1961 (big blind) mucked


PokerStars Hand #162905751333:  Hold'em Limit ($3/$6 USD) - 2016/12/13 18:31:58 ET
Table 'Beagle' 6-max Seat #2 is the button
Seat 1: LifeisagameX ($153.50 in chips)
Seat 2: hairy1961 ($33.06 in chips)
hairy1961: posts small blind $1
LifeisagameX: posts big blind $3
*** HOLE CARDS ***
hairy1961: raises $3 to $6
LifeisagameX: calls $3
*** FLOP *** [Qc 4s 6c]
LifeisagameX: checks
hairy1961: bets $3
karambakilla joins the table at seat #3
LifeisagameX: folds
Uncalled bet ($3) returned to hairy1961
hairy1961 collected $11.76 from pot
*** SUMMARY ***
Total pot $12 | Rake $0.24
Board [Qc 4s 6c]
Seat 1: LifeisagameX (big blind) folded on the Flop
Seat 2: hairy1961 (button) (small blind) collected ($11.76)


PokerStars Hand #162905767792:  Hold'em Limit ($3/$6 USD) - 2016/12/13 18:32:19 ET
Table 'Beagle' 6-max Seat #1 is the button
Seat 1: LifeisagameX ($147.50 in chips)
Seat 2: hairy1961 ($38.82 in chips)
LifeisagameX: posts small blind $1
hairy1961: posts big blind $3
*** HOLE CARDS ***
LifeisagameX: raises $3 to $6
hairy1961: calls $3
*** FLOP *** [5s As 2s]
hairy1961: checks
LifeisagameX: bets $3
hairy1961: raises $3 to $6
LifeisagameX: raises $3 to $9
hairy1961: calls $3
*** TURN *** [5s As 2s] [2d]
hairy1961: checks
LifeisagameX: checks
*** RIVER *** [5s As 2s 2d] [6d]
hairy1961: bets $6
LifeisagameX: calls $6
*** SHOW DOWN ***
hairy1961: shows [Ad 6h] (two pair, Aces and Sixes)
LifeisagameX: mucks hand
hairy1961 collected $41.50 from pot
*** SUMMARY ***
Total pot $42 | Rake $0.50
Board [5s As 2s 2d 6d]
Seat 1: LifeisagameX (button) (small blind) mucked
Seat 2: hairy1961 (big blind) showed [Ad 6h] and won ($41.50) with two pair, Aces and Sixes


PokerStars Hand #162905810129:  Hold'em Limit ($3/$6 USD) - 2016/12/13 18:33:13 ET
Table 'Beagle' 6-max Seat #2 is the button
Seat 1: LifeisagameX ($126.50 in chips)
Seat 2: hairy1961 ($59.32 in chips)
hairy1961: posts small blind $1
LifeisagameX: posts big blind $3
*** HOLE CARDS ***
hairy1961: raises $3 to $6
LifeisagameX: calls $3
*** FLOP *** [4h 5s 4s]
LifeisagameX: checks
hairy1961: checks
*** TURN *** [4h 5s 4s] [Td]
LifeisagameX: checks
hairy1961: checks
*** RIVER *** [4h 5s 4s Td] [2d]
LifeisagameX: checks
hairy1961: checks
*** SHOW DOWN ***
LifeisagameX: shows [3s Jd] (a pair of Fours)
hairy1961: shows [7h Kh] (a pair of Fours - King kicker)
hairy1961 collected $11.76 from pot
*** SUMMARY ***
Total pot $12 | Rake $0.24
Board [4h 5s 4s Td 2d]
Seat 1: LifeisagameX (big blind) showed [3s Jd] and lost with a pair of Fours
Seat 2: hairy1961 (button) (small blind) showed [7h Kh] and won ($11.76) with a pair of Fours


PokerStars Hand #162905822653:  Hold'em Limit ($3/$6 USD) - 2016/12/13 18:33:29 ET
Table 'Beagle' 6-max Seat #1 is the button
Seat 1: LifeisagameX ($120.50 in chips)
Seat 2: hairy1961 ($65.08 in chips)
LifeisagameX: posts small blind $1
hairy1961: posts big blind $3
*** HOLE CARDS ***
LifeisagameX: folds
Uncalled bet ($2) returned to hairy1961
hairy1961 collected $2 from pot
*** SUMMARY ***
Total pot $2 | Rake $0
Seat 1: LifeisagameX (button) (small blind) folded before Flop
Seat 2: hairy1961 (big blind) collected ($2)


PokerStars Hand #162905871815:  Hold'em Limit ($3/$6 USD) - 2016/12/13 18:34:32 ET
Table 'Beagle' 6-max Seat #2 is the button
Seat 2: hairy1961 ($82.82 in chips)
Seat 3: karambakilla ($98 in chips)
hairy1961: posts small blind $1
karambakilla: posts big blind $3
*** HOLE CARDS ***
hairy1961: folds
Uncalled bet ($2) returned to karambakilla
karambakilla collected $2 from pot
karambakilla: doesn't show hand
*** SUMMARY ***
Total pot $2 | Rake $0
Seat 2: hairy1961 (button) (small blind) folded before Flop
Seat 3: karambakilla (big blind) collected ($2)


