PokerStars Hand #166872788732:  Hold'em Limit ($3/$6 USD) - 2017/02/27 17:11:33 ET
Table 'Beagle' 6-max Seat #4 is the button
Seat 1: perten ($91.36 in chips)
Seat 4: Actionni13 ($150 in chips)
Actionni13: posts small blind $1
perten: posts big blind $3
*** HOLE CARDS ***
Actionni13: raises $3 to $6
perten: raises $3 to $9
Actionni13: raises $3 to $12
Betting is capped
perten: calls $3
*** FLOP *** [Qd 8s 2h]
perten: bets $3
Actionni13: calls $3
*** TURN *** [Qd 8s 2h] [3h]
perten: bets $6
Actionni13: raises $6 to $12
perten: raises $6 to $18
Actionni13: calls $6
*** RIVER *** [Qd 8s 2h 3h] [5h]
perten: bets $6
Actionni13: calls $6
*** SHOW DOWN ***
perten: shows [2s 2c] (three of a kind, Deuces)
Actionni13: mucks hand
perten collected $77.50 from pot
*** SUMMARY ***
Total pot $78 | Rake $0.50
Board [Qd 8s 2h 3h 5h]
Seat 1: perten (big blind) showed [2s 2c] and won ($77.50) with three of a kind, Deuces
Seat 4: Actionni13 (button) (small blind) mucked


PokerStars Hand #166872838227:  Hold'em Limit ($3/$6 USD) - 2017/02/27 17:12:27 ET
Table 'Beagle' 6-max Seat #1 is the button
Seat 1: perten ($136.62 in chips)
Seat 4: Actionni13 ($150 in chips)
perten: posts small blind $1
Actionni13: posts big blind $3
*** HOLE CARDS ***
perten: raises $3 to $6
Actionni13: calls $3
*** FLOP *** [5h 3s 3d]
Actionni13: checks
perten: bets $3
Actionni13: calls $3
*** TURN *** [5h 3s 3d] [Th]
Actionni13: checks
perten: bets $6
Actionni13: folds
Uncalled bet ($6) returned to perten
perten collected $17.64 from pot
perten: doesn't show hand
*** SUMMARY ***
Total pot $18 | Rake $0.36
Board [5h 3s 3d Th]
Seat 1: perten (button) (small blind) collected ($17.64)
Seat 4: Actionni13 (big blind) folded on the Turn


PokerStars Hand #166872832091:  Hold'em Limit ($3/$6 USD) - 2017/02/27 17:12:20 ET
Table 'Beagle' 6-max Seat #4 is the button
Seat 1: perten ($135.62 in chips)
Seat 4: Actionni13 ($150 in chips)
Actionni13: posts small blind $1
perten: posts big blind $3
*** HOLE CARDS ***
Actionni13: folds
Uncalled bet ($2) returned to perten
perten collected $2 from pot
perten: doesn't show hand
*** SUMMARY ***
Total pot $2 | Rake $0
Seat 1: perten (big blind) collected ($2)
Seat 4: Actionni13 (button) (small blind) folded before Flop


PokerStars Hand #166872817443:  Hold'em Limit ($3/$6 USD) - 2017/02/27 17:12:04 ET
Table 'Beagle' 6-max Seat #1 is the button
Seat 1: perten ($129.86 in chips)
Seat 4: Actionni13 ($150 in chips)
perten: posts small blind $1
Actionni13: posts big blind $3
*** HOLE CARDS ***
perten: raises $3 to $6
Actionni13: calls $3
*** FLOP *** [Kc 9c Tc]
Actionni13: checks
perten: bets $3
Actionni13: folds
Uncalled bet ($3) returned to perten
perten collected $11.76 from pot
perten: doesn't show hand
*** SUMMARY ***
Total pot $12 | Rake $0.24
Board [Kc 9c Tc]
Seat 1: perten (button) (small blind) collected ($11.76)
Seat 4: Actionni13 (big blind) folded on the Flop


PokerStars Hand #166872912119:  Hold'em Limit ($3/$6 USD) - 2017/02/27 17:13:52 ET
Table 'Beagle' 6-max Seat #1 is the button
Seat 1: perten ($152.76 in chips)
Seat 4: Actionni13 ($150 in chips)
perten: posts small blind $1
Actionni13: posts big blind $3
*** HOLE CARDS ***
perten: folds
Uncalled bet ($2) returned to Actionni13
Actionni13 collected $2 from pot
Actionni13: doesn't show hand
*** SUMMARY ***
Total pot $2 | Rake $0
Seat 1: perten (button) (small blind) folded before Flop
Seat 4: Actionni13 (big blind) collected ($2)


PokerStars Hand #166872890092:  Hold'em Limit ($3/$6 USD) - 2017/02/27 17:13:27 ET
Table 'Beagle' 6-max Seat #4 is the button
Seat 1: perten ($129.26 in chips)
Seat 4: Actionni13 ($165.50 in chips)
Actionni13: posts small blind $1
perten: posts big blind $3
*** HOLE CARDS ***
Actionni13: raises $3 to $6
perten: raises $3 to $9
Actionni13: calls $3
*** FLOP *** [7s 4c Ts]
perten: bets $3
Actionni13: raises $3 to $6
perten: raises $3 to $9
Actionni13: calls $3
*** TURN *** [7s 4c Ts] [6c]
perten: bets $6
Actionni13: calls $6
*** RIVER *** [7s 4c Ts 6c] [Th]
perten: bets $6
Actionni13: folds
Uncalled bet ($6) returned to perten
perten collected $47.50 from pot
perten: doesn't show hand
*** SUMMARY ***
Total pot $48 | Rake $0.50
Board [7s 4c Ts 6c Th]
Seat 1: perten (big blind) collected ($47.50)
Seat 4: Actionni13 (button) (small blind) folded on the River


PokerStars Hand #166872885394:  Hold'em Limit ($3/$6 USD) - 2017/02/27 17:13:22 ET
Table 'Beagle' 6-max Seat #1 is the button
Seat 1: perten ($130.26 in chips)
Seat 4: Actionni13 ($164.50 in chips)
perten: posts small blind $1
Actionni13: posts big blind $3
*** HOLE CARDS ***
perten: folds
Uncalled bet ($2) returned to Actionni13
Actionni13 collected $2 from pot
Actionni13: doesn't show hand
*** SUMMARY ***
Total pot $2 | Rake $0
Seat 1: perten (button) (small blind) folded before Flop
Seat 4: Actionni13 (big blind) collected ($2)


PokerStars Hand #166872863465:  Hold'em Limit ($3/$6 USD) - 2017/02/27 17:12:55 ET
Table 'Beagle' 6-max Seat #4 is the button
Seat 1: perten ($145.26 in chips)
Seat 4: Actionni13 ($150 in chips)
Actionni13: posts small blind $1
perten: posts big blind $3
*** HOLE CARDS ***
Actionni13: raises $3 to $6
perten: calls $3
*** FLOP *** [5c 3c Jd]
perten: checks
Actionni13: bets $3
perten: calls $3
*** TURN *** [5c 3c Jd] [Qh]
perten: checks
Actionni13: bets $6
perten: calls $6
*** RIVER *** [5c 3c Jd Qh] [6c]
perten: checks
Actionni13: bets $6
perten: folds
Uncalled bet ($6) returned to Actionni13
Actionni13 collected $29.50 from pot
*** SUMMARY ***
Total pot $30 | Rake $0.50
Board [5c 3c Jd Qh 6c]
Seat 1: perten (big blind) folded on the River
Seat 4: Actionni13 (button) (small blind) collected ($29.50)


PokerStars Hand #166872971737:  Hold'em Limit ($3/$6 USD) - 2017/02/27 17:15:00 ET
Table 'Beagle' 6-max Seat #1 is the button
Seat 1: perten ($123.76 in chips)
Seat 4: Actionni13 ($178.02 in chips)
perten: posts small blind $1
Actionni13: posts big blind $3
*** HOLE CARDS ***
perten: folds
Uncalled bet ($2) returned to Actionni13
Actionni13 collected $2 from pot
Actionni13: doesn't show hand
*** SUMMARY ***
Total pot $2 | Rake $0
Seat 1: perten (button) (small blind) folded before Flop
Seat 4: Actionni13 (big blind) collected ($2)


PokerStars Hand #166872945540:  Hold'em Limit ($3/$6 USD) - 2017/02/27 17:14:31 ET
Table 'Beagle' 6-max Seat #4 is the button
Seat 1: perten ($138.76 in chips)
Seat 4: Actionni13 ($163.52 in chips)
Actionni13: posts small blind $1
perten: posts big blind $3
*** HOLE CARDS ***
Actionni13: raises $3 to $6
perten: raises $3 to $9
Actionni13: calls $3
*** FLOP *** [Qd 8c 7s]
perten: bets $3
Actionni13: raises $3 to $6
perten: calls $3
*** TURN *** [Qd 8c 7s] [Kh]
perten: checks
Actionni13: checks
*** RIVER *** [Qd 8c 7s Kh] [6s]
perten: checks
Actionni13: bets $6
perten: folds
Uncalled bet ($6) returned to Actionni13
Actionni13 collected $29.50 from pot
Actionni13: doesn't show hand
*** SUMMARY ***
Total pot $30 | Rake $0.50
Board [Qd 8c 7s Kh 6s]
Seat 1: perten (big blind) folded on the River
Seat 4: Actionni13 (button) (small blind) collected ($29.50)


PokerStars Hand #166872941183:  Hold'em Limit ($3/$6 USD) - 2017/02/27 17:14:26 ET
Table 'Beagle' 6-max Seat #1 is the button
Seat 1: perten ($139.76 in chips)
Seat 4: Actionni13 ($162.52 in chips)
perten: posts small blind $1
Actionni13: posts big blind $3
*** HOLE CARDS ***
perten: folds
Uncalled bet ($2) returned to Actionni13
Actionni13 collected $2 from pot
Actionni13: doesn't show hand
*** SUMMARY ***
Total pot $2 | Rake $0
Seat 1: perten (button) (small blind) folded before Flop
Seat 4: Actionni13 (big blind) collected ($2)


PokerStars Hand #166872917310:  Hold'em Limit ($3/$6 USD) - 2017/02/27 17:13:58 ET
Table 'Beagle' 6-max Seat #4 is the button
Seat 1: perten ($151.76 in chips)
Seat 4: Actionni13 ($151 in chips)
Actionni13: posts small blind $1
perten: posts big blind $3
*** HOLE CARDS ***
Actionni13: raises $3 to $6
perten: raises $3 to $9
Actionni13: calls $3
*** FLOP *** [7s 3c Ah]
perten: bets $3
Actionni13: calls $3
*** TURN *** [7s 3c Ah] [Qd]
perten: checks
Actionni13: bets $6
perten: folds
Uncalled bet ($6) returned to Actionni13
Actionni13 collected $23.52 from pot
Actionni13: doesn't show hand
*** SUMMARY ***
Total pot $24 | Rake $0.48
Board [7s 3c Ah Qd]
Seat 1: perten (big blind) folded on the Turn
Seat 4: Actionni13 (button) (small blind) collected ($23.52)


PokerStars Hand #166873021116:  Hold'em Limit ($3/$6 USD) - 2017/02/27 17:15:55 ET
Table 'Beagle' 6-max Seat #4 is the button
Seat 1: perten ($96.76 in chips)
Seat 4: Actionni13 ($204.52 in chips)
Actionni13: posts small blind $1
perten: posts big blind $3
*** HOLE CARDS ***
Actionni13: folds
Uncalled bet ($2) returned to perten
perten collected $2 from pot
perten: doesn't show hand
*** SUMMARY ***
Total pot $2 | Rake $0
Seat 1: perten (big blind) collected ($2)
Seat 4: Actionni13 (button) (small blind) folded before Flop


PokerStars Hand #166873015225:  Hold'em Limit ($3/$6 USD) - 2017/02/27 17:15:49 ET
Table 'Beagle' 6-max Seat #1 is the button
Seat 1: perten ($97.76 in chips)
Seat 4: Actionni13 ($203.52 in chips)
perten: posts small blind $1
Actionni13: posts big blind $3
*** HOLE CARDS ***
perten: folds
Uncalled bet ($2) returned to Actionni13
Actionni13 collected $2 from pot
Actionni13: doesn't show hand
*** SUMMARY ***
Total pot $2 | Rake $0
Seat 1: perten (button) (small blind) folded before Flop
Seat 4: Actionni13 (big blind) collected ($2)


PokerStars Hand #166873008179:  Hold'em Limit ($3/$6 USD) - 2017/02/27 17:15:41 ET
Table 'Beagle' 6-max Seat #4 is the button
Seat 1: perten ($100.76 in chips)
Seat 4: Actionni13 ($200.52 in chips)
Actionni13: posts small blind $1
perten: posts big blind $3
*** HOLE CARDS ***
Actionni13: raises $3 to $6
perten: folds
Uncalled bet ($3) returned to Actionni13
Actionni13 collected $6 from pot
Actionni13: doesn't show hand
*** SUMMARY ***
Total pot $6 | Rake $0
Seat 1: perten (big blind) folded before Flop
Seat 4: Actionni13 (button) (small blind) collected ($6)


PokerStars Hand #166873003304:  Hold'em Limit ($3/$6 USD) - 2017/02/27 17:15:36 ET
Table 'Beagle' 6-max Seat #1 is the button
Seat 1: perten ($101.76 in chips)
Seat 4: Actionni13 ($199.52 in chips)
perten: posts small blind $1
Actionni13: posts big blind $3
*** HOLE CARDS ***
perten: folds
Uncalled bet ($2) returned to Actionni13
Actionni13 collected $2 from pot
Actionni13: doesn't show hand
*** SUMMARY ***
Total pot $2 | Rake $0
Seat 1: perten (button) (small blind) folded before Flop
Seat 4: Actionni13 (big blind) collected ($2)


PokerStars Hand #166872982856:  Hold'em Limit ($3/$6 USD) - 2017/02/27 17:15:12 ET
Table 'Beagle' 6-max Seat #4 is the button
Seat 1: perten ($122.76 in chips)
Seat 4: Actionni13 ($179.02 in chips)
Actionni13: posts small blind $1
perten: posts big blind $3
*** HOLE CARDS ***
Actionni13: raises $3 to $6
perten: calls $3
*** FLOP *** [Ah 7d Qs]
perten: bets $3
Actionni13: calls $3
*** TURN *** [Ah 7d Qs] [6s]
perten: bets $6
Actionni13: calls $6
*** RIVER *** [Ah 7d Qs 6s] [2d]
perten: checks
Actionni13: bets $6
perten: calls $6
*** SHOW DOWN ***
Actionni13: shows [Qh Th] (a pair of Queens)
perten: mucks hand
Actionni13 collected $41.50 from pot
*** SUMMARY ***
Total pot $42 | Rake $0.50
Board [Ah 7d Qs 6s 2d]
Seat 1: perten (big blind) mucked
Seat 4: Actionni13 (button) (small blind) showed [Qh Th] and won ($41.50) with a pair of Queens


PokerStars Hand #166873071352:  Hold'em Limit ($3/$6 USD) - 2017/02/27 17:16:52 ET
Table 'Beagle' 6-max Seat #4 is the button
Seat 1: perten ($79.76 in chips)
Seat 4: Actionni13 ($220.92 in chips)
Actionni13: posts small blind $1
perten: posts big blind $3
*** HOLE CARDS ***
Actionni13: raises $3 to $6
perten: folds
Uncalled bet ($3) returned to Actionni13
Actionni13 collected $6 from pot
Actionni13: doesn't show hand
*** SUMMARY ***
Total pot $6 | Rake $0
Seat 1: perten (big blind) folded before Flop
Seat 4: Actionni13 (button) (small blind) collected ($6)


PokerStars Hand #166873056993:  Hold'em Limit ($3/$6 USD) - 2017/02/27 17:16:36 ET
Table 'Beagle' 6-max Seat #1 is the button
Seat 1: perten ($85.76 in chips)
Seat 4: Actionni13 ($215.16 in chips)
perten: posts small blind $1
Actionni13: posts big blind $3
*** HOLE CARDS ***
perten: raises $3 to $6
Actionni13: calls $3
*** FLOP *** [7s 5c 8s]
Actionni13: bets $3
perten: folds
Uncalled bet ($3) returned to Actionni13
Actionni13 collected $11.76 from pot
Actionni13: doesn't show hand
*** SUMMARY ***
Total pot $12 | Rake $0.24
Board [7s 5c 8s]
Seat 1: perten (button) (small blind) folded on the Flop
Seat 4: Actionni13 (big blind) collected ($11.76)


PokerStars Hand #166873050607:  Hold'em Limit ($3/$6 USD) - 2017/02/27 17:16:28 ET
Table 'Beagle' 6-max Seat #4 is the button
Seat 1: perten ($88.76 in chips)
Seat 4: Actionni13 ($212.16 in chips)
Actionni13: posts small blind $1
perten: posts big blind $3
*** HOLE CARDS ***
Actionni13: raises $3 to $6
perten: folds
Uncalled bet ($3) returned to Actionni13
Actionni13 collected $6 from pot
Actionni13: doesn't show hand
*** SUMMARY ***
Total pot $6 | Rake $0
Seat 1: perten (big blind) folded before Flop
Seat 4: Actionni13 (button) (small blind) collected ($6)


PokerStars Hand #166873033759:  Hold'em Limit ($3/$6 USD) - 2017/02/27 17:16:09 ET
Table 'Beagle' 6-max Seat #1 is the button
Seat 1: perten ($97.76 in chips)
Seat 4: Actionni13 ($203.52 in chips)
perten: posts small blind $1
Actionni13: posts big blind $3
*** HOLE CARDS ***
perten: raises $3 to $6
Actionni13: calls $3
*** FLOP *** [9c 3c Kh]
Actionni13: checks
perten: bets $3
Actionni13: calls $3
*** TURN *** [9c 3c Kh] [4s]
Actionni13: checks
perten: checks
*** RIVER *** [9c 3c Kh 4s] [5c]
Actionni13: bets $6
perten: folds
Uncalled bet ($6) returned to Actionni13
Actionni13 collected $17.64 from pot
Actionni13: doesn't show hand
*** SUMMARY ***
Total pot $18 | Rake $0.36
Board [9c 3c Kh 4s 5c]
Seat 1: perten (button) (small blind) folded on the River
Seat 4: Actionni13 (big blind) collected ($17.64)


PokerStars Hand #166873122075:  Hold'em Limit ($3/$6 USD) - 2017/02/27 17:17:49 ET
Table 'Beagle' 6-max Seat #4 is the button
Seat 1: perten ($74.76 in chips)
Seat 4: Actionni13 ($225.68 in chips)
Actionni13: posts small blind $1
perten: posts big blind $3
*** HOLE CARDS ***
Actionni13: raises $3 to $6
perten: folds
Uncalled bet ($3) returned to Actionni13
Actionni13 collected $6 from pot
Actionni13: doesn't show hand
*** SUMMARY ***
Total pot $6 | Rake $0
Seat 1: perten (big blind) folded before Flop
Seat 4: Actionni13 (button) (small blind) collected ($6)


PokerStars Hand #166873115532:  Hold'em Limit ($3/$6 USD) - 2017/02/27 17:17:41 ET
Table 'Beagle' 6-max Seat #1 is the button
Seat 1: perten ($71.76 in chips)
Seat 4: Actionni13 ($228.68 in chips)
perten: posts small blind $1
Actionni13: posts big blind $3
*** HOLE CARDS ***
perten: raises $3 to $6
Actionni13: folds
Uncalled bet ($3) returned to perten
perten collected $6 from pot
perten: doesn't show hand
*** SUMMARY ***
Total pot $6 | Rake $0
Seat 1: perten (button) (small blind) collected ($6)
Seat 4: Actionni13 (big blind) folded before Flop


PokerStars Hand #166873100160:  Hold'em Limit ($3/$6 USD) - 2017/02/27 17:17:24 ET
Table 'Beagle' 6-max Seat #4 is the button
Seat 1: perten ($70.76 in chips)
Seat 4: Actionni13 ($229.68 in chips)
Actionni13: posts small blind $1
perten: posts big blind $3
*** HOLE CARDS ***
Actionni13: folds
Uncalled bet ($2) returned to perten
perten collected $2 from pot
perten: doesn't show hand
*** SUMMARY ***
Total pot $2 | Rake $0
Seat 1: perten (big blind) collected ($2)
Seat 4: Actionni13 (button) (small blind) folded before Flop


PokerStars Hand #166873076161:  Hold'em Limit ($3/$6 USD) - 2017/02/27 17:16:57 ET
Table 'Beagle' 6-max Seat #1 is the button
Seat 1: perten ($76.76 in chips)
Seat 4: Actionni13 ($223.92 in chips)
perten: posts small blind $1
Actionni13: posts big blind $3
*** HOLE CARDS ***
perten: raises $3 to $6
Actionni13: calls $3
*** FLOP *** [2d 6d 4d]
Actionni13: checks
perten: checks
*** TURN *** [2d 6d 4d] [Jd]
Actionni13: bets $6
perten: folds
Uncalled bet ($6) returned to Actionni13
Actionni13 collected $11.76 from pot
Actionni13: doesn't show hand
*** SUMMARY ***
Total pot $12 | Rake $0.24
Board [2d 6d 4d Jd]
Seat 1: perten (button) (small blind) folded on the Turn
Seat 4: Actionni13 (big blind) collected ($11.76)


PokerStars Hand #166873177871:  Hold'em Limit ($3/$6 USD) - 2017/02/27 17:18:51 ET
Table 'Beagle' 6-max Seat #1 is the button
Seat 1: perten ($86.26 in chips)
Seat 4: Actionni13 ($213.68 in chips)
perten: posts small blind $1
Actionni13: posts big blind $3
*** HOLE CARDS ***
perten: folds
Uncalled bet ($2) returned to Actionni13
Actionni13 collected $2 from pot
*** SUMMARY ***
Total pot $2 | Rake $0
Seat 1: perten (button) (small blind) folded before Flop
Seat 4: Actionni13 (big blind) collected ($2)


PokerStars Hand #166873173420:  Hold'em Limit ($3/$6 USD) - 2017/02/27 17:18:46 ET
Table 'Beagle' 6-max Seat #4 is the button
Seat 1: perten ($85.26 in chips)
Seat 4: Actionni13 ($214.68 in chips)
Actionni13: posts small blind $1
perten: posts big blind $3
*** HOLE CARDS ***
Actionni13: folds
Uncalled bet ($2) returned to perten
perten collected $2 from pot
perten: doesn't show hand
*** SUMMARY ***
Total pot $2 | Rake $0
Seat 1: perten (big blind) collected ($2)
Seat 4: Actionni13 (button) (small blind) folded before Flop


PokerStars Hand #166873168942:  Hold'em Limit ($3/$6 USD) - 2017/02/27 17:18:41 ET
Table 'Beagle' 6-max Seat #1 is the button
Seat 1: perten ($86.26 in chips)
Seat 4: Actionni13 ($213.68 in chips)
perten: posts small blind $1
Actionni13: posts big blind $3
*** HOLE CARDS ***
perten: folds
Uncalled bet ($2) returned to Actionni13
Actionni13 collected $2 from pot
Actionni13: doesn't show hand
*** SUMMARY ***
Total pot $2 | Rake $0
Seat 1: perten (button) (small blind) folded before Flop
Seat 4: Actionni13 (big blind) collected ($2)


PokerStars Hand #166873161269:  Hold'em Limit ($3/$6 USD) - 2017/02/27 17:18:33 ET
Table 'Beagle' 6-max Seat #4 is the button
Seat 1: perten ($89.26 in chips)
Seat 4: Actionni13 ($210.68 in chips)
Actionni13: posts small blind $1
perten: posts big blind $3
*** HOLE CARDS ***
Actionni13: raises $3 to $6
perten: folds
Uncalled bet ($3) returned to Actionni13
Actionni13 collected $6 from pot
Actionni13: doesn't show hand
*** SUMMARY ***
Total pot $6 | Rake $0
Seat 1: perten (big blind) folded before Flop
Seat 4: Actionni13 (button) (small blind) collected ($6)


PokerStars Hand #166873156259:  Hold'em Limit ($3/$6 USD) - 2017/02/27 17:18:27 ET
Table 'Beagle' 6-max Seat #1 is the button
Seat 1: perten ($90.26 in chips)
Seat 4: Actionni13 ($209.68 in chips)
perten: posts small blind $1
Actionni13: posts big blind $3
*** HOLE CARDS ***
perten: folds
Uncalled bet ($2) returned to Actionni13
Actionni13 collected $2 from pot
Actionni13: doesn't show hand
*** SUMMARY ***
Total pot $2 | Rake $0
Seat 1: perten (button) (small blind) folded before Flop
Seat 4: Actionni13 (big blind) collected ($2)


PokerStars Hand #166873149408:  Hold'em Limit ($3/$6 USD) - 2017/02/27 17:18:19 ET
Table 'Beagle' 6-max Seat #4 is the button
Seat 1: perten ($89.26 in chips)
Seat 4: Actionni13 ($210.68 in chips)
Actionni13: posts small blind $1
perten: posts big blind $3
*** HOLE CARDS ***
Actionni13: folds
Uncalled bet ($2) returned to perten
perten collected $2 from pot
perten: doesn't show hand
*** SUMMARY ***
Total pot $2 | Rake $0
Seat 1: perten (big blind) collected ($2)
Seat 4: Actionni13 (button) (small blind) folded before Flop


PokerStars Hand #166873128834:  Hold'em Limit ($3/$6 USD) - 2017/02/27 17:17:56 ET
Table 'Beagle' 6-max Seat #1 is the button
Seat 1: perten ($71.76 in chips)
Seat 4: Actionni13 ($228.68 in chips)
perten: posts small blind $1
Actionni13: posts big blind $3
*** HOLE CARDS ***
perten: raises $3 to $6
Actionni13: calls $3
*** FLOP *** [Td 3c 9s]
Actionni13: bets $3
perten: raises $3 to $6
Actionni13: calls $3
*** TURN *** [Td 3c 9s] [2c]
Actionni13: checks
perten: bets $6
Actionni13: calls $6
*** RIVER *** [Td 3c 9s 2c] [7s]
Actionni13: checks
perten: checks
*** SHOW DOWN ***
Actionni13: shows [9h Qh] (a pair of Nines)
perten: shows [9c Ac] (a pair of Nines - Ace kicker)
perten collected $35.50 from pot
*** SUMMARY ***
Total pot $36 | Rake $0.50
Board [Td 3c 9s 2c 7s]
Seat 1: perten (button) (small blind) showed [9c Ac] and won ($35.50) with a pair of Nines
Seat 4: Actionni13 (big blind) showed [9h Qh] and lost with a pair of Nines


PokerStars Hand #166873231800:  Hold'em Limit ($3/$6 USD) - 2017/02/27 17:19:52 ET
Table 'Beagle' 6-max Seat #1 is the button
Seat 1: perten ($85.26 in chips)
Seat 2: patrikskjold ($120 in chips)
perten: posts small blind $1
patrikskjold: posts big blind $3
*** HOLE CARDS ***
emiwarg joins the table at seat #6
perten: folds
Uncalled bet ($2) returned to patrikskjold
patrikskjold collected $2 from pot
patrikskjold: doesn't show hand
*** SUMMARY ***
Total pot $2 | Rake $0
Seat 1: perten (button) (small blind) folded before Flop
Seat 2: patrikskjold (big blind) collected ($2)


PokerStars Hand #166873576991:  Hold'em Limit ($3/$6 USD) - 2017/02/27 17:26:22 ET
Table 'Beagle' 6-max Seat #3 is the button
Seat 3: xBAPBAPx ($118.16 in chips)
Seat 6: emiwarg ($187.54 in chips)
xBAPBAPx: posts small blind $1
emiwarg: posts big blind $3
*** HOLE CARDS ***
xBAPBAPx: folds
Uncalled bet ($2) returned to emiwarg
emiwarg collected $2 from pot
*** SUMMARY ***
Total pot $2 | Rake $0
Seat 3: xBAPBAPx (button) (small blind) folded before Flop
Seat 6: emiwarg (big blind) collected ($2)


PokerStars Hand #166873570519:  Hold'em Limit ($3/$6 USD) - 2017/02/27 17:26:14 ET
Table 'Beagle' 6-max Seat #6 is the button
Seat 3: xBAPBAPx ($117.16 in chips)
Seat 6: emiwarg ($188.54 in chips)
emiwarg: posts small blind $1
perten: is sitting out
xBAPBAPx: posts big blind $3
*** HOLE CARDS ***
emiwarg: folds
Uncalled bet ($2) returned to xBAPBAPx
xBAPBAPx collected $2 from pot
*** SUMMARY ***
Total pot $2 | Rake $0
Seat 3: xBAPBAPx (big blind) collected ($2)
Seat 6: emiwarg (button) (small blind) folded before Flop


PokerStars Hand #166873581888:  Hold'em Limit ($3/$6 USD) - 2017/02/27 17:26:27 ET
Table 'Beagle' 6-max Seat #6 is the button
Seat 3: xBAPBAPx ($117.16 in chips)
Seat 6: emiwarg ($188.54 in chips)
emiwarg: posts small blind $1
xBAPBAPx: posts big blind $3
*** HOLE CARDS ***
emiwarg: raises $3 to $6
xBAPBAPx: calls $3
*** FLOP *** [Ad 9c 3c]
xBAPBAPx: checks
emiwarg: bets $3
xBAPBAPx: raises $3 to $6
emiwarg: folds
Uncalled bet ($3) returned to xBAPBAPx
xBAPBAPx collected $17.64 from pot
*** SUMMARY ***
Total pot $18 | Rake $0.36
Board [Ad 9c 3c]
Seat 3: xBAPBAPx (big blind) collected ($17.64)
Seat 6: emiwarg (button) (small blind) folded on the Flop


PokerStars Hand #166873595897:  Hold'em Limit ($3/$6 USD) - 2017/02/27 17:26:43 ET
Table 'Beagle' 6-max Seat #3 is the button
Seat 3: xBAPBAPx ($125.80 in chips)
Seat 6: emiwarg ($179.54 in chips)
xBAPBAPx: posts small blind $1
emiwarg: posts big blind $3
*** HOLE CARDS ***
xBAPBAPx: raises $3 to $6
emiwarg: folds
Uncalled bet ($3) returned to xBAPBAPx
xBAPBAPx collected $6 from pot
*** SUMMARY ***
Total pot $6 | Rake $0
Seat 3: xBAPBAPx (button) (small blind) collected ($6)
Seat 6: emiwarg (big blind) folded before Flop


PokerStars Hand #166873602227:  Hold'em Limit ($3/$6 USD) - 2017/02/27 17:26:50 ET
Table 'Beagle' 6-max Seat #6 is the button
Seat 3: xBAPBAPx ($128.80 in chips)
Seat 6: emiwarg ($176.54 in chips)
emiwarg: posts small blind $1
xBAPBAPx: posts big blind $3
*** HOLE CARDS ***
anebodil joins the table at seat #2
emiwarg: raises $3 to $6
xBAPBAPx: calls $3
*** FLOP *** [6s Qc 7d]
xBAPBAPx: checks
emiwarg: bets $3
xBAPBAPx: folds
Uncalled bet ($3) returned to emiwarg
emiwarg collected $11.76 from pot
*** SUMMARY ***
Total pot $12 | Rake $0.24
Board [6s Qc 7d]
Seat 3: xBAPBAPx (big blind) folded on the Flop
Seat 6: emiwarg (button) (small blind) collected ($11.76)


PokerStars Hand #166873618642:  Hold'em Limit ($3/$6 USD) - 2017/02/27 17:27:09 ET
Table 'Beagle' 6-max Seat #3 is the button
Seat 3: xBAPBAPx ($122.80 in chips)
Seat 6: emiwarg ($182.30 in chips)
xBAPBAPx: posts small blind $1
emiwarg: posts big blind $3
*** HOLE CARDS ***
xBAPBAPx: raises $3 to $6
emiwarg: calls $3
*** FLOP *** [4c Kh Kc]
emiwarg: checks
xBAPBAPx: bets $3
emiwarg: raises $3 to $6
xBAPBAPx: folds
Uncalled bet ($3) returned to emiwarg
emiwarg collected $17.64 from pot
*** SUMMARY ***
Total pot $18 | Rake $0.36
Board [4c Kh Kc]
Seat 3: xBAPBAPx (button) (small blind) folded on the Flop
Seat 6: emiwarg (big blind) collected ($17.64)


PokerStars Hand #166876204884:  Hold'em Limit ($3/$6 USD) - 2017/02/27 18:20:11 ET
Table 'Beagle' 6-max Seat #1 is the button
Seat 1: patrikskjold ($129.64 in chips)
Seat 6: emiwarg ($66.14 in chips)
patrikskjold: posts small blind $1
emiwarg: posts big blind $3
*** HOLE CARDS ***
patrikskjold: raises $3 to $6
emiwarg: folds
Uncalled bet ($3) returned to patrikskjold
patrikskjold collected $6 from pot
patrikskjold: doesn't show hand
*** SUMMARY ***
Total pot $6 | Rake $0
Seat 1: patrikskjold (button) (small blind) collected ($6)
Seat 6: emiwarg (big blind) folded before Flop


PokerStars Hand #166876209035:  Hold'em Limit ($3/$6 USD) - 2017/02/27 18:20:17 ET
Table 'Beagle' 6-max Seat #6 is the button
Seat 1: patrikskjold ($132.64 in chips)
Seat 6: emiwarg ($63.14 in chips)
emiwarg: posts small blind $1
patrikskjold: posts big blind $3
*** HOLE CARDS ***
emiwarg: raises $3 to $6
patrikskjold: raises $3 to $9
emiwarg: calls $3
*** FLOP *** [9c 2d Js]
patrikskjold: bets $3
emiwarg: calls $3
*** TURN *** [9c 2d Js] [Kc]
patrikskjold: bets $6
emiwarg: folds
Uncalled bet ($6) returned to patrikskjold
patrikskjold collected $23.52 from pot
patrikskjold: doesn't show hand
*** SUMMARY ***
Total pot $24 | Rake $0.48
Board [9c 2d Js Kc]
Seat 1: patrikskjold (big blind) collected ($23.52)
Seat 6: emiwarg (button) (small blind) folded on the Turn


PokerStars Hand #166876201421:  Hold'em Limit ($3/$6 USD) - 2017/02/27 18:20:07 ET
Table 'Beagle' 6-max Seat #6 is the button
Seat 1: patrikskjold ($128.64 in chips)
Seat 6: emiwarg ($67.14 in chips)
emiwarg: posts small blind $1
patrikskjold: posts big blind $3
*** HOLE CARDS ***
emiwarg: folds
Uncalled bet ($2) returned to patrikskjold
patrikskjold collected $2 from pot
patrikskjold: doesn't show hand
*** SUMMARY ***
Total pot $2 | Rake $0
Seat 1: patrikskjold (big blind) collected ($2)
Seat 6: emiwarg (button) (small blind) folded before Flop


PokerStars Hand #166876196667:  Hold'em Limit ($3/$6 USD) - 2017/02/27 18:20:01 ET
Table 'Beagle' 6-max Seat #1 is the button
Seat 1: patrikskjold ($125.64 in chips)
Seat 6: emiwarg ($70.14 in chips)
patrikskjold: posts small blind $1
emiwarg: posts big blind $3
*** HOLE CARDS ***
patrikskjold: raises $3 to $6
emiwarg: folds
Uncalled bet ($3) returned to patrikskjold
patrikskjold collected $6 from pot
patrikskjold: doesn't show hand
*** SUMMARY ***
Total pot $6 | Rake $0
Seat 1: patrikskjold (button) (small blind) collected ($6)
Seat 6: emiwarg (big blind) folded before Flop


