PokerStars Hand #173399878827:  Hold'em Limit ($3/$6 USD) - 2017/07/23 9:23:52 ET
Table 'Beatrix' 6-max Seat #3 is the button
Seat 1: SEQUOIA2012 ($182 in chips)
Seat 3: simper11 ($137.50 in chips)
simper11: posts small blind $1
SEQUOIA2012: posts big blind $3
*** HOLE CARDS ***
simper11: raises $3 to $6
SEQUOIA2012: calls $3
*** FLOP *** [7h Jh 6h]
SEQUOIA2012: checks
simper11: bets $3
SEQUOIA2012: folds
Uncalled bet ($3) returned to simper11
simper11 collected $11.76 from pot
simper11: doesn't show hand
*** SUMMARY ***
Total pot $12 | Rake $0.24
Board [7h Jh 6h]
Seat 1: SEQUOIA2012 (big blind) folded on the Flop
Seat 3: simper11 (button) (small blind) collected ($11.76)


PokerStars Hand #173399865365:  Hold'em Limit ($3/$6 USD) - 2017/07/23 9:23:29 ET
Table 'Beatrix' 6-max Seat #1 is the button
Seat 1: SEQUOIA2012 ($200 in chips)
Seat 3: simper11 ($120 in chips)
SEQUOIA2012: posts small blind $1
simper11: posts big blind $3
*** HOLE CARDS ***
SEQUOIA2012: raises $3 to $6
Whatze Phuck joins the table at seat #2
simper11: calls $3
*** FLOP *** [Js Th 4c]
simper11: checks
SEQUOIA2012: bets $3
simper11: raises $3 to $6
SEQUOIA2012: calls $3
*** TURN *** [Js Th 4c] [7h]
simper11: bets $6
SEQUOIA2012: calls $6
*** RIVER *** [Js Th 4c 7h] [4d]
simper11: bets $6
SEQUOIA2012: folds
Uncalled bet ($6) returned to simper11
simper11 collected $35.50 from pot
simper11: doesn't show hand
*** SUMMARY ***
Total pot $36 | Rake $0.50
Board [Js Th 4c 7h 4d]
Seat 1: SEQUOIA2012 (button) (small blind) folded on the River
Seat 3: simper11 (big blind) collected ($35.50)


PokerStars Hand #173404674922:  Hold'em Limit ($3/$6 USD) - 2017/07/23 11:29:43 ET
Table 'Beatrix' 6-max Seat #3 is the button
Seat 3: RJF1943 ($135.90 in chips)
Seat 6: Chessnok ($156.06 in chips)
RJF1943: posts small blind $1
SEQUOIA2012: is sitting out
Chessnok: posts big blind $3
*** HOLE CARDS ***
RJF1943: folds
Uncalled bet ($2) returned to Chessnok
Chessnok collected $2 from pot
Chessnok: doesn't show hand
*** SUMMARY ***
Total pot $2 | Rake $0
Seat 3: RJF1943 (button) (small blind) folded before Flop
Seat 6: Chessnok (big blind) collected ($2)


PokerStars Hand #173404710888:  Hold'em Limit ($3/$6 USD) - 2017/07/23 11:30:35 ET
Table 'Beatrix' 6-max Seat #3 is the button
Seat 3: RJF1943 ($158.40 in chips)
Seat 6: Chessnok ($133.06 in chips)
RJF1943: posts small blind $1
Chessnok: posts big blind $3
*** HOLE CARDS ***
RJF1943: folds
Uncalled bet ($2) returned to Chessnok
Chessnok collected $2 from pot
Chessnok: doesn't show hand
*** SUMMARY ***
Total pot $2 | Rake $0
Seat 3: RJF1943 (button) (small blind) folded before Flop
Seat 6: Chessnok (big blind) collected ($2)


PokerStars Hand #173404688968:  Hold'em Limit ($3/$6 USD) - 2017/07/23 11:30:04 ET
Table 'Beatrix' 6-max Seat #6 is the button
Seat 3: RJF1943 ($134.90 in chips)
Seat 6: Chessnok ($157.06 in chips)
Chessnok: posts small blind $1
RJF1943: posts big blind $3
*** HOLE CARDS ***
Chessnok: raises $3 to $6
RJF1943: raises $3 to $9
Chessnok: calls $3
*** FLOP *** [3d Jh 6s]
RJF1943: bets $3
Chessnok: calls $3
*** TURN *** [3d Jh 6s] [8s]
RJF1943: bets $6
Chessnok: calls $6
*** RIVER *** [3d Jh 6s 8s] [Ac]
SEQUOIA2012 leaves the table
RJF1943: bets $6
Chessnok: calls $6
*** SHOW DOWN ***
RJF1943: shows [Ad Tc] (a pair of Aces)
Chessnok: mucks hand
RJF1943 collected $47.50 from pot
*** SUMMARY ***
Total pot $48 | Rake $0.50
Board [3d Jh 6s 8s Ac]
Seat 3: RJF1943 (big blind) showed [Ad Tc] and won ($47.50) with a pair of Aces
Seat 6: Chessnok (button) (small blind) mucked


