PokerStars Hand #168511233583:  Hold'em Limit ($3/$6 USD) - 2017/04/03 6:28:06 ET
Table 'Bechuana' 10-max Seat #7 is the button
Seat 6: Rus29APX ($108 in chips)
Seat 7: sokol-max-PS ($97.57 in chips)
sokol-max-PS: posts small blind $1
Rus29APX: posts big blind $3
*** HOLE CARDS ***
sokol-max-PS: raises $3 to $6
Rus29APX: raises $3 to $9
sokol-max-PS: calls $3
*** FLOP *** [4s Jc 2s]
Rus29APX: bets $3
sokol-max-PS: calls $3
*** TURN *** [4s Jc 2s] [6s]
Rus29APX: checks
sokol-max-PS: bets $6
Rus29APX: calls $6
*** RIVER *** [4s Jc 2s 6s] [3h]
Rus29APX: checks
sokol-max-PS: checks
*** SHOW DOWN ***
Rus29APX: shows [Ac Ts] (high card Ace)
sokol-max-PS: shows [As 4h] (a pair of Fours)
sokol-max-PS collected $35.50 from pot
*** SUMMARY ***
Total pot $36 | Rake $0.50
Board [4s Jc 2s 6s 3h]
Seat 6: Rus29APX (big blind) showed [Ac Ts] and lost with high card Ace
Seat 7: sokol-max-PS (button) (small blind) showed [As 4h] and won ($35.50) with a pair of Fours


PokerStars Hand #168511256789:  Hold'em Limit ($3/$6 USD) - 2017/04/03 6:29:02 ET
Table 'Bechuana' 10-max Seat #6 is the button
Seat 6: Rus29APX ($120 in chips)
Seat 7: sokol-max-PS ($115.07 in chips)
Rus29APX: posts small blind $1
sokol-max-PS: posts big blind $3
*** HOLE CARDS ***
Rus29APX: raises $3 to $6
sokol-max-PS: calls $3
*** FLOP *** [7h 2h 4d]
sokol-max-PS: checks
Rus29APX: bets $3
sokol-max-PS: calls $3
*** TURN *** [7h 2h 4d] [4s]
sokol-max-PS: checks
Rus29APX: bets $6
sokol-max-PS: raises $6 to $12
Rus29APX: calls $6
*** RIVER *** [7h 2h 4d 4s] [Js]
sokol-max-PS: bets $6
Rus29APX: calls $6
*** SHOW DOWN ***
sokol-max-PS: shows [Jd 7d] (two pair, Jacks and Sevens)
Rus29APX: mucks hand
sokol-max-PS collected $53.50 from pot
*** SUMMARY ***
Total pot $54 | Rake $0.50
Board [7h 2h 4d 4s Js]
Seat 6: Rus29APX (button) (small blind) mucked
Seat 7: sokol-max-PS (big blind) showed [Jd 7d] and won ($53.50) with two pair, Jacks and Sevens


PokerStars Hand #168511270052:  Hold'em Limit ($3/$6 USD) - 2017/04/03 6:29:34 ET
Table 'Bechuana' 10-max Seat #7 is the button
Seat 6: Rus29APX ($120 in chips)
Seat 7: sokol-max-PS ($141.57 in chips)
sokol-max-PS: posts small blind $1
Rus29APX: posts big blind $3
*** HOLE CARDS ***
sokol-max-PS: raises $3 to $6
Rus29APX: calls $3
*** FLOP *** [Tc Kh 9s]
Rus29APX: checks
sokol-max-PS: bets $3
Rus29APX: raises $3 to $6
sokol-max-PS: calls $3
*** TURN *** [Tc Kh 9s] [9c]
Rus29APX: bets $6
sokol-max-PS: calls $6
*** RIVER *** [Tc Kh 9s 9c] [Qc]
Rus29APX: bets $6
sokol-max-PS: raises $6 to $12
Rus29APX: calls $6
*** SHOW DOWN ***
sokol-max-PS: shows [7h Js] (a straight, Nine to King)
Rus29APX: shows [Jc 7s] (a straight, Nine to King)
Rus29APX collected $29.75 from pot
sokol-max-PS collected $29.75 from pot
*** SUMMARY ***
Total pot $60 | Rake $0.50
Board [Tc Kh 9s 9c Qc]
Seat 6: Rus29APX (big blind) showed [Jc 7s] and won ($29.75) with a straight, Nine to King
Seat 7: sokol-max-PS (button) (small blind) showed [7h Js] and won ($29.75) with a straight, Nine to King


PokerStars Hand #168511311855:  Hold'em Limit ($3/$6 USD) - 2017/04/03 6:31:15 ET
Table 'Bechuana' 10-max Seat #6 is the button
Seat 6: Rus29APX ($116.75 in chips)
Seat 7: sokol-max-PS ($144.08 in chips)
Rus29APX: posts small blind $1
sokol-max-PS: posts big blind $3
*** HOLE CARDS ***
Rus29APX: raises $3 to $6
sokol-max-PS: calls $3
*** FLOP *** [3d As 6s]
sokol-max-PS: checks
Rus29APX: bets $3
sokol-max-PS: calls $3
*** TURN *** [3d As 6s] [3h]
sokol-max-PS: checks
Rus29APX: bets $6
sokol-max-PS: folds
Uncalled bet ($6) returned to Rus29APX
Rus29APX collected $17.64 from pot
Rus29APX: doesn't show hand
*** SUMMARY ***
Total pot $18 | Rake $0.36
Board [3d As 6s 3h]
Seat 6: Rus29APX (button) (small blind) collected ($17.64)
Seat 7: sokol-max-PS (big blind) folded on the Turn


PokerStars Hand #168511296185:  Hold'em Limit ($3/$6 USD) - 2017/04/03 6:30:37 ET
Table 'Bechuana' 10-max Seat #7 is the button
Seat 6: Rus29APX ($122.75 in chips)
Seat 7: sokol-max-PS ($138.32 in chips)
sokol-max-PS: posts small blind $1
Rus29APX: posts big blind $3
*** HOLE CARDS ***
sokol-max-PS: raises $3 to $6
Rus29APX: calls $3
*** FLOP *** [Js Ac 4c]
Rus29APX: checks
sokol-max-PS: bets $3
Rus29APX: folds
Uncalled bet ($3) returned to sokol-max-PS
sokol-max-PS collected $11.76 from pot
*** SUMMARY ***
Total pot $12 | Rake $0.24
Board [Js Ac 4c]
Seat 6: Rus29APX (big blind) folded on the Flop
Seat 7: sokol-max-PS (button) (small blind) collected ($11.76)


PokerStars Hand #168511323129:  Hold'em Limit ($3/$6 USD) - 2017/04/03 6:31:42 ET
Table 'Bechuana' 10-max Seat #7 is the button
Seat 6: Rus29APX ($125.39 in chips)
Seat 7: sokol-max-PS ($135.08 in chips)
sokol-max-PS: posts small blind $1
Rus29APX: posts big blind $3
*** HOLE CARDS ***
sokol-max-PS: raises $3 to $6
Rus29APX: folds
Uncalled bet ($3) returned to sokol-max-PS
sokol-max-PS collected $6 from pot
*** SUMMARY ***
Total pot $6 | Rake $0
Seat 6: Rus29APX (big blind) folded before Flop
Seat 7: sokol-max-PS (button) (small blind) collected ($6)


PokerStars Hand #168511329061:  Hold'em Limit ($3/$6 USD) - 2017/04/03 6:31:57 ET
Table 'Bechuana' 10-max Seat #6 is the button
Seat 6: Rus29APX ($122.39 in chips)
Seat 7: sokol-max-PS ($138.08 in chips)
Rus29APX: posts small blind $1
sokol-max-PS: posts big blind $3
*** HOLE CARDS ***
Rus29APX: raises $3 to $6
sokol-max-PS: raises $3 to $9
Rus29APX: calls $3
*** FLOP *** [4d 3c Jh]
sokol-max-PS: bets $3
nimzon joins the table at seat #8
hookonhook joins the table at seat #5
nimzon leaves the table
Rus29APX: calls $3
*** TURN *** [4d 3c Jh] [9c]
sokol-max-PS: bets $6
Rus29APX: calls $6
*** RIVER *** [4d 3c Jh 9c] [3s]
sokol-max-PS: bets $6
Rus29APX: calls $6
*** SHOW DOWN ***
sokol-max-PS: shows [Jc Qc] (two pair, Jacks and Threes)
Rus29APX: mucks hand
sokol-max-PS collected $47.50 from pot
*** SUMMARY ***
Total pot $48 | Rake $0.50
Board [4d 3c Jh 9c 3s]
Seat 6: Rus29APX (button) (small blind) mucked
Seat 7: sokol-max-PS (big blind) showed [Jc Qc] and won ($47.50) with two pair, Jacks and Threes


PokerStars Hand #168511622744:  Hold'em Limit ($3/$6 USD) - 2017/04/03 6:43:43 ET
Table 'Bechuana' 10-max Seat #7 is the button
Seat 7: sokol-max-PS ($189.55 in chips)
Seat 9: zimin10 ($302.76 in chips)
sokol-max-PS: posts small blind $1
zimin10: posts big blind $3
*** HOLE CARDS ***
sokol-max-PS: folds
Uncalled bet ($2) returned to zimin10
zimin10 collected $2 from pot
zimin10: doesn't show hand
*** SUMMARY ***
Total pot $2 | Rake $0
Seat 7: sokol-max-PS (button) (small blind) folded before Flop
Seat 9: zimin10 (big blind) collected ($2)


PokerStars Hand #168511610025:  Hold'em Limit ($3/$6 USD) - 2017/04/03 6:43:13 ET
Table 'Bechuana' 10-max Seat #9 is the button
Seat 7: sokol-max-PS ($195.55 in chips)
Seat 9: zimin10 ($297 in chips)
zimin10: posts small blind $1
Rus29APX: is sitting out
sokol-max-PS: posts big blind $3
*** HOLE CARDS ***
zimin10: raises $3 to $6
Rus29APX leaves the table
sokol-max-PS: calls $3
*** FLOP *** [Kc 5d Qd]
sokol-max-PS: checks
zimin10: bets $3
sokol-max-PS: folds
Uncalled bet ($3) returned to zimin10
zimin10 collected $11.76 from pot
zimin10: doesn't show hand
*** SUMMARY ***
Total pot $12 | Rake $0.24
Board [Kc 5d Qd]
Seat 7: sokol-max-PS (big blind) folded on the Flop
Seat 9: zimin10 (button) (small blind) collected ($11.76)


PokerStars Hand #168511635678:  Hold'em Limit ($3/$6 USD) - 2017/04/03 6:44:14 ET
Table 'Bechuana' 10-max Seat #9 is the button
Seat 7: sokol-max-PS ($188.55 in chips)
Seat 9: zimin10 ($303.76 in chips)
zimin10: posts small blind $1
sokol-max-PS: posts big blind $3
*** HOLE CARDS ***
zimin10: raises $3 to $6
sokol-max-PS: raises $3 to $9
zimin10: calls $3
*** FLOP *** [9s 4c 8d]
sokol-max-PS: bets $3
zimin10: calls $3
*** TURN *** [9s 4c 8d] [Ts]
EMALAYS leaves the table
sokol-max-PS: bets $6
zimin10: folds
Uncalled bet ($6) returned to sokol-max-PS
sokol-max-PS collected $23.52 from pot
*** SUMMARY ***
Total pot $24 | Rake $0.48
Board [9s 4c 8d Ts]
Seat 7: sokol-max-PS (big blind) collected ($23.52)
Seat 9: zimin10 (button) (small blind) folded on the Turn


PokerStars Hand #168511632091:  Hold'em Limit ($3/$6 USD) - 2017/04/03 6:44:05 ET
Table 'Bechuana' 10-max Seat #7 is the button
Seat 7: sokol-max-PS ($185.55 in chips)
Seat 9: zimin10 ($306.76 in chips)
sokol-max-PS: posts small blind $1
zimin10: posts big blind $3
*** HOLE CARDS ***
sokol-max-PS: raises $3 to $6
zimin10: folds
Uncalled bet ($3) returned to sokol-max-PS
sokol-max-PS collected $6 from pot
*** SUMMARY ***
Total pot $6 | Rake $0
Seat 7: sokol-max-PS (button) (small blind) collected ($6)
Seat 9: zimin10 (big blind) folded before Flop


PokerStars Hand #168511644495:  Hold'em Limit ($3/$6 USD) - 2017/04/03 6:44:35 ET
Table 'Bechuana' 10-max Seat #7 is the button
Seat 7: sokol-max-PS ($200.07 in chips)
Seat 9: zimin10 ($291.76 in chips)
sokol-max-PS: posts small blind $1
zimin10: posts big blind $3
*** HOLE CARDS ***
sokol-max-PS: raises $3 to $6
zimin10: folds
Uncalled bet ($3) returned to sokol-max-PS
sokol-max-PS collected $6 from pot
*** SUMMARY ***
Total pot $6 | Rake $0
Seat 7: sokol-max-PS (button) (small blind) collected ($6)
Seat 9: zimin10 (big blind) folded before Flop


PokerStars Hand #168511624985:  Hold'em Limit ($3/$6 USD) - 2017/04/03 6:43:48 ET
Table 'Bechuana' 10-max Seat #9 is the button
Seat 7: sokol-max-PS ($188.55 in chips)
Seat 9: zimin10 ($303.76 in chips)
zimin10: posts small blind $1
sokol-max-PS: posts big blind $3
*** HOLE CARDS ***
zimin10: raises $3 to $6
sokol-max-PS: folds
Uncalled bet ($3) returned to zimin10
zimin10 collected $6 from pot
zimin10: doesn't show hand
*** SUMMARY ***
Total pot $6 | Rake $0
Seat 7: sokol-max-PS (big blind) folded before Flop
Seat 9: zimin10 (button) (small blind) collected ($6)


PokerStars Hand #168511653588:  Hold'em Limit ($3/$6 USD) - 2017/04/03 6:44:56 ET
Table 'Bechuana' 10-max Seat #9 is the button
Seat 7: sokol-max-PS ($203.07 in chips)
Seat 9: zimin10 ($288.76 in chips)
zimin10: posts small blind $1
sokol-max-PS: posts big blind $3
*** HOLE CARDS ***
zimin10: raises $3 to $6
sokol-max-PS: calls $3
*** FLOP *** [Tc 4c 4d]
sokol-max-PS: checks
zimin10: bets $3
nimzon joins the table at seat #10
hookonhook joins the table at seat #8
sokol-max-PS: raises $3 to $6
zimin10: calls $3
*** TURN *** [Tc 4c 4d] [5h]
nimzon leaves the table
sokol-max-PS: bets $6
zimin10: raises $6 to $12
sokol-max-PS: calls $6
*** RIVER *** [Tc 4c 4d 5h] [7h]
sokol-max-PS: checks
zimin10: bets $6
sokol-max-PS: calls $6
*** SHOW DOWN ***
zimin10: shows [Qh Th] (two pair, Tens and Fours)
sokol-max-PS: mucks hand
zimin10 collected $59.50 from pot
*** SUMMARY ***
Total pot $60 | Rake $0.50
Board [Tc 4c 4d 5h 7h]
Seat 7: sokol-max-PS (big blind) mucked
Seat 9: zimin10 (button) (small blind) showed [Qh Th] and won ($59.50) with two pair, Tens and Fours


PokerStars Hand #168512486073:  Hold'em Limit ($3/$6 USD) - 2017/04/03 7:17:34 ET
Table 'Bechuana' 10-max Seat #9 is the button
Seat 7: sokol-max-PS ($121.29 in chips)
Seat 9: zimin10 ($277.23 in chips)
zimin10: posts small blind $1
sokol-max-PS: posts big blind $3
*** HOLE CARDS ***
zimin10: raises $3 to $6
sokol-max-PS: raises $3 to $9
zimin10: calls $3
*** FLOP *** [2d Qh Tc]
sokol-max-PS: bets $3
zimin10: folds
Uncalled bet ($3) returned to sokol-max-PS
sokol-max-PS collected $17.64 from pot
*** SUMMARY ***
Total pot $18 | Rake $0.36
Board [2d Qh Tc]
Seat 7: sokol-max-PS (big blind) collected ($17.64)
Seat 9: zimin10 (button) (small blind) folded on the Flop


PokerStars Hand #168512481731:  Hold'em Limit ($3/$6 USD) - 2017/04/03 7:17:24 ET
Table 'Bechuana' 10-max Seat #7 is the button
Seat 7: sokol-max-PS ($122.29 in chips)
Seat 9: zimin10 ($276.23 in chips)
sokol-max-PS: posts small blind $1
zimin10: posts big blind $3
*** HOLE CARDS ***
sokol-max-PS: folds
Uncalled bet ($2) returned to zimin10
zimin10 collected $2 from pot
zimin10: doesn't show hand
*** SUMMARY ***
Total pot $2 | Rake $0
Seat 7: sokol-max-PS (button) (small blind) folded before Flop
Seat 9: zimin10 (big blind) collected ($2)


PokerStars Hand #168512470446:  Hold'em Limit ($3/$6 USD) - 2017/04/03 7:16:59 ET
Table 'Bechuana' 10-max Seat #2 is the button
Seat 2: Mr Darkpoker ($166.15 in chips)
Seat 7: sokol-max-PS ($121.29 in chips)
Mr Darkpoker: posts small blind $1
Rus29APX: is sitting out
sokol-max-PS: posts big blind $3
*** HOLE CARDS ***
Rus29APX leaves the table
Mr Darkpoker: folds
Uncalled bet ($2) returned to sokol-max-PS
sokol-max-PS collected $2 from pot
*** SUMMARY ***
Total pot $2 | Rake $0
Seat 2: Mr Darkpoker (button) (small blind) folded before Flop
Seat 7: sokol-max-PS (big blind) collected ($2)


PokerStars Hand #168512497253:  Hold'em Limit ($3/$6 USD) - 2017/04/03 7:17:59 ET
Table 'Bechuana' 10-max Seat #7 is the button
Seat 7: sokol-max-PS ($129.93 in chips)
Seat 9: zimin10 ($268.23 in chips)
sokol-max-PS: posts small blind $1
zimin10: posts big blind $3
*** HOLE CARDS ***
sokol-max-PS: raises $3 to $6
zimin10: folds
Uncalled bet ($3) returned to sokol-max-PS
sokol-max-PS collected $6 from pot
*** SUMMARY ***
Total pot $6 | Rake $0
Seat 7: sokol-max-PS (button) (small blind) collected ($6)
Seat 9: zimin10 (big blind) folded before Flop


PokerStars Hand #168512504948:  Hold'em Limit ($3/$6 USD) - 2017/04/03 7:18:16 ET
Table 'Bechuana' 10-max Seat #7 is the button
Seat 7: sokol-max-PS ($133.93 in chips)
Seat 9: zimin10 ($264.23 in chips)
sokol-max-PS: posts small blind $1
zimin10: posts big blind $3
*** HOLE CARDS ***
sokol-max-PS: raises $3 to $6
zimin10: calls $3
*** FLOP *** [Js Qc 6h]
zimin10: checks
sokol-max-PS: bets $3
zimin10: calls $3
*** TURN *** [Js Qc 6h] [Qd]
zimin10: checks
sokol-max-PS: bets $6
zimin10: folds
Uncalled bet ($6) returned to sokol-max-PS
sokol-max-PS collected $17.64 from pot
*** SUMMARY ***
Total pot $18 | Rake $0.36
Board [Js Qc 6h Qd]
Seat 7: sokol-max-PS (button) (small blind) collected ($17.64)
Seat 9: zimin10 (big blind) folded on the Turn


PokerStars Hand #168512501622:  Hold'em Limit ($3/$6 USD) - 2017/04/03 7:18:09 ET
Table 'Bechuana' 10-max Seat #9 is the button
Seat 7: sokol-max-PS ($132.93 in chips)
Seat 9: zimin10 ($265.23 in chips)
zimin10: posts small blind $1
sokol-max-PS: posts big blind $3
*** HOLE CARDS ***
zimin10: folds
Uncalled bet ($2) returned to sokol-max-PS
sokol-max-PS collected $2 from pot
*** SUMMARY ***
Total pot $2 | Rake $0
Seat 7: sokol-max-PS (big blind) collected ($2)
Seat 9: zimin10 (button) (small blind) folded before Flop


PokerStars Hand #168512541232:  Hold'em Limit ($3/$6 USD) - 2017/04/03 7:19:38 ET
Table 'Bechuana' 10-max Seat #7 is the button
Seat 7: sokol-max-PS ($121.57 in chips)
Seat 9: zimin10 ($275.73 in chips)
sokol-max-PS: posts small blind $1
zimin10: posts big blind $3
*** HOLE CARDS ***
sokol-max-PS: folds
Uncalled bet ($2) returned to zimin10
zimin10 collected $2 from pot
zimin10: doesn't show hand
*** SUMMARY ***
Total pot $2 | Rake $0
Seat 7: sokol-max-PS (button) (small blind) folded before Flop
Seat 9: zimin10 (big blind) collected ($2)


PokerStars Hand #168512515461:  Hold'em Limit ($3/$6 USD) - 2017/04/03 7:18:40 ET
Table 'Bechuana' 10-max Seat #9 is the button
Seat 7: sokol-max-PS ($142.57 in chips)
Seat 9: zimin10 ($255.23 in chips)
zimin10: posts small blind $1
sokol-max-PS: posts big blind $3
*** HOLE CARDS ***
zimin10: raises $3 to $6
sokol-max-PS: calls $3
*** FLOP *** [7c 8s Ts]
sokol-max-PS: checks
zimin10: bets $3
sokol-max-PS: calls $3
*** TURN *** [7c 8s Ts] [6h]
sokol-max-PS: checks
zimin10: bets $6
sokol-max-PS: calls $6
*** RIVER *** [7c 8s Ts 6h] [Jd]
sokol-max-PS: checks
zimin10: bets $6
sokol-max-PS: calls $6
*** SHOW DOWN ***
zimin10: shows [Th 9c] (a straight, Seven to Jack)
sokol-max-PS: mucks hand
zimin10 collected $41.50 from pot
*** SUMMARY ***
Total pot $42 | Rake $0.50
Board [7c 8s Ts 6h Jd]
Seat 7: sokol-max-PS (big blind) mucked
Seat 9: zimin10 (button) (small blind) showed [Th 9c] and won ($41.50) with a straight, Seven to Jack


PokerStars Hand #168512545802:  Hold'em Limit ($3/$6 USD) - 2017/04/03 7:19:48 ET
Table 'Bechuana' 10-max Seat #9 is the button
Seat 7: sokol-max-PS ($120.57 in chips)
Seat 9: zimin10 ($276.73 in chips)
zimin10: posts small blind $1
sokol-max-PS: posts big blind $3
*** HOLE CARDS ***
zimin10: folds
Uncalled bet ($2) returned to sokol-max-PS
sokol-max-PS collected $2 from pot
*** SUMMARY ***
Total pot $2 | Rake $0
Seat 7: sokol-max-PS (big blind) collected ($2)
Seat 9: zimin10 (button) (small blind) folded before Flop


PokerStars Hand #168512567883:  Hold'em Limit ($3/$6 USD) - 2017/04/03 7:20:38 ET
Table 'Bechuana' 10-max Seat #7 is the button
Seat 7: sokol-max-PS ($118.57 in chips)
Seat 9: zimin10 ($278.49 in chips)
sokol-max-PS: posts small blind $1
zimin10: posts big blind $3
*** HOLE CARDS ***
sokol-max-PS: folds
Uncalled bet ($2) returned to zimin10
zimin10 collected $2 from pot
zimin10: doesn't show hand
*** SUMMARY ***
Total pot $2 | Rake $0
Seat 7: sokol-max-PS (button) (small blind) folded before Flop
Seat 9: zimin10 (big blind) collected ($2)


PokerStars Hand #168512551895:  Hold'em Limit ($3/$6 USD) - 2017/04/03 7:20:02 ET
Table 'Bechuana' 10-max Seat #7 is the button
Seat 7: sokol-max-PS ($121.57 in chips)
Seat 9: zimin10 ($275.73 in chips)
sokol-max-PS: posts small blind $1
zimin10: posts big blind $3
*** HOLE CARDS ***
sokol-max-PS: raises $3 to $6
zimin10: folds
Uncalled bet ($3) returned to sokol-max-PS
sokol-max-PS collected $6 from pot
*** SUMMARY ***
Total pot $6 | Rake $0
Seat 7: sokol-max-PS (button) (small blind) collected ($6)
Seat 9: zimin10 (big blind) folded before Flop


PokerStars Hand #168512573327:  Hold'em Limit ($3/$6 USD) - 2017/04/03 7:20:50 ET
Table 'Bechuana' 10-max Seat #9 is the button
Seat 7: sokol-max-PS ($117.57 in chips)
Seat 9: zimin10 ($279.49 in chips)
zimin10: posts small blind $1
sokol-max-PS: posts big blind $3
*** HOLE CARDS ***
zimin10: folds
Uncalled bet ($2) returned to sokol-max-PS
sokol-max-PS collected $2 from pot
*** SUMMARY ***
Total pot $2 | Rake $0
Seat 7: sokol-max-PS (big blind) collected ($2)
Seat 9: zimin10 (button) (small blind) folded before Flop


PokerStars Hand #168512576825:  Hold'em Limit ($3/$6 USD) - 2017/04/03 7:20:58 ET
Table 'Bechuana' 10-max Seat #7 is the button
Seat 7: sokol-max-PS ($118.57 in chips)
Seat 9: zimin10 ($278.49 in chips)
sokol-max-PS: posts small blind $1
zimin10: posts big blind $3
*** HOLE CARDS ***
sokol-max-PS: raises $3 to $6
zimin10: calls $3
*** FLOP *** [3c 5s 2s]
zimin10: checks
sokol-max-PS: checks
*** TURN *** [3c 5s 2s] [9c]
zimin10: bets $6
sokol-max-PS: calls $6
*** RIVER *** [3c 5s 2s 9c] [Jd]
zimin10: bets $6
sokol-max-PS: calls $6
*** SHOW DOWN ***
zimin10: shows [As Qs] (high card Ace)
sokol-max-PS: shows [9d 8h] (a pair of Nines)
sokol-max-PS collected $35.50 from pot
*** SUMMARY ***
Total pot $36 | Rake $0.50
Board [3c 5s 2s 9c Jd]
Seat 7: sokol-max-PS (button) (small blind) showed [9d 8h] and won ($35.50) with a pair of Nines
Seat 9: zimin10 (big blind) showed [As Qs] and lost with high card Ace


PokerStars Hand #168512591549:  Hold'em Limit ($3/$6 USD) - 2017/04/03 7:21:30 ET
Table 'Bechuana' 10-max Seat #9 is the button
Seat 7: sokol-max-PS ($136.07 in chips)
Seat 9: zimin10 ($260.49 in chips)
zimin10: posts small blind $1
sokol-max-PS: posts big blind $3
*** HOLE CARDS ***
zimin10: folds
Uncalled bet ($2) returned to sokol-max-PS
sokol-max-PS collected $2 from pot
*** SUMMARY ***
Total pot $2 | Rake $0
Seat 7: sokol-max-PS (big blind) collected ($2)
Seat 9: zimin10 (button) (small blind) folded before Flop


PokerStars Hand #168512596998:  Hold'em Limit ($3/$6 USD) - 2017/04/03 7:21:43 ET
Table 'Bechuana' 10-max Seat #7 is the button
Seat 7: sokol-max-PS ($137.07 in chips)
Seat 9: zimin10 ($259.49 in chips)
sokol-max-PS: posts small blind $1
zimin10: posts big blind $3
*** HOLE CARDS ***
sokol-max-PS: raises $3 to $6
zimin10: calls $3
*** FLOP *** [8h Kd 3d]
zimin10: checks
sokol-max-PS: bets $3
zimin10: raises $3 to $6
sokol-max-PS: calls $3
*** TURN *** [8h Kd 3d] [5h]
zimin10: bets $6
sokol-max-PS: calls $6
*** RIVER *** [8h Kd 3d 5h] [Js]
zimin10: bets $6
sokol-max-PS: folds
Uncalled bet ($6) returned to zimin10
zimin10 collected $35.50 from pot
zimin10: doesn't show hand
*** SUMMARY ***
Total pot $36 | Rake $0.50
Board [8h Kd 3d 5h Js]
Seat 7: sokol-max-PS (button) (small blind) folded on the River
Seat 9: zimin10 (big blind) collected ($35.50)


PokerStars Hand #168512637442:  Hold'em Limit ($3/$6 USD) - 2017/04/03 7:23:13 ET
Table 'Bechuana' 10-max Seat #7 is the button
Seat 7: sokol-max-PS ($124.83 in chips)
Seat 9: zimin10 ($270.99 in chips)
sokol-max-PS: posts small blind $1
zimin10: posts big blind $3
*** HOLE CARDS ***
sokol-max-PS: folds
Uncalled bet ($2) returned to zimin10
zimin10 collected $2 from pot
zimin10: doesn't show hand
*** SUMMARY ***
Total pot $2 | Rake $0
Seat 7: sokol-max-PS (button) (small blind) folded before Flop
Seat 9: zimin10 (big blind) collected ($2)


PokerStars Hand #168512640623:  Hold'em Limit ($3/$6 USD) - 2017/04/03 7:23:20 ET
Table 'Bechuana' 10-max Seat #9 is the button
Seat 7: sokol-max-PS ($123.83 in chips)
Seat 9: zimin10 ($271.99 in chips)
zimin10: posts small blind $1
sokol-max-PS: posts big blind $3
*** HOLE CARDS ***
zimin10: raises $3 to $6
sokol-max-PS: calls $3
*** FLOP *** [Td 2d 7d]
sokol-max-PS: checks
zimin10: bets $3
sokol-max-PS: calls $3
*** TURN *** [Td 2d 7d] [Kh]
sokol-max-PS: checks
zimin10: checks
*** RIVER *** [Td 2d 7d Kh] [Ac]
sokol-max-PS: checks
zimin10: bets $6
sokol-max-PS: calls $6
*** SHOW DOWN ***
zimin10: shows [9h 8d] (high card Ace)
sokol-max-PS: shows [8c Ts] (a pair of Tens)
sokol-max-PS collected $29.50 from pot
*** SUMMARY ***
Total pot $30 | Rake $0.50
Board [Td 2d 7d Kh Ac]
Seat 7: sokol-max-PS (big blind) showed [8c Ts] and won ($29.50) with a pair of Tens
Seat 9: zimin10 (button) (small blind) showed [9h 8d] and lost with high card Ace


PokerStars Hand #168512621558:  Hold'em Limit ($3/$6 USD) - 2017/04/03 7:22:37 ET
Table 'Bechuana' 10-max Seat #9 is the button
Seat 7: sokol-max-PS ($119.07 in chips)
Seat 9: zimin10 ($276.99 in chips)
zimin10: posts small blind $1
sokol-max-PS: posts big blind $3
*** HOLE CARDS ***
zimin10: raises $3 to $6
sokol-max-PS: calls $3
*** FLOP *** [5c Ts 7d]
sokol-max-PS: checks
zimin10: checks
*** TURN *** [5c Ts 7d] [6s]
sokol-max-PS: bets $6
zimin10: folds
Uncalled bet ($6) returned to sokol-max-PS
sokol-max-PS collected $11.76 from pot
*** SUMMARY ***
Total pot $12 | Rake $0.24
Board [5c Ts 7d 6s]
Seat 7: sokol-max-PS (big blind) collected ($11.76)
Seat 9: zimin10 (button) (small blind) folded on the Turn


PokerStars Hand #168512660134:  Hold'em Limit ($3/$6 USD) - 2017/04/03 7:24:03 ET
Table 'Bechuana' 10-max Seat #7 is the button
Seat 7: sokol-max-PS ($138.33 in chips)
Seat 9: zimin10 ($256.99 in chips)
sokol-max-PS: posts small blind $1
zimin10: posts big blind $3
*** HOLE CARDS ***
sokol-max-PS: raises $3 to $6
zimin10: calls $3
*** FLOP *** [Kh Jd 3s]
zimin10: checks
sokol-max-PS: checks
*** TURN *** [Kh Jd 3s] [5h]
zimin10: bets $6
sokol-max-PS: calls $6
*** RIVER *** [Kh Jd 3s 5h] [7s]
zimin10: bets $6
sokol-max-PS: calls $6
*** SHOW DOWN ***
zimin10: shows [5s 4c] (a pair of Fives)
sokol-max-PS: shows [Td Th] (a pair of Tens)
sokol-max-PS collected $35.50 from pot
*** SUMMARY ***
Total pot $36 | Rake $0.50
Board [Kh Jd 3s 5h 7s]
Seat 7: sokol-max-PS (button) (small blind) showed [Td Th] and won ($35.50) with a pair of Tens
Seat 9: zimin10 (big blind) showed [5s 4c] and lost with a pair of Fives


PokerStars Hand #168512676406:  Hold'em Limit ($3/$6 USD) - 2017/04/03 7:24:39 ET
Table 'Bechuana' 10-max Seat #9 is the button
Seat 7: sokol-max-PS ($155.83 in chips)
Seat 9: zimin10 ($238.99 in chips)
zimin10: posts small blind $1
sokol-max-PS: posts big blind $3
*** HOLE CARDS ***
zimin10: raises $3 to $6
sokol-max-PS: raises $3 to $9
zimin10: calls $3
*** FLOP *** [4s 9s 3d]
sokol-max-PS: bets $3
zimin10: folds
Uncalled bet ($3) returned to sokol-max-PS
sokol-max-PS collected $17.64 from pot
*** SUMMARY ***
Total pot $18 | Rake $0.36
Board [4s 9s 3d]
Seat 7: sokol-max-PS (big blind) collected ($17.64)
Seat 9: zimin10 (button) (small blind) folded on the Flop


PokerStars Hand #168512691217:  Hold'em Limit ($3/$6 USD) - 2017/04/03 7:25:12 ET
Table 'Bechuana' 10-max Seat #7 is the button
Seat 7: sokol-max-PS ($164.47 in chips)
Seat 9: zimin10 ($229.99 in chips)
sokol-max-PS: posts small blind $1
zimin10: posts big blind $3
*** HOLE CARDS ***
sokol-max-PS: raises $3 to $6
zimin10: folds
Uncalled bet ($3) returned to sokol-max-PS
sokol-max-PS collected $6 from pot
*** SUMMARY ***
Total pot $6 | Rake $0
Seat 7: sokol-max-PS (button) (small blind) collected ($6)
Seat 9: zimin10 (big blind) folded before Flop


PokerStars Hand #168512695268:  Hold'em Limit ($3/$6 USD) - 2017/04/03 7:25:21 ET
Table 'Bechuana' 10-max Seat #9 is the button
Seat 7: sokol-max-PS ($167.47 in chips)
Seat 9: zimin10 ($226.99 in chips)
zimin10: posts small blind $1
sokol-max-PS: posts big blind $3
*** HOLE CARDS ***
zimin10: raises $3 to $6
sokol-max-PS: raises $3 to $9
zimin10: calls $3
*** FLOP *** [7c 9h 8s]
sokol-max-PS: bets $3
zimin10: calls $3
*** TURN *** [7c 9h 8s] [7h]
sokol-max-PS: checks
zimin10: bets $6
sokol-max-PS: calls $6
*** RIVER *** [7c 9h 8s 7h] [Kc]
sokol-max-PS: checks
zimin10: bets $6
sokol-max-PS: raises $6 to $12
zimin10: calls $6
*** SHOW DOWN ***
sokol-max-PS: shows [Ad Kh] (two pair, Kings and Sevens)
zimin10: mucks hand
sokol-max-PS collected $59.50 from pot
*** SUMMARY ***
Total pot $60 | Rake $0.50
Board [7c 9h 8s 7h Kc]
Seat 7: sokol-max-PS (big blind) showed [Ad Kh] and won ($59.50) with two pair, Kings and Sevens
Seat 9: zimin10 (button) (small blind) mucked


PokerStars Hand #168512724167:  Hold'em Limit ($3/$6 USD) - 2017/04/03 7:26:25 ET
Table 'Bechuana' 10-max Seat #7 is the button
Seat 7: sokol-max-PS ($196.97 in chips)
Seat 9: zimin10 ($196.99 in chips)
sokol-max-PS: posts small blind $1
zimin10: posts big blind $3
*** HOLE CARDS ***
sokol-max-PS: raises $3 to $6
zimin10: calls $3
*** FLOP *** [9d 6d 9c]
zimin10: checks
sokol-max-PS: checks
*** TURN *** [9d 6d 9c] [Jh]
zimin10: checks
sokol-max-PS: checks
*** RIVER *** [9d 6d 9c Jh] [2d]
zimin10: checks
sokol-max-PS: checks
*** SHOW DOWN ***
zimin10: shows [Ks Tc] (a pair of Nines)
sokol-max-PS: shows [3c Ah] (a pair of Nines - Ace kicker)
sokol-max-PS collected $11.76 from pot
*** SUMMARY ***
Total pot $12 | Rake $0.24
Board [9d 6d 9c Jh 2d]
Seat 7: sokol-max-PS (button) (small blind) showed [3c Ah] and won ($11.76) with a pair of Nines
Seat 9: zimin10 (big blind) showed [Ks Tc] and lost with a pair of Nines


