PokerStars Hand #146386433532:  Hold'em Limit ($3/$6 USD) - 2016/01/03 8:55:16 ET
Table 'Becrux II' 6-max Seat #1 is the button
Seat 1: kolaz03 ($77.76 in chips)
Seat 6: yakovyyj ($24 in chips)
kolaz03: posts small blind $1
yakovyyj: posts big blind $3
*** HOLE CARDS ***
kolaz03: raises $3 to $6
yakovyyj: folds
Uncalled bet ($3) returned to kolaz03
kolaz03 collected $6 from pot
kolaz03: doesn't show hand
*** SUMMARY ***
Total pot $6 | Rake $0
Seat 1: kolaz03 (button) (small blind) collected ($6)
Seat 6: yakovyyj (big blind) folded before Flop


PokerStars Hand #146386463511:  Hold'em Limit ($3/$6 USD) - 2016/01/03 8:56:00 ET
Table 'Becrux II' 6-max Seat #6 is the button
Seat 1: kolaz03 ($75 in chips)
Seat 6: yakovyyj ($29.52 in chips)
yakovyyj: posts small blind $1
kolaz03: posts big blind $3
*** HOLE CARDS ***
yakovyyj: raises $3 to $6
kolaz03: calls $3
*** FLOP *** [Th 8s 3s]
kolaz03: checks
yakovyyj: bets $3
kolaz03: calls $3
*** TURN *** [Th 8s 3s] [9d]
kolaz03: checks
yakovyyj: bets $6
kolaz03: folds
Uncalled bet ($6) returned to yakovyyj
yakovyyj collected $17.64 from pot
yakovyyj: doesn't show hand
*** SUMMARY ***
Total pot $18 | Rake $0.36
Board [Th 8s 3s 9d]
Seat 1: kolaz03 (big blind) folded on the Turn
Seat 6: yakovyyj (button) (small blind) collected ($17.64)


PokerStars Hand #146386459810:  Hold'em Limit ($3/$6 USD) - 2016/01/03 8:55:54 ET
Table 'Becrux II' 6-max Seat #1 is the button
Seat 1: kolaz03 ($72 in chips)
Seat 6: yakovyyj ($32.52 in chips)
kolaz03: posts small blind $1
yakovyyj: posts big blind $3
*** HOLE CARDS ***
kolaz03: raises $3 to $6
yakovyyj: folds
Uncalled bet ($3) returned to kolaz03
kolaz03 collected $6 from pot
kolaz03: doesn't show hand
*** SUMMARY ***
Total pot $6 | Rake $0
Seat 1: kolaz03 (button) (small blind) collected ($6)
Seat 6: yakovyyj (big blind) folded before Flop


PokerStars Hand #146386440296:  Hold'em Limit ($3/$6 USD) - 2016/01/03 8:55:26 ET
Table 'Becrux II' 6-max Seat #6 is the button
Seat 1: kolaz03 ($80.76 in chips)
Seat 6: yakovyyj ($21 in chips)
yakovyyj: posts small blind $1
kolaz03: posts big blind $3
*** HOLE CARDS ***
yakovyyj: calls $2
kolaz03: raises $3 to $6
yakovyyj: calls $3
*** FLOP *** [3h 2c Td]
kolaz03: bets $3
yakovyyj: raises $3 to $6
kolaz03: calls $3
*** TURN *** [3h 2c Td] [3d]
kolaz03: checks
yakovyyj: checks
*** RIVER *** [3h 2c Td 3d] [Qh]
kolaz03: checks
yakovyyj: bets $6
kolaz03: folds
Uncalled bet ($6) returned to yakovyyj
yakovyyj collected $23.52 from pot
yakovyyj: doesn't show hand
*** SUMMARY ***
Total pot $24 | Rake $0.48
Board [3h 2c Td 3d Qh]
Seat 1: kolaz03 (big blind) folded on the River
Seat 6: yakovyyj (button) (small blind) collected ($23.52)


PokerStars Hand #146386513797:  Hold'em Limit ($3/$6 USD) - 2016/01/03 8:57:12 ET
Table 'Becrux II' 6-max Seat #1 is the button
Seat 1: kolaz03 ($89.50 in chips)
Seat 6: yakovyyj ($34.66 in chips)
kolaz03: posts small blind $1
yakovyyj: posts big blind $3
*** HOLE CARDS ***
artiZzt joins the table at seat #2
kolaz03: raises $3 to $6
yakovyyj: raises $3 to $9
kolaz03: calls $3
*** FLOP *** [3s Kc 4c]
yakovyyj: bets $3
kolaz03: folds
Uncalled bet ($3) returned to yakovyyj
yakovyyj collected $17.64 from pot
yakovyyj: doesn't show hand
*** SUMMARY ***
Total pot $18 | Rake $0.36
Board [3s Kc 4c]
Seat 1: kolaz03 (button) (small blind) folded on the Flop
Seat 6: yakovyyj (big blind) collected ($17.64)


PokerStars Hand #146386498049:  Hold'em Limit ($3/$6 USD) - 2016/01/03 8:56:49 ET
Table 'Becrux II' 6-max Seat #6 is the button
Seat 1: kolaz03 ($72 in chips)
Seat 6: yakovyyj ($52.66 in chips)
yakovyyj: posts small blind $1
kolaz03: posts big blind $3
*** HOLE CARDS ***
yakovyyj: raises $3 to $6
kolaz03: raises $3 to $9
yakovyyj: calls $3
*** FLOP *** [3h 2s 6s]
kolaz03: bets $3
yakovyyj: calls $3
*** TURN *** [3h 2s 6s] [6c]
kolaz03: bets $6
yakovyyj: calls $6
*** RIVER *** [3h 2s 6s 6c] [Ks]
kolaz03: checks
yakovyyj: checks
*** SHOW DOWN ***
kolaz03: shows [Jc Ad] (a pair of Sixes)
yakovyyj: mucks hand
kolaz03 collected $35.50 from pot
*** SUMMARY ***
Total pot $36 | Rake $0.50
Board [3h 2s 6s 6c Ks]
Seat 1: kolaz03 (big blind) showed [Jc Ad] and won ($35.50) with a pair of Sixes
Seat 6: yakovyyj (button) (small blind) mucked


PokerStars Hand #146386477347:  Hold'em Limit ($3/$6 USD) - 2016/01/03 8:56:20 ET
Table 'Becrux II' 6-max Seat #1 is the button
Seat 1: kolaz03 ($72 in chips)
Seat 6: yakovyyj ($38.16 in chips)
kolaz03: posts small blind $1
yakovyyj: posts big blind $3
*** HOLE CARDS ***
kolaz03: raises $3 to $6
yakovyyj: calls $3
*** FLOP *** [Ad 6h 7c]
yakovyyj: bets $3
kolaz03: calls $3
*** TURN *** [Ad 6h 7c] [Th]
yakovyyj: checks
kolaz03: bets $6
yakovyyj: calls $6
*** RIVER *** [Ad 6h 7c Th] [7h]
yakovyyj: checks
kolaz03: checks
*** SHOW DOWN ***
yakovyyj: shows [Ks 7s] (three of a kind, Sevens)
kolaz03: mucks hand
yakovyyj collected $29.50 from pot
*** SUMMARY ***
Total pot $30 | Rake $0.50
Board [Ad 6h 7c Th 7h]
Seat 1: kolaz03 (button) (small blind) mucked
Seat 6: yakovyyj (big blind) showed [Ks 7s] and won ($29.50) with three of a kind, Sevens


PokerStars Hand #146386537086:  Hold'em Limit ($3/$6 USD) - 2016/01/03 8:57:45 ET
Table 'Becrux II' 6-max Seat #6 is the button
Seat 1: kolaz03 ($80.50 in chips)
Seat 6: yakovyyj ($43.30 in chips)
yakovyyj: posts small blind $1
kolaz03: posts big blind $3
*** HOLE CARDS ***
yakovyyj: folds
Uncalled bet ($2) returned to kolaz03
kolaz03 collected $2 from pot
kolaz03: doesn't show hand
*** SUMMARY ***
Total pot $2 | Rake $0
Seat 1: kolaz03 (big blind) collected ($2)
Seat 6: yakovyyj (button) (small blind) folded before Flop


PokerStars Hand #146386753366:  Hold'em Limit ($3/$6 USD) - 2016/01/03 9:02:35 ET
Table 'Becrux II' 6-max Seat #1 is the button
Seat 1: kolaz03 ($99.17 in chips)
Seat 3: vovojc ($30.60 in chips)
kolaz03: posts small blind $1
artiZzt: is sitting out
vovojc: posts big blind $3
*** HOLE CARDS ***
artiZzt leaves the table
kolaz03: folds
Uncalled bet ($2) returned to vovojc
vovojc collected $2 from pot
*** SUMMARY ***
Total pot $2 | Rake $0
Seat 1: kolaz03 (button) (small blind) folded before Flop
Seat 3: vovojc (big blind) collected ($2)


