PokerStars Hand #148890543950:  Hold'em Limit ($3/$6 USD) - 2016/02/16 5:27:07 ET
Table 'Becrux' 6-max Seat #3 is the button
Seat 2: mishkamoya ($394.63 in chips)
Seat 3: VolkovDmitri ($141.99 in chips)
VolkovDmitri: posts small blind $1
mishkamoya: posts big blind $3
*** HOLE CARDS ***
VolkovDmitri: folds
Uncalled bet ($2) returned to mishkamoya
mishkamoya collected $2 from pot
mishkamoya: doesn't show hand
*** SUMMARY ***
Total pot $2 | Rake $0
Seat 2: mishkamoya (big blind) collected ($2)
Seat 3: VolkovDmitri (button) (small blind) folded before Flop


PokerStars Hand #148890549158:  Hold'em Limit ($3/$6 USD) - 2016/02/16 5:27:18 ET
Table 'Becrux' 6-max Seat #2 is the button
Seat 2: mishkamoya ($395.63 in chips)
Seat 3: VolkovDmitri ($140.99 in chips)
mishkamoya: posts small blind $1
VolkovDmitri: posts big blind $3
*** HOLE CARDS ***
mishkamoya: raises $3 to $6
VolkovDmitri: folds
Uncalled bet ($3) returned to mishkamoya
mishkamoya collected $6 from pot
mishkamoya: doesn't show hand
*** SUMMARY ***
Total pot $6 | Rake $0
Seat 2: mishkamoya (button) (small blind) collected ($6)
Seat 3: VolkovDmitri (big blind) folded before Flop


PokerStars Hand #148890531455:  Hold'em Limit ($3/$6 USD) - 2016/02/16 5:26:41 ET
Table 'Becrux' 6-max Seat #2 is the button
Seat 2: mishkamoya ($383.11 in chips)
Seat 3: VolkovDmitri ($153.99 in chips)
mishkamoya: posts small blind $1
VolkovDmitri: posts big blind $3
*** HOLE CARDS ***
mishkamoya: raises $3 to $6
VolkovDmitri: raises $3 to $9
mishkamoya: calls $3
*** FLOP *** [Ks 5s 7d]
VolkovDmitri: bets $3
mishkamoya: calls $3
*** TURN *** [Ks 5s 7d] [8s]
VolkovDmitri: checks
mishkamoya: checks
*** RIVER *** [Ks 5s 7d 8s] [Qd]
VolkovDmitri: checks
mishkamoya: checks
*** SHOW DOWN ***
VolkovDmitri: shows [2d 2c] (a pair of Deuces)
mishkamoya: shows [5d 4d] (a pair of Fives)
mishkamoya collected $23.52 from pot
*** SUMMARY ***
Total pot $24 | Rake $0.48
Board [Ks 5s 7d 8s Qd]
Seat 2: mishkamoya (button) (small blind) showed [5d 4d] and won ($23.52) with a pair of Fives
Seat 3: VolkovDmitri (big blind) showed [2d 2c] and lost with a pair of Deuces


PokerStars Hand #148890552341:  Hold'em Limit ($3/$6 USD) - 2016/02/16 5:27:25 ET
Table 'Becrux' 6-max Seat #3 is the button
Seat 2: mishkamoya ($398.63 in chips)
Seat 3: VolkovDmitri ($137.99 in chips)
VolkovDmitri: posts small blind $1
mishkamoya: posts big blind $3
*** HOLE CARDS ***
VolkovDmitri: raises $3 to $6
mishkamoya: calls $3
*** FLOP *** [2s 3c 7s]
mishkamoya: checks
VolkovDmitri: bets $3
mishkamoya: folds
Uncalled bet ($3) returned to VolkovDmitri
VolkovDmitri collected $11.76 from pot
VolkovDmitri: doesn't show hand
*** SUMMARY ***
Total pot $12 | Rake $0.24
Board [2s 3c 7s]
Seat 2: mishkamoya (big blind) folded on the Flop
Seat 3: VolkovDmitri (button) (small blind) collected ($11.76)


PokerStars Hand #148890572378:  Hold'em Limit ($3/$6 USD) - 2016/02/16 5:28:07 ET
Table 'Becrux' 6-max Seat #2 is the button
Seat 2: mishkamoya ($370.63 in chips)
Seat 3: VolkovDmitri ($165.25 in chips)
mishkamoya: posts small blind $1
VolkovDmitri: posts big blind $3
*** HOLE CARDS ***
mishkamoya: folds
Uncalled bet ($2) returned to VolkovDmitri
VolkovDmitri collected $2 from pot
VolkovDmitri: doesn't show hand
*** SUMMARY ***
Total pot $2 | Rake $0
Seat 2: mishkamoya (button) (small blind) folded before Flop
Seat 3: VolkovDmitri (big blind) collected ($2)


PokerStars Hand #148890558734:  Hold'em Limit ($3/$6 USD) - 2016/02/16 5:27:38 ET
Table 'Becrux' 6-max Seat #2 is the button
Seat 2: mishkamoya ($392.63 in chips)
Seat 3: VolkovDmitri ($143.75 in chips)
mishkamoya: posts small blind $1
VolkovDmitri: posts big blind $3
*** HOLE CARDS ***
mishkamoya: folds
Uncalled bet ($2) returned to VolkovDmitri
VolkovDmitri collected $2 from pot
VolkovDmitri: doesn't show hand
*** SUMMARY ***
Total pot $2 | Rake $0
Seat 2: mishkamoya (button) (small blind) folded before Flop
Seat 3: VolkovDmitri (big blind) collected ($2)


PokerStars Hand #148890574725:  Hold'em Limit ($3/$6 USD) - 2016/02/16 5:28:12 ET
Table 'Becrux' 6-max Seat #3 is the button
Seat 2: mishkamoya ($369.63 in chips)
Seat 3: VolkovDmitri ($166.25 in chips)
VolkovDmitri: posts small blind $1
mishkamoya: posts big blind $3
*** HOLE CARDS ***
VolkovDmitri: raises $3 to $6
mishkamoya: calls $3
*** FLOP *** [5h 4d 6s]
mishkamoya: checks
VolkovDmitri: bets $3
mishkamoya: raises $3 to $6
VolkovDmitri: calls $3
*** TURN *** [5h 4d 6s] [3d]
mishkamoya: bets $6
VolkovDmitri: calls $6
*** RIVER *** [5h 4d 6s 3d] [2s]
mishkamoya: bets $6
VolkovDmitri: calls $6
*** SHOW DOWN ***
mishkamoya: shows [8h 7s] (a straight, Four to Eight)
VolkovDmitri: mucks hand
mishkamoya collected $47.50 from pot
*** SUMMARY ***
Total pot $48 | Rake $0.50
Board [5h 4d 6s 3d 2s]
Seat 2: mishkamoya (big blind) showed [8h 7s] and won ($47.50) with a straight, Four to Eight
Seat 3: VolkovDmitri (button) (small blind) mucked


PokerStars Hand #148890602774:  Hold'em Limit ($3/$6 USD) - 2016/02/16 5:29:11 ET
Table 'Becrux' 6-max Seat #3 is the button
Seat 2: mishkamoya ($407.63 in chips)
Seat 3: VolkovDmitri ($127.25 in chips)
VolkovDmitri: posts small blind $1
mishkamoya: posts big blind $3
*** HOLE CARDS ***
VolkovDmitri: raises $3 to $6
mishkamoya: folds
Uncalled bet ($3) returned to VolkovDmitri
VolkovDmitri collected $6 from pot
VolkovDmitri: doesn't show hand
*** SUMMARY ***
Total pot $6 | Rake $0
Seat 2: mishkamoya (big blind) folded before Flop
Seat 3: VolkovDmitri (button) (small blind) collected ($6)


PokerStars Hand #148890589220:  Hold'em Limit ($3/$6 USD) - 2016/02/16 5:28:43 ET
Table 'Becrux' 6-max Seat #2 is the button
Seat 2: mishkamoya ($393.13 in chips)
Seat 3: VolkovDmitri ($142.25 in chips)
mishkamoya: posts small blind $1
VolkovDmitri: posts big blind $3
*** HOLE CARDS ***
mishkamoya: raises $3 to $6
VolkovDmitri: calls $3
*** FLOP *** [9h Ac 4h]
VolkovDmitri: checks
mishkamoya: bets $3
VolkovDmitri: calls $3
*** TURN *** [9h Ac 4h] [5s]
VolkovDmitri: checks
mishkamoya: checks
*** RIVER *** [9h Ac 4h 5s] [6h]
VolkovDmitri: bets $6
mishkamoya: raises $6 to $12
VolkovDmitri: folds
Uncalled bet ($6) returned to mishkamoya
mishkamoya collected $29.50 from pot
mishkamoya: doesn't show hand
*** SUMMARY ***
Total pot $30 | Rake $0.50
Board [9h Ac 4h 5s 6h]
Seat 2: mishkamoya (button) (small blind) collected ($29.50)
Seat 3: VolkovDmitri (big blind) folded on the River


PokerStars Hand #148890605561:  Hold'em Limit ($3/$6 USD) - 2016/02/16 5:29:17 ET
Table 'Becrux' 6-max Seat #2 is the button
Seat 2: mishkamoya ($404.63 in chips)
Seat 3: VolkovDmitri ($130.25 in chips)
mishkamoya: posts small blind $1
VolkovDmitri: posts big blind $3
*** HOLE CARDS ***
mishkamoya: raises $3 to $6
VolkovDmitri: calls $3
*** FLOP *** [8d 9d Js]
VolkovDmitri: checks
mishkamoya: bets $3
VolkovDmitri: raises $3 to $6
mishkamoya: raises $3 to $9
VolkovDmitri: raises $3 to $12
Betting is capped
mishkamoya: calls $3
*** TURN *** [8d 9d Js] [Jc]
VolkovDmitri: bets $6
mishkamoya: raises $6 to $12
VolkovDmitri: calls $6
*** RIVER *** [8d 9d Js Jc] [2d]
VolkovDmitri: checks
mishkamoya: bets $6
VolkovDmitri: calls $6
*** SHOW DOWN ***
mishkamoya: shows [Jd 8h] (a full house, Jacks full of Eights)
VolkovDmitri: mucks hand
mishkamoya collected $71.50 from pot
*** SUMMARY ***
Total pot $72 | Rake $0.50
Board [8d 9d Js Jc 2d]
Seat 2: mishkamoya (button) (small blind) showed [Jd 8h] and won ($71.50) with a full house, Jacks full of Eights
Seat 3: VolkovDmitri (big blind) mucked


PokerStars Hand #148890617784:  Hold'em Limit ($3/$6 USD) - 2016/02/16 5:29:43 ET
Table 'Becrux' 6-max Seat #3 is the button
Seat 2: mishkamoya ($440.13 in chips)
Seat 3: VolkovDmitri ($120 in chips)
VolkovDmitri: posts small blind $1
mishkamoya: posts big blind $3
*** HOLE CARDS ***
VolkovDmitri: raises $3 to $6
mishkamoya: raises $3 to $9
VolkovDmitri: calls $3
*** FLOP *** [Qc 4s 3c]
mishkamoya: checks
VolkovDmitri: checks
*** TURN *** [Qc 4s 3c] [Ah]
mishkamoya: bets $6
VolkovDmitri: folds
Uncalled bet ($6) returned to mishkamoya
mishkamoya collected $17.64 from pot
mishkamoya: doesn't show hand
*** SUMMARY ***
Total pot $18 | Rake $0.36
Board [Qc 4s 3c Ah]
Seat 2: mishkamoya (big blind) collected ($17.64)
Seat 3: VolkovDmitri (button) (small blind) folded on the Turn


PokerStars Hand #148890631770:  Hold'em Limit ($3/$6 USD) - 2016/02/16 5:30:12 ET
Table 'Becrux' 6-max Seat #2 is the button
Seat 2: mishkamoya ($448.77 in chips)
Seat 3: VolkovDmitri ($120 in chips)
mishkamoya: posts small blind $1
VolkovDmitri: posts big blind $3
*** HOLE CARDS ***
mishkamoya: folds
Uncalled bet ($2) returned to VolkovDmitri
VolkovDmitri collected $2 from pot
VolkovDmitri: doesn't show hand
*** SUMMARY ***
Total pot $2 | Rake $0
Seat 2: mishkamoya (button) (small blind) folded before Flop
Seat 3: VolkovDmitri (big blind) collected ($2)


PokerStars Hand #148890647549:  Hold'em Limit ($3/$6 USD) - 2016/02/16 5:30:45 ET
Table 'Becrux' 6-max Seat #2 is the button
Seat 2: mishkamoya ($462.27 in chips)
Seat 3: VolkovDmitri ($120 in chips)
mishkamoya: posts small blind $1
VolkovDmitri: posts big blind $3
*** HOLE CARDS ***
mishkamoya: raises $3 to $6
VolkovDmitri: calls $3
*** FLOP *** [9d Ks 8s]
VolkovDmitri: checks
mishkamoya: checks
*** TURN *** [9d Ks 8s] [Kc]
VolkovDmitri: checks
mishkamoya: checks
*** RIVER *** [9d Ks 8s Kc] [2s]
VolkovDmitri: checks
mishkamoya: bets $6
VolkovDmitri: calls $6
*** SHOW DOWN ***
mishkamoya: shows [4h 5h] (a pair of Kings)
VolkovDmitri: shows [4d Qs] (a pair of Kings - Queen kicker)
VolkovDmitri collected $23.52 from pot
*** SUMMARY ***
Total pot $24 | Rake $0.48
Board [9d Ks 8s Kc 2s]
Seat 2: mishkamoya (button) (small blind) showed [4h 5h] and lost with a pair of Kings
Seat 3: VolkovDmitri (big blind) showed [4d Qs] and won ($23.52) with a pair of Kings


PokerStars Hand #148890634093:  Hold'em Limit ($3/$6 USD) - 2016/02/16 5:30:17 ET
Table 'Becrux' 6-max Seat #3 is the button
Seat 2: mishkamoya ($447.77 in chips)
Seat 3: VolkovDmitri ($121 in chips)
VolkovDmitri: posts small blind $1
mishkamoya: posts big blind $3
*** HOLE CARDS ***
VolkovDmitri: raises $3 to $6
mishkamoya: calls $3
*** FLOP *** [Th Qd 9d]
mishkamoya: checks
VolkovDmitri: bets $3
mishkamoya: calls $3
*** TURN *** [Th Qd 9d] [Jd]
mishkamoya: checks
VolkovDmitri: checks
*** RIVER *** [Th Qd 9d Jd] [5s]
mishkamoya: bets $6
VolkovDmitri: calls $6
*** SHOW DOWN ***
mishkamoya: shows [4h 8d] (a straight, Eight to Queen)
VolkovDmitri: mucks hand
mishkamoya collected $29.50 from pot
*** SUMMARY ***
Total pot $30 | Rake $0.50
Board [Th Qd 9d Jd 5s]
Seat 2: mishkamoya (big blind) showed [4h 8d] and won ($29.50) with a straight, Eight to Queen
Seat 3: VolkovDmitri (button) (small blind) mucked


PokerStars Hand #148890658434:  Hold'em Limit ($3/$6 USD) - 2016/02/16 5:31:08 ET
Table 'Becrux' 6-max Seat #3 is the button
Seat 2: mishkamoya ($450.27 in chips)
Seat 3: VolkovDmitri ($131.52 in chips)
VolkovDmitri: posts small blind $1
mishkamoya: posts big blind $3
*** HOLE CARDS ***
VolkovDmitri: raises $3 to $6
mishkamoya: raises $3 to $9
VolkovDmitri: calls $3
*** FLOP *** [Js 3c 8h]
mishkamoya: bets $3
VolkovDmitri: calls $3
*** TURN *** [Js 3c 8h] [5c]
mishkamoya: checks
VolkovDmitri: bets $6
mishkamoya: calls $6
*** RIVER *** [Js 3c 8h 5c] [8d]
mishkamoya: checks
VolkovDmitri: bets $6
mishkamoya: calls $6
*** SHOW DOWN ***
VolkovDmitri: shows [Ah Qc] (a pair of Eights)
mishkamoya: shows [Ad 3d] (two pair, Eights and Threes)
mishkamoya collected $47.50 from pot
*** SUMMARY ***
Total pot $48 | Rake $0.50
Board [Js 3c 8h 5c 8d]
Seat 2: mishkamoya (big blind) showed [Ad 3d] and won ($47.50) with two pair, Eights and Threes
Seat 3: VolkovDmitri (button) (small blind) showed [Ah Qc] and lost with a pair of Eights


PokerStars Hand #148890689810:  Hold'em Limit ($3/$6 USD) - 2016/02/16 5:32:13 ET
Table 'Becrux' 6-max Seat #3 is the button
Seat 2: mishkamoya ($434.77 in chips)
Seat 3: VolkovDmitri ($157.90 in chips)
VolkovDmitri: posts small blind $1
mishkamoya: posts big blind $3
*** HOLE CARDS ***
VolkovDmitri: raises $3 to $6
mishkamoya: raises $3 to $9
VolkovDmitri: calls $3
*** FLOP *** [Td 4s Ah]
mishkamoya: checks
VolkovDmitri: checks
*** TURN *** [Td 4s Ah] [Tc]
mishkamoya: bets $6
VolkovDmitri: calls $6
*** RIVER *** [Td 4s Ah Tc] [Qc]
mishkamoya: bets $6
VolkovDmitri: folds
Uncalled bet ($6) returned to mishkamoya
mishkamoya collected $29.50 from pot
mishkamoya: doesn't show hand
*** SUMMARY ***
Total pot $30 | Rake $0.50
Board [Td 4s Ah Tc Qc]
Seat 2: mishkamoya (big blind) collected ($29.50)
Seat 3: VolkovDmitri (button) (small blind) folded on the River


PokerStars Hand #148890684273:  Hold'em Limit ($3/$6 USD) - 2016/02/16 5:32:01 ET
Table 'Becrux' 6-max Seat #2 is the button
Seat 2: mishkamoya ($440.77 in chips)
Seat 3: VolkovDmitri ($152.14 in chips)
mishkamoya: posts small blind $1
VolkovDmitri: posts big blind $3
*** HOLE CARDS ***
mishkamoya: raises $3 to $6
VolkovDmitri: calls $3
*** FLOP *** [4d Js 7h]
VolkovDmitri: bets $3
mishkamoya: folds
Uncalled bet ($3) returned to VolkovDmitri
VolkovDmitri collected $11.76 from pot
VolkovDmitri: doesn't show hand
*** SUMMARY ***
Total pot $12 | Rake $0.24
Board [4d Js 7h]
Seat 2: mishkamoya (button) (small blind) folded on the Flop
Seat 3: VolkovDmitri (big blind) collected ($11.76)


PokerStars Hand #148890698769:  Hold'em Limit ($3/$6 USD) - 2016/02/16 5:32:32 ET
Table 'Becrux' 6-max Seat #2 is the button
Seat 2: mishkamoya ($449.27 in chips)
Seat 3: VolkovDmitri ($142.90 in chips)
mishkamoya: posts small blind $1
VolkovDmitri: posts big blind $3
*** HOLE CARDS ***
mishkamoya: folds
Uncalled bet ($2) returned to VolkovDmitri
VolkovDmitri collected $2 from pot
VolkovDmitri: doesn't show hand
*** SUMMARY ***
Total pot $2 | Rake $0
Seat 2: mishkamoya (button) (small blind) folded before Flop
Seat 3: VolkovDmitri (big blind) collected ($2)


PokerStars Hand #148890668145:  Hold'em Limit ($3/$6 USD) - 2016/02/16 5:31:28 ET
Table 'Becrux' 6-max Seat #2 is the button
Seat 2: mishkamoya ($473.77 in chips)
Seat 3: VolkovDmitri ($120 in chips)
mishkamoya: posts small blind $1
VolkovDmitri: posts big blind $3
*** HOLE CARDS ***
mishkamoya: raises $3 to $6
VolkovDmitri: calls $3
*** FLOP *** [5s Jh 9s]
VolkovDmitri: checks
mishkamoya: bets $3
VolkovDmitri: raises $3 to $6
mishkamoya: calls $3
*** TURN *** [5s Jh 9s] [8s]
VolkovDmitri: bets $6
mishkamoya: calls $6
*** RIVER *** [5s Jh 9s 8s] [2c]
VolkovDmitri: bets $6
mishkamoya: calls $6
*** SHOW DOWN ***
VolkovDmitri: shows [9c Jd] (two pair, Jacks and Nines)
mishkamoya: mucks hand
VolkovDmitri collected $47.50 from pot
*** SUMMARY ***
Total pot $48 | Rake $0.50
Board [5s Jh 9s 8s 2c]
Seat 2: mishkamoya (button) (small blind) mucked
Seat 3: VolkovDmitri (big blind) showed [9c Jd] and won ($47.50) with two pair, Jacks and Nines


PokerStars Hand #148890676383:  Hold'em Limit ($3/$6 USD) - 2016/02/16 5:31:45 ET
Table 'Becrux' 6-max Seat #3 is the button
Seat 2: mishkamoya ($449.77 in chips)
Seat 3: VolkovDmitri ($143.50 in chips)
VolkovDmitri: posts small blind $1
mishkamoya: posts big blind $3
*** HOLE CARDS ***
VolkovDmitri: raises $3 to $6
mishkamoya: calls $3
*** FLOP *** [8d Th 6h]
mishkamoya: checks
VolkovDmitri: bets $3
mishkamoya: calls $3
*** TURN *** [8d Th 6h] [Qc]
mishkamoya: checks
VolkovDmitri: checks
*** RIVER *** [8d Th 6h Qc] [4c]
mishkamoya: checks
VolkovDmitri: checks
*** SHOW DOWN ***
mishkamoya: shows [Ks 7c] (high card King)
VolkovDmitri: shows [Jh Ac] (high card Ace)
VolkovDmitri collected $17.64 from pot
*** SUMMARY ***
Total pot $18 | Rake $0.36
Board [8d Th 6h Qc 4c]
Seat 2: mishkamoya (big blind) showed [Ks 7c] and lost with high card King
Seat 3: VolkovDmitri (button) (small blind) showed [Jh Ac] and won ($17.64) with high card Ace


PokerStars Hand #148890722374:  Hold'em Limit ($3/$6 USD) - 2016/02/16 5:33:21 ET
Table 'Becrux' 6-max Seat #2 is the button
Seat 2: mishkamoya ($452.79 in chips)
Seat 3: VolkovDmitri ($138.66 in chips)
mishkamoya: posts small blind $1
VolkovDmitri: posts big blind $3
*** HOLE CARDS ***
mishkamoya: folds
Uncalled bet ($2) returned to VolkovDmitri
VolkovDmitri collected $2 from pot
VolkovDmitri: doesn't show hand
*** SUMMARY ***
Total pot $2 | Rake $0
Seat 2: mishkamoya (button) (small blind) folded before Flop
Seat 3: VolkovDmitri (big blind) collected ($2)


PokerStars Hand #148890708092:  Hold'em Limit ($3/$6 USD) - 2016/02/16 5:32:51 ET
Table 'Becrux' 6-max Seat #3 is the button
Seat 2: mishkamoya ($441.27 in chips)
Seat 3: VolkovDmitri ($150.66 in chips)
VolkovDmitri: posts small blind $1
mishkamoya: posts big blind $3
*** HOLE CARDS ***
VolkovDmitri: raises $3 to $6
mishkamoya: raises $3 to $9
VolkovDmitri: calls $3
*** FLOP *** [6h 5d Ks]
mishkamoya: checks
VolkovDmitri: bets $3
mishkamoya: raises $3 to $6
VolkovDmitri: folds
Uncalled bet ($3) returned to mishkamoya
mishkamoya collected $23.52 from pot
mishkamoya: doesn't show hand
*** SUMMARY ***
Total pot $24 | Rake $0.48
Board [6h 5d Ks]
Seat 2: mishkamoya (big blind) collected ($23.52)
Seat 3: VolkovDmitri (button) (small blind) folded on the Flop


PokerStars Hand #148890705717:  Hold'em Limit ($3/$6 USD) - 2016/02/16 5:32:46 ET
Table 'Becrux' 6-max Seat #2 is the button
Seat 2: mishkamoya ($442.27 in chips)
Seat 3: VolkovDmitri ($149.66 in chips)
mishkamoya: posts small blind $1
VolkovDmitri: posts big blind $3
*** HOLE CARDS ***
mishkamoya: folds
Uncalled bet ($2) returned to VolkovDmitri
VolkovDmitri collected $2 from pot
VolkovDmitri: doesn't show hand
*** SUMMARY ***
Total pot $2 | Rake $0
Seat 2: mishkamoya (button) (small blind) folded before Flop
Seat 3: VolkovDmitri (big blind) collected ($2)


PokerStars Hand #148890701249:  Hold'em Limit ($3/$6 USD) - 2016/02/16 5:32:37 ET
Table 'Becrux' 6-max Seat #3 is the button
Seat 2: mishkamoya ($448.27 in chips)
Seat 3: VolkovDmitri ($143.90 in chips)
VolkovDmitri: posts small blind $1
mishkamoya: posts big blind $3
*** HOLE CARDS ***
VolkovDmitri: raises $3 to $6
mishkamoya: calls $3
*** FLOP *** [3c 7c Jc]
mishkamoya: checks
VolkovDmitri: bets $3
mishkamoya: folds
Uncalled bet ($3) returned to VolkovDmitri
VolkovDmitri collected $11.76 from pot
VolkovDmitri: doesn't show hand
*** SUMMARY ***
Total pot $12 | Rake $0.24
Board [3c 7c Jc]
Seat 2: mishkamoya (big blind) folded on the Flop
Seat 3: VolkovDmitri (button) (small blind) collected ($11.76)


PokerStars Hand #148890750143:  Hold'em Limit ($3/$6 USD) - 2016/02/16 5:34:18 ET
Table 'Becrux' 6-max Seat #2 is the button
Seat 2: mishkamoya ($484.29 in chips)
Seat 3: VolkovDmitri ($120 in chips)
mishkamoya: posts small blind $1
VolkovDmitri: posts big blind $3
*** HOLE CARDS ***
mishkamoya: folds
Uncalled bet ($2) returned to VolkovDmitri
VolkovDmitri collected $2 from pot
VolkovDmitri: doesn't show hand
*** SUMMARY ***
Total pot $2 | Rake $0
Seat 2: mishkamoya (button) (small blind) folded before Flop
Seat 3: VolkovDmitri (big blind) collected ($2)


PokerStars Hand #148890724553:  Hold'em Limit ($3/$6 USD) - 2016/02/16 5:33:25 ET
Table 'Becrux' 6-max Seat #3 is the button
Seat 2: mishkamoya ($451.79 in chips)
Seat 3: VolkovDmitri ($139.66 in chips)
VolkovDmitri: posts small blind $1
mishkamoya: posts big blind $3
*** HOLE CARDS ***
VolkovDmitri: raises $3 to $6
mishkamoya: raises $3 to $9
VolkovDmitri: calls $3
*** FLOP *** [Jh 3c Ts]
mishkamoya: checks
VolkovDmitri: bets $3
mishkamoya: raises $3 to $6
VolkovDmitri: calls $3
*** TURN *** [Jh 3c Ts] [Ks]
mishkamoya: bets $6
VolkovDmitri: raises $6 to $12
mishkamoya: calls $6
*** RIVER *** [Jh 3c Ts Ks] [4s]
mishkamoya: checks
VolkovDmitri: bets $6
mishkamoya: calls $6
*** SHOW DOWN ***
VolkovDmitri: shows [Qh Kh] (a pair of Kings)
mishkamoya: shows [As Kc] (a pair of Kings - Ace kicker)
mishkamoya collected $65.50 from pot
*** SUMMARY ***
Total pot $66 | Rake $0.50
Board [Jh 3c Ts Ks 4s]
Seat 2: mishkamoya (big blind) showed [As Kc] and won ($65.50) with a pair of Kings
Seat 3: VolkovDmitri (button) (small blind) showed [Qh Kh] and lost with a pair of Kings


PokerStars Hand #148890764979:  Hold'em Limit ($3/$6 USD) - 2016/02/16 5:34:49 ET
Table 'Becrux' 6-max Seat #2 is the button
Seat 2: mishkamoya ($474.29 in chips)
Seat 3: VolkovDmitri ($129.64 in chips)
mishkamoya: posts small blind $1
VolkovDmitri: posts big blind $3
*** HOLE CARDS ***
mishkamoya: raises $3 to $6
VolkovDmitri: calls $3
*** FLOP *** [3s Qc 7h]
VolkovDmitri: checks
mishkamoya: checks
*** TURN *** [3s Qc 7h] [3d]
VolkovDmitri: checks
mishkamoya: checks
*** RIVER *** [3s Qc 7h 3d] [8h]
VolkovDmitri: checks
mishkamoya: checks
*** SHOW DOWN ***
VolkovDmitri: shows [2c Ks] (a pair of Threes)
mishkamoya: shows [Ah 9d] (a pair of Threes - Ace kicker)
mishkamoya collected $11.76 from pot
*** SUMMARY ***
Total pot $12 | Rake $0.24
Board [3s Qc 7h 3d 8h]
Seat 2: mishkamoya (button) (small blind) showed [Ah 9d] and won ($11.76) with a pair of Threes
Seat 3: VolkovDmitri (big blind) showed [2c Ks] and lost with a pair of Threes


PokerStars Hand #148890774454:  Hold'em Limit ($3/$6 USD) - 2016/02/16 5:35:09 ET
Table 'Becrux' 6-max Seat #3 is the button
Seat 2: mishkamoya ($480.05 in chips)
Seat 3: VolkovDmitri ($123.64 in chips)
VolkovDmitri: posts small blind $1
mishkamoya: posts big blind $3
*** HOLE CARDS ***
VolkovDmitri: raises $3 to $6
mishkamoya: raises $3 to $9
VolkovDmitri: calls $3
*** FLOP *** [4c Js Ts]
mishkamoya: checks
VolkovDmitri: bets $3
mishkamoya: calls $3
*** TURN *** [4c Js Ts] [As]
mishkamoya: checks
VolkovDmitri: checks
*** RIVER *** [4c Js Ts As] [9s]
mishkamoya: bets $6
VolkovDmitri: folds
Uncalled bet ($6) returned to mishkamoya
mishkamoya collected $23.52 from pot
mishkamoya: doesn't show hand
*** SUMMARY ***
Total pot $24 | Rake $0.48
Board [4c Js Ts As 9s]
Seat 2: mishkamoya (big blind) collected ($23.52)
Seat 3: VolkovDmitri (button) (small blind) folded on the River


PokerStars Hand #148890752427:  Hold'em Limit ($3/$6 USD) - 2016/02/16 5:34:23 ET
Table 'Becrux' 6-max Seat #3 is the button
Seat 2: mishkamoya ($483.29 in chips)
Seat 3: VolkovDmitri ($121 in chips)
VolkovDmitri: posts small blind $1
mishkamoya: posts big blind $3
*** HOLE CARDS ***
VolkovDmitri: raises $3 to $6
mishkamoya: calls $3
*** FLOP *** [5d Jd Ad]
mishkamoya: checks
VolkovDmitri: bets $3
mishkamoya: calls $3
*** TURN *** [5d Jd Ad] [4h]
mishkamoya: checks
VolkovDmitri: checks
*** RIVER *** [5d Jd Ad 4h] [Qc]
mishkamoya: checks
VolkovDmitri: bets $6
mishkamoya: folds
Uncalled bet ($6) returned to VolkovDmitri
VolkovDmitri collected $17.64 from pot
VolkovDmitri: doesn't show hand
*** SUMMARY ***
Total pot $18 | Rake $0.36
Board [5d Jd Ad 4h Qc]
Seat 2: mishkamoya (big blind) folded on the River
Seat 3: VolkovDmitri (button) (small blind) collected ($17.64)


PokerStars Hand #148890803992:  Hold'em Limit ($3/$6 USD) - 2016/02/16 5:36:10 ET
Table 'Becrux' 6-max Seat #2 is the button
Seat 2: mishkamoya ($484.57 in chips)
Seat 3: VolkovDmitri ($126.76 in chips)
mishkamoya: posts small blind $1
VolkovDmitri: posts big blind $3
*** HOLE CARDS ***
mishkamoya: folds
Uncalled bet ($2) returned to VolkovDmitri
VolkovDmitri collected $2 from pot
VolkovDmitri: doesn't show hand
*** SUMMARY ***
Total pot $2 | Rake $0
Seat 2: mishkamoya (button) (small blind) folded before Flop
Seat 3: VolkovDmitri (big blind) collected ($2)


PokerStars Hand #148890792653:  Hold'em Limit ($3/$6 USD) - 2016/02/16 5:35:46 ET
Table 'Becrux' 6-max Seat #3 is the button
Seat 2: mishkamoya ($490.57 in chips)
Seat 3: VolkovDmitri ($121 in chips)
VolkovDmitri: posts small blind $1
mishkamoya: posts big blind $3
*** HOLE CARDS ***
VolkovDmitri: raises $3 to $6
mishkamoya: calls $3
*** FLOP *** [Ts 7h Qs]
mishkamoya: checks
VolkovDmitri: bets $3
mishkamoya: folds
Uncalled bet ($3) returned to VolkovDmitri
VolkovDmitri collected $11.76 from pot
VolkovDmitri: doesn't show hand
*** SUMMARY ***
Total pot $12 | Rake $0.24
Board [Ts 7h Qs]
Seat 2: mishkamoya (big blind) folded on the Flop
Seat 3: VolkovDmitri (button) (small blind) collected ($11.76)


PokerStars Hand #148890808851:  Hold'em Limit ($3/$6 USD) - 2016/02/16 5:36:20 ET
Table 'Becrux' 6-max Seat #2 is the button
Seat 2: mishkamoya ($484.57 in chips)
Seat 3: VolkovDmitri ($126.76 in chips)
mishkamoya: posts small blind $1
VolkovDmitri: posts big blind $3
*** HOLE CARDS ***
mishkamoya: folds
Uncalled bet ($2) returned to VolkovDmitri
VolkovDmitri collected $2 from pot
VolkovDmitri: doesn't show hand
*** SUMMARY ***
Total pot $2 | Rake $0
Seat 2: mishkamoya (button) (small blind) folded before Flop
Seat 3: VolkovDmitri (big blind) collected ($2)


PokerStars Hand #148890806225:  Hold'em Limit ($3/$6 USD) - 2016/02/16 5:36:14 ET
Table 'Becrux' 6-max Seat #3 is the button
Seat 2: mishkamoya ($483.57 in chips)
Seat 3: VolkovDmitri ($127.76 in chips)
VolkovDmitri: posts small blind $1
mishkamoya: posts big blind $3
*** HOLE CARDS ***
VolkovDmitri: folds
Uncalled bet ($2) returned to mishkamoya
mishkamoya collected $2 from pot
mishkamoya: doesn't show hand
*** SUMMARY ***
Total pot $2 | Rake $0
Seat 2: mishkamoya (big blind) collected ($2)
Seat 3: VolkovDmitri (button) (small blind) folded before Flop


PokerStars Hand #148890790220:  Hold'em Limit ($3/$6 USD) - 2016/02/16 5:35:41 ET
Table 'Becrux' 6-max Seat #2 is the button
Seat 2: mishkamoya ($491.57 in chips)
Seat 3: VolkovDmitri ($120 in chips)
mishkamoya: posts small blind $1
VolkovDmitri: posts big blind $3
*** HOLE CARDS ***
mishkamoya: folds
Uncalled bet ($2) returned to VolkovDmitri
VolkovDmitri collected $2 from pot
VolkovDmitri: doesn't show hand
*** SUMMARY ***
Total pot $2 | Rake $0
Seat 2: mishkamoya (button) (small blind) folded before Flop
Seat 3: VolkovDmitri (big blind) collected ($2)


PokerStars Hand #148890822647:  Hold'em Limit ($3/$6 USD) - 2016/02/16 5:36:48 ET
Table 'Becrux' 6-max Seat #2 is the button
Seat 2: mishkamoya ($477.57 in chips)
Seat 3: VolkovDmitri ($133.52 in chips)
mishkamoya: posts small blind $1
VolkovDmitri: posts big blind $3
*** HOLE CARDS ***
mishkamoya: raises $3 to $6
VolkovDmitri: calls $3
*** FLOP *** [Qc Kh 8d]
VolkovDmitri: checks
mishkamoya: checks
*** TURN *** [Qc Kh 8d] [Ac]
VolkovDmitri: checks
mishkamoya: bets $6
VolkovDmitri: folds
Uncalled bet ($6) returned to mishkamoya
mishkamoya collected $11.76 from pot
mishkamoya: doesn't show hand
*** SUMMARY ***
Total pot $12 | Rake $0.24
Board [Qc Kh 8d Ac]
Seat 2: mishkamoya (button) (small blind) collected ($11.76)
Seat 3: VolkovDmitri (big blind) folded on the Turn


PokerStars Hand #148890846057:  Hold'em Limit ($3/$6 USD) - 2016/02/16 5:37:36 ET
Table 'Becrux' 6-max Seat #2 is the button
Seat 2: mishkamoya ($491.97 in chips)
Seat 3: VolkovDmitri ($120 in chips)
mishkamoya: posts small blind $1
VolkovDmitri: posts big blind $3
*** HOLE CARDS ***
mishkamoya: folds
Uncalled bet ($2) returned to VolkovDmitri
VolkovDmitri collected $2 from pot
VolkovDmitri: doesn't show hand
*** SUMMARY ***
Total pot $2 | Rake $0
Seat 2: mishkamoya (button) (small blind) folded before Flop
Seat 3: VolkovDmitri (big blind) collected ($2)


PokerStars Hand #148890830631:  Hold'em Limit ($3/$6 USD) - 2016/02/16 5:37:05 ET
Table 'Becrux' 6-max Seat #3 is the button
Seat 2: mishkamoya ($483.33 in chips)
Seat 3: VolkovDmitri ($127.52 in chips)
VolkovDmitri: posts small blind $1
mishkamoya: posts big blind $3
*** HOLE CARDS ***
VolkovDmitri: raises $3 to $6
mishkamoya: raises $3 to $9
VolkovDmitri: calls $3
*** FLOP *** [2c 8d 7s]
mishkamoya: checks
VolkovDmitri: checks
*** TURN *** [2c 8d 7s] [7c]
mishkamoya: bets $6
VolkovDmitri: folds
Uncalled bet ($6) returned to mishkamoya
mishkamoya collected $17.64 from pot
mishkamoya: doesn't show hand
*** SUMMARY ***
Total pot $18 | Rake $0.36
Board [2c 8d 7s 7c]
Seat 2: mishkamoya (big blind) collected ($17.64)
Seat 3: VolkovDmitri (button) (small blind) folded on the Turn


PokerStars Hand #148890811148:  Hold'em Limit ($3/$6 USD) - 2016/02/16 5:36:24 ET
Table 'Becrux' 6-max Seat #3 is the button
Seat 2: mishkamoya ($483.57 in chips)
Seat 3: VolkovDmitri ($127.76 in chips)
VolkovDmitri: posts small blind $1
mishkamoya: posts big blind $3
*** HOLE CARDS ***
VolkovDmitri: raises $3 to $6
mishkamoya: calls $3
*** FLOP *** [7h Ah 3d]
mishkamoya: checks
VolkovDmitri: bets $3
mishkamoya: folds
Uncalled bet ($3) returned to VolkovDmitri
VolkovDmitri collected $11.76 from pot
VolkovDmitri: doesn't show hand
*** SUMMARY ***
Total pot $12 | Rake $0.24
Board [7h Ah 3d]
Seat 2: mishkamoya (big blind) folded on the Flop
Seat 3: VolkovDmitri (button) (small blind) collected ($11.76)


PokerStars Hand #148890848317:  Hold'em Limit ($3/$6 USD) - 2016/02/16 5:37:41 ET
Table 'Becrux' 6-max Seat #3 is the button
Seat 2: mishkamoya ($490.97 in chips)
Seat 3: VolkovDmitri ($121 in chips)
VolkovDmitri: posts small blind $1
mishkamoya: posts big blind $3
*** HOLE CARDS ***
VolkovDmitri: raises $3 to $6
mishkamoya: raises $3 to $9
VolkovDmitri: calls $3
*** FLOP *** [Qs 4s Td]
mishkamoya: bets $3
VolkovDmitri: folds
Uncalled bet ($3) returned to mishkamoya
mishkamoya collected $17.64 from pot
mishkamoya: doesn't show hand
*** SUMMARY ***
Total pot $18 | Rake $0.36
Board [Qs 4s Td]
Seat 2: mishkamoya (big blind) collected ($17.64)
Seat 3: VolkovDmitri (button) (small blind) folded on the Flop


PokerStars Hand #148890856637:  Hold'em Limit ($3/$6 USD) - 2016/02/16 5:37:58 ET
Table 'Becrux' 6-max Seat #2 is the button
Seat 2: mishkamoya ($499.61 in chips)
Seat 3: VolkovDmitri ($120 in chips)
mishkamoya: posts small blind $1
VolkovDmitri: posts big blind $3
*** HOLE CARDS ***
mishkamoya: raises $3 to $6
VolkovDmitri: calls $3
*** FLOP *** [2s 3c 9c]
VolkovDmitri: bets $3
mishkamoya: calls $3
*** TURN *** [2s 3c 9c] [5h]
VolkovDmitri: bets $6
mishkamoya: folds
Uncalled bet ($6) returned to VolkovDmitri
VolkovDmitri collected $17.64 from pot
VolkovDmitri: doesn't show hand
*** SUMMARY ***
Total pot $18 | Rake $0.36
Board [2s 3c 9c 5h]
Seat 2: mishkamoya (button) (small blind) folded on the Turn
Seat 3: VolkovDmitri (big blind) collected ($17.64)


PokerStars Hand #148890885167:  Hold'em Limit ($3/$6 USD) - 2016/02/16 5:38:56 ET
Table 'Becrux' 6-max Seat #3 is the button
Seat 2: mishkamoya ($505.13 in chips)
Seat 3: VolkovDmitri ($120 in chips)
VolkovDmitri: posts small blind $1
mishkamoya: posts big blind $3
*** HOLE CARDS ***
VolkovDmitri: raises $3 to $6
mishkamoya: raises $3 to $9
VolkovDmitri: calls $3
*** FLOP *** [7d Jd 8c]
mishkamoya: checks
VolkovDmitri: bets $3
mishkamoya: raises $3 to $6
VolkovDmitri: calls $3
*** TURN *** [7d Jd 8c] [6c]
mishkamoya: bets $6
VolkovDmitri: calls $6
*** RIVER *** [7d Jd 8c 6c] [4d]
mishkamoya: bets $6
VolkovDmitri: raises $6 to $12
mishkamoya: calls $6
*** SHOW DOWN ***
VolkovDmitri: shows [5d 5s] (a straight, Four to Eight)
mishkamoya: mucks hand
VolkovDmitri collected $65.50 from pot
*** SUMMARY ***
Total pot $66 | Rake $0.50
Board [7d Jd 8c 6c 4d]
Seat 2: mishkamoya (big blind) mucked
Seat 3: VolkovDmitri (button) (small blind) showed [5d 5s] and won ($65.50) with a straight, Four to Eight


PokerStars Hand #148890867514:  Hold'em Limit ($3/$6 USD) - 2016/02/16 5:38:20 ET
Table 'Becrux' 6-max Seat #3 is the button
Seat 2: mishkamoya ($490.61 in chips)
Seat 3: VolkovDmitri ($128.64 in chips)
VolkovDmitri: posts small blind $1
mishkamoya: posts big blind $3
*** HOLE CARDS ***
VolkovDmitri: raises $3 to $6
mishkamoya: raises $3 to $9
VolkovDmitri: calls $3
*** FLOP *** [Kc 9h 8c]
mishkamoya: checks
VolkovDmitri: bets $3
mishkamoya: calls $3
*** TURN *** [Kc 9h 8c] [Jd]
mishkamoya: checks
VolkovDmitri: checks
*** RIVER *** [Kc 9h 8c Jd] [Ac]
mishkamoya: checks
VolkovDmitri: checks
*** SHOW DOWN ***
mishkamoya: shows [2d 2h] (a pair of Deuces)
VolkovDmitri: mucks hand
mishkamoya collected $23.52 from pot
*** SUMMARY ***
Total pot $24 | Rake $0.48
Board [Kc 9h 8c Jd Ac]
Seat 2: mishkamoya (big blind) showed [2d 2h] and won ($23.52) with a pair of Deuces
Seat 3: VolkovDmitri (button) (small blind) mucked


PokerStars Hand #148890897695:  Hold'em Limit ($3/$6 USD) - 2016/02/16 5:39:22 ET
Table 'Becrux' 6-max Seat #2 is the button
Seat 2: mishkamoya ($472.13 in chips)
Seat 3: VolkovDmitri ($152.50 in chips)
mishkamoya: posts small blind $1
VolkovDmitri: posts big blind $3
*** HOLE CARDS ***
mishkamoya: folds
Uncalled bet ($2) returned to VolkovDmitri
VolkovDmitri collected $2 from pot
VolkovDmitri: doesn't show hand
*** SUMMARY ***
Total pot $2 | Rake $0
Seat 2: mishkamoya (button) (small blind) folded before Flop
Seat 3: VolkovDmitri (big blind) collected ($2)


PokerStars Hand #148890899934:  Hold'em Limit ($3/$6 USD) - 2016/02/16 5:39:26 ET
Table 'Becrux' 6-max Seat #3 is the button
Seat 2: mishkamoya ($471.13 in chips)
Seat 3: VolkovDmitri ($153.50 in chips)
VolkovDmitri: posts small blind $1
mishkamoya: posts big blind $3
*** HOLE CARDS ***
VolkovDmitri: raises $3 to $6
mishkamoya: calls $3
*** FLOP *** [5s Ac Kh]
mishkamoya: checks
VolkovDmitri: bets $3
mishkamoya: folds
Uncalled bet ($3) returned to VolkovDmitri
VolkovDmitri collected $11.76 from pot
VolkovDmitri: doesn't show hand
*** SUMMARY ***
Total pot $12 | Rake $0.24
Board [5s Ac Kh]
Seat 2: mishkamoya (big blind) folded on the Flop
Seat 3: VolkovDmitri (button) (small blind) collected ($11.76)


PokerStars Hand #148890907697:  Hold'em Limit ($3/$6 USD) - 2016/02/16 5:39:43 ET
Table 'Becrux' 6-max Seat #2 is the button
Seat 2: mishkamoya ($465.13 in chips)
Seat 3: VolkovDmitri ($159.26 in chips)
mishkamoya: posts small blind $1
VolkovDmitri: posts big blind $3
*** HOLE CARDS ***
mishkamoya: raises $3 to $6
CRoberto888 joins the table at seat #4
VolkovDmitri: raises $3 to $9
mishkamoya: calls $3
*** FLOP *** [Ah 8s 3h]
VolkovDmitri: bets $3
mishkamoya: raises $3 to $6
VolkovDmitri: calls $3
*** TURN *** [Ah 8s 3h] [8c]
VolkovDmitri: checks
mishkamoya: checks
*** RIVER *** [Ah 8s 3h 8c] [Js]
VolkovDmitri: checks
mishkamoya: checks
*** SHOW DOWN ***
VolkovDmitri: shows [6h Ad] (two pair, Aces and Eights)
mishkamoya: mucks hand
VolkovDmitri collected $29.50 from pot
*** SUMMARY ***
Total pot $30 | Rake $0.50
Board [Ah 8s 3h 8c Js]
Seat 2: mishkamoya (button) (small blind) mucked
Seat 3: VolkovDmitri (big blind) showed [6h Ad] and won ($29.50) with two pair, Aces and Eights


PokerStars Hand #148891366450:  Hold'em Limit ($3/$6 USD) - 2016/02/16 5:55:18 ET
Table 'Becrux' 6-max Seat #2 is the button
Seat 2: kolaz03 ($81.20 in chips)
Seat 6: machine998 ($73.04 in chips)
kolaz03: posts small blind $1
machine998: posts big blind $3
*** HOLE CARDS ***
kolaz03: raises $3 to $6
VolkovDmitri leaves the table
machine998: calls $3
*** FLOP *** [5s 2h Ad]
machine998: checks
kolaz03: bets $3
machine998: calls $3
*** TURN *** [5s 2h Ad] [4d]
machine998: checks
kolaz03: checks
*** RIVER *** [5s 2h Ad 4d] [4s]
machine998: bets $6
kolaz03: folds
Uncalled bet ($6) returned to machine998
machine998 collected $17.64 from pot
machine998: doesn't show hand
*** SUMMARY ***
Total pot $18 | Rake $0.36
Board [5s 2h Ad 4d 4s]
Seat 2: kolaz03 (button) (small blind) folded on the River
Seat 6: machine998 (big blind) collected ($17.64)


