PokerStars Hand #149454356312:  Hold'em Limit ($3/$6 USD) - 2016/02/26 14:03:06 ET
Table 'Becrux II' 6-max Seat #5 is the button
Seat 4: AzureCaper ($142.16 in chips)
Seat 5: PeteSvensson ($47.76 in chips)
PeteSvensson: posts small blind $1
AzureCaper: posts big blind $3
*** HOLE CARDS ***
PeteSvensson: raises $3 to $6
AzureCaper: folds
Uncalled bet ($3) returned to PeteSvensson
PeteSvensson collected $6 from pot
PeteSvensson: doesn't show hand
*** SUMMARY ***
Total pot $6 | Rake $0
Seat 4: AzureCaper (big blind) folded before Flop
Seat 5: PeteSvensson (button) (small blind) collected ($6)


PokerStars Hand #149454352100:  Hold'em Limit ($3/$6 USD) - 2016/02/26 14:03:01 ET
Table 'Becrux II' 6-max Seat #4 is the button
Seat 4: AzureCaper ($143.16 in chips)
Seat 5: PeteSvensson ($46.76 in chips)
AzureCaper: posts small blind $1
PeteSvensson: posts big blind $3
*** HOLE CARDS ***
AzureCaper: folds
Uncalled bet ($2) returned to PeteSvensson
PeteSvensson collected $2 from pot
PeteSvensson: doesn't show hand
*** SUMMARY ***
Total pot $2 | Rake $0
Seat 4: AzureCaper (button) (small blind) folded before Flop
Seat 5: PeteSvensson (big blind) collected ($2)


PokerStars Hand #149454333690:  Hold'em Limit ($3/$6 USD) - 2016/02/26 14:02:41 ET
Table 'Becrux II' 6-max Seat #5 is the button
Seat 4: AzureCaper ($134.52 in chips)
Seat 5: PeteSvensson ($55.76 in chips)
PeteSvensson: posts small blind $1
AzureCaper: posts big blind $3
*** HOLE CARDS ***
PeteSvensson: raises $3 to $6
AzureCaper: calls $3
*** FLOP *** [Ac 7d 3h]
AzureCaper: checks
PeteSvensson: bets $3
AzureCaper: raises $3 to $6
PeteSvensson: folds
Uncalled bet ($3) returned to AzureCaper
AzureCaper collected $17.64 from pot
AzureCaper: doesn't show hand
*** SUMMARY ***
Total pot $18 | Rake $0.36
Board [Ac 7d 3h]
Seat 4: AzureCaper (big blind) collected ($17.64)
Seat 5: PeteSvensson (button) (small blind) folded on the Flop


PokerStars Hand #149454327668:  Hold'em Limit ($3/$6 USD) - 2016/02/26 14:02:35 ET
Table 'Becrux II' 6-max Seat #4 is the button
Seat 4: AzureCaper ($135.52 in chips)
Seat 5: PeteSvensson ($54.76 in chips)
AzureCaper: posts small blind $1
PeteSvensson: posts big blind $3
*** HOLE CARDS ***
AzureCaper: folds
Uncalled bet ($2) returned to PeteSvensson
PeteSvensson collected $2 from pot
PeteSvensson: doesn't show hand
*** SUMMARY ***
Total pot $2 | Rake $0
Seat 4: AzureCaper (button) (small blind) folded before Flop
Seat 5: PeteSvensson (big blind) collected ($2)


PokerStars Hand #149454319798:  Hold'em Limit ($3/$6 USD) - 2016/02/26 14:02:26 ET
Table 'Becrux II' 6-max Seat #5 is the button
Seat 4: AzureCaper ($141.52 in chips)
Seat 5: PeteSvensson ($49 in chips)
PeteSvensson: posts small blind $1
AzureCaper: posts big blind $3
*** HOLE CARDS ***
PeteSvensson: raises $3 to $6
AzureCaper: calls $3
*** FLOP *** [5c 9c 6s]
AzureCaper: checks
PeteSvensson: bets $3
AzureCaper: folds
Uncalled bet ($3) returned to PeteSvensson
PeteSvensson collected $11.76 from pot
PeteSvensson: doesn't show hand
*** SUMMARY ***
Total pot $12 | Rake $0.24
Board [5c 9c 6s]
Seat 4: AzureCaper (big blind) folded on the Flop
Seat 5: PeteSvensson (button) (small blind) collected ($11.76)


PokerStars Hand #149454300094:  Hold'em Limit ($3/$6 USD) - 2016/02/26 14:02:05 ET
Table 'Becrux II' 6-max Seat #4 is the button
Seat 4: AzureCaper ($118.02 in chips)
Seat 5: PeteSvensson ($73 in chips)
AzureCaper: posts small blind $1
PeteSvensson: posts big blind $3
*** HOLE CARDS ***
AzureCaper: raises $3 to $6
PeteSvensson: calls $3
*** FLOP *** [3s Qh Qd]
PeteSvensson: checks
AzureCaper: bets $3
PeteSvensson: raises $3 to $6
AzureCaper: calls $3
*** TURN *** [3s Qh Qd] [9d]
PeteSvensson: bets $6
AzureCaper: calls $6
*** RIVER *** [3s Qh Qd 9d] [7h]
PeteSvensson: bets $6
AzureCaper: calls $6
*** SHOW DOWN ***
PeteSvensson: shows [Jh 3h] (two pair, Queens and Threes)
AzureCaper: shows [9h Ad] (two pair, Queens and Nines)
AzureCaper collected $47.50 from pot
*** SUMMARY ***
Total pot $48 | Rake $0.50
Board [3s Qh Qd 9d 7h]
Seat 4: AzureCaper (button) (small blind) showed [9h Ad] and won ($47.50) with two pair, Queens and Nines
Seat 5: PeteSvensson (big blind) showed [Jh 3h] and lost with two pair, Queens and Threes


PokerStars Hand #149454397409:  Hold'em Limit ($3/$6 USD) - 2016/02/26 14:03:51 ET
Table 'Becrux II' 6-max Seat #4 is the button
Seat 4: AzureCaper ($114.91 in chips)
Seat 5: PeteSvensson ($74.01 in chips)
AzureCaper: posts small blind $1
PeteSvensson: posts big blind $3
*** HOLE CARDS ***
AzureCaper: raises $3 to $6
PeteSvensson: folds
Uncalled bet ($3) returned to AzureCaper
AzureCaper collected $6 from pot
AzureCaper: doesn't show hand
*** SUMMARY ***
Total pot $6 | Rake $0
Seat 4: AzureCaper (button) (small blind) collected ($6)
Seat 5: PeteSvensson (big blind) folded before Flop


PokerStars Hand #149454378903:  Hold'em Limit ($3/$6 USD) - 2016/02/26 14:03:31 ET
Table 'Becrux II' 6-max Seat #5 is the button
Seat 4: AzureCaper ($138.91 in chips)
Seat 5: PeteSvensson ($50.51 in chips)
PeteSvensson: posts small blind $1
AzureCaper: posts big blind $3
*** HOLE CARDS ***
PeteSvensson: raises $3 to $6
AzureCaper: calls $3
*** FLOP *** [Ac 5c Ks]
AzureCaper: checks
PeteSvensson: bets $3
AzureCaper: raises $3 to $6
PeteSvensson: calls $3
*** TURN *** [Ac 5c Ks] [6s]
AzureCaper: checks
PeteSvensson: bets $6
AzureCaper: calls $6
*** RIVER *** [Ac 5c Ks 6s] [5s]
AzureCaper: checks
PeteSvensson: bets $6
AzureCaper: calls $6
*** SHOW DOWN ***
PeteSvensson: shows [As 6h] (two pair, Aces and Sixes)
AzureCaper: mucks hand
PeteSvensson collected $47.50 from pot
*** SUMMARY ***
Total pot $48 | Rake $0.50
Board [Ac 5c Ks 6s 5s]
Seat 4: AzureCaper (big blind) mucked
Seat 5: PeteSvensson (button) (small blind) showed [As 6h] and won ($47.50) with two pair, Aces and Sixes


PokerStars Hand #149454362362:  Hold'em Limit ($3/$6 USD) - 2016/02/26 14:03:12 ET
Table 'Becrux II' 6-max Seat #4 is the button
Seat 4: AzureCaper ($139.16 in chips)
Seat 5: PeteSvensson ($50.76 in chips)
AzureCaper: posts small blind $1
PeteSvensson: posts big blind $3
*** HOLE CARDS ***
AzureCaper: raises $3 to $6
PeteSvensson: calls $3
*** FLOP *** [2d 2c Ad]
PeteSvensson: checks
AzureCaper: bets $3
PeteSvensson: raises $3 to $6
AzureCaper: calls $3
*** TURN *** [2d 2c Ad] [Qc]
PeteSvensson: bets $6
AzureCaper: raises $6 to $12
PeteSvensson: calls $6
*** RIVER *** [2d 2c Ad Qc] [Jh]
PeteSvensson: checks
AzureCaper: checks
*** SHOW DOWN ***
PeteSvensson: shows [6d 9d] (a pair of Deuces)
AzureCaper: shows [8c Th] (a pair of Deuces)
PeteSvensson collected $23.75 from pot
AzureCaper collected $23.75 from pot
*** SUMMARY ***
Total pot $48 | Rake $0.50
Board [2d 2c Ad Qc Jh]
Seat 4: AzureCaper (button) (small blind) showed [8c Th] and won ($23.75) with a pair of Deuces
Seat 5: PeteSvensson (big blind) showed [6d 9d] and won ($23.75) with a pair of Deuces


PokerStars Hand #149454467053:  Hold'em Limit ($3/$6 USD) - 2016/02/26 14:05:06 ET
Table 'Becrux II' 6-max Seat #4 is the button
Seat 4: AzureCaper ($80.64 in chips)
Seat 5: PeteSvensson ($112.77 in chips)
AzureCaper: posts small blind $1
PeteSvensson: posts big blind $3
*** HOLE CARDS ***
AzureCaper: raises $3 to $6
PeteSvensson: folds
Uncalled bet ($3) returned to AzureCaper
AzureCaper collected $6 from pot
AzureCaper: doesn't show hand
*** SUMMARY ***
Total pot $6 | Rake $0
Seat 4: AzureCaper (button) (small blind) collected ($6)
Seat 5: PeteSvensson (big blind) folded before Flop


PokerStars Hand #149454454806:  Hold'em Limit ($3/$6 USD) - 2016/02/26 14:04:53 ET
Table 'Becrux II' 6-max Seat #5 is the button
Seat 4: AzureCaper ($72 in chips)
Seat 5: PeteSvensson ($121.77 in chips)
PeteSvensson: posts small blind $1
AzureCaper: posts big blind $3
*** HOLE CARDS ***
PeteSvensson: raises $3 to $6
AzureCaper: calls $3
*** FLOP *** [Ts 3s Jh]
AzureCaper: checks
PeteSvensson: bets $3
AzureCaper: calls $3
*** TURN *** [Ts 3s Jh] [Ac]
AzureCaper: checks
PeteSvensson: checks
*** RIVER *** [Ts 3s Jh Ac] [2c]
AzureCaper: bets $6
PeteSvensson: folds
Uncalled bet ($6) returned to AzureCaper
AzureCaper collected $17.64 from pot
AzureCaper: doesn't show hand
*** SUMMARY ***
Total pot $18 | Rake $0.36
Board [Ts 3s Jh Ac 2c]
Seat 4: AzureCaper (big blind) collected ($17.64)
Seat 5: PeteSvensson (button) (small blind) folded on the River


PokerStars Hand #149454450533:  Hold'em Limit ($3/$6 USD) - 2016/02/26 14:04:48 ET
Table 'Becrux II' 6-max Seat #4 is the button
Seat 4: AzureCaper ($72 in chips)
Seat 5: PeteSvensson ($120.77 in chips)
AzureCaper: posts small blind $1
PeteSvensson: posts big blind $3
*** HOLE CARDS ***
AzureCaper: folds
Uncalled bet ($2) returned to PeteSvensson
PeteSvensson collected $2 from pot
PeteSvensson: doesn't show hand
*** SUMMARY ***
Total pot $2 | Rake $0
Seat 4: AzureCaper (button) (small blind) folded before Flop
Seat 5: PeteSvensson (big blind) collected ($2)


PokerStars Hand #149454440922:  Hold'em Limit ($3/$6 USD) - 2016/02/26 14:04:38 ET
Table 'Becrux II' 6-max Seat #5 is the button
Seat 4: AzureCaper ($72.91 in chips)
Seat 5: PeteSvensson ($115.01 in chips)
PeteSvensson: posts small blind $1
AzureCaper: posts big blind $3
*** HOLE CARDS ***
PeteSvensson: raises $3 to $6
AzureCaper: calls $3
*** FLOP *** [Js 4h Qh]
AzureCaper: checks
PeteSvensson: bets $3
AzureCaper: folds
Uncalled bet ($3) returned to PeteSvensson
PeteSvensson collected $11.76 from pot
PeteSvensson: doesn't show hand
*** SUMMARY ***
Total pot $12 | Rake $0.24
Board [Js 4h Qh]
Seat 4: AzureCaper (big blind) folded on the Flop
Seat 5: PeteSvensson (button) (small blind) collected ($11.76)


PokerStars Hand #149454422035:  Hold'em Limit ($3/$6 USD) - 2016/02/26 14:04:17 ET
Table 'Becrux II' 6-max Seat #4 is the button
Seat 4: AzureCaper ($96.91 in chips)
Seat 5: PeteSvensson ($91.51 in chips)
AzureCaper: posts small blind $1
PeteSvensson: posts big blind $3
*** HOLE CARDS ***
AzureCaper: raises $3 to $6
PeteSvensson: calls $3
*** FLOP *** [2d 6c Tc]
PeteSvensson: checks
AzureCaper: bets $3
PeteSvensson: raises $3 to $6
AzureCaper: calls $3
*** TURN *** [2d 6c Tc] [4h]
PeteSvensson: bets $6
AzureCaper: raises $6 to $12
PeteSvensson: calls $6
*** RIVER *** [2d 6c Tc 4h] [4c]
PeteSvensson: checks
AzureCaper: checks
*** SHOW DOWN ***
PeteSvensson: shows [Ts Kd] (two pair, Tens and Fours)
AzureCaper: mucks hand
PeteSvensson collected $47.50 from pot
*** SUMMARY ***
Total pot $48 | Rake $0.50
Board [2d 6c Tc 4h 4c]
Seat 4: AzureCaper (button) (small blind) mucked
Seat 5: PeteSvensson (big blind) showed [Ts Kd] and won ($47.50) with two pair, Tens and Fours


PokerStars Hand #149454404493:  Hold'em Limit ($3/$6 USD) - 2016/02/26 14:03:58 ET
Table 'Becrux II' 6-max Seat #5 is the button
Seat 4: AzureCaper ($117.91 in chips)
Seat 5: PeteSvensson ($71.01 in chips)
PeteSvensson: posts small blind $1
AzureCaper: posts big blind $3
*** HOLE CARDS ***
PeteSvensson: raises $3 to $6
AzureCaper: calls $3
*** FLOP *** [Ah Jc Kh]
AzureCaper: checks
PeteSvensson: bets $3
AzureCaper: calls $3
*** TURN *** [Ah Jc Kh] [3c]
AzureCaper: checks
PeteSvensson: bets $6
AzureCaper: calls $6
*** RIVER *** [Ah Jc Kh 3c] [6c]
AzureCaper: checks
PeteSvensson: bets $6
AzureCaper: calls $6
*** SHOW DOWN ***
PeteSvensson: shows [Tc Ad] (a pair of Aces)
AzureCaper: mucks hand
PeteSvensson collected $41.50 from pot
*** SUMMARY ***
Total pot $42 | Rake $0.50
Board [Ah Jc Kh 3c 6c]
Seat 4: AzureCaper (big blind) mucked
Seat 5: PeteSvensson (button) (small blind) showed [Tc Ad] and won ($41.50) with a pair of Aces


PokerStars Hand #149454511291:  Hold'em Limit ($3/$6 USD) - 2016/02/26 14:05:54 ET
Table 'Becrux II' 6-max Seat #4 is the button
Seat 4: AzureCaper ($132.64 in chips)
Seat 5: PeteSvensson ($59.77 in chips)
AzureCaper: posts small blind $1
PeteSvensson: posts big blind $3
*** HOLE CARDS ***
AzureCaper: raises $3 to $6
PeteSvensson: calls $3
*** FLOP *** [Qc 6d 6c]
PeteSvensson: checks
AzureCaper: bets $3
PeteSvensson: raises $3 to $6
AzureCaper: calls $3
*** TURN *** [Qc 6d 6c] [Ac]
PeteSvensson: bets $6
AzureCaper: raises $6 to $12
PeteSvensson: raises $6 to $18
AzureCaper: calls $6
*** RIVER *** [Qc 6d 6c Ac] [3h]
PeteSvensson: bets $6
AzureCaper: calls $6
*** SHOW DOWN ***
PeteSvensson: shows [Qs 6s] (a full house, Sixes full of Queens)
AzureCaper: mucks hand
PeteSvensson collected $71.50 from pot
*** SUMMARY ***
Total pot $72 | Rake $0.50
Board [Qc 6d 6c Ac 3h]
Seat 4: AzureCaper (button) (small blind) mucked
Seat 5: PeteSvensson (big blind) showed [Qs 6s] and won ($71.50) with a full house, Sixes full of Queens


PokerStars Hand #149454491704:  Hold'em Limit ($3/$6 USD) - 2016/02/26 14:05:32 ET
Table 'Becrux II' 6-max Seat #5 is the button
Seat 4: AzureCaper ($112.14 in chips)
Seat 5: PeteSvensson ($80.77 in chips)
PeteSvensson: posts small blind $1
AzureCaper: posts big blind $3
*** HOLE CARDS ***
PeteSvensson: raises $3 to $6
AzureCaper: calls $3
*** FLOP *** [7h 8s 2h]
AzureCaper: checks
PeteSvensson: bets $3
AzureCaper: calls $3
*** TURN *** [7h 8s 2h] [Ad]
AzureCaper: checks
PeteSvensson: bets $6
AzureCaper: calls $6
*** RIVER *** [7h 8s 2h Ad] [Kh]
AzureCaper: checks
PeteSvensson: bets $6
AzureCaper: calls $6
*** SHOW DOWN ***
PeteSvensson: shows [5s 4h] (high card Ace)
AzureCaper: shows [3c 3s] (a pair of Threes)
AzureCaper collected $41.50 from pot
*** SUMMARY ***
Total pot $42 | Rake $0.50
Board [7h 8s 2h Ad Kh]
Seat 4: AzureCaper (big blind) showed [3c 3s] and won ($41.50) with a pair of Threes
Seat 5: PeteSvensson (button) (small blind) showed [5s 4h] and lost with high card Ace


PokerStars Hand #149454487620:  Hold'em Limit ($3/$6 USD) - 2016/02/26 14:05:28 ET
Table 'Becrux II' 6-max Seat #4 is the button
Seat 4: AzureCaper ($113.14 in chips)
Seat 5: PeteSvensson ($79.77 in chips)
AzureCaper: posts small blind $1
PeteSvensson: posts big blind $3
*** HOLE CARDS ***
AzureCaper: folds
Uncalled bet ($2) returned to PeteSvensson
PeteSvensson collected $2 from pot
PeteSvensson: doesn't show hand
*** SUMMARY ***
Total pot $2 | Rake $0
Seat 4: AzureCaper (button) (small blind) folded before Flop
Seat 5: PeteSvensson (big blind) collected ($2)


PokerStars Hand #149454472307:  Hold'em Limit ($3/$6 USD) - 2016/02/26 14:05:11 ET
Table 'Becrux II' 6-max Seat #5 is the button
Seat 4: AzureCaper ($83.64 in chips)
Seat 5: PeteSvensson ($109.77 in chips)
PeteSvensson: posts small blind $1
AzureCaper: posts big blind $3
*** HOLE CARDS ***
PeteSvensson: raises $3 to $6
AzureCaper: calls $3
*** FLOP *** [6h 4s Jd]
AzureCaper: checks
PeteSvensson: bets $3
AzureCaper: raises $3 to $6
PeteSvensson: calls $3
*** TURN *** [6h 4s Jd] [7s]
AzureCaper: checks
PeteSvensson: bets $6
AzureCaper: raises $6 to $12
PeteSvensson: raises $6 to $18
AzureCaper: calls $6
*** RIVER *** [6h 4s Jd 7s] [Ad]
AzureCaper: checks
PeteSvensson: checks
*** SHOW DOWN ***
AzureCaper: shows [Jh Kd] (a pair of Jacks)
PeteSvensson: mucks hand
AzureCaper collected $59.50 from pot
*** SUMMARY ***
Total pot $60 | Rake $0.50
Board [6h 4s Jd 7s Ad]
Seat 4: AzureCaper (big blind) showed [Jh Kd] and won ($59.50) with a pair of Jacks
Seat 5: PeteSvensson (button) (small blind) mucked


PokerStars Hand #149454577238:  Hold'em Limit ($3/$6 USD) - 2016/02/26 14:07:05 ET
Table 'Becrux II' 6-max Seat #5 is the button
Seat 4: AzureCaper ($134.64 in chips)
Seat 5: PeteSvensson ($56.03 in chips)
PeteSvensson: posts small blind $1
AzureCaper: posts big blind $3
*** HOLE CARDS ***
PeteSvensson: raises $3 to $6
AzureCaper: folds
Uncalled bet ($3) returned to PeteSvensson
PeteSvensson collected $6 from pot
PeteSvensson: doesn't show hand
*** SUMMARY ***
Total pot $6 | Rake $0
Seat 4: AzureCaper (big blind) folded before Flop
Seat 5: PeteSvensson (button) (small blind) collected ($6)


PokerStars Hand #149454559424:  Hold'em Limit ($3/$6 USD) - 2016/02/26 14:06:46 ET
Table 'Becrux II' 6-max Seat #4 is the button
Seat 4: AzureCaper ($111.14 in chips)
Seat 5: PeteSvensson ($80.03 in chips)
AzureCaper: posts small blind $1
PeteSvensson: posts big blind $3
*** HOLE CARDS ***
AzureCaper: raises $3 to $6
PeteSvensson: calls $3
*** FLOP *** [7d 4d 3s]
PeteSvensson: checks
AzureCaper: bets $3
PeteSvensson: raises $3 to $6
AzureCaper: calls $3
*** TURN *** [7d 4d 3s] [2h]
PeteSvensson: bets $6
AzureCaper: raises $6 to $12
PeteSvensson: calls $6
*** RIVER *** [7d 4d 3s 2h] [3c]
PeteSvensson: checks
AzureCaper: bets $6
PeteSvensson: folds
Uncalled bet ($6) returned to AzureCaper
AzureCaper collected $47.50 from pot
AzureCaper: doesn't show hand
*** SUMMARY ***
Total pot $48 | Rake $0.50
Board [7d 4d 3s 2h 3c]
Seat 4: AzureCaper (button) (small blind) collected ($47.50)
Seat 5: PeteSvensson (big blind) folded on the River


PokerStars Hand #149454546411:  Hold'em Limit ($3/$6 USD) - 2016/02/26 14:06:31 ET
Table 'Becrux II' 6-max Seat #5 is the button
Seat 4: AzureCaper ($87.64 in chips)
Seat 5: PeteSvensson ($104.03 in chips)
PeteSvensson: posts small blind $1
AzureCaper: posts big blind $3
*** HOLE CARDS ***
PeteSvensson: raises $3 to $6
AzureCaper: calls $3
*** FLOP *** [Qd Ad Qs]
AzureCaper: checks
PeteSvensson: bets $3
AzureCaper: raises $3 to $6
PeteSvensson: calls $3
*** TURN *** [Qd Ad Qs] [6c]
AzureCaper: checks
PeteSvensson: bets $6
AzureCaper: calls $6
*** RIVER *** [Qd Ad Qs 6c] [3h]
AzureCaper: checks
PeteSvensson: bets $6
AzureCaper: calls $6
*** SHOW DOWN ***
PeteSvensson: shows [7d 5c] (a pair of Queens)
AzureCaper: shows [9c Ah] (two pair, Aces and Queens)
AzureCaper collected $47.50 from pot
*** SUMMARY ***
Total pot $48 | Rake $0.50
Board [Qd Ad Qs 6c 3h]
Seat 4: AzureCaper (big blind) showed [9c Ah] and won ($47.50) with two pair, Aces and Queens
Seat 5: PeteSvensson (button) (small blind) showed [7d 5c] and lost with a pair of Queens


PokerStars Hand #149454536443:  Hold'em Limit ($3/$6 USD) - 2016/02/26 14:06:21 ET
Table 'Becrux II' 6-max Seat #4 is the button
Seat 4: AzureCaper ($93.64 in chips)
Seat 5: PeteSvensson ($98.27 in chips)
AzureCaper: posts small blind $1
PeteSvensson: posts big blind $3
*** HOLE CARDS ***
AzureCaper: raises $3 to $6
PeteSvensson: calls $3
*** FLOP *** [8d 5s 2s]
PeteSvensson: checks
AzureCaper: checks
*** TURN *** [8d 5s 2s] [6d]
PeteSvensson: bets $6
AzureCaper: folds
Uncalled bet ($6) returned to PeteSvensson
PeteSvensson collected $11.76 from pot
PeteSvensson: doesn't show hand
*** SUMMARY ***
Total pot $12 | Rake $0.24
Board [8d 5s 2s 6d]
Seat 4: AzureCaper (button) (small blind) folded on the Turn
Seat 5: PeteSvensson (big blind) collected ($11.76)


PokerStars Hand #149454531358:  Hold'em Limit ($3/$6 USD) - 2016/02/26 14:06:15 ET
Table 'Becrux II' 6-max Seat #5 is the button
Seat 4: AzureCaper ($96.64 in chips)
Seat 5: PeteSvensson ($95.27 in chips)
PeteSvensson: posts small blind $1
AzureCaper: posts big blind $3
*** HOLE CARDS ***
PeteSvensson: raises $3 to $6
AzureCaper: folds
Uncalled bet ($3) returned to PeteSvensson
PeteSvensson collected $6 from pot
PeteSvensson: doesn't show hand
*** SUMMARY ***
Total pot $6 | Rake $0
Seat 4: AzureCaper (big blind) folded before Flop
Seat 5: PeteSvensson (button) (small blind) collected ($6)


PokerStars Hand #149454583487:  Hold'em Limit ($3/$6 USD) - 2016/02/26 14:07:12 ET
Table 'Becrux II' 6-max Seat #4 is the button
Seat 4: AzureCaper ($131.64 in chips)
Seat 5: PeteSvensson ($59.03 in chips)
AzureCaper: posts small blind $1
PeteSvensson: posts big blind $3
*** HOLE CARDS ***
AzureCaper: raises $3 to $6
PeteSvensson: calls $3
*** FLOP *** [Qd 2d 3s]
PeteSvensson: checks
AzureCaper: checks
*** TURN *** [Qd 2d 3s] [Jh]
PeteSvensson: bets $6
AzureCaper: calls $6
*** RIVER *** [Qd 2d 3s Jh] [3c]
PeteSvensson: bets $6
AzureCaper: calls $6
*** SHOW DOWN ***
PeteSvensson: shows [Qh 8d] (two pair, Queens and Threes)
AzureCaper: mucks hand
PeteSvensson collected $35.50 from pot
*** SUMMARY ***
Total pot $36 | Rake $0.50
Board [Qd 2d 3s Jh 3c]
Seat 4: AzureCaper (button) (small blind) mucked
Seat 5: PeteSvensson (big blind) showed [Qh 8d] and won ($35.50) with two pair, Queens and Threes


PokerStars Hand #149454610159:  Hold'em Limit ($3/$6 USD) - 2016/02/26 14:07:41 ET
Table 'Becrux II' 6-max Seat #4 is the button
Seat 4: AzureCaper ($134.14 in chips)
Seat 5: PeteSvensson ($55.53 in chips)
AzureCaper: posts small blind $1
PeteSvensson: posts big blind $3
*** HOLE CARDS ***
AzureCaper: raises $3 to $6
PeteSvensson: folds
Uncalled bet ($3) returned to AzureCaper
AzureCaper collected $6 from pot
AzureCaper: doesn't show hand
*** SUMMARY ***
Total pot $6 | Rake $0
Seat 4: AzureCaper (button) (small blind) collected ($6)
Seat 5: PeteSvensson (big blind) folded before Flop


PokerStars Hand #149454593422:  Hold'em Limit ($3/$6 USD) - 2016/02/26 14:07:22 ET
Table 'Becrux II' 6-max Seat #5 is the button
Seat 4: AzureCaper ($113.64 in chips)
Seat 5: PeteSvensson ($76.53 in chips)
PeteSvensson: posts small blind $1
AzureCaper: posts big blind $3
*** HOLE CARDS ***
PeteSvensson: raises $3 to $6
AzureCaper: calls $3
*** FLOP *** [8s Ah 9s]
AzureCaper: checks
PeteSvensson: bets $3
AzureCaper: calls $3
*** TURN *** [8s Ah 9s] [Qs]
AzureCaper: checks
PeteSvensson: bets $6
AzureCaper: calls $6
*** RIVER *** [8s Ah 9s Qs] [Th]
AzureCaper: checks
PeteSvensson: bets $6
AzureCaper: calls $6
*** SHOW DOWN ***
PeteSvensson: shows [Qc 2c] (a pair of Queens)
AzureCaper: shows [Qh Ts] (two pair, Queens and Tens)
AzureCaper collected $41.50 from pot
*** SUMMARY ***
Total pot $42 | Rake $0.50
Board [8s Ah 9s Qs Th]
Seat 4: AzureCaper (big blind) showed [Qh Ts] and won ($41.50) with two pair, Queens and Tens
Seat 5: PeteSvensson (button) (small blind) showed [Qc 2c] and lost with a pair of Queens


PokerStars Hand #149454667059:  Hold'em Limit ($3/$6 USD) - 2016/02/26 14:08:42 ET
Table 'Becrux II' 6-max Seat #4 is the button
Seat 4: AzureCaper ($132.35 in chips)
Seat 5: PeteSvensson ($56.08 in chips)
AzureCaper: posts small blind $1
PeteSvensson: posts big blind $3
*** HOLE CARDS ***
AzureCaper: folds
Uncalled bet ($2) returned to PeteSvensson
PeteSvensson collected $2 from pot
PeteSvensson: doesn't show hand
*** SUMMARY ***
Total pot $2 | Rake $0
Seat 4: AzureCaper (button) (small blind) folded before Flop
Seat 5: PeteSvensson (big blind) collected ($2)


PokerStars Hand #149454647420:  Hold'em Limit ($3/$6 USD) - 2016/02/26 14:08:21 ET
Table 'Becrux II' 6-max Seat #5 is the button
Seat 4: AzureCaper ($160.64 in chips)
Seat 5: PeteSvensson ($28.29 in chips)
PeteSvensson: posts small blind $1
AzureCaper: posts big blind $3
*** HOLE CARDS ***
PeteSvensson: raises $3 to $6
AzureCaper: calls $3
*** FLOP *** [Js 5s Ks]
AzureCaper: checks
PeteSvensson: bets $3
AzureCaper: calls $3
*** TURN *** [Js 5s Ks] [8c]
AzureCaper: checks
PeteSvensson: bets $6
AzureCaper: raises $6 to $12
PeteSvensson: raises $6 to $18
AzureCaper: calls $6
*** RIVER *** [Js 5s Ks 8c] [2s]
AzureCaper: checks
PeteSvensson: bets $1.29 and is all-in
AzureCaper: calls $1.29
*** SHOW DOWN ***
PeteSvensson: shows [As Ah] (a flush, Ace high)
AzureCaper: shows [5d 8h] (two pair, Eights and Fives)
PeteSvensson collected $56.08 from pot
*** SUMMARY ***
Total pot $56.58 | Rake $0.50
Board [Js 5s Ks 8c 2s]
Seat 4: AzureCaper (big blind) showed [5d 8h] and lost with two pair, Eights and Fives
Seat 5: PeteSvensson (button) (small blind) showed [As Ah] and won ($56.08) with a flush, Ace high


PokerStars Hand #149454631890:  Hold'em Limit ($3/$6 USD) - 2016/02/26 14:08:04 ET
Table 'Becrux II' 6-max Seat #4 is the button
Seat 4: AzureCaper ($131.14 in chips)
Seat 5: PeteSvensson ($58.29 in chips)
AzureCaper: posts small blind $1
PeteSvensson: posts big blind $3
*** HOLE CARDS ***
AzureCaper: raises $3 to $6
PeteSvensson: calls $3
*** FLOP *** [6c 5d 2c]
PeteSvensson: checks
AzureCaper: bets $3
PeteSvensson: raises $3 to $6
AzureCaper: calls $3
*** TURN *** [6c 5d 2c] [4d]
PeteSvensson: bets $6
AzureCaper: raises $6 to $12
PeteSvensson: calls $6
*** RIVER *** [6c 5d 2c 4d] [3s]
PeteSvensson: checks
AzureCaper: bets $6
PeteSvensson: calls $6
*** SHOW DOWN ***
AzureCaper: shows [7c 7d] (a straight, Three to Seven)
PeteSvensson: mucks hand
AzureCaper collected $59.50 from pot
*** SUMMARY ***
Total pot $60 | Rake $0.50
Board [6c 5d 2c 4d 3s]
Seat 4: AzureCaper (button) (small blind) showed [7c 7d] and won ($59.50) with a straight, Three to Seven
Seat 5: PeteSvensson (big blind) mucked


PokerStars Hand #149454688452:  Hold'em Limit ($3/$6 USD) - 2016/02/26 14:09:05 ET
Table 'Becrux II' 6-max Seat #4 is the button
Seat 4: AzureCaper ($110.35 in chips)
Seat 5: PeteSvensson ($77.58 in chips)
AzureCaper: posts small blind $1
PeteSvensson: posts big blind $3
*** HOLE CARDS ***
AzureCaper: raises $3 to $6
PeteSvensson: folds
Uncalled bet ($3) returned to AzureCaper
AzureCaper collected $6 from pot
AzureCaper: doesn't show hand
*** SUMMARY ***
Total pot $6 | Rake $0
Seat 4: AzureCaper (button) (small blind) collected ($6)
Seat 5: PeteSvensson (big blind) folded before Flop


PokerStars Hand #149454671283:  Hold'em Limit ($3/$6 USD) - 2016/02/26 14:08:46 ET
Table 'Becrux II' 6-max Seat #5 is the button
Seat 4: AzureCaper ($131.35 in chips)
Seat 5: PeteSvensson ($57.08 in chips)
PeteSvensson: posts small blind $1
AzureCaper: posts big blind $3
*** HOLE CARDS ***
PeteSvensson: raises $3 to $6
AzureCaper: calls $3
*** FLOP *** [4d 4h Js]
AzureCaper: checks
PeteSvensson: bets $3
AzureCaper: calls $3
*** TURN *** [4d 4h Js] [3c]
AzureCaper: checks
PeteSvensson: bets $6
AzureCaper: calls $6
*** RIVER *** [4d 4h Js 3c] [7s]
AzureCaper: checks
PeteSvensson: bets $6
AzureCaper: calls $6
*** SHOW DOWN ***
PeteSvensson: shows [7d Qc] (two pair, Sevens and Fours)
AzureCaper: mucks hand
PeteSvensson collected $41.50 from pot
*** SUMMARY ***
Total pot $42 | Rake $0.50
Board [4d 4h Js 3c 7s]
Seat 4: AzureCaper (big blind) mucked
Seat 5: PeteSvensson (button) (small blind) showed [7d Qc] and won ($41.50) with two pair, Sevens and Fours


PokerStars Hand #149454738577:  Hold'em Limit ($3/$6 USD) - 2016/02/26 14:10:00 ET
Table 'Becrux II' 6-max Seat #4 is the button
Seat 4: AzureCaper ($148.35 in chips)
Seat 5: PeteSvensson ($38.34 in chips)
AzureCaper: posts small blind $1
PeteSvensson: posts big blind $3
*** HOLE CARDS ***
AzureCaper: folds
Uncalled bet ($2) returned to PeteSvensson
PeteSvensson collected $2 from pot
PeteSvensson: doesn't show hand
*** SUMMARY ***
Total pot $2 | Rake $0
Seat 4: AzureCaper (button) (small blind) folded before Flop
Seat 5: PeteSvensson (big blind) collected ($2)


PokerStars Hand #149454725123:  Hold'em Limit ($3/$6 USD) - 2016/02/26 14:09:45 ET
Table 'Becrux II' 6-max Seat #5 is the button
Seat 4: AzureCaper ($154.35 in chips)
Seat 5: PeteSvensson ($32.58 in chips)
PeteSvensson: posts small blind $1
AzureCaper: posts big blind $3
*** HOLE CARDS ***
PeteSvensson: raises $3 to $6
AzureCaper: calls $3
*** FLOP *** [Qd Jh 8s]
AzureCaper: checks
PeteSvensson: bets $3
AzureCaper: folds
Uncalled bet ($3) returned to PeteSvensson
PeteSvensson collected $11.76 from pot
PeteSvensson: doesn't show hand
*** SUMMARY ***
Total pot $12 | Rake $0.24
Board [Qd Jh 8s]
Seat 4: AzureCaper (big blind) folded on the Flop
Seat 5: PeteSvensson (button) (small blind) collected ($11.76)


PokerStars Hand #149454709661:  Hold'em Limit ($3/$6 USD) - 2016/02/26 14:09:28 ET
Table 'Becrux II' 6-max Seat #4 is the button
Seat 4: AzureCaper ($136.85 in chips)
Seat 5: PeteSvensson ($50.58 in chips)
AzureCaper: posts small blind $1
PeteSvensson: posts big blind $3
*** HOLE CARDS ***
AzureCaper: raises $3 to $6
PeteSvensson: calls $3
*** FLOP *** [2d 9d 4c]
PeteSvensson: checks
AzureCaper: checks
*** TURN *** [2d 9d 4c] [Js]
PeteSvensson: bets $6
AzureCaper: calls $6
*** RIVER *** [2d 9d 4c Js] [3c]
PeteSvensson: bets $6
AzureCaper: calls $6
*** SHOW DOWN ***
PeteSvensson: shows [5c 7h] (high card Jack)
AzureCaper: shows [Td As] (high card Ace)
AzureCaper collected $35.50 from pot
*** SUMMARY ***
Total pot $36 | Rake $0.50
Board [2d 9d 4c Js 3c]
Seat 4: AzureCaper (button) (small blind) showed [Td As] and won ($35.50) with high card Ace
Seat 5: PeteSvensson (big blind) showed [5c 7h] and lost with high card Jack


PokerStars Hand #149454693842:  Hold'em Limit ($3/$6 USD) - 2016/02/26 14:09:11 ET
Table 'Becrux II' 6-max Seat #5 is the button
Seat 4: AzureCaper ($113.35 in chips)
Seat 5: PeteSvensson ($74.58 in chips)
PeteSvensson: posts small blind $1
AzureCaper: posts big blind $3
*** HOLE CARDS ***
PeteSvensson: raises $3 to $6
AzureCaper: calls $3
*** FLOP *** [Td 6d 4d]
AzureCaper: checks
PeteSvensson: bets $3
AzureCaper: raises $3 to $6
PeteSvensson: calls $3
*** TURN *** [Td 6d 4d] [Qs]
AzureCaper: bets $6
PeteSvensson: raises $6 to $12
AzureCaper: calls $6
*** RIVER *** [Td 6d 4d Qs] [9h]
AzureCaper: checks
PeteSvensson: checks
*** SHOW DOWN ***
AzureCaper: shows [7d Tc] (a pair of Tens)
PeteSvensson: mucks hand
AzureCaper collected $47.50 from pot
*** SUMMARY ***
Total pot $48 | Rake $0.50
Board [Td 6d 4d Qs 9h]
Seat 4: AzureCaper (big blind) showed [7d Tc] and won ($47.50) with a pair of Tens
Seat 5: PeteSvensson (button) (small blind) mucked


PokerStars Hand #149454795273:  Hold'em Limit ($3/$6 USD) - 2016/02/26 14:11:05 ET
Table 'Becrux II' 6-max Seat #5 is the button
Seat 4: AzureCaper ($169.49 in chips)
Seat 5: PeteSvensson ($16.34 in chips)
PeteSvensson: posts small blind $1
AzureCaper: posts big blind $3
*** HOLE CARDS ***
PeteSvensson: folds
Uncalled bet ($2) returned to AzureCaper
AzureCaper collected $2 from pot
AzureCaper: doesn't show hand
*** SUMMARY ***
Total pot $2 | Rake $0
Seat 4: AzureCaper (big blind) collected ($2)
Seat 5: PeteSvensson (button) (small blind) folded before Flop


PokerStars Hand #149454791131:  Hold'em Limit ($3/$6 USD) - 2016/02/26 14:11:00 ET
Table 'Becrux II' 6-max Seat #4 is the button
Seat 4: AzureCaper ($170.49 in chips)
Seat 5: PeteSvensson ($15.34 in chips)
AzureCaper: posts small blind $1
PeteSvensson: posts big blind $3
*** HOLE CARDS ***
AzureCaper: folds
Uncalled bet ($2) returned to PeteSvensson
PeteSvensson collected $2 from pot
PeteSvensson: doesn't show hand
*** SUMMARY ***
Total pot $2 | Rake $0
Seat 4: AzureCaper (button) (small blind) folded before Flop
Seat 5: PeteSvensson (big blind) collected ($2)


PokerStars Hand #149454773086:  Hold'em Limit ($3/$6 USD) - 2016/02/26 14:10:40 ET
Table 'Becrux II' 6-max Seat #5 is the button
Seat 4: AzureCaper ($161.85 in chips)
Seat 5: PeteSvensson ($24.34 in chips)
PeteSvensson: posts small blind $1
AzureCaper: posts big blind $3
*** HOLE CARDS ***
PeteSvensson: raises $3 to $6
AzureCaper: calls $3
*** FLOP *** [4d 9h 9s]
AzureCaper: checks
PeteSvensson: bets $3
AzureCaper: calls $3
*** TURN *** [4d 9h 9s] [Qd]
AzureCaper: checks
PeteSvensson: checks
*** RIVER *** [4d 9h 9s Qd] [3s]
AzureCaper: checks
PeteSvensson: checks
*** SHOW DOWN ***
AzureCaper: shows [8h 7d] (a pair of Nines)
PeteSvensson: mucks hand
AzureCaper collected $17.64 from pot
*** SUMMARY ***
Total pot $18 | Rake $0.36
Board [4d 9h 9s Qd 3s]
Seat 4: AzureCaper (big blind) showed [8h 7d] and won ($17.64) with a pair of Nines
Seat 5: PeteSvensson (button) (small blind) mucked


PokerStars Hand #149454768438:  Hold'em Limit ($3/$6 USD) - 2016/02/26 14:10:34 ET
Table 'Becrux II' 6-max Seat #4 is the button
Seat 4: AzureCaper ($162.85 in chips)
Seat 5: PeteSvensson ($23.34 in chips)
AzureCaper: posts small blind $1
PeteSvensson: posts big blind $3
*** HOLE CARDS ***
AzureCaper: folds
Uncalled bet ($2) returned to PeteSvensson
PeteSvensson collected $2 from pot
PeteSvensson: doesn't show hand
*** SUMMARY ***
Total pot $2 | Rake $0
Seat 4: AzureCaper (button) (small blind) folded before Flop
Seat 5: PeteSvensson (big blind) collected ($2)


PokerStars Hand #149454763735:  Hold'em Limit ($3/$6 USD) - 2016/02/26 14:10:29 ET
Table 'Becrux II' 6-max Seat #5 is the button
Seat 4: AzureCaper ($161.85 in chips)
Seat 5: PeteSvensson ($24.34 in chips)
PeteSvensson: posts small blind $1
AzureCaper: posts big blind $3
*** HOLE CARDS ***
PeteSvensson: folds
Uncalled bet ($2) returned to AzureCaper
AzureCaper collected $2 from pot
AzureCaper: doesn't show hand
*** SUMMARY ***
Total pot $2 | Rake $0
Seat 4: AzureCaper (big blind) collected ($2)
Seat 5: PeteSvensson (button) (small blind) folded before Flop


PokerStars Hand #149454752088:  Hold'em Limit ($3/$6 USD) - 2016/02/26 14:10:15 ET
Table 'Becrux II' 6-max Seat #4 is the button
Seat 4: AzureCaper ($144.35 in chips)
Seat 5: PeteSvensson ($42.34 in chips)
AzureCaper: posts small blind $1
PeteSvensson: posts big blind $3
*** HOLE CARDS ***
AzureCaper: raises $3 to $6
PeteSvensson: calls $3
*** FLOP *** [4s 9h 6c]
PeteSvensson: checks
AzureCaper: bets $3
PeteSvensson: raises $3 to $6
AzureCaper: calls $3
*** TURN *** [4s 9h 6c] [Tc]
PeteSvensson: bets $6
AzureCaper: calls $6
*** RIVER *** [4s 9h 6c Tc] [Kd]
PeteSvensson: checks
AzureCaper: checks
*** SHOW DOWN ***
PeteSvensson: shows [8c Ad] (high card Ace)
AzureCaper: shows [Ah Qs] (high card Ace - King+Queen kicker)
AzureCaper collected $35.50 from pot
*** SUMMARY ***
Total pot $36 | Rake $0.50
Board [4s 9h 6c Tc Kd]
Seat 4: AzureCaper (button) (small blind) showed [Ah Qs] and won ($35.50) with high card Ace
Seat 5: PeteSvensson (big blind) showed [8c Ad] and lost with high card Ace


PokerStars Hand #149454742609:  Hold'em Limit ($3/$6 USD) - 2016/02/26 14:10:04 ET
Table 'Becrux II' 6-max Seat #5 is the button
Seat 4: AzureCaper ($147.35 in chips)
Seat 5: PeteSvensson ($39.34 in chips)
PeteSvensson: posts small blind $1
AzureCaper: posts big blind $3
*** HOLE CARDS ***
PeteSvensson: raises $3 to $6
AzureCaper: folds
Uncalled bet ($3) returned to PeteSvensson
PeteSvensson collected $6 from pot
PeteSvensson: doesn't show hand
*** SUMMARY ***
Total pot $6 | Rake $0
Seat 4: AzureCaper (big blind) folded before Flop
Seat 5: PeteSvensson (button) (small blind) collected ($6)


PokerStars Hand #149454799598:  Hold'em Limit ($3/$6 USD) - 2016/02/26 14:11:09 ET
Table 'Becrux II' 6-max Seat #4 is the button
Seat 4: AzureCaper ($170.49 in chips)
Seat 5: PeteSvensson ($15.34 in chips)
AzureCaper: posts small blind $1
PeteSvensson: posts big blind $3
*** HOLE CARDS ***
AzureCaper: folds
Uncalled bet ($2) returned to PeteSvensson
PeteSvensson collected $2 from pot
PeteSvensson: doesn't show hand
*** SUMMARY ***
Total pot $2 | Rake $0
Seat 4: AzureCaper (button) (small blind) folded before Flop
Seat 5: PeteSvensson (big blind) collected ($2)


