PokerStars Hand #147681918505:  Hold'em Limit ($3/$6 USD) - 2016/01/25 18:39:50 ET
Table 'Becrux' 6-max Seat #4 is the button
Seat 3: Brama Br ($148.95 in chips)
Seat 4: AzureCaper ($87.38 in chips)
AzureCaper: posts small blind $1
Brama Br: posts big blind $3
*** HOLE CARDS ***
AzureCaper: folds
Uncalled bet ($2) returned to Brama Br
Brama Br collected $2 from pot
*** SUMMARY ***
Total pot $2 | Rake $0
Seat 3: Brama Br (big blind) collected ($2)
Seat 4: AzureCaper (button) (small blind) folded before Flop


PokerStars Hand #147681898650:  Hold'em Limit ($3/$6 USD) - 2016/01/25 18:39:25 ET
Table 'Becrux' 6-max Seat #3 is the button
Seat 3: Brama Br ($134.45 in chips)
Seat 4: AzureCaper ($102.38 in chips)
Brama Br: posts small blind $1
AzureCaper: posts big blind $3
*** HOLE CARDS ***
Brama Br: raises $3 to $6
AzureCaper: calls $3
*** FLOP *** [8h As 4d]
AzureCaper: checks
Brama Br: bets $3
AzureCaper: calls $3
*** TURN *** [8h As 4d] [2h]
AzureCaper: checks
Brama Br: bets $6
AzureCaper: calls $6
*** RIVER *** [8h As 4d 2h] [8c]
AzureCaper: checks
Brama Br: checks
*** SHOW DOWN ***
AzureCaper: shows [Kd 2d] (two pair, Eights and Deuces)
Brama Br: shows [Ad 7d] (two pair, Aces and Eights)
Brama Br collected $29.50 from pot
*** SUMMARY ***
Total pot $30 | Rake $0.50
Board [8h As 4d 2h 8c]
Seat 3: Brama Br (button) (small blind) showed [Ad 7d] and won ($29.50) with two pair, Aces and Eights
Seat 4: AzureCaper (big blind) showed [Kd 2d] and lost with two pair, Eights and Deuces


PokerStars Hand #147681894655:  Hold'em Limit ($3/$6 USD) - 2016/01/25 18:39:19 ET
Table 'Becrux' 6-max Seat #4 is the button
Seat 3: Brama Br ($133.45 in chips)
Seat 4: AzureCaper ($103.38 in chips)
AzureCaper: posts small blind $1
Brama Br: posts big blind $3
*** HOLE CARDS ***
AzureCaper: folds
Uncalled bet ($2) returned to Brama Br
Brama Br collected $2 from pot
Brama Br: doesn't show hand
*** SUMMARY ***
Total pot $2 | Rake $0
Seat 3: Brama Br (big blind) collected ($2)
Seat 4: AzureCaper (button) (small blind) folded before Flop


PokerStars Hand #147681966435:  Hold'em Limit ($3/$6 USD) - 2016/01/25 18:40:51 ET
Table 'Becrux' 6-max Seat #4 is the button
Seat 3: Brama Br ($151.47 in chips)
Seat 4: AzureCaper ($84.14 in chips)
AzureCaper: posts small blind $1
Brama Br: posts big blind $3
*** HOLE CARDS ***
AzureCaper: folds
Uncalled bet ($2) returned to Brama Br
Brama Br collected $2 from pot
Brama Br: doesn't show hand
*** SUMMARY ***
Total pot $2 | Rake $0
Seat 3: Brama Br (big blind) collected ($2)
Seat 4: AzureCaper (button) (small blind) folded before Flop


PokerStars Hand #147681955669:  Hold'em Limit ($3/$6 USD) - 2016/01/25 18:40:37 ET
Table 'Becrux' 6-max Seat #3 is the button
Seat 3: Brama Br ($145.71 in chips)
Seat 4: AzureCaper ($90.14 in chips)
Brama Br: posts small blind $1
AzureCaper: posts big blind $3
*** HOLE CARDS ***
Brama Br: raises $3 to $6
AzureCaper: calls $3
*** FLOP *** [8d Kh 8s]
AzureCaper: checks
Brama Br: bets $3
AzureCaper: folds
Uncalled bet ($3) returned to Brama Br
Brama Br collected $11.76 from pot
Brama Br: doesn't show hand
*** SUMMARY ***
Total pot $12 | Rake $0.24
Board [8d Kh 8s]
Seat 3: Brama Br (button) (small blind) collected ($11.76)
Seat 4: AzureCaper (big blind) folded on the Flop


PokerStars Hand #147681950048:  Hold'em Limit ($3/$6 USD) - 2016/01/25 18:40:30 ET
Table 'Becrux' 6-max Seat #4 is the button
Seat 3: Brama Br ($148.71 in chips)
Seat 4: AzureCaper ($87.14 in chips)
AzureCaper: posts small blind $1
Brama Br: posts big blind $3
*** HOLE CARDS ***
AzureCaper: raises $3 to $6
Brama Br: folds
Uncalled bet ($3) returned to AzureCaper
AzureCaper collected $6 from pot
AzureCaper: doesn't show hand
*** SUMMARY ***
Total pot $6 | Rake $0
Seat 3: Brama Br (big blind) folded before Flop
Seat 4: AzureCaper (button) (small blind) collected ($6)


PokerStars Hand #147681945896:  Hold'em Limit ($3/$6 USD) - 2016/01/25 18:40:25 ET
Table 'Becrux' 6-max Seat #3 is the button
Seat 3: Brama Br ($149.71 in chips)
Seat 4: AzureCaper ($86.14 in chips)
Brama Br: posts small blind $1
AzureCaper: posts big blind $3
*** HOLE CARDS ***
Brama Br: folds
Uncalled bet ($2) returned to AzureCaper
AzureCaper collected $2 from pot
AzureCaper: doesn't show hand
*** SUMMARY ***
Total pot $2 | Rake $0
Seat 3: Brama Br (button) (small blind) folded before Flop
Seat 4: AzureCaper (big blind) collected ($2)


PokerStars Hand #147681937130:  Hold'em Limit ($3/$6 USD) - 2016/01/25 18:40:14 ET
Table 'Becrux' 6-max Seat #4 is the button
Seat 3: Brama Br ($155.71 in chips)
Seat 4: AzureCaper ($80.38 in chips)
AzureCaper: posts small blind $1
Brama Br: posts big blind $3
*** HOLE CARDS ***
AzureCaper: raises $3 to $6
Brama Br: calls $3
*** FLOP *** [9d 8c 3h]
Brama Br: checks
AzureCaper: bets $3
Brama Br: folds
Uncalled bet ($3) returned to AzureCaper
AzureCaper collected $11.76 from pot
AzureCaper: doesn't show hand
*** SUMMARY ***
Total pot $12 | Rake $0.24
Board [9d 8c 3h]
Seat 3: Brama Br (big blind) folded on the Flop
Seat 4: AzureCaper (button) (small blind) collected ($11.76)


PokerStars Hand #147681923029:  Hold'em Limit ($3/$6 USD) - 2016/01/25 18:39:56 ET
Table 'Becrux' 6-max Seat #3 is the button
Seat 3: Brama Br ($149.95 in chips)
Seat 4: AzureCaper ($86.38 in chips)
Brama Br: posts small blind $1
AzureCaper: posts big blind $3
*** HOLE CARDS ***
Brama Br: raises $3 to $6
AzureCaper: calls $3
*** FLOP *** [Js 9h Ts]
AzureCaper: checks
Brama Br: bets $3
AzureCaper: folds
Uncalled bet ($3) returned to Brama Br
Brama Br collected $11.76 from pot
Brama Br: doesn't show hand
*** SUMMARY ***
Total pot $12 | Rake $0.24
Board [Js 9h Ts]
Seat 3: Brama Br (button) (small blind) collected ($11.76)
Seat 4: AzureCaper (big blind) folded on the Flop


PokerStars Hand #147681999164:  Hold'em Limit ($3/$6 USD) - 2016/01/25 18:41:33 ET
Table 'Becrux' 6-max Seat #4 is the button
Seat 3: Brama Br ($136.47 in chips)
Seat 4: AzureCaper ($98.66 in chips)
AzureCaper: posts small blind $1
Brama Br: posts big blind $3
*** HOLE CARDS ***
AzureCaper: raises $3 to $6
Brama Br: folds
Uncalled bet ($3) returned to AzureCaper
AzureCaper collected $6 from pot
AzureCaper: doesn't show hand
*** SUMMARY ***
Total pot $6 | Rake $0
Seat 3: Brama Br (big blind) folded before Flop
Seat 4: AzureCaper (button) (small blind) collected ($6)


PokerStars Hand #147681980988:  Hold'em Limit ($3/$6 USD) - 2016/01/25 18:41:10 ET
Table 'Becrux' 6-max Seat #3 is the button
Seat 3: Brama Br ($148.47 in chips)
Seat 4: AzureCaper ($87.14 in chips)
Brama Br: posts small blind $1
AzureCaper: posts big blind $3
*** HOLE CARDS ***
Brama Br: raises $3 to $6
AzureCaper: raises $3 to $9
Brama Br: calls $3
*** FLOP *** [6d 7c As]
AzureCaper: bets $3
Brama Br: calls $3
*** TURN *** [6d 7c As] [Ac]
AzureCaper: bets $6
Brama Br: folds
Uncalled bet ($6) returned to AzureCaper
AzureCaper collected $23.52 from pot
AzureCaper: doesn't show hand
*** SUMMARY ***
Total pot $24 | Rake $0.48
Board [6d 7c As Ac]
Seat 3: Brama Br (button) (small blind) folded on the Turn
Seat 4: AzureCaper (big blind) collected ($23.52)


PokerStars Hand #147681974979:  Hold'em Limit ($3/$6 USD) - 2016/01/25 18:41:02 ET
Table 'Becrux' 6-max Seat #4 is the button
Seat 3: Brama Br ($151.47 in chips)
Seat 4: AzureCaper ($84.14 in chips)
AzureCaper: posts small blind $1
Brama Br: posts big blind $3
*** HOLE CARDS ***
AzureCaper: raises $3 to $6
Brama Br: folds
Uncalled bet ($3) returned to AzureCaper
AzureCaper collected $6 from pot
AzureCaper: doesn't show hand
*** SUMMARY ***
Total pot $6 | Rake $0
Seat 3: Brama Br (big blind) folded before Flop
Seat 4: AzureCaper (button) (small blind) collected ($6)


PokerStars Hand #147681970171:  Hold'em Limit ($3/$6 USD) - 2016/01/25 18:40:56 ET
Table 'Becrux' 6-max Seat #3 is the button
Seat 3: Brama Br ($152.47 in chips)
Seat 4: AzureCaper ($83.14 in chips)
Brama Br: posts small blind $1
AzureCaper: posts big blind $3
*** HOLE CARDS ***
Brama Br: folds
Uncalled bet ($2) returned to AzureCaper
AzureCaper collected $2 from pot
AzureCaper: doesn't show hand
*** SUMMARY ***
Total pot $2 | Rake $0
Seat 3: Brama Br (button) (small blind) folded before Flop
Seat 4: AzureCaper (big blind) collected ($2)


PokerStars Hand #147682004720:  Hold'em Limit ($3/$6 USD) - 2016/01/25 18:41:40 ET
Table 'Becrux' 6-max Seat #3 is the button
Seat 3: Brama Br ($133.47 in chips)
Seat 4: AzureCaper ($101.66 in chips)
Brama Br: posts small blind $1
AzureCaper: posts big blind $3
*** HOLE CARDS ***
Brama Br: raises $3 to $6
AzureCaper: calls $3
*** FLOP *** [Ad 8c 8h]
AzureCaper: checks
Brama Br: bets $3
scorpio04 joins the table at seat #2
AzureCaper: raises $3 to $6
Brama Br: raises $3 to $9
AzureCaper: calls $3
*** TURN *** [Ad 8c 8h] [7h]
AzureCaper: checks
Brama Br: bets $6
AzureCaper: calls $6
*** RIVER *** [Ad 8c 8h 7h] [9s]
AzureCaper: checks
Brama Br: bets $6
AzureCaper: calls $6
*** SHOW DOWN ***
Brama Br: shows [Ah 8s] (a full house, Eights full of Aces)
AzureCaper: mucks hand
Brama Br collected $53.50 from pot
*** SUMMARY ***
Total pot $54 | Rake $0.50
Board [Ad 8c 8h 7h 9s]
Seat 3: Brama Br (button) (small blind) showed [Ah 8s] and won ($53.50) with a full house, Eights full of Aces
Seat 4: AzureCaper (big blind) mucked


