PokerStars Hand #161523197564:  Hold'em Limit ($3/$6 USD) - 2016/11/16 23:52:37 ET
Table 'Becrux' 6-max Seat #1 is the button
Seat 1: assitoni ($72 in chips)
Seat 2: sarasa46 ($61.10 in chips)
assitoni: posts small blind $1
sarasa46: posts big blind $3
*** HOLE CARDS ***
assitoni: folds
Uncalled bet ($2) returned to sarasa46
sarasa46 collected $2 from pot
sarasa46: doesn't show hand
*** SUMMARY ***
Total pot $2 | Rake $0
Seat 1: assitoni (button) (small blind) folded before Flop
Seat 2: sarasa46 (big blind) collected ($2)


PokerStars Hand #161523205773:  Hold'em Limit ($3/$6 USD) - 2016/11/16 23:53:08 ET
Table 'Becrux' 6-max Seat #1 is the button
Seat 1: assitoni ($72 in chips)
Seat 2: sarasa46 ($64.98 in chips)
assitoni: posts small blind $1
sarasa46: posts big blind $3
*** HOLE CARDS ***
assitoni: folds
Uncalled bet ($2) returned to sarasa46
sarasa46 collected $2 from pot
sarasa46: doesn't show hand
*** SUMMARY ***
Total pot $2 | Rake $0
Seat 1: assitoni (button) (small blind) folded before Flop
Seat 2: sarasa46 (big blind) collected ($2)


PokerStars Hand #161523212591:  Hold'em Limit ($3/$6 USD) - 2016/11/16 23:53:24 ET
Table 'Becrux' 6-max Seat #1 is the button
Seat 1: assitoni ($73 in chips)
Seat 2: sarasa46 ($64.98 in chips)
assitoni: posts small blind $1
sarasa46: posts big blind $3
*** HOLE CARDS ***
ToDaFelt joins the table at seat #3
assitoni: folds
Uncalled bet ($2) returned to sarasa46
sarasa46 collected $2 from pot
sarasa46: doesn't show hand
*** SUMMARY ***
Total pot $2 | Rake $0
Seat 1: assitoni (button) (small blind) folded before Flop
Seat 2: sarasa46 (big blind) collected ($2)


PokerStars Hand #161523210866:  Hold'em Limit ($3/$6 USD) - 2016/11/16 23:53:17 ET
Table 'Becrux' 6-max Seat #2 is the button
Seat 1: assitoni ($72 in chips)
Seat 2: sarasa46 ($65.98 in chips)
sarasa46: posts small blind $1
assitoni: posts big blind $3
*** HOLE CARDS ***
sarasa46: folds
Uncalled bet ($2) returned to assitoni
assitoni collected $2 from pot
assitoni: doesn't show hand
*** SUMMARY ***
Total pot $2 | Rake $0
Seat 1: assitoni (big blind) collected ($2)
Seat 2: sarasa46 (button) (small blind) folded before Flop


PokerStars Hand #161523474982:  Hold'em Limit ($3/$6 USD) - 2016/11/17 0:10:32 ET
Table 'Becrux' 6-max Seat #5 is the button
Seat 4: Alexsandr.NT ($51.45 in chips)
Seat 5: 7superpoker ($144.98 in chips)
7superpoker: posts small blind $1
Alexsandr.NT: posts big blind $3
*** HOLE CARDS ***
7superpoker: folds
Uncalled bet ($2) returned to Alexsandr.NT
Alexsandr.NT collected $2 from pot
sarasa46 leaves the table
*** SUMMARY ***
Total pot $2 | Rake $0
Seat 4: Alexsandr.NT (big blind) collected ($2)
Seat 5: 7superpoker (button) (small blind) folded before Flop


PokerStars Hand #161523491979:  Hold'em Limit ($3/$6 USD) - 2016/11/17 0:11:37 ET
Table 'Becrux' 6-max Seat #4 is the button
Seat 4: Alexsandr.NT ($4.45 in chips)
Seat 5: 7superpoker ($190.98 in chips)
Alexsandr.NT: posts small blind $1
7superpoker: posts big blind $3
*** HOLE CARDS ***
Alexsandr.NT: folds
Uncalled bet ($2) returned to 7superpoker
7superpoker collected $2 from pot
*** SUMMARY ***
Total pot $2 | Rake $0
Seat 4: Alexsandr.NT (button) (small blind) folded before Flop
Seat 5: 7superpoker (big blind) collected ($2)


PokerStars Hand #161523484467:  Hold'em Limit ($3/$6 USD) - 2016/11/17 0:11:09 ET
Table 'Becrux' 6-max Seat #5 is the button
Seat 4: Alexsandr.NT ($28.45 in chips)
Seat 5: 7superpoker ($167.48 in chips)
7superpoker: posts small blind $1
Alexsandr.NT: posts big blind $3
*** HOLE CARDS ***
7superpoker: raises $3 to $6
Alexsandr.NT: calls $3
*** FLOP *** [7c 4d 9d]
Alexsandr.NT: checks
7superpoker: bets $3
Alexsandr.NT: raises $3 to $6
7superpoker: calls $3
*** TURN *** [7c 4d 9d] [7d]
Alexsandr.NT: bets $6
7superpoker: calls $6
*** RIVER *** [7c 4d 9d 7d] [Qd]
Alexsandr.NT: bets $6
7superpoker: calls $6
*** SHOW DOWN ***
Alexsandr.NT: shows [Jh 4c] (two pair, Sevens and Fours)
7superpoker: shows [5c 9c] (two pair, Nines and Sevens)
7superpoker collected $47.50 from pot
*** SUMMARY ***
Total pot $48 | Rake $0.50
Board [7c 4d 9d 7d Qd]
Seat 4: Alexsandr.NT (big blind) showed [Jh 4c] and lost with two pair, Sevens and Fours
Seat 5: 7superpoker (button) (small blind) showed [5c 9c] and won ($47.50) with two pair, Nines and Sevens


PokerStars Hand #161523500953:  Hold'em Limit ($3/$6 USD) - 2016/11/17 0:11:47 ET
Table 'Becrux' 6-max Seat #4 is the button
Seat 4: Alexsandr.NT ($4.45 in chips)
Seat 5: 7superpoker ($190.98 in chips)
Alexsandr.NT: posts small blind $1
7superpoker: posts big blind $3
*** HOLE CARDS ***
Alexsandr.NT: raises $1.45 to $4.45 and is all-in
7superpoker: calls $1.45
*** FLOP *** [Kh 3d 6h]
*** TURN *** [Kh 3d 6h] [8d]
*** RIVER *** [Kh 3d 6h 8d] [9h]
*** SHOW DOWN ***
7superpoker: shows [Js 2h] (high card King)
Alexsandr.NT: shows [Td 5s] (high card King - lower kicker)
7superpoker collected $8.72 from pot
*** SUMMARY ***
Total pot $8.90 | Rake $0.18
Board [Kh 3d 6h 8d 9h]
Seat 4: Alexsandr.NT (button) (small blind) showed [Td 5s] and lost with high card King
Seat 5: 7superpoker (big blind) showed [Js 2h] and won ($8.72) with high card King


PokerStars Hand #161523476635:  Hold'em Limit ($3/$6 USD) - 2016/11/17 0:10:39 ET
Table 'Becrux' 6-max Seat #4 is the button
Seat 4: Alexsandr.NT ($52.45 in chips)
Seat 5: 7superpoker ($143.98 in chips)
Alexsandr.NT: posts small blind $1
7superpoker: posts big blind $3
*** HOLE CARDS ***
Alexsandr.NT: raises $3 to $6
7superpoker: raises $3 to $9
Alexsandr.NT: calls $3
*** FLOP *** [3c Ts Jc]
7superpoker: bets $3
Alexsandr.NT: calls $3
*** TURN *** [3c Ts Jc] [Kh]
7superpoker: bets $6
Alexsandr.NT: calls $6
*** RIVER *** [3c Ts Jc Kh] [8h]
7superpoker: bets $6
Alexsandr.NT: calls $6
*** SHOW DOWN ***
7superpoker: shows [Ah Ad] (a pair of Aces)
Alexsandr.NT: mucks hand
7superpoker collected $47.50 from pot
*** SUMMARY ***
Total pot $48 | Rake $0.50
Board [3c Ts Jc Kh 8h]
Seat 4: Alexsandr.NT (button) (small blind) mucked
Seat 5: 7superpoker (big blind) showed [Ah Ad] and won ($47.50) with a pair of Aces


PokerStars Hand #161523493289:  Hold'em Limit ($3/$6 USD) - 2016/11/17 0:11:42 ET
Table 'Becrux' 6-max Seat #5 is the button
Seat 4: Alexsandr.NT ($3.45 in chips)
Seat 5: 7superpoker ($191.98 in chips)
7superpoker: posts small blind $1
Alexsandr.NT: posts big blind $3
*** HOLE CARDS ***
7superpoker: folds
Uncalled bet ($2) returned to Alexsandr.NT
Alexsandr.NT collected $2 from pot
*** SUMMARY ***
Total pot $2 | Rake $0
Seat 4: Alexsandr.NT (big blind) collected ($2)
Seat 5: 7superpoker (button) (small blind) folded before Flop


