PokerStars Hand #155129730253:  Hold'em Limit ($3/$6 USD) - 2016/06/24 4:24:07 ET
Table 'Becrux' 6-max Seat #5 is the button
Seat 1: fishbla ($290.18 in chips)
Seat 5: SAMIFRANC507 ($88.32 in chips)
SAMIFRANC507: posts small blind $1
fishbla: posts big blind $3
*** HOLE CARDS ***
SAMIFRANC507: folds
Uncalled bet ($2) returned to fishbla
fishbla collected $2 from pot
fishbla: doesn't show hand
*** SUMMARY ***
Total pot $2 | Rake $0
Seat 1: fishbla (big blind) collected ($2)
Seat 5: SAMIFRANC507 (button) (small blind) folded before Flop


PokerStars Hand #155129723392:  Hold'em Limit ($3/$6 USD) - 2016/06/24 4:23:43 ET
Table 'Becrux' 6-max Seat #1 is the button
Seat 1: fishbla ($291.18 in chips)
Seat 5: SAMIFRANC507 ($87.32 in chips)
fishbla: posts small blind $1
Murrrr_@T: is sitting out
SAMIFRANC507: posts big blind $3
*** HOLE CARDS ***
Murrrr_@T leaves the table
fishbla: folds
Uncalled bet ($2) returned to SAMIFRANC507
SAMIFRANC507 collected $2 from pot
SAMIFRANC507: doesn't show hand
*** SUMMARY ***
Total pot $2 | Rake $0
Seat 1: fishbla (button) (small blind) folded before Flop
Seat 5: SAMIFRANC507 (big blind) collected ($2)


