PokerStars Hand #147686042013:  Hold'em Limit ($3/$6 USD) - 2016/01/25 20:24:40 ET
Table 'Becrux' 6-max Seat #4 is the button
Seat 3: rttattar ($82.16 in chips)
Seat 4: AzureCaper ($73 in chips)
AzureCaper: posts small blind $1
rttattar: posts big blind $3
*** HOLE CARDS ***
AzureCaper: folds
Uncalled bet ($2) returned to rttattar
rttattar collected $2 from pot
rttattar: doesn't show hand
*** SUMMARY ***
Total pot $2 | Rake $0
Seat 3: rttattar (big blind) collected ($2)
Seat 4: AzureCaper (button) (small blind) folded before Flop


PokerStars Hand #147686035828:  Hold'em Limit ($3/$6 USD) - 2016/01/25 20:24:29 ET
Table 'Becrux' 6-max Seat #4 is the button
Seat 3: rttattar ($82.16 in chips)
Seat 4: AzureCaper ($73 in chips)
AzureCaper: posts small blind $1
rttattar: posts big blind $3
*** HOLE CARDS ***
AzureCaper: folds
Uncalled bet ($2) returned to rttattar
rttattar collected $2 from pot
rttattar: doesn't show hand
*** SUMMARY ***
Total pot $2 | Rake $0
Seat 3: rttattar (big blind) collected ($2)
Seat 4: AzureCaper (button) (small blind) folded before Flop


PokerStars Hand #147686018989:  Hold'em Limit ($3/$6 USD) - 2016/01/25 20:23:59 ET
Table 'Becrux' 6-max Seat #3 is the button
Seat 3: rttattar ($73.52 in chips)
Seat 4: AzureCaper ($72 in chips)
rttattar: posts small blind $1
AzureCaper: posts big blind $3
*** HOLE CARDS ***
rttattar: raises $3 to $6
AzureCaper: calls $3
*** FLOP *** [9c 6d Qh]
AzureCaper: checks
rttattar: bets $3
AzureCaper: calls $3
*** TURN *** [9c 6d Qh] [3d]
AzureCaper: checks
rttattar: bets $6
AzureCaper: folds
Uncalled bet ($6) returned to rttattar
rttattar collected $17.64 from pot
rttattar: doesn't show hand
*** SUMMARY ***
Total pot $18 | Rake $0.36
Board [9c 6d Qh 3d]
Seat 3: rttattar (button) (small blind) collected ($17.64)
Seat 4: AzureCaper (big blind) folded on the Turn


PokerStars Hand #147686070912:  Hold'em Limit ($3/$6 USD) - 2016/01/25 20:25:32 ET
Table 'Becrux' 6-max Seat #3 is the button
Seat 3: rttattar ($100.18 in chips)
Seat 4: AzureCaper ($77.76 in chips)
rttattar: posts small blind $1
AzureCaper: posts big blind $3
*** HOLE CARDS ***
rttattar: raises $3 to $6
AzureCaper: calls $3
*** FLOP *** [As Kd Ac]
AzureCaper: checks
rttattar: bets $3
AzureCaper: folds
Uncalled bet ($3) returned to rttattar
rttattar collected $11.76 from pot
rttattar: doesn't show hand
*** SUMMARY ***
Total pot $12 | Rake $0.24
Board [As Kd Ac]
Seat 3: rttattar (button) (small blind) collected ($11.76)
Seat 4: AzureCaper (big blind) folded on the Flop


PokerStars Hand #147686065386:  Hold'em Limit ($3/$6 USD) - 2016/01/25 20:25:22 ET
Table 'Becrux' 6-max Seat #4 is the button
Seat 3: rttattar ($106.18 in chips)
Seat 4: AzureCaper ($72 in chips)
AzureCaper: posts small blind $1
rttattar: posts big blind $3
*** HOLE CARDS ***
AzureCaper: raises $3 to $6
rttattar: calls $3
*** FLOP *** [6c 2s 6h]
rttattar: checks
AzureCaper: bets $3
rttattar: folds
Uncalled bet ($3) returned to AzureCaper
AzureCaper collected $11.76 from pot
AzureCaper: doesn't show hand
*** SUMMARY ***
Total pot $12 | Rake $0.24
Board [6c 2s 6h]
Seat 3: rttattar (big blind) folded on the Flop
Seat 4: AzureCaper (button) (small blind) collected ($11.76)


PokerStars Hand #147686055327:  Hold'em Limit ($3/$6 USD) - 2016/01/25 20:25:04 ET
Table 'Becrux' 6-max Seat #3 is the button
Seat 3: rttattar ($91.68 in chips)
Seat 4: AzureCaper ($75 in chips)
rttattar: posts small blind $1
AzureCaper: posts big blind $3
*** HOLE CARDS ***
rttattar: raises $3 to $6
AzureCaper: raises $3 to $9
rttattar: calls $3
*** FLOP *** [5s Qs Qh]
AzureCaper: bets $3
rttattar: raises $3 to $6
AzureCaper: calls $3
*** TURN *** [5s Qs Qh] [Tc]
AzureCaper: checks
rttattar: bets $6
AzureCaper: folds
Uncalled bet ($6) returned to rttattar
rttattar collected $29.50 from pot
rttattar: doesn't show hand
*** SUMMARY ***
Total pot $30 | Rake $0.50
Board [5s Qs Qh Tc]
Seat 3: rttattar (button) (small blind) collected ($29.50)
Seat 4: AzureCaper (big blind) folded on the Turn


PokerStars Hand #147686052026:  Hold'em Limit ($3/$6 USD) - 2016/01/25 20:24:58 ET
Table 'Becrux' 6-max Seat #4 is the button
Seat 3: rttattar ($94.68 in chips)
Seat 4: AzureCaper ($72 in chips)
AzureCaper: posts small blind $1
rttattar: posts big blind $3
*** HOLE CARDS ***
AzureCaper: raises $3 to $6
rttattar: folds
Uncalled bet ($3) returned to AzureCaper
AzureCaper collected $6 from pot
AzureCaper: doesn't show hand
*** SUMMARY ***
Total pot $6 | Rake $0
Seat 3: rttattar (big blind) folded before Flop
Seat 4: AzureCaper (button) (small blind) collected ($6)


PokerStars Hand #147686044525:  Hold'em Limit ($3/$6 USD) - 2016/01/25 20:24:45 ET
Table 'Becrux' 6-max Seat #3 is the button
Seat 3: rttattar ($83.16 in chips)
Seat 4: AzureCaper ($72 in chips)
rttattar: posts small blind $1
AzureCaper: posts big blind $3
*** HOLE CARDS ***
rttattar: raises $3 to $6
AzureCaper: calls $3
*** FLOP *** [Ac Ks 7s]
AzureCaper: checks
rttattar: checks
*** TURN *** [Ac Ks 7s] [Kd]
AzureCaper: bets $6
rttattar: calls $6
*** RIVER *** [Ac Ks 7s Kd] [3h]
AzureCaper: checks
rttattar: checks
*** SHOW DOWN ***
AzureCaper: shows [3s 2s] (two pair, Kings and Threes)
rttattar: shows [9h 7c] (two pair, Kings and Sevens)
rttattar collected $23.52 from pot
*** SUMMARY ***
Total pot $24 | Rake $0.48
Board [Ac Ks 7s Kd 3h]
Seat 3: rttattar (button) (small blind) showed [9h 7c] and won ($23.52) with two pair, Kings and Sevens
Seat 4: AzureCaper (big blind) showed [3s 2s] and lost with two pair, Kings and Threes


PokerStars Hand #147686103650:  Hold'em Limit ($3/$6 USD) - 2016/01/25 20:26:32 ET
Table 'Becrux' 6-max Seat #3 is the button
Seat 3: rttattar ($87.58 in chips)
Seat 4: AzureCaper ($89.26 in chips)
rttattar: posts small blind $1
AzureCaper: posts big blind $3
*** HOLE CARDS ***
rttattar: raises $3 to $6
AzureCaper: folds
Uncalled bet ($3) returned to rttattar
rttattar collected $6 from pot
rttattar: doesn't show hand
*** SUMMARY ***
Total pot $6 | Rake $0
Seat 3: rttattar (button) (small blind) collected ($6)
Seat 4: AzureCaper (big blind) folded before Flop


PokerStars Hand #147686094952:  Hold'em Limit ($3/$6 USD) - 2016/01/25 20:26:16 ET
Table 'Becrux' 6-max Seat #4 is the button
Seat 3: rttattar ($78.94 in chips)
Seat 4: AzureCaper ($98.26 in chips)
AzureCaper: posts small blind $1
rttattar: posts big blind $3
*** HOLE CARDS ***
AzureCaper: raises $3 to $6
rttattar: raises $3 to $9
AzureCaper: calls $3
*** FLOP *** [4s 4h 3d]
rttattar: checks
AzureCaper: checks
*** TURN *** [4s 4h 3d] [9d]
rttattar: bets $6
AzureCaper: folds
Uncalled bet ($6) returned to rttattar
rttattar collected $17.64 from pot
rttattar: doesn't show hand
*** SUMMARY ***
Total pot $18 | Rake $0.36
Board [4s 4h 3d 9d]
Seat 3: rttattar (big blind) collected ($17.64)
Seat 4: AzureCaper (button) (small blind) folded on the Turn


PokerStars Hand #147686088447:  Hold'em Limit ($3/$6 USD) - 2016/01/25 20:26:05 ET
Table 'Becrux' 6-max Seat #3 is the button
Seat 3: rttattar ($84.94 in chips)
Seat 4: AzureCaper ($92.50 in chips)
rttattar: posts small blind $1
AzureCaper: posts big blind $3
*** HOLE CARDS ***
rttattar: raises $3 to $6
AzureCaper: calls $3
*** FLOP *** [4d As Td]
AzureCaper: checks
rttattar: checks
*** TURN *** [4d As Td] [3h]
AzureCaper: bets $6
rttattar: folds
Uncalled bet ($6) returned to AzureCaper
AzureCaper collected $11.76 from pot
AzureCaper: doesn't show hand
*** SUMMARY ***
Total pot $12 | Rake $0.24
Board [4d As Td 3h]
Seat 3: rttattar (button) (small blind) folded on the Turn
Seat 4: AzureCaper (big blind) collected ($11.76)


PokerStars Hand #147686081131:  Hold'em Limit ($3/$6 USD) - 2016/01/25 20:25:51 ET
Table 'Becrux' 6-max Seat #4 is the button
Seat 3: rttattar ($105.94 in chips)
Seat 4: AzureCaper ($72 in chips)
AzureCaper: posts small blind $1
rttattar: posts big blind $3
*** HOLE CARDS ***
AzureCaper: raises $3 to $6
rttattar: calls $3
*** FLOP *** [Ts 9h 5d]
rttattar: bets $3
AzureCaper: calls $3
*** TURN *** [Ts 9h 5d] [7d]
rttattar: bets $6
AzureCaper: calls $6
*** RIVER *** [Ts 9h 5d 7d] [3s]
rttattar: bets $6
AzureCaper: calls $6
*** SHOW DOWN ***
rttattar: shows [Jd 9d] (a pair of Nines)
AzureCaper: shows [8d Th] (a pair of Tens)
AzureCaper collected $41.50 from pot
*** SUMMARY ***
Total pot $42 | Rake $0.50
Board [Ts 9h 5d 7d 3s]
Seat 3: rttattar (big blind) showed [Jd 9d] and lost with a pair of Nines
Seat 4: AzureCaper (button) (small blind) showed [8d Th] and won ($41.50) with a pair of Tens


PokerStars Hand #147686118826:  Hold'em Limit ($3/$6 USD) - 2016/01/25 20:27:01 ET
Table 'Becrux' 6-max Seat #3 is the button
Seat 3: rttattar ($81.58 in chips)
Seat 4: AzureCaper ($94.90 in chips)
rttattar: posts small blind $1
AzureCaper: posts big blind $3
*** HOLE CARDS ***
rttattar: raises $3 to $6
AzureCaper: calls $3
*** FLOP *** [3s 5c 7s]
AzureCaper: checks
rttattar: checks
*** TURN *** [3s 5c 7s] [Ah]
AzureCaper: bets $6
rttattar: folds
Uncalled bet ($6) returned to AzureCaper
AzureCaper collected $11.76 from pot
AzureCaper: doesn't show hand
*** SUMMARY ***
Total pot $12 | Rake $0.24
Board [3s 5c 7s Ah]
Seat 3: rttattar (button) (small blind) folded on the Turn
Seat 4: AzureCaper (big blind) collected ($11.76)


PokerStars Hand #147686108060:  Hold'em Limit ($3/$6 USD) - 2016/01/25 20:26:41 ET
Table 'Becrux' 6-max Seat #4 is the button
Seat 3: rttattar ($90.58 in chips)
Seat 4: AzureCaper ($86.26 in chips)
AzureCaper: posts small blind $1
rttattar: posts big blind $3
*** HOLE CARDS ***
AzureCaper: raises $3 to $6
rttattar: calls $3
*** FLOP *** [Kd Qs 8c]
rttattar: checks
AzureCaper: bets $3
rttattar: calls $3
*** TURN *** [Kd Qs 8c] [Ad]
rttattar: checks
krytalex joins the table at seat #5
AzureCaper: bets $6
rttattar: folds
Uncalled bet ($6) returned to AzureCaper
AzureCaper collected $17.64 from pot
AzureCaper: doesn't show hand
*** SUMMARY ***
Total pot $18 | Rake $0.36
Board [Kd Qs 8c Ad]
Seat 3: rttattar (big blind) folded on the Turn
Seat 4: AzureCaper (button) (small blind) collected ($17.64)


