PokerStars Hand #153004588449:  Hold'em Limit ($3/$6 USD) - 2016/05/07 23:22:26 ET
Table 'Becrux' 6-max Seat #4 is the button
Seat 1: remeks ($73.18 in chips)
Seat 4: Mudager ($122.88 in chips)
Mudager: posts small blind $1
remeks: posts big blind $3
*** HOLE CARDS ***
Mudager: raises $3 to $6
remeks: folds
Uncalled bet ($3) returned to Mudager
Mudager collected $6 from pot
Mudager: doesn't show hand
belik555 joins the table at seat #2
*** SUMMARY ***
Total pot $6 | Rake $0
Seat 1: remeks (big blind) folded before Flop
Seat 4: Mudager (button) (small blind) collected ($6)


PokerStars Hand #153004581693:  Hold'em Limit ($3/$6 USD) - 2016/05/07 23:22:03 ET
Table 'Becrux' 6-max Seat #1 is the button
Seat 1: remeks ($76.18 in chips)
Seat 4: Mudager ($120 in chips)
remeks: posts small blind $1
Mudager: posts big blind $3
*** HOLE CARDS ***
remeks: calls $2
Mudager: checks
*** FLOP *** [9h Jd Jh]
Mudager: bets $3
remeks: folds
Uncalled bet ($3) returned to Mudager
Mudager collected $5.88 from pot
Mudager: doesn't show hand
*** SUMMARY ***
Total pot $6 | Rake $0.12
Board [9h Jd Jh]
Seat 1: remeks (button) (small blind) folded on the Flop
Seat 4: Mudager (big blind) collected ($5.88)


PokerStars Hand #153005053069:  Hold'em Limit ($3/$6 USD) - 2016/05/07 23:49:17 ET
Table 'Becrux' 6-max Seat #3 is the button
Seat 3: edweirdodude ($186.82 in chips)
Seat 5: TinaTurner72 ($136.42 in chips)
edweirdodude: posts small blind $1
TinaTurner72: posts big blind $3
*** HOLE CARDS ***
edweirdodude: calls $2
TinaTurner72: raises $3 to $6
edweirdodude: calls $3
*** FLOP *** [Th Qd 6s]
TinaTurner72: bets $3
edweirdodude: raises $3 to $6
TinaTurner72: raises $3 to $9
edweirdodude: calls $3
*** TURN *** [Th Qd 6s] [Kh]
TinaTurner72: bets $6
edweirdodude: calls $6
*** RIVER *** [Th Qd 6s Kh] [3d]
TinaTurner72: bets $6
edweirdodude: calls $6
*** SHOW DOWN ***
TinaTurner72: shows [Jd Kd] (a pair of Kings)
edweirdodude: mucks hand
TinaTurner72 collected $53.50 from pot
*** SUMMARY ***
Total pot $54 | Rake $0.50
Board [Th Qd 6s Kh 3d]
Seat 3: edweirdodude (button) (small blind) mucked
Seat 5: TinaTurner72 (big blind) showed [Jd Kd] and won ($53.50) with a pair of Kings


PokerStars Hand #153005059969:  Hold'em Limit ($3/$6 USD) - 2016/05/07 23:49:43 ET
Table 'Becrux' 6-max Seat #5 is the button
Seat 3: edweirdodude ($159.82 in chips)
Seat 5: TinaTurner72 ($162.92 in chips)
TinaTurner72: posts small blind $1
edweirdodude: posts big blind $3
*** HOLE CARDS ***
TinaTurner72: folds
Uncalled bet ($2) returned to edweirdodude
edweirdodude collected $2 from pot
edweirdodude: doesn't show hand
*** SUMMARY ***
Total pot $2 | Rake $0
Seat 3: edweirdodude (big blind) collected ($2)
Seat 5: TinaTurner72 (button) (small blind) folded before Flop


PokerStars Hand #153005064833:  Hold'em Limit ($3/$6 USD) - 2016/05/07 23:50:01 ET
Table 'Becrux' 6-max Seat #3 is the button
Seat 3: edweirdodude ($160.82 in chips)
Seat 5: TinaTurner72 ($161.92 in chips)
edweirdodude: posts small blind $1
TinaTurner72: posts big blind $3
*** HOLE CARDS ***
edweirdodude: raises $3 to $6
TinaTurner72: calls $3
*** FLOP *** [5c Th 7s]
TinaTurner72: checks
edweirdodude: bets $3
TinaTurner72: calls $3
*** TURN *** [5c Th 7s] [Jc]
TinaTurner72: checks
edweirdodude: checks
*** RIVER *** [5c Th 7s Jc] [Kd]
TinaTurner72: checks
edweirdodude: checks
*** SHOW DOWN ***
TinaTurner72: shows [Jh 8d] (a pair of Jacks)
edweirdodude: shows [Ac Qs] (a straight, Ten to Ace)
edweirdodude collected $17.64 from pot
*** SUMMARY ***
Total pot $18 | Rake $0.36
Board [5c Th 7s Jc Kd]
Seat 3: edweirdodude (button) (small blind) showed [Ac Qs] and won ($17.64) with a straight, Ten to Ace
Seat 5: TinaTurner72 (big blind) showed [Jh 8d] and lost with a pair of Jacks


PokerStars Hand #153005073961:  Hold'em Limit ($3/$6 USD) - 2016/05/07 23:50:34 ET
Table 'Becrux' 6-max Seat #5 is the button
Seat 3: edweirdodude ($169.46 in chips)
Seat 5: TinaTurner72 ($152.92 in chips)
TinaTurner72: posts small blind $1
edweirdodude: posts big blind $3
*** HOLE CARDS ***
TinaTurner72: raises $3 to $6
edweirdodude: calls $3
*** FLOP *** [Qs 8d As]
edweirdodude: bets $3
TinaTurner72: raises $3 to $6
edweirdodude: calls $3
*** TURN *** [Qs 8d As] [7s]
edweirdodude: checks
TinaTurner72: checks
*** RIVER *** [Qs 8d As 7s] [4d]
edweirdodude: checks
TinaTurner72: checks
*** SHOW DOWN ***
edweirdodude: shows [9h Ad] (a pair of Aces)
TinaTurner72: mucks hand
edweirdodude collected $23.52 from pot
*** SUMMARY ***
Total pot $24 | Rake $0.48
Board [Qs 8d As 7s 4d]
Seat 3: edweirdodude (big blind) showed [9h Ad] and won ($23.52) with a pair of Aces
Seat 5: TinaTurner72 (button) (small blind) mucked


PokerStars Hand #153005090139:  Hold'em Limit ($3/$6 USD) - 2016/05/07 23:51:33 ET
Table 'Becrux' 6-max Seat #5 is the button
Seat 3: edweirdodude ($195.48 in chips)
Seat 5: TinaTurner72 ($125.92 in chips)
TinaTurner72: posts small blind $1
edweirdodude: posts big blind $3
*** HOLE CARDS ***
TinaTurner72: raises $3 to $6
edweirdodude: calls $3
*** FLOP *** [5h 8d Ks]
edweirdodude: checks
TinaTurner72: bets $3
edweirdodude: calls $3
*** TURN *** [5h 8d Ks] [9c]
edweirdodude: checks
TinaTurner72: bets $6
edweirdodude: calls $6
*** RIVER *** [5h 8d Ks 9c] [Ts]
edweirdodude: checks
TinaTurner72: checks
*** SHOW DOWN ***
edweirdodude: shows [Ad Kh] (a pair of Kings)
TinaTurner72: mucks hand
edweirdodude collected $29.50 from pot
*** SUMMARY ***
Total pot $30 | Rake $0.50
Board [5h 8d Ks 9c Ts]
Seat 3: edweirdodude (big blind) showed [Ad Kh] and won ($29.50) with a pair of Kings
Seat 5: TinaTurner72 (button) (small blind) mucked


PokerStars Hand #153005080182:  Hold'em Limit ($3/$6 USD) - 2016/05/07 23:50:57 ET
Table 'Becrux' 6-max Seat #3 is the button
Seat 3: edweirdodude ($180.98 in chips)
Seat 5: TinaTurner72 ($140.92 in chips)
edweirdodude: posts small blind $1
TinaTurner72: posts big blind $3
*** HOLE CARDS ***
edweirdodude: raises $3 to $6
TinaTurner72: calls $3
*** FLOP *** [9d 3c 4d]
TinaTurner72: checks
edweirdodude: bets $3
TinaTurner72: calls $3
*** TURN *** [9d 3c 4d] [2d]
TinaTurner72: checks
edweirdodude: bets $6
TinaTurner72: calls $6
*** RIVER *** [9d 3c 4d 2d] [Qc]
TinaTurner72: checks
edweirdodude: bets $6
TinaTurner72: folds
Uncalled bet ($6) returned to edweirdodude
edweirdodude collected $29.50 from pot
edweirdodude: doesn't show hand
*** SUMMARY ***
Total pot $30 | Rake $0.50
Board [9d 3c 4d 2d Qc]
Seat 3: edweirdodude (button) (small blind) collected ($29.50)
Seat 5: TinaTurner72 (big blind) folded on the River


PokerStars Hand #153005101439:  Hold'em Limit ($3/$6 USD) - 2016/05/07 23:52:15 ET
Table 'Becrux' 6-max Seat #3 is the button
Seat 3: edweirdodude ($209.98 in chips)
Seat 5: TinaTurner72 ($110.92 in chips)
edweirdodude: posts small blind $1
TinaTurner72: posts big blind $3
*** HOLE CARDS ***
edweirdodude: folds
Uncalled bet ($2) returned to TinaTurner72
TinaTurner72 collected $2 from pot
TinaTurner72: doesn't show hand
*** SUMMARY ***
Total pot $2 | Rake $0
Seat 3: edweirdodude (button) (small blind) folded before Flop
Seat 5: TinaTurner72 (big blind) collected ($2)


PokerStars Hand #153005103208:  Hold'em Limit ($3/$6 USD) - 2016/05/07 23:52:21 ET
Table 'Becrux' 6-max Seat #5 is the button
Seat 3: edweirdodude ($208.98 in chips)
Seat 5: TinaTurner72 ($111.92 in chips)
TinaTurner72: posts small blind $1
edweirdodude: posts big blind $3
*** HOLE CARDS ***
TinaTurner72: raises $3 to $6
edweirdodude: calls $3
*** FLOP *** [5d 4h 7d]
edweirdodude: bets $3
TinaTurner72: raises $3 to $6
edweirdodude: calls $3
*** TURN *** [5d 4h 7d] [Ts]
edweirdodude: checks
TinaTurner72: bets $6
edweirdodude: calls $6
*** RIVER *** [5d 4h 7d Ts] [Td]
edweirdodude: folds
TinaTurner72 collected $35.50 from pot
TinaTurner72: doesn't show hand
*** SUMMARY ***
Total pot $36 | Rake $0.50
Board [5d 4h 7d Ts Td]
Seat 3: edweirdodude (big blind) folded on the River
Seat 5: TinaTurner72 (button) (small blind) collected ($35.50)


PokerStars Hand #153005127115:  Hold'em Limit ($3/$6 USD) - 2016/05/07 23:53:48 ET
Table 'Becrux' 6-max Seat #5 is the button
Seat 3: edweirdodude ($183.74 in chips)
Seat 5: TinaTurner72 ($135.94 in chips)
TinaTurner72: posts small blind $1
edweirdodude: posts big blind $3
*** HOLE CARDS ***
TinaTurner72: raises $3 to $6
edweirdodude: calls $3
*** FLOP *** [9s 8s Qd]
edweirdodude: bets $3
TinaTurner72: calls $3
*** TURN *** [9s 8s Qd] [5c]
edweirdodude: bets $6
TinaTurner72: folds
Uncalled bet ($6) returned to edweirdodude
edweirdodude collected $17.64 from pot
edweirdodude: doesn't show hand
*** SUMMARY ***
Total pot $18 | Rake $0.36
Board [9s 8s Qd 5c]
Seat 3: edweirdodude (big blind) collected ($17.64)
Seat 5: TinaTurner72 (button) (small blind) folded on the Turn


PokerStars Hand #153005112269:  Hold'em Limit ($3/$6 USD) - 2016/05/07 23:52:54 ET
Table 'Becrux' 6-max Seat #3 is the button
Seat 3: edweirdodude ($190.98 in chips)
Seat 5: TinaTurner72 ($129.42 in chips)
edweirdodude: posts small blind $1
TinaTurner72: posts big blind $3
*** HOLE CARDS ***
edweirdodude: raises $3 to $6
TinaTurner72: calls $3
*** FLOP *** [8s 8h Ts]
TinaTurner72: checks
edweirdodude: bets $3
TinaTurner72: raises $3 to $6
edweirdodude: calls $3
*** TURN *** [8s 8h Ts] [Kh]
TinaTurner72: checks
edweirdodude: checks
*** RIVER *** [8s 8h Ts Kh] [Kd]
TinaTurner72: checks
edweirdodude: checks
*** SHOW DOWN ***
TinaTurner72: shows [Ac 2h] (two pair, Kings and Eights)
edweirdodude: mucks hand
TinaTurner72 collected $23.52 from pot
*** SUMMARY ***
Total pot $24 | Rake $0.48
Board [8s 8h Ts Kh Kd]
Seat 3: edweirdodude (button) (small blind) mucked
Seat 5: TinaTurner72 (big blind) showed [Ac 2h] and won ($23.52) with two pair, Kings and Eights


PokerStars Hand #153005125766:  Hold'em Limit ($3/$6 USD) - 2016/05/07 23:53:43 ET
Table 'Becrux' 6-max Seat #3 is the button
Seat 3: edweirdodude ($184.74 in chips)
Seat 5: TinaTurner72 ($134.94 in chips)
edweirdodude: posts small blind $1
TinaTurner72: posts big blind $3
*** HOLE CARDS ***
edweirdodude: folds
Uncalled bet ($2) returned to TinaTurner72
TinaTurner72 collected $2 from pot
TinaTurner72: doesn't show hand
*** SUMMARY ***
Total pot $2 | Rake $0
Seat 3: edweirdodude (button) (small blind) folded before Flop
Seat 5: TinaTurner72 (big blind) collected ($2)


PokerStars Hand #153005122801:  Hold'em Limit ($3/$6 USD) - 2016/05/07 23:53:32 ET
Table 'Becrux' 6-max Seat #5 is the button
Seat 3: edweirdodude ($178.98 in chips)
Seat 5: TinaTurner72 ($140.94 in chips)
TinaTurner72: posts small blind $1
edweirdodude: posts big blind $3
*** HOLE CARDS ***
TinaTurner72: raises $3 to $6
edweirdodude: calls $3
*** FLOP *** [Ac 4s Jc]
edweirdodude: bets $3
TinaTurner72: folds
Uncalled bet ($3) returned to edweirdodude
edweirdodude collected $11.76 from pot
edweirdodude: doesn't show hand
*** SUMMARY ***
Total pot $12 | Rake $0.24
Board [Ac 4s Jc]
Seat 3: edweirdodude (big blind) collected ($11.76)
Seat 5: TinaTurner72 (button) (small blind) folded on the Flop


PokerStars Hand #153005144915:  Hold'em Limit ($3/$6 USD) - 2016/05/07 23:54:27 ET
Table 'Becrux' 6-max Seat #5 is the button
Seat 3: edweirdodude ($186.38 in chips)
Seat 5: TinaTurner72 ($132.70 in chips)
TinaTurner72: posts small blind $1
edweirdodude: posts big blind $3
*** HOLE CARDS ***
TinaTurner72: raises $3 to $6
edweirdodude: calls $3
*** FLOP *** [9d 8d Qc]
edweirdodude: bets $3
TinaTurner72: calls $3
*** TURN *** [9d 8d Qc] [7s]
edweirdodude: bets $6
TinaTurner72: folds
Uncalled bet ($6) returned to edweirdodude
edweirdodude collected $17.64 from pot
edweirdodude: doesn't show hand
*** SUMMARY ***
Total pot $18 | Rake $0.36
Board [9d 8d Qc 7s]
Seat 3: edweirdodude (big blind) collected ($17.64)
Seat 5: TinaTurner72 (button) (small blind) folded on the Turn


PokerStars Hand #153005152765:  Hold'em Limit ($3/$6 USD) - 2016/05/07 23:54:56 ET
Table 'Becrux' 6-max Seat #5 is the button
Seat 3: edweirdodude ($200.78 in chips)
Seat 5: TinaTurner72 ($117.70 in chips)
TinaTurner72: posts small blind $1
edweirdodude: posts big blind $3
*** HOLE CARDS ***
TinaTurner72: raises $3 to $6
edweirdodude: calls $3
*** FLOP *** [5s Js Jc]
edweirdodude: folds
TinaTurner72 collected $11.76 from pot
TinaTurner72: doesn't show hand
*** SUMMARY ***
Total pot $12 | Rake $0.24
Board [5s Js Jc]
Seat 3: edweirdodude (big blind) folded on the Flop
Seat 5: TinaTurner72 (button) (small blind) collected ($11.76)


PokerStars Hand #153005148998:  Hold'em Limit ($3/$6 USD) - 2016/05/07 23:54:42 ET
Table 'Becrux' 6-max Seat #3 is the button
Seat 3: edweirdodude ($195.02 in chips)
Seat 5: TinaTurner72 ($123.70 in chips)
edweirdodude: posts small blind $1
TinaTurner72: posts big blind $3
*** HOLE CARDS ***
edweirdodude: raises $3 to $6
TinaTurner72: calls $3
*** FLOP *** [6h Qd 5s]
TinaTurner72: checks
edweirdodude: bets $3
TinaTurner72: folds
Uncalled bet ($3) returned to edweirdodude
edweirdodude collected $11.76 from pot
edweirdodude: doesn't show hand
*** SUMMARY ***
Total pot $12 | Rake $0.24
Board [6h Qd 5s]
Seat 3: edweirdodude (button) (small blind) collected ($11.76)
Seat 5: TinaTurner72 (big blind) folded on the Flop


PokerStars Hand #153005141034:  Hold'em Limit ($3/$6 USD) - 2016/05/07 23:54:12 ET
Table 'Becrux' 6-max Seat #3 is the button
Seat 3: edweirdodude ($192.38 in chips)
Seat 5: TinaTurner72 ($126.94 in chips)
edweirdodude: posts small blind $1
TinaTurner72: posts big blind $3
*** HOLE CARDS ***
edweirdodude: calls $2
TinaTurner72: raises $3 to $6
edweirdodude: calls $3
*** FLOP *** [7h Jd Jh]
TinaTurner72: bets $3
edweirdodude: folds
Uncalled bet ($3) returned to TinaTurner72
TinaTurner72 collected $11.76 from pot
TinaTurner72: doesn't show hand
*** SUMMARY ***
Total pot $12 | Rake $0.24
Board [7h Jd Jh]
Seat 3: edweirdodude (button) (small blind) folded on the Flop
Seat 5: TinaTurner72 (big blind) collected ($11.76)


PokerStars Hand #153005163154:  Hold'em Limit ($3/$6 USD) - 2016/05/07 23:55:38 ET
Table 'Becrux' 6-max Seat #3 is the button
Seat 3: edweirdodude ($204.42 in chips)
Seat 5: TinaTurner72 ($113.46 in chips)
edweirdodude: posts small blind $1
TinaTurner72: posts big blind $3
*** HOLE CARDS ***
edweirdodude: folds
Uncalled bet ($2) returned to TinaTurner72
TinaTurner72 collected $2 from pot
TinaTurner72: doesn't show hand
*** SUMMARY ***
Total pot $2 | Rake $0
Seat 3: edweirdodude (button) (small blind) folded before Flop
Seat 5: TinaTurner72 (big blind) collected ($2)


PokerStars Hand #153005167464:  Hold'em Limit ($3/$6 USD) - 2016/05/07 23:55:56 ET
Table 'Becrux' 6-max Seat #5 is the button
Seat 3: edweirdodude ($199.42 in chips)
Seat 5: TinaTurner72 ($118.46 in chips)
TinaTurner72: posts small blind $1
edweirdodude: posts big blind $3
*** HOLE CARDS ***
TinaTurner72: raises $3 to $6
edweirdodude: calls $3
*** FLOP *** [9h 7c 4h]
edweirdodude: bets $3
TinaTurner72: calls $3
*** TURN *** [9h 7c 4h] [8c]
edweirdodude: bets $6
TinaTurner72: calls $6
*** RIVER *** [9h 7c 4h 8c] [Kd]
edweirdodude: bets $6
TinaTurner72: folds
Uncalled bet ($6) returned to edweirdodude
edweirdodude collected $29.50 from pot
edweirdodude: doesn't show hand
*** SUMMARY ***
Total pot $30 | Rake $0.50
Board [9h 7c 4h 8c Kd]
Seat 3: edweirdodude (big blind) collected ($29.50)
Seat 5: TinaTurner72 (button) (small blind) folded on the River


PokerStars Hand #153005166374:  Hold'em Limit ($3/$6 USD) - 2016/05/07 23:55:52 ET
Table 'Becrux' 6-max Seat #3 is the button
Seat 3: edweirdodude ($200.42 in chips)
Seat 5: TinaTurner72 ($117.46 in chips)
edweirdodude: posts small blind $1
TinaTurner72: posts big blind $3
*** HOLE CARDS ***
edweirdodude: folds
Uncalled bet ($2) returned to TinaTurner72
TinaTurner72 collected $2 from pot
TinaTurner72: doesn't show hand
*** SUMMARY ***
Total pot $2 | Rake $0
Seat 3: edweirdodude (button) (small blind) folded before Flop
Seat 5: TinaTurner72 (big blind) collected ($2)


PokerStars Hand #153005164569:  Hold'em Limit ($3/$6 USD) - 2016/05/07 23:55:44 ET
Table 'Becrux' 6-max Seat #5 is the button
Seat 3: edweirdodude ($203.42 in chips)
Seat 5: TinaTurner72 ($114.46 in chips)
TinaTurner72: posts small blind $1
edweirdodude: posts big blind $3
*** HOLE CARDS ***
TinaTurner72: raises $3 to $6
edweirdodude: folds
Uncalled bet ($3) returned to TinaTurner72
TinaTurner72 collected $6 from pot
TinaTurner72: doesn't show hand
*** SUMMARY ***
Total pot $6 | Rake $0
Seat 3: edweirdodude (big blind) folded before Flop
Seat 5: TinaTurner72 (button) (small blind) collected ($6)


PokerStars Hand #153005161495:  Hold'em Limit ($3/$6 USD) - 2016/05/07 23:55:31 ET
Table 'Becrux' 6-max Seat #5 is the button
Seat 3: edweirdodude ($203.42 in chips)
Seat 5: TinaTurner72 ($114.46 in chips)
TinaTurner72: posts small blind $1
edweirdodude: posts big blind $3
*** HOLE CARDS ***
TinaTurner72: folds
Uncalled bet ($2) returned to edweirdodude
edweirdodude collected $2 from pot
edweirdodude: doesn't show hand
*** SUMMARY ***
Total pot $2 | Rake $0
Seat 3: edweirdodude (big blind) collected ($2)
Seat 5: TinaTurner72 (button) (small blind) folded before Flop


PokerStars Hand #153005155166:  Hold'em Limit ($3/$6 USD) - 2016/05/07 23:55:05 ET
Table 'Becrux' 6-max Seat #3 is the button
Seat 3: edweirdodude ($194.78 in chips)
Seat 5: TinaTurner72 ($123.46 in chips)
edweirdodude: posts small blind $1
TinaTurner72: posts big blind $3
*** HOLE CARDS ***
edweirdodude: raises $3 to $6
TinaTurner72: calls $3
*** FLOP *** [Js 5h 9h]
TinaTurner72: checks
edweirdodude: bets $3
TinaTurner72: calls $3
*** TURN *** [Js 5h 9h] [Qc]
TinaTurner72: checks
edweirdodude: bets $6
TinaTurner72: folds
Uncalled bet ($6) returned to edweirdodude
edweirdodude collected $17.64 from pot
edweirdodude: doesn't show hand
*** SUMMARY ***
Total pot $18 | Rake $0.36
Board [Js 5h 9h Qc]
Seat 3: edweirdodude (button) (small blind) collected ($17.64)
Seat 5: TinaTurner72 (big blind) folded on the Turn


PokerStars Hand #153005172584:  Hold'em Limit ($3/$6 USD) - 2016/05/07 23:56:18 ET
Table 'Becrux' 6-max Seat #3 is the button
Seat 3: edweirdodude ($213.92 in chips)
Seat 5: TinaTurner72 ($103.46 in chips)
edweirdodude: posts small blind $1
TinaTurner72: posts big blind $3
*** HOLE CARDS ***
edweirdodude: raises $3 to $6
TinaTurner72: calls $3
*** FLOP *** [2h 9d 6h]
TinaTurner72: checks
edweirdodude: bets $3
TinaTurner72: calls $3
*** TURN *** [2h 9d 6h] [As]
TinaTurner72: checks
edweirdodude: bets $6
TinaTurner72: folds
Uncalled bet ($6) returned to edweirdodude
edweirdodude collected $17.64 from pot
edweirdodude: doesn't show hand
*** SUMMARY ***
Total pot $18 | Rake $0.36
Board [2h 9d 6h As]
Seat 3: edweirdodude (button) (small blind) collected ($17.64)
Seat 5: TinaTurner72 (big blind) folded on the Turn


PokerStars Hand #153005182296:  Hold'em Limit ($3/$6 USD) - 2016/05/07 23:57:00 ET
Table 'Becrux' 6-max Seat #3 is the button
Seat 3: edweirdodude ($219.56 in chips)
Seat 5: TinaTurner72 ($97.46 in chips)
edweirdodude: posts small blind $1
TinaTurner72: posts big blind $3
*** HOLE CARDS ***
edweirdodude: raises $3 to $6
Speeeece joins the table at seat #1
TinaTurner72: folds
Uncalled bet ($3) returned to edweirdodude
edweirdodude collected $6 from pot
edweirdodude: doesn't show hand
*** SUMMARY ***
Total pot $6 | Rake $0
Seat 3: edweirdodude (button) (small blind) collected ($6)
Seat 5: TinaTurner72 (big blind) folded before Flop


PokerStars Hand #153005180963:  Hold'em Limit ($3/$6 USD) - 2016/05/07 23:56:54 ET
Table 'Becrux' 6-max Seat #5 is the button
Seat 3: edweirdodude ($222.56 in chips)
Seat 5: TinaTurner72 ($94.46 in chips)
TinaTurner72: posts small blind $1
edweirdodude: posts big blind $3
*** HOLE CARDS ***
TinaTurner72: raises $3 to $6
edweirdodude: folds
Uncalled bet ($3) returned to TinaTurner72
TinaTurner72 collected $6 from pot
TinaTurner72: doesn't show hand
*** SUMMARY ***
Total pot $6 | Rake $0
Seat 3: edweirdodude (big blind) folded before Flop
Seat 5: TinaTurner72 (button) (small blind) collected ($6)


PokerStars Hand #153005728945:  Hold'em Limit ($3/$6 USD) - 2016/05/08 0:31:19 ET
Table 'Becrux' 6-max Seat #2 is the button
Seat 1: Speeeece ($73.68 in chips)
Seat 2: belik555 ($73 in chips)
belik555: posts small blind $1
KingKroniKK: is sitting out
Speeeece: posts big blind $3
*** HOLE CARDS ***
belik555: folds
Uncalled bet ($2) returned to Speeeece
KingKroniKK leaves the table
Speeeece collected $2 from pot
*** SUMMARY ***
Total pot $2 | Rake $0
Seat 1: Speeeece (big blind) collected ($2)
Seat 2: belik555 (button) (small blind) folded before Flop


PokerStars Hand #153005736293:  Hold'em Limit ($3/$6 USD) - 2016/05/08 0:31:47 ET
Table 'Becrux' 6-max Seat #2 is the button
Seat 1: Speeeece ($92.18 in chips)
Seat 2: belik555 ($72 in chips)
belik555: posts small blind $1
Speeeece: posts big blind $3
*** HOLE CARDS ***
belik555: raises $3 to $6
Speeeece: folds
Uncalled bet ($3) returned to belik555
belik555 collected $6 from pot
belik555: doesn't show hand
*** SUMMARY ***
Total pot $6 | Rake $0
Seat 1: Speeeece (big blind) folded before Flop
Seat 2: belik555 (button) (small blind) collected ($6)


PokerStars Hand #153005730431:  Hold'em Limit ($3/$6 USD) - 2016/05/08 0:31:24 ET
Table 'Becrux' 6-max Seat #1 is the button
Seat 1: Speeeece ($74.68 in chips)
Seat 2: belik555 ($72 in chips)
Speeeece: posts small blind $1
belik555: posts big blind $3
*** HOLE CARDS ***
Speeeece: calls $2
belik555: checks
*** FLOP *** [6d 8d 2c]
belik555: bets $3
Speeeece: calls $3
*** TURN *** [6d 8d 2c] [Tc]
belik555: bets $6
Speeeece: raises $6 to $12
belik555: calls $6
*** RIVER *** [6d 8d 2c Tc] [6c]
belik555: checks
Speeeece: bets $6
belik555: folds
Uncalled bet ($6) returned to Speeeece
Speeeece collected $35.50 from pot
*** SUMMARY ***
Total pot $36 | Rake $0.50
Board [6d 8d 2c Tc 6c]
Seat 1: Speeeece (button) (small blind) collected ($35.50)
Seat 2: belik555 (big blind) folded on the River


PokerStars Hand #153005738483:  Hold'em Limit ($3/$6 USD) - 2016/05/08 0:31:56 ET
Table 'Becrux' 6-max Seat #1 is the button
Seat 1: Speeeece ($89.18 in chips)
Seat 2: belik555 ($75 in chips)
Speeeece: posts small blind $1
belik555: posts big blind $3
*** HOLE CARDS ***
Speeeece: calls $2
belik555: raises $3 to $6
Speeeece: calls $3
*** FLOP *** [Kh Jh 4h]
belik555: bets $3
Speeeece: calls $3
*** TURN *** [Kh Jh 4h] [7h]
belik555: checks
Speeeece: checks
*** RIVER *** [Kh Jh 4h 7h] [6h]
belik555: checks
Speeeece: checks
*** SHOW DOWN ***
belik555: shows [3d Qc] (a flush, King high)
Speeeece: shows [4s 5c] (a flush, King high)
belik555 collected $8.82 from pot
Speeeece collected $8.82 from pot
*** SUMMARY ***
Total pot $18 | Rake $0.36
Board [Kh Jh 4h 7h 6h]
Seat 1: Speeeece (button) (small blind) showed [4s 5c] and won ($8.82) with a flush, King high
Seat 2: belik555 (big blind) showed [3d Qc] and won ($8.82) with a flush, King high


PokerStars Hand #153005745342:  Hold'em Limit ($3/$6 USD) - 2016/05/08 0:32:22 ET
Table 'Becrux' 6-max Seat #2 is the button
Seat 1: Speeeece ($89 in chips)
Seat 2: belik555 ($74.82 in chips)
belik555: posts small blind $1
Speeeece: posts big blind $3
*** HOLE CARDS ***
belik555: raises $3 to $6
Speeeece: calls $3
*** FLOP *** [Kc Jh 4d]
Speeeece: checks
belik555: bets $3
Speeeece: calls $3
*** TURN *** [Kc Jh 4d] [Jd]
Speeeece: checks
belik555: checks
*** RIVER *** [Kc Jh 4d Jd] [2d]
Speeeece: bets $6
belik555: folds
Uncalled bet ($6) returned to Speeeece
Speeeece collected $17.64 from pot
*** SUMMARY ***
Total pot $18 | Rake $0.36
Board [Kc Jh 4d Jd 2d]
Seat 1: Speeeece (big blind) collected ($17.64)
Seat 2: belik555 (button) (small blind) folded on the River


PokerStars Hand #153005765837:  Hold'em Limit ($3/$6 USD) - 2016/05/08 0:33:41 ET
Table 'Becrux' 6-max Seat #1 is the button
Seat 1: Speeeece ($112.14 in chips)
Seat 2: belik555 ($72 in chips)
Speeeece: posts small blind $1
belik555: posts big blind $3
*** HOLE CARDS ***
Speeeece: folds
Uncalled bet ($2) returned to belik555
belik555 collected $2 from pot
belik555: doesn't show hand
*** SUMMARY ***
Total pot $2 | Rake $0
Seat 1: Speeeece (button) (small blind) folded before Flop
Seat 2: belik555 (big blind) collected ($2)


PokerStars Hand #153005756424:  Hold'em Limit ($3/$6 USD) - 2016/05/08 0:33:05 ET
Table 'Becrux' 6-max Seat #2 is the button
Seat 1: Speeeece ($91.64 in chips)
Seat 2: belik555 ($77.76 in chips)
belik555: posts small blind $1
Speeeece: posts big blind $3
*** HOLE CARDS ***
belik555: raises $3 to $6
Speeeece: calls $3
*** FLOP *** [Kc Qs 2d]
Speeeece: checks
belik555: bets $3
Speeeece: calls $3
*** TURN *** [Kc Qs 2d] [6d]
Speeeece: checks
belik555: checks
*** RIVER *** [Kc Qs 2d 6d] [5d]
Speeeece: checks
belik555: bets $6
Speeeece: raises $6 to $12
belik555: calls $6
*** SHOW DOWN ***
Speeeece: shows [Qc Kh] (two pair, Kings and Queens)
belik555: mucks hand
Speeeece collected $41.50 from pot
*** SUMMARY ***
Total pot $42 | Rake $0.50
Board [Kc Qs 2d 6d 5d]
Seat 1: Speeeece (big blind) showed [Qc Kh] and won ($41.50) with two pair, Kings and Queens
Seat 2: belik555 (button) (small blind) mucked


PokerStars Hand #153005767163:  Hold'em Limit ($3/$6 USD) - 2016/05/08 0:33:46 ET
Table 'Becrux' 6-max Seat #2 is the button
Seat 1: Speeeece ($111.14 in chips)
Seat 2: belik555 ($73 in chips)
belik555: posts small blind $1
Speeeece: posts big blind $3
*** HOLE CARDS ***
belik555: raises $3 to $6
Speeeece: calls $3
*** FLOP *** [4s Qh 9h]
Speeeece: checks
belik555: bets $3
Speeeece: calls $3
*** TURN *** [4s Qh 9h] [6d]
Speeeece: checks
belik555: checks
*** RIVER *** [4s Qh 9h 6d] [5s]
Speeeece: checks
belik555: checks
*** SHOW DOWN ***
Speeeece: shows [Qs 4h] (two pair, Queens and Fours)
belik555: mucks hand
Speeeece collected $17.64 from pot
*** SUMMARY ***
Total pot $18 | Rake $0.36
Board [4s Qh 9h 6d 5s]
Seat 1: Speeeece (big blind) showed [Qs 4h] and won ($17.64) with two pair, Queens and Fours
Seat 2: belik555 (button) (small blind) mucked


PokerStars Hand #153005782943:  Hold'em Limit ($3/$6 USD) - 2016/05/08 0:34:47 ET
Table 'Becrux' 6-max Seat #2 is the button
Seat 1: Speeeece ($122.66 in chips)
Seat 2: belik555 ($72 in chips)
belik555: posts small blind $1
Speeeece: posts big blind $3
*** HOLE CARDS ***
belik555: raises $3 to $6
Speeeece: calls $3
*** FLOP *** [3c 3d Js]
Speeeece: checks
belik555: bets $3
Speeeece: folds
Uncalled bet ($3) returned to belik555
belik555 collected $11.76 from pot
belik555: doesn't show hand
*** SUMMARY ***
Total pot $12 | Rake $0.24
Board [3c 3d Js]
Seat 1: Speeeece (big blind) folded on the Flop
Seat 2: belik555 (button) (small blind) collected ($11.76)


PokerStars Hand #153005773792:  Hold'em Limit ($3/$6 USD) - 2016/05/08 0:34:12 ET
Table 'Becrux' 6-max Seat #1 is the button
Seat 1: Speeeece ($119.78 in chips)
Seat 2: belik555 ($72 in chips)
Speeeece: posts small blind $1
belik555: posts big blind $3
*** HOLE CARDS ***
Speeeece: calls $2
belik555: checks
*** FLOP *** [6s As Tc]
belik555: checks
Speeeece: checks
*** TURN *** [6s As Tc] [Qs]
belik555: checks
Speeeece: checks
*** RIVER *** [6s As Tc Qs] [Jh]
belik555: checks
Speeeece: checks
*** SHOW DOWN ***
belik555: shows [2s 8h] (high card Ace)
Speeeece: shows [9h 5h] (high card Ace - Queen+Jack+Ten+Nine kicker)
Speeeece collected $5.88 from pot
*** SUMMARY ***
Total pot $6 | Rake $0.12
Board [6s As Tc Qs Jh]
Seat 1: Speeeece (button) (small blind) showed [9h 5h] and won ($5.88) with high card Ace
Seat 2: belik555 (big blind) showed [2s 8h] and lost with high card Ace


PokerStars Hand #153005790428:  Hold'em Limit ($3/$6 USD) - 2016/05/08 0:35:16 ET
Table 'Becrux' 6-max Seat #1 is the button
Seat 1: Speeeece ($116.66 in chips)
Seat 2: belik555 ($77.76 in chips)
Speeeece: posts small blind $1
belik555: posts big blind $3
*** HOLE CARDS ***
Speeeece: calls $2
belik555: raises $3 to $6
Speeeece: calls $3
*** FLOP *** [9d 5h Ac]
belik555: bets $3
Speeeece: calls $3
*** TURN *** [9d 5h Ac] [2c]
belik555: bets $6
Speeeece: folds
Uncalled bet ($6) returned to belik555
belik555 collected $17.64 from pot
belik555: doesn't show hand
*** SUMMARY ***
Total pot $18 | Rake $0.36
Board [9d 5h Ac 2c]
Seat 1: Speeeece (button) (small blind) folded on the Turn
Seat 2: belik555 (big blind) collected ($17.64)


PokerStars Hand #153005802094:  Hold'em Limit ($3/$6 USD) - 2016/05/08 0:36:00 ET
Table 'Becrux' 6-max Seat #1 is the button
Seat 1: Speeeece ($101.66 in chips)
Seat 2: belik555 ($92.16 in chips)
Speeeece: posts small blind $1
belik555: posts big blind $3
*** HOLE CARDS ***
Speeeece: folds
Uncalled bet ($2) returned to belik555
belik555 collected $2 from pot
belik555: doesn't show hand
*** SUMMARY ***
Total pot $2 | Rake $0
Seat 1: Speeeece (button) (small blind) folded before Flop
Seat 2: belik555 (big blind) collected ($2)


PokerStars Hand #153005795803:  Hold'em Limit ($3/$6 USD) - 2016/05/08 0:35:37 ET
Table 'Becrux' 6-max Seat #2 is the button
Seat 1: Speeeece ($107.66 in chips)
Seat 2: belik555 ($86.40 in chips)
belik555: posts small blind $1
Speeeece: posts big blind $3
*** HOLE CARDS ***
belik555: raises $3 to $6
Speeeece: calls $3
*** FLOP *** [Kh 5d 8s]
Speeeece: checks
belik555: bets $3
Speeeece: folds
Uncalled bet ($3) returned to belik555
belik555 collected $11.76 from pot
belik555: doesn't show hand
*** SUMMARY ***
Total pot $12 | Rake $0.24
Board [Kh 5d 8s]
Seat 1: Speeeece (big blind) folded on the Flop
Seat 2: belik555 (button) (small blind) collected ($11.76)


PokerStars Hand #153005803603:  Hold'em Limit ($3/$6 USD) - 2016/05/08 0:36:06 ET
Table 'Becrux' 6-max Seat #2 is the button
Seat 1: Speeeece ($100.66 in chips)
Seat 2: belik555 ($93.16 in chips)
belik555: posts small blind $1
Speeeece: posts big blind $3
*** HOLE CARDS ***
belik555: folds
Uncalled bet ($2) returned to Speeeece
Speeeece collected $2 from pot
*** SUMMARY ***
Total pot $2 | Rake $0
Seat 1: Speeeece (big blind) collected ($2)
Seat 2: belik555 (button) (small blind) folded before Flop


PokerStars Hand #153005811377:  Hold'em Limit ($3/$6 USD) - 2016/05/08 0:36:36 ET
Table 'Becrux' 6-max Seat #2 is the button
Seat 1: Speeeece ($104.54 in chips)
Seat 2: belik555 ($89.16 in chips)
belik555: posts small blind $1
Speeeece: posts big blind $3
*** HOLE CARDS ***
belik555: folds
Uncalled bet ($2) returned to Speeeece
Speeeece collected $2 from pot
*** SUMMARY ***
Total pot $2 | Rake $0
Seat 1: Speeeece (big blind) collected ($2)
Seat 2: belik555 (button) (small blind) folded before Flop


PokerStars Hand #153005819770:  Hold'em Limit ($3/$6 USD) - 2016/05/08 0:37:08 ET
Table 'Becrux' 6-max Seat #1 is the button
Seat 1: Speeeece ($96.54 in chips)
Seat 2: belik555 ($96.92 in chips)
Speeeece: posts small blind $1
belik555: posts big blind $3
*** HOLE CARDS ***
Speeeece: calls $2
belik555: raises $3 to $6
Speeeece: calls $3
*** FLOP *** [3d Ks 6s]
belik555: bets $3
Speeeece: folds
Uncalled bet ($3) returned to belik555
belik555 collected $11.76 from pot
belik555: doesn't show hand
*** SUMMARY ***
Total pot $12 | Rake $0.24
Board [3d Ks 6s]
Seat 1: Speeeece (button) (small blind) folded on the Flop
Seat 2: belik555 (big blind) collected ($11.76)


PokerStars Hand #153005816523:  Hold'em Limit ($3/$6 USD) - 2016/05/08 0:36:56 ET
Table 'Becrux' 6-max Seat #2 is the button
Seat 1: Speeeece ($99.54 in chips)
Seat 2: belik555 ($93.92 in chips)
belik555: posts small blind $1
Speeeece: posts big blind $3
*** HOLE CARDS ***
belik555: raises $3 to $6
Speeeece: folds
Uncalled bet ($3) returned to belik555
belik555 collected $6 from pot
belik555: doesn't show hand
*** SUMMARY ***
Total pot $6 | Rake $0
Seat 1: Speeeece (big blind) folded before Flop
Seat 2: belik555 (button) (small blind) collected ($6)


PokerStars Hand #153005813155:  Hold'em Limit ($3/$6 USD) - 2016/05/08 0:36:43 ET
Table 'Becrux' 6-max Seat #1 is the button
Seat 1: Speeeece ($105.54 in chips)
Seat 2: belik555 ($88.16 in chips)
Speeeece: posts small blind $1
belik555: posts big blind $3
*** HOLE CARDS ***
Speeeece: calls $2
belik555: raises $3 to $6
Speeeece: calls $3
*** FLOP *** [8h Kc 9s]
belik555: bets $3
Speeeece: folds
Uncalled bet ($3) returned to belik555
belik555 collected $11.76 from pot
belik555: doesn't show hand
*** SUMMARY ***
Total pot $12 | Rake $0.24
Board [8h Kc 9s]
Seat 1: Speeeece (button) (small blind) folded on the Flop
Seat 2: belik555 (big blind) collected ($11.76)


PokerStars Hand #153005804889:  Hold'em Limit ($3/$6 USD) - 2016/05/08 0:36:11 ET
Table 'Becrux' 6-max Seat #1 is the button
Seat 1: Speeeece ($101.66 in chips)
Seat 2: belik555 ($92.16 in chips)
Speeeece: posts small blind $1
belik555: posts big blind $3
*** HOLE CARDS ***
Speeeece: calls $2
belik555: checks
*** FLOP *** [Td 6d Kh]
belik555: checks
Speeeece: checks
*** TURN *** [Td 6d Kh] [Qd]
belik555: checks
Speeeece: bets $6
belik555: folds
Uncalled bet ($6) returned to Speeeece
Speeeece collected $5.88 from pot
*** SUMMARY ***
Total pot $6 | Rake $0.12
Board [Td 6d Kh Qd]
Seat 1: Speeeece (button) (small blind) collected ($5.88)
Seat 2: belik555 (big blind) folded on the Turn


PokerStars Hand #153005824737:  Hold'em Limit ($3/$6 USD) - 2016/05/08 0:37:28 ET
Table 'Becrux' 6-max Seat #1 is the button
Seat 1: Speeeece ($87.54 in chips)
Seat 2: belik555 ($105.68 in chips)
Speeeece: posts small blind $1
belik555: posts big blind $3
*** HOLE CARDS ***
Speeeece: calls $2
belik555: raises $3 to $6
Speeeece: folds
Uncalled bet ($3) returned to belik555
belik555 collected $6 from pot
belik555: doesn't show hand
*** SUMMARY ***
Total pot $6 | Rake $0
Seat 1: Speeeece (button) (small blind) folded before Flop
Seat 2: belik555 (big blind) collected ($6)


PokerStars Hand #153005822770:  Hold'em Limit ($3/$6 USD) - 2016/05/08 0:37:20 ET
Table 'Becrux' 6-max Seat #2 is the button
Seat 1: Speeeece ($90.54 in chips)
Seat 2: belik555 ($102.68 in chips)
belik555: posts small blind $1
Speeeece: posts big blind $3
*** HOLE CARDS ***
belik555: raises $3 to $6
Speeeece: folds
Uncalled bet ($3) returned to belik555
belik555 collected $6 from pot
belik555: doesn't show hand
*** SUMMARY ***
Total pot $6 | Rake $0
Seat 1: Speeeece (big blind) folded before Flop
Seat 2: belik555 (button) (small blind) collected ($6)


PokerStars Hand #153005827398:  Hold'em Limit ($3/$6 USD) - 2016/05/08 0:37:38 ET
Table 'Becrux' 6-max Seat #2 is the button
Seat 1: Speeeece ($84.54 in chips)
Seat 2: belik555 ($108.68 in chips)
belik555: posts small blind $1
Speeeece: posts big blind $3
*** HOLE CARDS ***
belik555: raises $3 to $6
Speeeece: calls $3
*** FLOP *** [5s Js 8h]
Speeeece: checks
belik555: bets $3
Speeeece: calls $3
*** TURN *** [5s Js 8h] [2s]
Speeeece: checks
belik555: checks
*** RIVER *** [5s Js 8h 2s] [As]
Speeeece: checks
belik555: checks
*** SHOW DOWN ***
Speeeece: shows [Ks 3d] (a flush, Ace high)
belik555: mucks hand
Speeeece collected $17.64 from pot
*** SUMMARY ***
Total pot $18 | Rake $0.36
Board [5s Js 8h 2s As]
Seat 1: Speeeece (big blind) showed [Ks 3d] and won ($17.64) with a flush, Ace high
Seat 2: belik555 (button) (small blind) mucked


PokerStars Hand #153005833322:  Hold'em Limit ($3/$6 USD) - 2016/05/08 0:38:01 ET
Table 'Becrux' 6-max Seat #1 is the button
Seat 1: Speeeece ($93.18 in chips)
Seat 2: belik555 ($99.68 in chips)
Speeeece: posts small blind $1
belik555: posts big blind $3
*** HOLE CARDS ***
Speeeece: calls $2
belik555: raises $3 to $6
Speeeece: calls $3
*** FLOP *** [6h 7s 7h]
belik555: bets $3
Speeeece: calls $3
*** TURN *** [6h 7s 7h] [Ac]
belik555: bets $6
Speeeece: calls $6
*** RIVER *** [6h 7s 7h Ac] [Qh]
belik555: bets $6
Speeeece: raises $6 to $12
belik555: raises $6 to $18
Speeeece: raises $6 to $24
Betting is capped
belik555: calls $6
*** SHOW DOWN ***
Speeeece: shows [7c Ks] (three of a kind, Sevens)
belik555: shows [Ah Kh] (a flush, Ace high)
belik555 collected $77.50 from pot
*** SUMMARY ***
Total pot $78 | Rake $0.50
Board [6h 7s 7h Ac Qh]
Seat 1: Speeeece (button) (small blind) showed [7c Ks] and lost with three of a kind, Sevens
Seat 2: belik555 (big blind) showed [Ah Kh] and won ($77.50) with a flush, Ace high


PokerStars Hand #153005860740:  Hold'em Limit ($3/$6 USD) - 2016/05/08 0:39:48 ET
Table 'Becrux' 6-max Seat #1 is the button
Seat 1: Speeeece ($33.18 in chips)
Seat 2: belik555 ($158.68 in chips)
Speeeece: posts small blind $1
belik555: posts big blind $3
*** HOLE CARDS ***
Speeeece: folds
Uncalled bet ($2) returned to belik555
belik555 collected $2 from pot
belik555: doesn't show hand
*** SUMMARY ***
Total pot $2 | Rake $0
Seat 1: Speeeece (button) (small blind) folded before Flop
Seat 2: belik555 (big blind) collected ($2)


PokerStars Hand #153005846049:  Hold'em Limit ($3/$6 USD) - 2016/05/08 0:38:51 ET
Table 'Becrux' 6-max Seat #2 is the button
Seat 1: Speeeece ($54.18 in chips)
Seat 2: belik555 ($138.18 in chips)
belik555: posts small blind $1
Speeeece: posts big blind $3
*** HOLE CARDS ***
belik555: raises $3 to $6
Speeeece: calls $3
*** FLOP *** [Kh Ad Ks]
Speeeece: checks
belik555: bets $3
Speeeece: calls $3
*** TURN *** [Kh Ad Ks] [As]
Speeeece: checks
belik555: bets $6
Speeeece: calls $6
*** RIVER *** [Kh Ad Ks As] [Js]
Speeeece: checks
belik555: bets $6
Speeeece: calls $6
*** SHOW DOWN ***
belik555: shows [Jh Ac] (a full house, Aces full of Kings)
Speeeece: mucks hand
belik555 collected $41.50 from pot
*** SUMMARY ***
Total pot $42 | Rake $0.50
Board [Kh Ad Ks As Js]
Seat 1: Speeeece (big blind) mucked
Seat 2: belik555 (button) (small blind) showed [Jh Ac] and won ($41.50) with a full house, Aces full of Kings


PokerStars Hand #153005862246:  Hold'em Limit ($3/$6 USD) - 2016/05/08 0:39:54 ET
Table 'Becrux' 6-max Seat #2 is the button
Seat 1: Speeeece ($32.18 in chips)
Seat 2: belik555 ($159.68 in chips)
belik555: posts small blind $1
Speeeece: posts big blind $3
*** HOLE CARDS ***
belik555: folds
Uncalled bet ($2) returned to Speeeece
Speeeece collected $2 from pot
*** SUMMARY ***
Total pot $2 | Rake $0
Seat 1: Speeeece (big blind) collected ($2)
Seat 2: belik555 (button) (small blind) folded before Flop


PokerStars Hand #153005871459:  Hold'em Limit ($3/$6 USD) - 2016/05/08 0:40:30 ET
Table 'Becrux' 6-max Seat #2 is the button
Seat 1: Speeeece ($41.82 in chips)
Seat 2: belik555 ($149.68 in chips)
belik555: posts small blind $1
Speeeece: posts big blind $3
*** HOLE CARDS ***
belik555: raises $3 to $6
Speeeece: folds
Uncalled bet ($3) returned to belik555
belik555 collected $6 from pot
belik555: doesn't show hand
*** SUMMARY ***
Total pot $6 | Rake $0
Seat 1: Speeeece (big blind) folded before Flop
Seat 2: belik555 (button) (small blind) collected ($6)


PokerStars Hand #153005863946:  Hold'em Limit ($3/$6 USD) - 2016/05/08 0:40:01 ET
Table 'Becrux' 6-max Seat #1 is the button
Seat 1: Speeeece ($33.18 in chips)
Seat 2: belik555 ($158.68 in chips)
Speeeece: posts small blind $1
belik555: posts big blind $3
*** HOLE CARDS ***
Speeeece: calls $2
belik555: raises $3 to $6
Speeeece: calls $3
*** FLOP *** [Qs 2s Ac]
belik555: bets $3
Speeeece: calls $3
*** TURN *** [Qs 2s Ac] [6h]
belik555: checks
Speeeece: checks
*** RIVER *** [Qs 2s Ac 6h] [Th]
belik555: checks
Speeeece: bets $6
belik555: folds
Uncalled bet ($6) returned to Speeeece
Speeeece collected $17.64 from pot
*** SUMMARY ***
Total pot $18 | Rake $0.36
Board [Qs 2s Ac 6h Th]
Seat 1: Speeeece (button) (small blind) collected ($17.64)
Seat 2: belik555 (big blind) folded on the River


PokerStars Hand #153005873141:  Hold'em Limit ($3/$6 USD) - 2016/05/08 0:40:36 ET
Table 'Becrux' 6-max Seat #1 is the button
Seat 1: Speeeece ($38.82 in chips)
Seat 2: belik555 ($152.68 in chips)
Speeeece: posts small blind $1
belik555: posts big blind $3
*** HOLE CARDS ***
Speeeece: calls $2
belik555: raises $3 to $6
Speeeece: calls $3
*** FLOP *** [Qs Ac 7h]
belik555: bets $3
Speeeece: calls $3
*** TURN *** [Qs Ac 7h] [Ts]
belik555: checks
Speeeece: bets $6
belik555: folds
Uncalled bet ($6) returned to Speeeece
Speeeece collected $17.64 from pot
*** SUMMARY ***
Total pot $18 | Rake $0.36
Board [Qs Ac 7h Ts]
Seat 1: Speeeece (button) (small blind) collected ($17.64)
Seat 2: belik555 (big blind) folded on the Turn


PokerStars Hand #153005888958:  Hold'em Limit ($3/$6 USD) - 2016/05/08 0:41:38 ET
Table 'Becrux' 6-max Seat #1 is the button
Seat 1: Speeeece ($26.46 in chips)
Seat 2: belik555 ($164.18 in chips)
Speeeece: posts small blind $1
belik555: posts big blind $3
*** HOLE CARDS ***
Speeeece: folds
Uncalled bet ($2) returned to belik555
belik555 collected $2 from pot
belik555: doesn't show hand
*** SUMMARY ***
Total pot $2 | Rake $0
Seat 1: Speeeece (button) (small blind) folded before Flop
Seat 2: belik555 (big blind) collected ($2)


PokerStars Hand #153005881903:  Hold'em Limit ($3/$6 USD) - 2016/05/08 0:41:11 ET
Table 'Becrux' 6-max Seat #2 is the button
Seat 1: Speeeece ($47.46 in chips)
Seat 2: belik555 ($143.68 in chips)
belik555: posts small blind $1
Speeeece: posts big blind $3
*** HOLE CARDS ***
belik555: raises $3 to $6
Speeeece: calls $3
*** FLOP *** [8s Kh Ac]
Speeeece: bets $3
belik555: calls $3
*** TURN *** [8s Kh Ac] [7s]
Speeeece: bets $6
belik555: calls $6
*** RIVER *** [8s Kh Ac 7s] [Qd]
Speeeece: bets $6
belik555: calls $6
*** SHOW DOWN ***
Speeeece: shows [5s Th] (high card Ace)
belik555: shows [Ah 3h] (a pair of Aces)
belik555 collected $41.50 from pot
*** SUMMARY ***
Total pot $42 | Rake $0.50
Board [8s Kh Ac 7s Qd]
Seat 1: Speeeece (big blind) showed [5s Th] and lost with high card Ace
Seat 2: belik555 (button) (small blind) showed [Ah 3h] and won ($41.50) with a pair of Aces


PokerStars Hand #153005890495:  Hold'em Limit ($3/$6 USD) - 2016/05/08 0:41:44 ET
Table 'Becrux' 6-max Seat #2 is the button
Seat 1: Speeeece ($25.46 in chips)
Seat 2: belik555 ($165.18 in chips)
belik555: posts small blind $1
Speeeece: posts big blind $3
*** HOLE CARDS ***
belik555: raises $3 to $6
Speeeece: calls $3
*** FLOP *** [5d 6h 7d]
Speeeece: bets $3
belik555: raises $3 to $6
Speeeece: calls $3
*** TURN *** [5d 6h 7d] [2s]
Speeeece: bets $6
belik555: raises $6 to $12
Speeeece: raises $1.46 to $13.46 and is all-in
belik555: calls $1.46
*** RIVER *** [5d 6h 7d 2s] [Tc]
*** SHOW DOWN ***
Speeeece: shows [7c Kc] (a pair of Sevens)
belik555: shows [Jh 7s] (a pair of Sevens - lower kicker)
Speeeece collected $50.42 from pot
*** SUMMARY ***
Total pot $50.92 | Rake $0.50
Board [5d 6h 7d 2s Tc]
Seat 1: Speeeece (big blind) showed [7c Kc] and won ($50.42) with a pair of Sevens
Seat 2: belik555 (button) (small blind) showed [Jh 7s] and lost with a pair of Sevens


PokerStars Hand #153005907017:  Hold'em Limit ($3/$6 USD) - 2016/05/08 0:42:48 ET
Table 'Becrux' 6-max Seat #2 is the button
Seat 1: Speeeece ($47.42 in chips)
Seat 2: belik555 ($142.60 in chips)
belik555: posts small blind $1
Speeeece: posts big blind $3
*** HOLE CARDS ***
belik555: raises $3 to $6
Speeeece: calls $3
*** FLOP *** [Td 5h Ts]
Speeeece: checks
belik555: bets $3
Speeeece: calls $3
*** TURN *** [Td 5h Ts] [8h]
Speeeece: checks
belik555: checks
*** RIVER *** [Td 5h Ts 8h] [Tc]
Speeeece: bets $6
belik555: calls $6
*** SHOW DOWN ***
Speeeece: shows [Qc 5c] (a full house, Tens full of Fives)
belik555: mucks hand
Speeeece collected $29.50 from pot
*** SUMMARY ***
Total pot $30 | Rake $0.50
Board [Td 5h Ts 8h Tc]
Seat 1: Speeeece (big blind) showed [Qc 5c] and won ($29.50) with a full house, Tens full of Fives
Seat 2: belik555 (button) (small blind) mucked


PokerStars Hand #153005901505:  Hold'em Limit ($3/$6 USD) - 2016/05/08 0:42:27 ET
Table 'Becrux' 6-max Seat #1 is the button
Seat 1: Speeeece ($50.42 in chips)
Seat 2: belik555 ($139.72 in chips)
Speeeece: posts small blind $1
belik555: posts big blind $3
*** HOLE CARDS ***
Speeeece: calls $2
belik555: checks
*** FLOP *** [3c Qs 7d]
belik555: bets $3
Speeeece: folds
Uncalled bet ($3) returned to belik555
belik555 collected $5.88 from pot
belik555: doesn't show hand
*** SUMMARY ***
Total pot $6 | Rake $0.12
Board [3c Qs 7d]
Seat 1: Speeeece (button) (small blind) folded on the Flop
Seat 2: belik555 (big blind) collected ($5.88)


PokerStars Hand #153005913709:  Hold'em Limit ($3/$6 USD) - 2016/05/08 0:43:14 ET
Table 'Becrux' 6-max Seat #1 is the button
Seat 1: Speeeece ($61.92 in chips)
Seat 2: belik555 ($127.60 in chips)
Speeeece: posts small blind $1
belik555: posts big blind $3
*** HOLE CARDS ***
Speeeece: calls $2
belik555: raises $3 to $6
Speeeece: calls $3
*** FLOP *** [7s 6c 8s]
belik555: bets $3
Speeeece: calls $3
*** TURN *** [7s 6c 8s] [Tc]
belik555: checks
Speeeece: bets $6
belik555: folds
Uncalled bet ($6) returned to Speeeece
Speeeece collected $17.64 from pot
*** SUMMARY ***
Total pot $18 | Rake $0.36
Board [7s 6c 8s Tc]
Seat 1: Speeeece (button) (small blind) collected ($17.64)
Seat 2: belik555 (big blind) folded on the Turn


PokerStars Hand #153005928770:  Hold'em Limit ($3/$6 USD) - 2016/05/08 0:44:13 ET
Table 'Becrux' 6-max Seat #1 is the button
Seat 1: Speeeece ($79.20 in chips)
Seat 2: belik555 ($109.60 in chips)
Speeeece: posts small blind $1
belik555: posts big blind $3
*** HOLE CARDS ***
Speeeece: folds
Uncalled bet ($2) returned to belik555
belik555 collected $2 from pot
belik555: doesn't show hand
*** SUMMARY ***
Total pot $2 | Rake $0
Seat 1: Speeeece (button) (small blind) folded before Flop
Seat 2: belik555 (big blind) collected ($2)


PokerStars Hand #153005923128:  Hold'em Limit ($3/$6 USD) - 2016/05/08 0:43:51 ET
Table 'Becrux' 6-max Seat #2 is the button
Seat 1: Speeeece ($70.56 in chips)
Seat 2: belik555 ($118.60 in chips)
belik555: posts small blind $1
Speeeece: posts big blind $3
*** HOLE CARDS ***
belik555: raises $3 to $6
Speeeece: calls $3
*** FLOP *** [2h 8d Tc]
Speeeece: bets $3
belik555: calls $3
*** TURN *** [2h 8d Tc] [Qh]
Speeeece: bets $6
belik555: folds
Uncalled bet ($6) returned to Speeeece
Speeeece collected $17.64 from pot
*** SUMMARY ***
Total pot $18 | Rake $0.36
Board [2h 8d Tc Qh]
Seat 1: Speeeece (big blind) collected ($17.64)
Seat 2: belik555 (button) (small blind) folded on the Turn


PokerStars Hand #153005930082:  Hold'em Limit ($3/$6 USD) - 2016/05/08 0:44:18 ET
Table 'Becrux' 6-max Seat #2 is the button
Seat 1: Speeeece ($78.20 in chips)
Seat 2: belik555 ($110.60 in chips)
belik555: posts small blind $1
Speeeece: posts big blind $3
*** HOLE CARDS ***
belik555: raises $3 to $6
Speeeece: calls $3
*** FLOP *** [6c 9c 7d]
Speeeece: bets $3
belik555: calls $3
*** TURN *** [6c 9c 7d] [Qc]
Speeeece: bets $6
belik555: calls $6
*** RIVER *** [6c 9c 7d Qc] [Jc]
Speeeece: bets $6
belik555: calls $6
*** SHOW DOWN ***
Speeeece: shows [Qd Ks] (a pair of Queens)
belik555: shows [2s 5c] (a flush, Queen high)
belik555 collected $41.50 from pot
*** SUMMARY ***
Total pot $42 | Rake $0.50
Board [6c 9c 7d Qc Jc]
Seat 1: Speeeece (big blind) showed [Qd Ks] and lost with a pair of Queens
Seat 2: belik555 (button) (small blind) showed [2s 5c] and won ($41.50) with a flush, Queen high


PokerStars Hand #153005936261:  Hold'em Limit ($3/$6 USD) - 2016/05/08 0:44:42 ET
Table 'Becrux' 6-max Seat #1 is the button
Seat 1: Speeeece ($57.20 in chips)
Seat 2: belik555 ($131.10 in chips)
Speeeece: posts small blind $1
belik555: posts big blind $3
*** HOLE CARDS ***
Speeeece: calls $2
belik555: raises $3 to $6
Speeeece: calls $3
*** FLOP *** [8h Kc Kd]
belik555: bets $3
Speeeece: raises $3 to $6
belik555: calls $3
*** TURN *** [8h Kc Kd] [2h]
belik555: checks
Speeeece: bets $6
belik555: folds
Uncalled bet ($6) returned to Speeeece
Speeeece collected $23.52 from pot
*** SUMMARY ***
Total pot $24 | Rake $0.48
Board [8h Kc Kd 2h]
Seat 1: Speeeece (button) (small blind) collected ($23.52)
Seat 2: belik555 (big blind) folded on the Turn


PokerStars Hand #153005951632:  Hold'em Limit ($3/$6 USD) - 2016/05/08 0:45:42 ET
Table 'Becrux' 6-max Seat #1 is the button
Seat 1: Speeeece ($89.22 in chips)
Seat 2: belik555 ($98.10 in chips)
Speeeece: posts small blind $1
belik555: posts big blind $3
*** HOLE CARDS ***
Speeeece: folds
Uncalled bet ($2) returned to belik555
belik555 collected $2 from pot
belik555: doesn't show hand
*** SUMMARY ***
Total pot $2 | Rake $0
Seat 1: Speeeece (button) (small blind) folded before Flop
Seat 2: belik555 (big blind) collected ($2)


PokerStars Hand #153005955096:  Hold'em Limit ($3/$6 USD) - 2016/05/08 0:45:55 ET
Table 'Becrux' 6-max Seat #2 is the button
Seat 1: Speeeece ($88.22 in chips)
Seat 2: belik555 ($99.10 in chips)
belik555: posts small blind $1
Speeeece: posts big blind $3
*** HOLE CARDS ***
belik555: raises $3 to $6
Speeeece: folds
Uncalled bet ($3) returned to belik555
belik555 collected $6 from pot
belik555: doesn't show hand
*** SUMMARY ***
Total pot $6 | Rake $0
Seat 1: Speeeece (big blind) folded before Flop
Seat 2: belik555 (button) (small blind) collected ($6)


PokerStars Hand #153005943651:  Hold'em Limit ($3/$6 USD) - 2016/05/08 0:45:11 ET
Table 'Becrux' 6-max Seat #2 is the button
Seat 1: Speeeece ($68.72 in chips)
Seat 2: belik555 ($119.10 in chips)
belik555: posts small blind $1
Speeeece: posts big blind $3
*** HOLE CARDS ***
belik555: raises $3 to $6
Speeeece: calls $3
*** FLOP *** [5d 5h 2h]
Speeeece: checks
belik555: bets $3
Speeeece: calls $3
*** TURN *** [5d 5h 2h] [8s]
Speeeece: checks
belik555: checks
*** RIVER *** [5d 5h 2h 8s] [Qc]
Speeeece: checks
belik555: bets $6
Speeeece: raises $6 to $12
belik555: calls $6
*** SHOW DOWN ***
Speeeece: shows [Qh Tc] (two pair, Queens and Fives)
belik555: mucks hand
Speeeece collected $41.50 from pot
*** SUMMARY ***
Total pot $42 | Rake $0.50
Board [5d 5h 2h 8s Qc]
Seat 1: Speeeece (big blind) showed [Qh Tc] and won ($41.50) with two pair, Queens and Fives
Seat 2: belik555 (button) (small blind) mucked


PokerStars Hand #153005959411:  Hold'em Limit ($3/$6 USD) - 2016/05/08 0:46:12 ET
Table 'Becrux' 6-max Seat #1 is the button
Seat 1: Speeeece ($85.22 in chips)
Seat 2: belik555 ($102.10 in chips)
Speeeece: posts small blind $1
belik555: posts big blind $3
*** HOLE CARDS ***
Speeeece: calls $2
belik555: raises $3 to $6
Speeeece: calls $3
*** FLOP *** [3s Th 5s]
belik555: bets $3
Speeeece: calls $3
*** TURN *** [3s Th 5s] [2h]
belik555: bets $6
Speeeece: calls $6
*** RIVER *** [3s Th 5s 2h] [Jd]
belik555: bets $6
Speeeece: calls $6
*** SHOW DOWN ***
belik555: shows [Tc 2d] (two pair, Tens and Deuces)
Speeeece: mucks hand
belik555 collected $41.50 from pot
*** SUMMARY ***
Total pot $42 | Rake $0.50
Board [3s Th 5s 2h Jd]
Seat 1: Speeeece (button) (small blind) mucked
Seat 2: belik555 (big blind) showed [Tc 2d] and won ($41.50) with two pair, Tens and Deuces


PokerStars Hand #153005972001:  Hold'em Limit ($3/$6 USD) - 2016/05/08 0:47:01 ET
Table 'Becrux' 6-max Seat #2 is the button
Seat 1: Speeeece ($64.22 in chips)
Seat 2: belik555 ($122.60 in chips)
belik555: posts small blind $1
Speeeece: posts big blind $3
*** HOLE CARDS ***
belik555: raises $3 to $6
Speeeece: calls $3
*** FLOP *** [Js 7c 5h]
Speeeece: checks
belik555: bets $3
Speeeece: calls $3
*** TURN *** [Js 7c 5h] [Qc]
Speeeece: checks
belik555: checks
*** RIVER *** [Js 7c 5h Qc] [Qs]
Speeeece: checks
belik555: checks
*** SHOW DOWN ***
Speeeece: shows [Ac 8c] (a pair of Queens)
belik555: mucks hand
Speeeece collected $17.64 from pot
*** SUMMARY ***
Total pot $18 | Rake $0.36
Board [Js 7c 5h Qc Qs]
Seat 1: Speeeece (big blind) showed [Ac 8c] and won ($17.64) with a pair of Queens
Seat 2: belik555 (button) (small blind) mucked


PokerStars Hand #153005983282:  Hold'em Limit ($3/$6 USD) - 2016/05/08 0:47:45 ET
Table 'Becrux' 6-max Seat #1 is the button
Seat 1: Speeeece ($72.86 in chips)
Seat 2: belik555 ($113.60 in chips)
Speeeece: posts small blind $1
belik555: posts big blind $3
*** HOLE CARDS ***
Speeeece: folds
Uncalled bet ($2) returned to belik555
belik555 collected $2 from pot
belik555: doesn't show hand
*** SUMMARY ***
Total pot $2 | Rake $0
Seat 1: Speeeece (button) (small blind) folded before Flop
Seat 2: belik555 (big blind) collected ($2)


PokerStars Hand #153005984635:  Hold'em Limit ($3/$6 USD) - 2016/05/08 0:47:50 ET
Table 'Becrux' 6-max Seat #2 is the button
Seat 1: Speeeece ($71.86 in chips)
Seat 2: belik555 ($114.60 in chips)
belik555: posts small blind $1
Speeeece: posts big blind $3
*** HOLE CARDS ***
belik555: raises $3 to $6
Speeeece: calls $3
*** FLOP *** [As 7c 7h]
Speeeece: checks
belik555: bets $3
Speeeece: calls $3
*** TURN *** [As 7c 7h] [2s]
Speeeece: checks
belik555: checks
*** RIVER *** [As 7c 7h 2s] [Th]
Speeeece: bets $6
belik555: calls $6
*** SHOW DOWN ***
Speeeece: shows [5d 7d] (three of a kind, Sevens)
belik555: mucks hand
Speeeece collected $29.50 from pot
*** SUMMARY ***
Total pot $30 | Rake $0.50
Board [As 7c 7h 2s Th]
Seat 1: Speeeece (big blind) showed [5d 7d] and won ($29.50) with three of a kind, Sevens
Seat 2: belik555 (button) (small blind) mucked


PokerStars Hand #153005997326:  Hold'em Limit ($3/$6 USD) - 2016/05/08 0:48:39 ET
Table 'Becrux' 6-max Seat #2 is the button
Seat 1: Speeeece ($71.36 in chips)
Seat 2: belik555 ($114.10 in chips)
belik555: posts small blind $1
Speeeece: posts big blind $3
*** HOLE CARDS ***
belik555: raises $3 to $6
Speeeece: calls $3
*** FLOP *** [Kh 9s Kd]
Speeeece: checks
belik555: bets $3
Speeeece: calls $3
*** TURN *** [Kh 9s Kd] [6h]
Speeeece: checks
belik555: bets $6
Speeeece: calls $6
*** RIVER *** [Kh 9s Kd 6h] [Qh]
Speeeece: checks
belik555: bets $6
Speeeece: calls $6
*** SHOW DOWN ***
belik555: shows [Kc 7s] (three of a kind, Kings)
Speeeece: mucks hand
belik555 collected $41.50 from pot
*** SUMMARY ***
Total pot $42 | Rake $0.50
Board [Kh 9s Kd 6h Qh]
Seat 1: Speeeece (big blind) mucked
Seat 2: belik555 (button) (small blind) showed [Kc 7s] and won ($41.50) with three of a kind, Kings


PokerStars Hand #153005989624:  Hold'em Limit ($3/$6 USD) - 2016/05/08 0:48:09 ET
Table 'Becrux' 6-max Seat #1 is the button
Seat 1: Speeeece ($86.36 in chips)
Seat 2: belik555 ($99.60 in chips)
Speeeece: posts small blind $1
belik555: posts big blind $3
*** HOLE CARDS ***
Speeeece: calls $2
belik555: raises $3 to $6
Speeeece: calls $3
*** FLOP *** [6s Th 9c]
belik555: bets $3
Speeeece: calls $3
*** TURN *** [6s Th 9c] [5c]
belik555: bets $6
Speeeece: calls $6
*** RIVER *** [6s Th 9c 5c] [9h]
belik555: bets $6
Speeeece: folds
Uncalled bet ($6) returned to belik555
belik555 collected $29.50 from pot
belik555: doesn't show hand
*** SUMMARY ***
Total pot $30 | Rake $0.50
Board [6s Th 9c 5c 9h]
Seat 1: Speeeece (button) (small blind) folded on the River
Seat 2: belik555 (big blind) collected ($29.50)


PokerStars Hand #153006007318:  Hold'em Limit ($3/$6 USD) - 2016/05/08 0:49:18 ET
Table 'Becrux' 6-max Seat #1 is the button
Seat 1: Speeeece ($50.36 in chips)
Seat 2: belik555 ($134.60 in chips)
Speeeece: posts small blind $1
belik555: posts big blind $3
*** HOLE CARDS ***
Speeeece: calls $2
belik555: raises $3 to $6
Speeeece: calls $3
*** FLOP *** [6d Qs Ts]
belik555: bets $3
Speeeece: calls $3
*** TURN *** [6d Qs Ts] [2d]
belik555: bets $6
Speeeece: calls $6
*** RIVER *** [6d Qs Ts 2d] [9c]
belik555: bets $6
Speeeece: calls $6
*** SHOW DOWN ***
belik555: shows [3d Qd] (a pair of Queens)
Speeeece: mucks hand
belik555 collected $41.50 from pot
*** SUMMARY ***
Total pot $42 | Rake $0.50
Board [6d Qs Ts 2d 9c]
Seat 1: Speeeece (button) (small blind) mucked
Seat 2: belik555 (big blind) showed [3d Qd] and won ($41.50) with a pair of Queens


PokerStars Hand #153006014526:  Hold'em Limit ($3/$6 USD) - 2016/05/08 0:49:46 ET
Table 'Becrux' 6-max Seat #2 is the button
Seat 1: Speeeece ($29.36 in chips)
Seat 2: belik555 ($155.10 in chips)
belik555: posts small blind $1
Speeeece: posts big blind $3
*** HOLE CARDS ***
belik555: raises $3 to $6
Speeeece: calls $3
*** FLOP *** [9h 8c 3h]
Speeeece: checks
belik555: bets $3
Speeeece: folds
Uncalled bet ($3) returned to belik555
belik555 collected $11.76 from pot
belik555: doesn't show hand
*** SUMMARY ***
Total pot $12 | Rake $0.24
Board [9h 8c 3h]
Seat 1: Speeeece (big blind) folded on the Flop
Seat 2: belik555 (button) (small blind) collected ($11.76)


PokerStars Hand #153006018164:  Hold'em Limit ($3/$6 USD) - 2016/05/08 0:50:00 ET
Table 'Becrux' 6-max Seat #1 is the button
Seat 1: Speeeece ($23.36 in chips)
Seat 2: belik555 ($160.86 in chips)
Speeeece: posts small blind $1
belik555: posts big blind $3
*** HOLE CARDS ***
Speeeece: calls $2
belik555: raises $3 to $6
Speeeece: calls $3
*** FLOP *** [6s 9s Qd]
belik555: bets $3
Speeeece: raises $3 to $6
belik555: calls $3
*** TURN *** [6s 9s Qd] [5s]
belik555: checks
Speeeece: bets $6
belik555: raises $6 to $12
Speeeece: calls $5.36 and is all-in
Uncalled bet ($0.64) returned to belik555
*** RIVER *** [6s 9s Qd 5s] [Ks]
*** SHOW DOWN ***
belik555: shows [3s As] (a flush, Ace high)
Speeeece: shows [6c 5c] (two pair, Sixes and Fives)
belik555 collected $46.22 from pot
*** SUMMARY ***
Total pot $46.72 | Rake $0.50
Board [6s 9s Qd 5s Ks]
Seat 1: Speeeece (button) (small blind) showed [6c 5c] and lost with two pair, Sixes and Fives
Seat 2: belik555 (big blind) showed [3s As] and won ($46.22) with a flush, Ace high


