PokerStars Hand #163523823946:  Hold'em Limit ($3/$6 USD) - 2016/12/25 19:30:11 ET
Table 'Begonia' 6-max Seat #6 is the button
Seat 4: Actionni13 ($150 in chips)
Seat 6: LotsaBalls12 ($50.25 in chips)
LotsaBalls12: posts small blind $1
Actionni13: posts big blind $3
*** HOLE CARDS ***
LotsaBalls12: calls $2
Actionni13: checks
*** FLOP *** [Jd 4c 8s]
Actionni13: checks
LotsaBalls12: bets $3
ToDaFelt joins the table at seat #1
Actionni13: calls $3
*** TURN *** [Jd 4c 8s] [As]
Actionni13: checks
LotsaBalls12: bets $6
Actionni13: calls $6
*** RIVER *** [Jd 4c 8s As] [6h]
Actionni13: checks
LotsaBalls12: checks
*** SHOW DOWN ***
Actionni13: shows [4s 6c] (two pair, Sixes and Fours)
LotsaBalls12: mucks hand
Actionni13 collected $23.52 from pot
*** SUMMARY ***
Total pot $24 | Rake $0.48
Board [Jd 4c 8s As 6h]
Seat 4: Actionni13 (big blind) showed [4s 6c] and won ($23.52) with two pair, Sixes and Fours
Seat 6: LotsaBalls12 (button) (small blind) mucked


PokerStars Hand #163523843970:  Hold'em Limit ($3/$6 USD) - 2016/12/25 19:30:39 ET
Table 'Begonia' 6-max Seat #4 is the button
Seat 4: Actionni13 ($161.52 in chips)
Seat 6: LotsaBalls12 ($38.25 in chips)
Actionni13: posts small blind $1
LotsaBalls12: posts big blind $3
*** HOLE CARDS ***
Actionni13: raises $3 to $6
LotsaBalls12: calls $3
*** FLOP *** [8s Kh 5s]
LotsaBalls12: bets $3
Actionni13: calls $3
*** TURN *** [8s Kh 5s] [3d]
LotsaBalls12: checks
Actionni13: bets $6
LotsaBalls12: folds
Uncalled bet ($6) returned to Actionni13
Actionni13 collected $17.64 from pot
*** SUMMARY ***
Total pot $18 | Rake $0.36
Board [8s Kh 5s 3d]
Seat 4: Actionni13 (button) (small blind) collected ($17.64)
Seat 6: LotsaBalls12 (big blind) folded on the Turn


