PokerStars Hand #160567832494:  Hold'em Limit ($3/$6 USD) - 2016/10/28 17:31:57 ET
Table 'Begonia' 10-max Seat #6 is the button
Seat 1: Zubasa07 ($517.50 in chips)
Seat 6: UR_VIC ($102 in chips)
UR_VIC: posts small blind $1
Zubasa07: posts big blind $3
*** HOLE CARDS ***
UR_VIC: raises $3 to $6
Zubasa07: calls $3
*** FLOP *** [3s Tc 7h]
Zubasa07: checks
UR_VIC: bets $3
Zubasa07: folds
Uncalled bet ($3) returned to UR_VIC
UR_VIC collected $11.76 from pot
UR_VIC: doesn't show hand
*** SUMMARY ***
Total pot $12 | Rake $0.24
Board [3s Tc 7h]
Seat 1: Zubasa07 (big blind) folded on the Flop
Seat 6: UR_VIC (button) (small blind) collected ($11.76)


PokerStars Hand #160567782929:  Hold'em Limit ($3/$6 USD) - 2016/10/28 17:30:59 ET
Table 'Begonia' 10-max Seat #1 is the button
Seat 1: Zubasa07 ($500 in chips)
Seat 6: UR_VIC ($120 in chips)
Zubasa07: posts small blind $1
UR_VIC: posts big blind $3
*** HOLE CARDS ***
Zubasa07: raises $3 to $6
UR_VIC: raises $3 to $9
Zubasa07: calls $3
*** FLOP *** [6h 9h Tc]
UR_VIC: checks
Zubasa07: bets $3
UR_VIC: calls $3
*** TURN *** [6h 9h Tc] [4d]
UR_VIC: checks
Zubasa07: bets $6
UR_VIC: calls $6
*** RIVER *** [6h 9h Tc 4d] [8d]
UR_VIC: checks
Zubasa07: bets $6
UR_VIC: folds
Uncalled bet ($6) returned to Zubasa07
Zubasa07 collected $35.50 from pot
Zubasa07: doesn't show hand
*** SUMMARY ***
Total pot $36 | Rake $0.50
Board [6h 9h Tc 4d 8d]
Seat 1: Zubasa07 (button) (small blind) collected ($35.50)
Seat 6: UR_VIC (big blind) folded on the River


PokerStars Hand #160568736276:  Hold'em Limit ($3/$6 USD) - 2016/10/28 17:49:56 ET
Table 'Begonia' 10-max Seat #7 is the button
Seat 2: Zubasa07 ($499 in chips)
Seat 7: LotsaBalls12 ($44.66 in chips)
LotsaBalls12: posts small blind $1
Zubasa07: posts big blind $3
*** HOLE CARDS ***
LotsaBalls12: calls $2
Zubasa07: checks
*** FLOP *** [Kh Qh Qd]
Zubasa07: checks
LotsaBalls12: bets $3
Zubasa07: folds
Uncalled bet ($3) returned to LotsaBalls12
LotsaBalls12 collected $5.88 from pot
LotsaBalls12: doesn't show hand
*** SUMMARY ***
Total pot $6 | Rake $0.12
Board [Kh Qh Qd]
Seat 2: Zubasa07 (big blind) folded on the Flop
Seat 7: LotsaBalls12 (button) (small blind) collected ($5.88)


PokerStars Hand #160568774702:  Hold'em Limit ($3/$6 USD) - 2016/10/28 17:50:40 ET
Table 'Begonia' 10-max Seat #2 is the button
Seat 2: Zubasa07 ($496 in chips)
Seat 7: LotsaBalls12 ($47.54 in chips)
Zubasa07: posts small blind $1
LotsaBalls12: posts big blind $3
*** HOLE CARDS ***
Zubasa07: raises $3 to $6
LotsaBalls12: calls $3
*** FLOP *** [Ac 7c Qh]
LotsaBalls12: checks
Zubasa07: bets $3
LotsaBalls12: calls $3
*** TURN *** [Ac 7c Qh] [7s]
LotsaBalls12: checks
GRAILKO joins the table at seat #8
Zubasa07: bets $6
LotsaBalls12: raises $6 to $12
Zubasa07: calls $6
*** RIVER *** [Ac 7c Qh 7s] [As]
LotsaBalls12: checks
Zubasa07: checks
*** SHOW DOWN ***
LotsaBalls12: shows [8d 7d] (a full house, Sevens full of Aces)
Zubasa07: shows [6c 7h] (a full house, Sevens full of Aces)
LotsaBalls12 collected $20.75 from pot
Zubasa07 collected $20.75 from pot
*** SUMMARY ***
Total pot $42 | Rake $0.50
Board [Ac 7c Qh 7s As]
Seat 2: Zubasa07 (button) (small blind) showed [6c 7h] and won ($20.75) with a full house, Sevens full of Aces
Seat 7: LotsaBalls12 (big blind) showed [8d 7d] and won ($20.75) with a full house, Sevens full of Aces


