PokerStars Hand #153000580644:  Hold'em Limit ($3/$6 USD) - 2016/05/07 20:23:59 ET
Table 'Begonia' 6-max Seat #4 is the button
Seat 1: ashnerer99 ($119 in chips)
Seat 4: BuzovaPro ($121 in chips)
BuzovaPro: posts small blind $1
ashnerer99: posts big blind $3
*** HOLE CARDS ***
BuzovaPro: raises $3 to $6
ashnerer99: folds
Uncalled bet ($3) returned to BuzovaPro
BuzovaPro collected $6 from pot
BuzovaPro: doesn't show hand
*** SUMMARY ***
Total pot $6 | Rake $0
Seat 1: ashnerer99 (big blind) folded before Flop
Seat 4: BuzovaPro (button) (small blind) collected ($6)


PokerStars Hand #153000577377:  Hold'em Limit ($3/$6 USD) - 2016/05/07 20:23:53 ET
Table 'Begonia' 6-max Seat #1 is the button
Seat 1: ashnerer99 ($120 in chips)
Seat 4: BuzovaPro ($120 in chips)
ashnerer99: posts small blind $1
BuzovaPro: posts big blind $3
*** HOLE CARDS ***
ashnerer99: folds
Uncalled bet ($2) returned to BuzovaPro
BuzovaPro collected $2 from pot
BuzovaPro: doesn't show hand
*** SUMMARY ***
Total pot $2 | Rake $0
Seat 1: ashnerer99 (button) (small blind) folded before Flop
Seat 4: BuzovaPro (big blind) collected ($2)


PokerStars Hand #153000596898:  Hold'em Limit ($3/$6 USD) - 2016/05/07 20:24:33 ET
Table 'Begonia' 6-max Seat #4 is the button
Seat 1: ashnerer99 ($95 in chips)
Seat 4: BuzovaPro ($144.50 in chips)
BuzovaPro: posts small blind $1
ashnerer99: posts big blind $3
*** HOLE CARDS ***
BuzovaPro: raises $3 to $6
ashnerer99: folds
Uncalled bet ($3) returned to BuzovaPro
BuzovaPro collected $6 from pot
BuzovaPro: doesn't show hand
*** SUMMARY ***
Total pot $6 | Rake $0
Seat 1: ashnerer99 (big blind) folded before Flop
Seat 4: BuzovaPro (button) (small blind) collected ($6)


PokerStars Hand #153000583773:  Hold'em Limit ($3/$6 USD) - 2016/05/07 20:24:06 ET
Table 'Begonia' 6-max Seat #1 is the button
Seat 1: ashnerer99 ($116 in chips)
Seat 4: BuzovaPro ($124 in chips)
ashnerer99: posts small blind $1
BuzovaPro: posts big blind $3
*** HOLE CARDS ***
ashnerer99: raises $3 to $6
BuzovaPro: calls $3
*** FLOP *** [Jh Kc 7s]
BuzovaPro: checks
ashnerer99: bets $3
BuzovaPro: calls $3
*** TURN *** [Jh Kc 7s] [5d]
BuzovaPro: checks
ashnerer99: bets $6
napol joins the table at seat #3
BuzovaPro: calls $6
*** RIVER *** [Jh Kc 7s 5d] [2c]
BuzovaPro: checks
ashnerer99: bets $6
BuzovaPro: calls $6
*** SHOW DOWN ***
ashnerer99: shows [2d Ah] (a pair of Deuces)
BuzovaPro: shows [3c 3d] (a pair of Threes)
BuzovaPro collected $41.50 from pot
*** SUMMARY ***
Total pot $42 | Rake $0.50
Board [Jh Kc 7s 5d 2c]
Seat 1: ashnerer99 (button) (small blind) showed [2d Ah] and lost with a pair of Deuces
Seat 4: BuzovaPro (big blind) showed [3c 3d] and won ($41.50) with a pair of Threes


PokerStars Hand #153000862176:  Hold'em Limit ($3/$6 USD) - 2016/05/07 20:33:38 ET
Table 'Begonia' 6-max Seat #4 is the button
Seat 1: ashnerer99 ($199 in chips)
Seat 4: BuzovaPro ($183.13 in chips)
BuzovaPro: posts small blind $1
ashnerer99: posts big blind $3
*** HOLE CARDS ***
BuzovaPro: raises $3 to $6
ashnerer99: calls $3
*** FLOP *** [9d 3c Jd]
nefartovaya leaves the table
ashnerer99: checks
BuzovaPro: bets $3
ashnerer99: folds
Uncalled bet ($3) returned to BuzovaPro
BuzovaPro collected $11.76 from pot
BuzovaPro: doesn't show hand
*** SUMMARY ***
Total pot $12 | Rake $0.24
Board [9d 3c Jd]
Seat 1: ashnerer99 (big blind) folded on the Flop
Seat 4: BuzovaPro (button) (small blind) collected ($11.76)


PokerStars Hand #153000868481:  Hold'em Limit ($3/$6 USD) - 2016/05/07 20:33:51 ET
Table 'Begonia' 6-max Seat #1 is the button
Seat 1: ashnerer99 ($193 in chips)
Seat 4: BuzovaPro ($188.89 in chips)
ashnerer99: posts small blind $1
BuzovaPro: posts big blind $3
*** HOLE CARDS ***
ashnerer99: raises $3 to $6
BuzovaPro: calls $3
*** FLOP *** [Ah 4c 5d]
BuzovaPro: checks
murmans725 joins the table at seat #6
ashnerer99: checks
*** TURN *** [Ah 4c 5d] [Ad]
BuzovaPro: checks
ashnerer99: bets $6
BuzovaPro: calls $6
*** RIVER *** [Ah 4c 5d Ad] [8s]
BuzovaPro: checks
gigouli55 joins the table at seat #3
ashnerer99: checks
*** SHOW DOWN ***
BuzovaPro: shows [Jd 7d] (a pair of Aces)
ashnerer99: shows [Jc 9c] (a pair of Aces - Jack+Nine kicker)
ashnerer99 collected $23.52 from pot
*** SUMMARY ***
Total pot $24 | Rake $0.48
Board [Ah 4c 5d Ad 8s]
Seat 1: ashnerer99 (button) (small blind) showed [Jc 9c] and won ($23.52) with a pair of Aces
Seat 4: BuzovaPro (big blind) showed [Jd 7d] and lost with a pair of Aces


PokerStars Hand #153005126898:  Hold'em Limit ($3/$6 USD) - 2016/05/07 23:53:47 ET
Table 'Begonia' 6-max Seat #6 is the button
Seat 3: old_col ($74.68 in chips)
Seat 6: lin1rabbit ($167.07 in chips)
lin1rabbit: posts small blind $1
old_col: posts big blind $3
*** HOLE CARDS ***
lin1rabbit: raises $3 to $6
old_col: raises $3 to $9
lin1rabbit: calls $3
*** FLOP *** [2h 6h Kd]
old_col: bets $3
lin1rabbit: folds
Uncalled bet ($3) returned to old_col
old_col collected $17.64 from pot
*** SUMMARY ***
Total pot $18 | Rake $0.36
Board [2h 6h Kd]
Seat 3: old_col (big blind) collected ($17.64)
Seat 6: lin1rabbit (button) (small blind) folded on the Flop


PokerStars Hand #153005119342:  Hold'em Limit ($3/$6 USD) - 2016/05/07 23:53:20 ET
Table 'Begonia' 6-max Seat #3 is the button
Seat 3: old_col ($95.68 in chips)
Seat 6: lin1rabbit ($146.57 in chips)
old_col: posts small blind $1
TinaTurner72: is sitting out
DommerGoode: is sitting out
lin1rabbit: posts big blind $3
*** HOLE CARDS ***
TinaTurner72 leaves the table
old_col: raises $3 to $6
DommerGoode leaves the table
lin1rabbit: calls $3
*** FLOP *** [7h 7s 2c]
lin1rabbit: checks
old_col: bets $3
lin1rabbit: calls $3
*** TURN *** [7h 7s 2c] [3d]
lin1rabbit: checks
old_col: bets $6
lin1rabbit: calls $6
*** RIVER *** [7h 7s 2c 3d] [6s]
lin1rabbit: bets $6
old_col: calls $6
*** SHOW DOWN ***
lin1rabbit: shows [Jc 6c] (two pair, Sevens and Sixes)
old_col: mucks hand
lin1rabbit collected $41.50 from pot
*** SUMMARY ***
Total pot $42 | Rake $0.50
Board [7h 7s 2c 3d 6s]
Seat 3: old_col (button) (small blind) mucked
Seat 6: lin1rabbit (big blind) showed [Jc 6c] and won ($41.50) with two pair, Sevens and Sixes


PokerStars Hand #153005131230:  Hold'em Limit ($3/$6 USD) - 2016/05/07 23:54:03 ET
Table 'Begonia' 6-max Seat #3 is the button
Seat 3: old_col ($83.32 in chips)
Seat 6: lin1rabbit ($158.07 in chips)
old_col: posts small blind $1
lin1rabbit: posts big blind $3
*** HOLE CARDS ***
old_col: calls $2
lin1rabbit: raises $3 to $6
old_col: calls $3
*** FLOP *** [6c 8s 9s]
lin1rabbit: bets $3
old_col: calls $3
*** TURN *** [6c 8s 9s] [3h]
lin1rabbit: checks
old_col: checks
*** RIVER *** [6c 8s 9s 3h] [Jd]
lin1rabbit: checks
old_col: checks
*** SHOW DOWN ***
lin1rabbit: shows [4d Qs] (high card Queen)
old_col: shows [Kd 5d] (high card King)
old_col collected $17.64 from pot
*** SUMMARY ***
Total pot $18 | Rake $0.36
Board [6c 8s 9s 3h Jd]
Seat 3: old_col (button) (small blind) showed [Kd 5d] and won ($17.64) with high card King
Seat 6: lin1rabbit (big blind) showed [4d Qs] and lost with high card Queen


PokerStars Hand #153005147923:  Hold'em Limit ($3/$6 USD) - 2016/05/07 23:54:38 ET
Table 'Begonia' 6-max Seat #6 is the button
Seat 3: old_col ($91.96 in chips)
Seat 6: lin1rabbit ($149.07 in chips)
lin1rabbit: posts small blind $1
old_col: posts big blind $3
*** HOLE CARDS ***
lin1rabbit: raises $3 to $6
old_col: calls $3
*** FLOP *** [7h 3c 8h]
old_col: checks
lin1rabbit: bets $3
old_col: calls $3
*** TURN *** [7h 3c 8h] [2c]
old_col: bets $6
lin1rabbit: raises $6 to $12
old_col: calls $6
*** RIVER *** [7h 3c 8h 2c] [9c]
old_col: bets $6
lin1rabbit: raises $6 to $12
old_col: raises $6 to $18
lin1rabbit: calls $6
*** SHOW DOWN ***
old_col: shows [4c Tc] (a flush, Ten high)
lin1rabbit: mucks hand
old_col collected $77.50 from pot
*** SUMMARY ***
Total pot $78 | Rake $0.50
Board [7h 3c 8h 2c 9c]
Seat 3: old_col (big blind) showed [4c Tc] and won ($77.50) with a flush, Ten high
Seat 6: lin1rabbit (button) (small blind) mucked


PokerStars Hand #153005156373:  Hold'em Limit ($3/$6 USD) - 2016/05/07 23:55:09 ET
Table 'Begonia' 6-max Seat #3 is the button
Seat 3: old_col ($130.46 in chips)
Seat 6: lin1rabbit ($110.07 in chips)
old_col: posts small blind $1
lin1rabbit: posts big blind $3
*** HOLE CARDS ***
old_col: calls $2
lin1rabbit: raises $3 to $6
old_col: calls $3
*** FLOP *** [4d Qs 6c]
lin1rabbit: bets $3
old_col: folds
Uncalled bet ($3) returned to lin1rabbit
lin1rabbit collected $11.76 from pot
lin1rabbit: doesn't show hand
*** SUMMARY ***
Total pot $12 | Rake $0.24
Board [4d Qs 6c]
Seat 3: old_col (button) (small blind) folded on the Flop
Seat 6: lin1rabbit (big blind) collected ($11.76)


PokerStars Hand #153005160316:  Hold'em Limit ($3/$6 USD) - 2016/05/07 23:55:25 ET
Table 'Begonia' 6-max Seat #6 is the button
Seat 3: old_col ($124.46 in chips)
Seat 6: lin1rabbit ($115.83 in chips)
lin1rabbit: posts small blind $1
old_col: posts big blind $3
*** HOLE CARDS ***
lin1rabbit: raises $3 to $6
old_col: raises $3 to $9
lin1rabbit: raises $3 to $12
Betting is capped
old_col: calls $3
*** FLOP *** [Ac 9h 3s]
old_col: bets $3
lin1rabbit: raises $3 to $6
old_col: calls $3
*** TURN *** [Ac 9h 3s] [6d]
old_col: checks
lin1rabbit: checks
*** RIVER *** [Ac 9h 3s 6d] [Jc]
old_col: bets $6
lin1rabbit: folds
Uncalled bet ($6) returned to old_col
old_col collected $35.50 from pot
*** SUMMARY ***
Total pot $36 | Rake $0.50
Board [Ac 9h 3s 6d Jc]
Seat 3: old_col (big blind) collected ($35.50)
Seat 6: lin1rabbit (button) (small blind) folded on the River


PokerStars Hand #153005168811:  Hold'em Limit ($3/$6 USD) - 2016/05/07 23:56:02 ET
Table 'Begonia' 6-max Seat #3 is the button
Seat 3: old_col ($141.96 in chips)
Seat 6: lin1rabbit ($97.83 in chips)
old_col: posts small blind $1
lin1rabbit: posts big blind $3
*** HOLE CARDS ***
old_col: calls $2
lin1rabbit: checks
*** FLOP *** [9d As 4d]
lin1rabbit: bets $3
old_col: folds
Uncalled bet ($3) returned to lin1rabbit
lin1rabbit collected $5.88 from pot
lin1rabbit: doesn't show hand
*** SUMMARY ***
Total pot $6 | Rake $0.12
Board [9d As 4d]
Seat 3: old_col (button) (small blind) folded on the Flop
Seat 6: lin1rabbit (big blind) collected ($5.88)


PokerStars Hand #153005175012:  Hold'em Limit ($3/$6 USD) - 2016/05/07 23:56:29 ET
Table 'Begonia' 6-max Seat #6 is the button
Seat 3: old_col ($138.96 in chips)
Seat 6: lin1rabbit ($100.71 in chips)
lin1rabbit: posts small blind $1
VolkovDmitri was removed from the table for failing to post
old_col: posts big blind $3
*** HOLE CARDS ***
lin1rabbit: raises $3 to $6
old_col: calls $3
*** FLOP *** [2c 4s 3h]
old_col: bets $3
lin1rabbit: calls $3
*** TURN *** [2c 4s 3h] [5d]
old_col: bets $6
lin1rabbit: calls $6
*** RIVER *** [2c 4s 3h 5d] [8c]
old_col: bets $6
lin1rabbit: calls $6
*** SHOW DOWN ***
old_col: shows [9h 5c] (a pair of Fives)
lin1rabbit: mucks hand
old_col collected $41.50 from pot
*** SUMMARY ***
Total pot $42 | Rake $0.50
Board [2c 4s 3h 5d 8c]
Seat 3: old_col (big blind) showed [9h 5c] and won ($41.50) with a pair of Fives
Seat 6: lin1rabbit (button) (small blind) mucked


PokerStars Hand #153005190954:  Hold'em Limit ($3/$6 USD) - 2016/05/07 23:57:36 ET
Table 'Begonia' 6-max Seat #6 is the button
Seat 3: old_col ($173.96 in chips)
Seat 6: lin1rabbit ($108 in chips)
lin1rabbit: posts small blind $1
sokol-max-PS was removed from the table for failing to post
old_col: posts big blind $3
*** HOLE CARDS ***
lin1rabbit: raises $3 to $6
old_col: calls $3
*** FLOP *** [8s 8d Td]
old_col: checks
lin1rabbit: bets $3
old_col: calls $3
*** TURN *** [8s 8d Td] [9s]
old_col: checks
lin1rabbit: bets $6
old_col: folds
Uncalled bet ($6) returned to lin1rabbit
lin1rabbit collected $17.64 from pot
lin1rabbit: doesn't show hand
*** SUMMARY ***
Total pot $18 | Rake $0.36
Board [8s 8d Td 9s]
Seat 3: old_col (big blind) folded on the Turn
Seat 6: lin1rabbit (button) (small blind) collected ($17.64)


PokerStars Hand #153005196398:  Hold'em Limit ($3/$6 USD) - 2016/05/07 23:57:59 ET
Table 'Begonia' 6-max Seat #3 is the button
Seat 3: old_col ($164.96 in chips)
Seat 6: lin1rabbit ($116.64 in chips)
old_col: posts small blind $1
lin1rabbit: posts big blind $3
*** HOLE CARDS ***
old_col: raises $3 to $6
lin1rabbit: calls $3
*** FLOP *** [9c Ac 7d]
lin1rabbit: checks
old_col: bets $3
lin1rabbit: calls $3
*** TURN *** [9c Ac 7d] [4d]
lin1rabbit: checks
old_col: checks
*** RIVER *** [9c Ac 7d 4d] [Ts]
lin1rabbit: checks
old_col: bets $6
lin1rabbit: folds
Uncalled bet ($6) returned to old_col
old_col collected $17.64 from pot
*** SUMMARY ***
Total pot $18 | Rake $0.36
Board [9c Ac 7d 4d Ts]
Seat 3: old_col (button) (small blind) collected ($17.64)
Seat 6: lin1rabbit (big blind) folded on the River


PokerStars Hand #153005181426:  Hold'em Limit ($3/$6 USD) - 2016/05/07 23:56:56 ET
Table 'Begonia' 6-max Seat #3 is the button
Seat 3: old_col ($159.46 in chips)
Seat 6: lin1rabbit ($79.71 in chips)
old_col: posts small blind $1
lin1rabbit: posts big blind $3
*** HOLE CARDS ***
old_col: calls $2
lin1rabbit: raises $3 to $6
old_col: calls $3
*** FLOP *** [5h As Td]
lin1rabbit: bets $3
old_col: calls $3
*** TURN *** [5h As Td] [8s]
lin1rabbit: checks
old_col: checks
*** RIVER *** [5h As Td 8s] [7c]
lin1rabbit: checks
old_col: bets $6
VolkovDmitri joins the table at seat #4
lin1rabbit: calls $6
*** SHOW DOWN ***
old_col: shows [7d 3d] (a pair of Sevens)
lin1rabbit: mucks hand
old_col collected $29.50 from pot
*** SUMMARY ***
Total pot $30 | Rake $0.50
Board [5h As Td 8s 7c]
Seat 3: old_col (button) (small blind) showed [7d 3d] and won ($29.50) with a pair of Sevens
Seat 6: lin1rabbit (big blind) mucked


PokerStars Hand #153005202133:  Hold'em Limit ($3/$6 USD) - 2016/05/07 23:58:23 ET
Table 'Begonia' 6-max Seat #6 is the button
Seat 3: old_col ($173.60 in chips)
Seat 6: lin1rabbit ($107.64 in chips)
lin1rabbit: posts small blind $1
old_col: posts big blind $3
*** HOLE CARDS ***
lin1rabbit: raises $3 to $6
old_col: calls $3
*** FLOP *** [Kd Qd Ks]
old_col: checks
lin1rabbit: bets $3
old_col: folds
Uncalled bet ($3) returned to lin1rabbit
lin1rabbit collected $11.76 from pot
lin1rabbit: doesn't show hand
*** SUMMARY ***
Total pot $12 | Rake $0.24
Board [Kd Qd Ks]
Seat 3: old_col (big blind) folded on the Flop
Seat 6: lin1rabbit (button) (small blind) collected ($11.76)


PokerStars Hand #153005603957:  Hold'em Limit ($3/$6 USD) - 2016/05/08 0:23:51 ET
Table 'Begonia' 6-max Seat #4 is the button
Seat 3: old_col ($230.53 in chips)
Seat 4: VolkovDmitri ($223.74 in chips)
VolkovDmitri: posts small blind $1
HAL9QQQ: is sitting out
old_col: posts big blind $3
*** HOLE CARDS ***
VolkovDmitri: raises $3 to $6
old_col: calls $3
*** FLOP *** [6s Kc Kd]
old_col: checks
VolkovDmitri: bets $3
old_col: folds
Uncalled bet ($3) returned to VolkovDmitri
VolkovDmitri collected $11.76 from pot
VolkovDmitri: doesn't show hand
*** SUMMARY ***
Total pot $12 | Rake $0.24
Board [6s Kc Kd]
Seat 3: old_col (big blind) folded on the Flop
Seat 4: VolkovDmitri (button) (small blind) collected ($11.76)


PokerStars Hand #153005608716:  Hold'em Limit ($3/$6 USD) - 2016/05/08 0:24:09 ET
Table 'Begonia' 6-max Seat #3 is the button
Seat 3: old_col ($224.53 in chips)
Seat 4: VolkovDmitri ($229.50 in chips)
old_col: posts small blind $1
VolkovDmitri: posts big blind $3
*** HOLE CARDS ***
old_col: raises $3 to $6
VolkovDmitri: folds
Uncalled bet ($3) returned to old_col
old_col collected $6 from pot
*** SUMMARY ***
Total pot $6 | Rake $0
Seat 3: old_col (button) (small blind) collected ($6)
Seat 4: VolkovDmitri (big blind) folded before Flop


PokerStars Hand #153005623490:  Hold'em Limit ($3/$6 USD) - 2016/05/08 0:24:32 ET
Table 'Begonia' 6-max Seat #4 is the button
Seat 3: old_col ($227.53 in chips)
Seat 4: VolkovDmitri ($226.50 in chips)
VolkovDmitri: posts small blind $1
old_col: posts big blind $3
*** HOLE CARDS ***
VolkovDmitri: raises $3 to $6
old_col: calls $3
*** FLOP *** [6c Qc 9h]
old_col: checks
VolkovDmitri: bets $3
old_col: calls $3
*** TURN *** [6c Qc 9h] [6h]
old_col: checks
VolkovDmitri: checks
*** RIVER *** [6c Qc 9h 6h] [Td]
old_col: checks
VolkovDmitri: checks
*** SHOW DOWN ***
old_col: shows [3s 7c] (a pair of Sixes)
VolkovDmitri: shows [As Ks] (a pair of Sixes - Ace kicker)
VolkovDmitri collected $17.64 from pot
*** SUMMARY ***
Total pot $18 | Rake $0.36
Board [6c Qc 9h 6h Td]
Seat 3: old_col (big blind) showed [3s 7c] and lost with a pair of Sixes
Seat 4: VolkovDmitri (button) (small blind) showed [As Ks] and won ($17.64) with a pair of Sixes


PokerStars Hand #153005631948:  Hold'em Limit ($3/$6 USD) - 2016/05/08 0:25:04 ET
Table 'Begonia' 6-max Seat #3 is the button
Seat 3: old_col ($218.53 in chips)
Seat 4: VolkovDmitri ($235.14 in chips)
old_col: posts small blind $1
VolkovDmitri: posts big blind $3
*** HOLE CARDS ***
old_col: raises $3 to $6
VolkovDmitri: calls $3
*** FLOP *** [Ac Td Jd]
VolkovDmitri: checks
old_col: bets $3
VolkovDmitri: raises $3 to $6
old_col: calls $3
*** TURN *** [Ac Td Jd] [3h]
VolkovDmitri: bets $6
old_col: calls $6
*** RIVER *** [Ac Td Jd 3h] [9s]
VolkovDmitri: checks
old_col: checks
*** SHOW DOWN ***
VolkovDmitri: shows [4d 3d] (a pair of Threes)
old_col: shows [Tc 7h] (a pair of Tens)
old_col collected $35.50 from pot
*** SUMMARY ***
Total pot $36 | Rake $0.50
Board [Ac Td Jd 3h 9s]
Seat 3: old_col (button) (small blind) showed [Tc 7h] and won ($35.50) with a pair of Tens
Seat 4: VolkovDmitri (big blind) showed [4d 3d] and lost with a pair of Threes


PokerStars Hand #153005638626:  Hold'em Limit ($3/$6 USD) - 2016/05/08 0:25:30 ET
Table 'Begonia' 6-max Seat #4 is the button
Seat 3: old_col ($236.03 in chips)
Seat 4: VolkovDmitri ($217.14 in chips)
VolkovDmitri: posts small blind $1
old_col: posts big blind $3
*** HOLE CARDS ***
VolkovDmitri: folds
Uncalled bet ($2) returned to old_col
old_col collected $2 from pot
*** SUMMARY ***
Total pot $2 | Rake $0
Seat 3: old_col (big blind) collected ($2)
Seat 4: VolkovDmitri (button) (small blind) folded before Flop


PokerStars Hand #153005664068:  Hold'em Limit ($3/$6 USD) - 2016/05/08 0:27:08 ET
Table 'Begonia' 6-max Seat #4 is the button
Seat 3: old_col ($257.41 in chips)
Seat 4: VolkovDmitri ($194.90 in chips)
VolkovDmitri: posts small blind $1
old_col: posts big blind $3
*** HOLE CARDS ***
VolkovDmitri: folds
Uncalled bet ($2) returned to old_col
old_col collected $2 from pot
*** SUMMARY ***
Total pot $2 | Rake $0
Seat 3: old_col (big blind) collected ($2)
Seat 4: VolkovDmitri (button) (small blind) folded before Flop


PokerStars Hand #153005660463:  Hold'em Limit ($3/$6 USD) - 2016/05/08 0:26:55 ET
Table 'Begonia' 6-max Seat #3 is the button
Seat 3: old_col ($260.41 in chips)
Seat 4: VolkovDmitri ($192.02 in chips)
old_col: posts small blind $1
VolkovDmitri: posts big blind $3
*** HOLE CARDS ***
old_col: calls $2
VolkovDmitri: checks
*** FLOP *** [Ac 9c 4c]
VolkovDmitri: bets $3
old_col: folds
Uncalled bet ($3) returned to VolkovDmitri
VolkovDmitri collected $5.88 from pot
VolkovDmitri: doesn't show hand
*** SUMMARY ***
Total pot $6 | Rake $0.12
Board [Ac 9c 4c]
Seat 3: old_col (button) (small blind) folded on the Flop
Seat 4: VolkovDmitri (big blind) collected ($5.88)


PokerStars Hand #153005654178:  Hold'em Limit ($3/$6 USD) - 2016/05/08 0:26:30 ET
Table 'Begonia' 6-max Seat #4 is the button
Seat 3: old_col ($260.53 in chips)
Seat 4: VolkovDmitri ($192.14 in chips)
VolkovDmitri: posts small blind $1
old_col: posts big blind $3
*** HOLE CARDS ***
VolkovDmitri: raises $3 to $6
old_col: calls $3
*** FLOP *** [Kd 8d 6s]
old_col: checks
VolkovDmitri: checks
*** TURN *** [Kd 8d 6s] [Qs]
old_col: checks
VolkovDmitri: checks
*** RIVER *** [Kd 8d 6s Qs] [2h]
old_col: checks
VolkovDmitri: checks
*** SHOW DOWN ***
old_col: shows [7c 4d] (high card King)
VolkovDmitri: shows [3s 7d] (high card King)
old_col collected $5.88 from pot
VolkovDmitri collected $5.88 from pot
*** SUMMARY ***
Total pot $12 | Rake $0.24
Board [Kd 8d 6s Qs 2h]
Seat 3: old_col (big blind) showed [7c 4d] and won ($5.88) with high card King
Seat 4: VolkovDmitri (button) (small blind) showed [3s 7d] and won ($5.88) with high card King


PokerStars Hand #153005640398:  Hold'em Limit ($3/$6 USD) - 2016/05/08 0:25:37 ET
Table 'Begonia' 6-max Seat #3 is the button
Seat 3: old_col ($237.03 in chips)
Seat 4: VolkovDmitri ($216.14 in chips)
old_col: posts small blind $1
VolkovDmitri: posts big blind $3
*** HOLE CARDS ***
old_col: raises $3 to $6
VolkovDmitri: raises $3 to $9
old_col: calls $3
*** FLOP *** [Qh Tc 3c]
VolkovDmitri: bets $3
old_col: calls $3
*** TURN *** [Qh Tc 3c] [2d]
VolkovDmitri: checks
old_col: bets $6
VolkovDmitri: calls $6
*** RIVER *** [Qh Tc 3c 2d] [Qs]
VolkovDmitri: checks
old_col: bets $6
VolkovDmitri: calls $6
*** SHOW DOWN ***
old_col: shows [Jc Ah] (a pair of Queens)
VolkovDmitri: mucks hand
old_col collected $47.50 from pot
*** SUMMARY ***
Total pot $48 | Rake $0.50
Board [Qh Tc 3c 2d Qs]
Seat 3: old_col (button) (small blind) showed [Jc Ah] and won ($47.50) with a pair of Queens
Seat 4: VolkovDmitri (big blind) mucked


PokerStars Hand #153005665670:  Hold'em Limit ($3/$6 USD) - 2016/05/08 0:27:15 ET
Table 'Begonia' 6-max Seat #3 is the button
Seat 3: old_col ($258.41 in chips)
Seat 4: VolkovDmitri ($193.90 in chips)
old_col: posts small blind $1
VolkovDmitri: posts big blind $3
*** HOLE CARDS ***
old_col: calls $2
VolkovDmitri: raises $3 to $6
old_col: raises $3 to $9
VolkovDmitri: calls $3
*** FLOP *** [9d 3d 6d]
VolkovDmitri: checks
old_col: bets $3
VolkovDmitri: raises $3 to $6
old_col: raises $3 to $9
VolkovDmitri: calls $3
*** TURN *** [9d 3d 6d] [2s]
VolkovDmitri: checks
old_col: bets $6
VolkovDmitri: calls $6
*** RIVER *** [9d 3d 6d 2s] [5c]
VolkovDmitri: checks
old_col: bets $6
VolkovDmitri: calls $6
*** SHOW DOWN ***
old_col: shows [Ah As] (a pair of Aces)
VolkovDmitri: mucks hand
old_col collected $59.50 from pot
*** SUMMARY ***
Total pot $60 | Rake $0.50
Board [9d 3d 6d 2s 5c]
Seat 3: old_col (button) (small blind) showed [Ah As] and won ($59.50) with a pair of Aces
Seat 4: VolkovDmitri (big blind) mucked


PokerStars Hand #153005677363:  Hold'em Limit ($3/$6 USD) - 2016/05/08 0:28:00 ET
Table 'Begonia' 6-max Seat #4 is the button
Seat 3: old_col ($287.91 in chips)
Seat 4: VolkovDmitri ($163.90 in chips)
VolkovDmitri: posts small blind $1
old_col: posts big blind $3
*** HOLE CARDS ***
VolkovDmitri: folds
Uncalled bet ($2) returned to old_col
old_col collected $2 from pot
*** SUMMARY ***
Total pot $2 | Rake $0
Seat 3: old_col (big blind) collected ($2)
Seat 4: VolkovDmitri (button) (small blind) folded before Flop


PokerStars Hand #153005680659:  Hold'em Limit ($3/$6 USD) - 2016/05/08 0:28:13 ET
Table 'Begonia' 6-max Seat #3 is the button
Seat 3: old_col ($288.91 in chips)
Seat 4: VolkovDmitri ($162.90 in chips)
old_col: posts small blind $1
VolkovDmitri: posts big blind $3
*** HOLE CARDS ***
old_col: raises $3 to $6
VolkovDmitri: raises $3 to $9
old_col: raises $3 to $12
Betting is capped
VolkovDmitri: calls $3
*** FLOP *** [Qh 8c 6c]
VolkovDmitri: checks
old_col: bets $3
VolkovDmitri: calls $3
*** TURN *** [Qh 8c 6c] [9c]
VolkovDmitri: checks
old_col: bets $6
VolkovDmitri: calls $6
*** RIVER *** [Qh 8c 6c 9c] [2c]
VolkovDmitri: bets $6
old_col: raises $6 to $12
VolkovDmitri: calls $6
*** SHOW DOWN ***
old_col: shows [Ac Qd] (a flush, Ace high)
VolkovDmitri: mucks hand
old_col collected $65.50 from pot
*** SUMMARY ***
Total pot $66 | Rake $0.50
Board [Qh 8c 6c 9c 2c]
Seat 3: old_col (button) (small blind) showed [Ac Qd] and won ($65.50) with a flush, Ace high
Seat 4: VolkovDmitri (big blind) mucked


PokerStars Hand #153005694645:  Hold'em Limit ($3/$6 USD) - 2016/05/08 0:29:06 ET
Table 'Begonia' 6-max Seat #3 is the button
Seat 3: old_col ($330.05 in chips)
Seat 4: VolkovDmitri ($120.90 in chips)
old_col: posts small blind $1
VolkovDmitri: posts big blind $3
*** HOLE CARDS ***
old_col: calls $2
VolkovDmitri: raises $3 to $6
old_col: calls $3
*** FLOP *** [3c 9c Ad]
VolkovDmitri: bets $3
old_col: folds
Uncalled bet ($3) returned to VolkovDmitri
VolkovDmitri collected $11.76 from pot
VolkovDmitri: doesn't show hand
*** SUMMARY ***
Total pot $12 | Rake $0.24
Board [3c 9c Ad]
Seat 3: old_col (button) (small blind) folded on the Flop
Seat 4: VolkovDmitri (big blind) collected ($11.76)


PokerStars Hand #153005690252:  Hold'em Limit ($3/$6 USD) - 2016/05/08 0:28:50 ET
Table 'Begonia' 6-max Seat #4 is the button
Seat 3: old_col ($321.41 in chips)
Seat 4: VolkovDmitri ($129.90 in chips)
VolkovDmitri: posts small blind $1
old_col: posts big blind $3
*** HOLE CARDS ***
VolkovDmitri: raises $3 to $6
old_col: calls $3
*** FLOP *** [9s 8s Kd]
old_col: checks
VolkovDmitri: bets $3
old_col: raises $3 to $6
VolkovDmitri: folds
Uncalled bet ($3) returned to old_col
old_col collected $17.64 from pot
*** SUMMARY ***
Total pot $18 | Rake $0.36
Board [9s 8s Kd]
Seat 3: old_col (big blind) collected ($17.64)
Seat 4: VolkovDmitri (button) (small blind) folded on the Flop


PokerStars Hand #153005697879:  Hold'em Limit ($3/$6 USD) - 2016/05/08 0:29:19 ET
Table 'Begonia' 6-max Seat #4 is the button
Seat 3: old_col ($324.05 in chips)
Seat 4: VolkovDmitri ($126.66 in chips)
VolkovDmitri: posts small blind $1
old_col: posts big blind $3
*** HOLE CARDS ***
VolkovDmitri: raises $3 to $6
old_col: calls $3
*** FLOP *** [Jh 4d 2h]
old_col: checks
VolkovDmitri: bets $3
old_col: calls $3
*** TURN *** [Jh 4d 2h] [Qc]
old_col: checks
VolkovDmitri: bets $6
old_col: calls $6
*** RIVER *** [Jh 4d 2h Qc] [Jc]
old_col: checks
VolkovDmitri: bets $6
old_col: folds
Uncalled bet ($6) returned to VolkovDmitri
VolkovDmitri collected $29.50 from pot
VolkovDmitri: doesn't show hand
*** SUMMARY ***
Total pot $30 | Rake $0.50
Board [Jh 4d 2h Qc Jc]
Seat 3: old_col (big blind) folded on the River
Seat 4: VolkovDmitri (button) (small blind) collected ($29.50)


PokerStars Hand #153005709462:  Hold'em Limit ($3/$6 USD) - 2016/05/08 0:30:03 ET
Table 'Begonia' 6-max Seat #3 is the button
Seat 3: old_col ($309.05 in chips)
Seat 4: VolkovDmitri ($141.16 in chips)
old_col: posts small blind $1
VolkovDmitri: posts big blind $3
*** HOLE CARDS ***
old_col: calls $2
VolkovDmitri: raises $3 to $6
old_col: calls $3
*** FLOP *** [6h 6d 2c]
VolkovDmitri: bets $3
old_col: calls $3
*** TURN *** [6h 6d 2c] [4c]
VolkovDmitri: bets $6
old_col: raises $6 to $12
VolkovDmitri: calls $6
*** RIVER *** [6h 6d 2c 4c] [8h]
VolkovDmitri: checks
old_col: bets $6
VolkovDmitri: raises $6 to $12
old_col: raises $6 to $18
VolkovDmitri: raises $6 to $24
Betting is capped
old_col: calls $6
*** SHOW DOWN ***
VolkovDmitri: shows [7s 5d] (a straight, Four to Eight)
old_col: shows [6c 4s] (a full house, Sixes full of Fours)
old_col collected $89.50 from pot
*** SUMMARY ***
Total pot $90 | Rake $0.50
Board [6h 6d 2c 4c 8h]
Seat 3: old_col (button) (small blind) showed [6c 4s] and won ($89.50) with a full house, Sixes full of Fours
Seat 4: VolkovDmitri (big blind) showed [7s 5d] and lost with a straight, Four to Eight


PokerStars Hand #153005732657:  Hold'em Limit ($3/$6 USD) - 2016/05/08 0:31:33 ET
Table 'Begonia' 6-max Seat #3 is the button
Seat 3: old_col ($383.05 in chips)
Seat 4: VolkovDmitri ($120 in chips)
old_col: posts small blind $1
VolkovDmitri: posts big blind $3
*** HOLE CARDS ***
old_col: calls $2
VolkovDmitri: checks
*** FLOP *** [Td Jc 8d]
VolkovDmitri: checks
old_col: checks
*** TURN *** [Td Jc 8d] [4h]
VolkovDmitri: checks
old_col: bets $6
VolkovDmitri: folds
Uncalled bet ($6) returned to old_col
old_col collected $5.88 from pot
*** SUMMARY ***
Total pot $6 | Rake $0.12
Board [Td Jc 8d 4h]
Seat 3: old_col (button) (small blind) collected ($5.88)
Seat 4: VolkovDmitri (big blind) folded on the Turn


PokerStars Hand #153005721828:  Hold'em Limit ($3/$6 USD) - 2016/05/08 0:30:51 ET
Table 'Begonia' 6-max Seat #4 is the button
Seat 3: old_col ($353.55 in chips)
Seat 4: VolkovDmitri ($120 in chips)
VolkovDmitri: posts small blind $1
old_col: posts big blind $3
*** HOLE CARDS ***
VolkovDmitri: raises $3 to $6
old_col: raises $3 to $9
VolkovDmitri: raises $3 to $12
Betting is capped
old_col: calls $3
*** FLOP *** [8h Kc 5d]
old_col: checks
VolkovDmitri: bets $3
old_col: raises $3 to $6
VolkovDmitri: calls $3
*** TURN *** [8h Kc 5d] [2d]
old_col: bets $6
VolkovDmitri: calls $6
*** RIVER *** [8h Kc 5d 2d] [7h]
old_col: bets $6
VolkovDmitri: calls $6
*** SHOW DOWN ***
old_col: shows [Kd Qd] (a pair of Kings)
VolkovDmitri: mucks hand
old_col collected $59.50 from pot
*** SUMMARY ***
Total pot $60 | Rake $0.50
Board [8h Kc 5d 2d 7h]
Seat 3: old_col (big blind) showed [Kd Qd] and won ($59.50) with a pair of Kings
Seat 4: VolkovDmitri (button) (small blind) mucked


