PokerStars Hand #144795107487:  Hold'em Limit ($3/$6 USD) - 2015/12/04 3:16:39 ET
Table 'Behrens' 6-max Seat #3 is the button
Seat 3: daniya73 ($100 in chips)
Seat 4: MTails ($120 in chips)
daniya73: posts small blind $1
MTails: posts big blind $3
*** HOLE CARDS ***
daniya73: raises $3 to $6
MTails: calls $3
*** FLOP *** [6h 2s 3h]
MTails: checks
daniya73: bets $3
MTails: raises $3 to $6
daniya73: calls $3
*** TURN *** [6h 2s 3h] [4d]
MTails: bets $6
daniya73: calls $6
*** RIVER *** [6h 2s 3h 4d] [Jd]
MTails: bets $6
daniya73: calls $6
*** SHOW DOWN ***
MTails: shows [8h 4h] (a pair of Fours)
daniya73: mucks hand
MTails collected $47.50 from pot
*** SUMMARY ***
Total pot $48 | Rake $0.50
Board [6h 2s 3h 4d Jd]
Seat 3: daniya73 (button) (small blind) mucked
Seat 4: MTails (big blind) showed [8h 4h] and won ($47.50) with a pair of Fours


PokerStars Hand #144795129793:  Hold'em Limit ($3/$6 USD) - 2015/12/04 3:17:47 ET
Table 'Behrens' 6-max Seat #3 is the button
Seat 3: daniya73 ($68.52 in chips)
Seat 4: MTails ($150 in chips)
daniya73: posts small blind $1
MTails: posts big blind $3
*** HOLE CARDS ***
daniya73: calls $2
MTails: raises $3 to $6
daniya73: calls $3
*** FLOP *** [8d Qd 6s]
MTails: bets $3
daniya73: calls $3
*** TURN *** [8d Qd 6s] [6c]
MTails: checks
daniya73: bets $6
MTails: calls $6
*** RIVER *** [8d Qd 6s 6c] [9c]
MTails: checks
daniya73: bets $6
MTails: folds
Uncalled bet ($6) returned to daniya73
daniya73 collected $29.50 from pot
daniya73: doesn't show hand
*** SUMMARY ***
Total pot $30 | Rake $0.50
Board [8d Qd 6s 6c 9c]
Seat 3: daniya73 (button) (small blind) collected ($29.50)
Seat 4: MTails (big blind) folded on the River


PokerStars Hand #144795125375:  Hold'em Limit ($3/$6 USD) - 2015/12/04 3:17:34 ET
Table 'Behrens' 6-max Seat #4 is the button
Seat 3: daniya73 ($57 in chips)
Seat 4: MTails ($162 in chips)
MTails: posts small blind $1
daniya73: posts big blind $3
*** HOLE CARDS ***
MTails: raises $3 to $6
daniya73: raises $3 to $9
MTails: calls $3
*** FLOP *** [6h 3c 9d]
daniya73: bets $3
MTails: calls $3
*** TURN *** [6h 3c 9d] [Tc]
daniya73: bets $6
MTails: folds
Uncalled bet ($6) returned to daniya73
daniya73 collected $23.52 from pot
daniya73: doesn't show hand
*** SUMMARY ***
Total pot $24 | Rake $0.48
Board [6h 3c 9d Tc]
Seat 3: daniya73 (big blind) collected ($23.52)
Seat 4: MTails (button) (small blind) folded on the Turn


PokerStars Hand #144795123384:  Hold'em Limit ($3/$6 USD) - 2015/12/04 3:17:28 ET
Table 'Behrens' 6-max Seat #3 is the button
Seat 3: daniya73 ($58 in chips)
Seat 4: MTails ($161 in chips)
daniya73: posts small blind $1
MTails: posts big blind $3
*** HOLE CARDS ***
daniya73: folds
Uncalled bet ($2) returned to MTails
MTails collected $2 from pot
MTails: doesn't show hand
*** SUMMARY ***
Total pot $2 | Rake $0
Seat 3: daniya73 (button) (small blind) folded before Flop
Seat 4: MTails (big blind) collected ($2)


PokerStars Hand #144795118125:  Hold'em Limit ($3/$6 USD) - 2015/12/04 3:17:12 ET
Table 'Behrens' 6-max Seat #4 is the button
Seat 3: daniya73 ($76 in chips)
Seat 4: MTails ($143.50 in chips)
MTails: posts small blind $1
daniya73: posts big blind $3
*** HOLE CARDS ***
MTails: raises $3 to $6
daniya73: raises $3 to $9
MTails: calls $3
*** FLOP *** [Jc Jh 8d]
daniya73: bets $3
MTails: calls $3
*** TURN *** [Jc Jh 8d] [Ac]
daniya73: bets $6
MTails: raises $6 to $12
daniya73: folds
Uncalled bet ($6) returned to MTails
MTails collected $35.50 from pot
*** SUMMARY ***
Total pot $36 | Rake $0.50
Board [Jc Jh 8d Ac]
Seat 3: daniya73 (big blind) folded on the Turn
Seat 4: MTails (button) (small blind) collected ($35.50)


PokerStars Hand #144795144903:  Hold'em Limit ($3/$6 USD) - 2015/12/04 3:18:33 ET
Table 'Behrens' 6-max Seat #4 is the button
Seat 3: daniya73 ($120.52 in chips)
Seat 4: MTails ($97 in chips)
MTails: posts small blind $1
daniya73: posts big blind $3
*** HOLE CARDS ***
MTails: raises $3 to $6
daniya73: calls $3
*** FLOP *** [9d Th 2h]
daniya73: checks
MTails: bets $3
daniya73: calls $3
*** TURN *** [9d Th 2h] [8c]
daniya73: checks
MTails: bets $6
daniya73: raises $6 to $12
MTails: raises $6 to $18
daniya73: raises $6 to $24
Betting is capped
MTails: calls $6
*** RIVER *** [9d Th 2h 8c] [Jc]
daniya73: bets $6
MTails: calls $6
*** SHOW DOWN ***
daniya73: shows [Ts 2c] (two pair, Tens and Deuces)
MTails: mucks hand
daniya73 collected $77.50 from pot
*** SUMMARY ***
Total pot $78 | Rake $0.50
Board [9d Th 2h 8c Jc]
Seat 3: daniya73 (big blind) showed [Ts 2c] and won ($77.50) with two pair, Tens and Deuces
Seat 4: MTails (button) (small blind) mucked


PokerStars Hand #144795143219:  Hold'em Limit ($3/$6 USD) - 2015/12/04 3:18:28 ET
Table 'Behrens' 6-max Seat #3 is the button
Seat 3: daniya73 ($121.52 in chips)
Seat 4: MTails ($96 in chips)
daniya73: posts small blind $1
MTails: posts big blind $3
*** HOLE CARDS ***
daniya73: folds
Uncalled bet ($2) returned to MTails
MTails collected $2 from pot
*** SUMMARY ***
Total pot $2 | Rake $0
Seat 3: daniya73 (button) (small blind) folded before Flop
Seat 4: MTails (big blind) collected ($2)


PokerStars Hand #144795136054:  Hold'em Limit ($3/$6 USD) - 2015/12/04 3:18:06 ET
Table 'Behrens' 6-max Seat #4 is the button
Seat 3: daniya73 ($83.02 in chips)
Seat 4: MTails ($135 in chips)
MTails: posts small blind $1
daniya73: posts big blind $3
*** HOLE CARDS ***
MTails: raises $3 to $6
daniya73: calls $3
*** FLOP *** [6c 6s Kc]
daniya73: checks
MTails: bets $3
daniya73: calls $3
*** TURN *** [6c 6s Kc] [Qc]
daniya73: checks
MTails: bets $6
daniya73: raises $6 to $12
MTails: raises $6 to $18
daniya73: calls $6
*** RIVER *** [6c 6s Kc Qc] [Qh]
daniya73: checks
MTails: bets $6
daniya73: raises $6 to $12
MTails: calls $6
*** SHOW DOWN ***
daniya73: shows [Qd 3d] (a full house, Queens full of Sixes)
MTails: mucks hand
daniya73 collected $77.50 from pot
*** SUMMARY ***
Total pot $78 | Rake $0.50
Board [6c 6s Kc Qc Qh]
Seat 3: daniya73 (big blind) showed [Qd 3d] and won ($77.50) with a full house, Queens full of Sixes
Seat 4: MTails (button) (small blind) mucked


PokerStars Hand #144795155208:  Hold'em Limit ($3/$6 USD) - 2015/12/04 3:19:05 ET
Table 'Behrens' 6-max Seat #3 is the button
Seat 3: daniya73 ($159.02 in chips)
Seat 4: MTails ($58 in chips)
daniya73: posts small blind $1
MTails: posts big blind $3
*** HOLE CARDS ***
daniya73: calls $2
MTails: raises $3 to $6
daniya73: calls $3
*** FLOP *** [Ac 6d 4h]
krossguard joins the table at seat #5
MTails: bets $3
daniya73: calls $3
*** TURN *** [Ac 6d 4h] [2c]
MTails: bets $6
daniya73: calls $6
*** RIVER *** [Ac 6d 4h 2c] [Jh]
MTails: checks
daniya73: bets $6
MTails: calls $6
*** SHOW DOWN ***
daniya73: shows [4c Tc] (a pair of Fours)
MTails: mucks hand
daniya73 collected $41.50 from pot
*** SUMMARY ***
Total pot $42 | Rake $0.50
Board [Ac 6d 4h 2c Jh]
Seat 3: daniya73 (button) (small blind) showed [4c Tc] and won ($41.50) with a pair of Fours
Seat 4: MTails (big blind) mucked


PokerStars Hand #144795467584:  Hold'em Limit ($3/$6 USD) - 2015/12/04 3:34:49 ET
Table 'Behrens' 6-max Seat #6 is the button
Seat 4: MTails ($110.72 in chips)
Seat 6: scorpio04 ($123.64 in chips)
scorpio04: posts small blind $1
zizonmusang: is sitting out
MTails: posts big blind $3
*** HOLE CARDS ***
scorpio04: raises $3 to $6
MTails: calls $3
*** FLOP *** [9d 9h 3d]
MTails: checks
scorpio04: bets $3
MTails: folds
Uncalled bet ($3) returned to scorpio04
scorpio04 collected $11.76 from pot
scorpio04: doesn't show hand
*** SUMMARY ***
Total pot $12 | Rake $0.24
Board [9d 9h 3d]
Seat 4: MTails (big blind) folded on the Flop
Seat 6: scorpio04 (button) (small blind) collected ($11.76)


