PokerStars Hand #150780893953:  Hold'em Limit ($3/$6 USD) - 2016/03/22 18:42:18 ET
Table 'Behrens' 6-max Seat #5 is the button
Seat 4: lOld_Scotchl ($103.42 in chips)
Seat 5: RaisemyNut$ ($73.76 in chips)
RaisemyNut$: posts small blind $1
lOld_Scotchl: posts big blind $3
*** HOLE CARDS ***
RaisemyNut$: raises $3 to $6
lOld_Scotchl: calls $3
*** FLOP *** [Jh 7s 2d]
lOld_Scotchl: bets $3
RaisemyNut$: calls $3
*** TURN *** [Jh 7s 2d] [7d]
lOld_Scotchl: bets $6
RaisemyNut$: calls $6
*** RIVER *** [Jh 7s 2d 7d] [Ac]
lOld_Scotchl: bets $6
RaisemyNut$: calls $6
*** SHOW DOWN ***
lOld_Scotchl: shows [9d Ks] (a pair of Sevens)
RaisemyNut$: shows [Ad 4h] (two pair, Aces and Sevens)
RaisemyNut$ collected $41.50 from pot
*** SUMMARY ***
Total pot $42 | Rake $0.50
Board [Jh 7s 2d 7d Ac]
Seat 4: lOld_Scotchl (big blind) showed [9d Ks] and lost with a pair of Sevens
Seat 5: RaisemyNut$ (button) (small blind) showed [Ad 4h] and won ($41.50) with two pair, Aces and Sevens


PokerStars Hand #150780879929:  Hold'em Limit ($3/$6 USD) - 2016/03/22 18:42:01 ET
Table 'Behrens' 6-max Seat #4 is the button
Seat 4: lOld_Scotchl ($109.42 in chips)
Seat 5: RaisemyNut$ ($68 in chips)
lOld_Scotchl: posts small blind $1
RaisemyNut$: posts big blind $3
*** HOLE CARDS ***
lOld_Scotchl: raises $3 to $6
RaisemyNut$: calls $3
*** FLOP *** [2d 4c 7h]
RaisemyNut$: checks
lOld_Scotchl: checks
*** TURN *** [2d 4c 7h] [Ks]
RaisemyNut$: bets $6
lOld_Scotchl: folds
Uncalled bet ($6) returned to RaisemyNut$
RaisemyNut$ collected $11.76 from pot
RaisemyNut$: doesn't show hand
*** SUMMARY ***
Total pot $12 | Rake $0.24
Board [2d 4c 7h Ks]
Seat 4: lOld_Scotchl (button) (small blind) folded on the Turn
Seat 5: RaisemyNut$ (big blind) collected ($11.76)


PokerStars Hand #150780873236:  Hold'em Limit ($3/$6 USD) - 2016/03/22 18:41:53 ET
Table 'Behrens' 6-max Seat #5 is the button
Seat 4: lOld_Scotchl ($112.42 in chips)
Seat 5: RaisemyNut$ ($65 in chips)
RaisemyNut$: posts small blind $1
MissEKAmouse: is sitting out
lOld_Scotchl: posts big blind $3
*** HOLE CARDS ***
RaisemyNut$: raises $3 to $6
lOld_Scotchl: folds
Uncalled bet ($3) returned to RaisemyNut$
RaisemyNut$ collected $6 from pot
RaisemyNut$: doesn't show hand
*** SUMMARY ***
Total pot $6 | Rake $0
Seat 4: lOld_Scotchl (big blind) folded before Flop
Seat 5: RaisemyNut$ (button) (small blind) collected ($6)


PokerStars Hand #150780938230:  Hold'em Limit ($3/$6 USD) - 2016/03/22 18:43:10 ET
Table 'Behrens' 6-max Seat #4 is the button
Seat 4: lOld_Scotchl ($109.92 in chips)
Seat 5: RaisemyNut$ ($66.26 in chips)
lOld_Scotchl: posts small blind $1
RaisemyNut$: posts big blind $3
*** HOLE CARDS ***
lOld_Scotchl: folds
Uncalled bet ($2) returned to RaisemyNut$
RaisemyNut$ collected $2 from pot
RaisemyNut$: doesn't show hand
*** SUMMARY ***
Total pot $2 | Rake $0
Seat 4: lOld_Scotchl (button) (small blind) folded before Flop
Seat 5: RaisemyNut$ (big blind) collected ($2)


PokerStars Hand #150780911113:  Hold'em Limit ($3/$6 USD) - 2016/03/22 18:42:38 ET
Table 'Behrens' 6-max Seat #4 is the button
Seat 4: lOld_Scotchl ($82.42 in chips)
Seat 5: RaisemyNut$ ($94.26 in chips)
lOld_Scotchl: posts small blind $1
RaisemyNut$: posts big blind $3
*** HOLE CARDS ***
lOld_Scotchl: raises $3 to $6
RaisemyNut$: raises $3 to $9
lOld_Scotchl: raises $3 to $12
Betting is capped
RaisemyNut$: calls $3
*** FLOP *** [9d 8c 3h]
RaisemyNut$: checks
lOld_Scotchl: bets $3
RaisemyNut$: calls $3
*** TURN *** [9d 8c 3h] [6c]
RaisemyNut$: checks
lOld_Scotchl: bets $6
RaisemyNut$: calls $6
*** RIVER *** [9d 8c 3h 6c] [2d]
RaisemyNut$: bets $6
lOld_Scotchl: calls $6
*** SHOW DOWN ***
RaisemyNut$: shows [4h 6h] (a pair of Sixes)
lOld_Scotchl: shows [Td Th] (a pair of Tens)
lOld_Scotchl collected $53.50 from pot
*** SUMMARY ***
Total pot $54 | Rake $0.50
Board [9d 8c 3h 6c 2d]
Seat 4: lOld_Scotchl (button) (small blind) showed [Td Th] and won ($53.50) with a pair of Tens
Seat 5: RaisemyNut$ (big blind) showed [4h 6h] and lost with a pair of Sixes


PokerStars Hand #150780972407:  Hold'em Limit ($3/$6 USD) - 2016/03/22 18:43:50 ET
Table 'Behrens' 6-max Seat #5 is the button
Seat 4: lOld_Scotchl ($121.44 in chips)
Seat 5: RaisemyNut$ ($60 in chips)
RaisemyNut$: posts small blind $1
lOld_Scotchl: posts big blind $3
*** HOLE CARDS ***
RaisemyNut$: folds
Uncalled bet ($2) returned to lOld_Scotchl
lOld_Scotchl collected $2 from pot
lOld_Scotchl: doesn't show hand
*** SUMMARY ***
Total pot $2 | Rake $0
Seat 4: lOld_Scotchl (big blind) collected ($2)
Seat 5: RaisemyNut$ (button) (small blind) folded before Flop


PokerStars Hand #150780948744:  Hold'em Limit ($3/$6 USD) - 2016/03/22 18:43:22 ET
Table 'Behrens' 6-max Seat #4 is the button
Seat 4: lOld_Scotchl ($109.92 in chips)
Seat 5: RaisemyNut$ ($66.26 in chips)
lOld_Scotchl: posts small blind $1
RaisemyNut$: posts big blind $3
*** HOLE CARDS ***
lOld_Scotchl: raises $3 to $6
RaisemyNut$: calls $3
*** FLOP *** [4h Ad 7h]
RaisemyNut$: checks
lOld_Scotchl: checks
*** TURN *** [4h Ad 7h] [7d]
RaisemyNut$: bets $6
lOld_Scotchl: calls $6
*** RIVER *** [4h Ad 7h 7d] [9h]
RaisemyNut$: checks
lOld_Scotchl: checks
*** SHOW DOWN ***
RaisemyNut$: shows [8s Jh] (a pair of Sevens)
lOld_Scotchl: shows [Ks 4d] (two pair, Sevens and Fours)
lOld_Scotchl collected $23.52 from pot
*** SUMMARY ***
Total pot $24 | Rake $0.48
Board [4h Ad 7h 7d 9h]
Seat 4: lOld_Scotchl (button) (small blind) showed [Ks 4d] and won ($23.52) with two pair, Sevens and Fours
Seat 5: RaisemyNut$ (big blind) showed [8s Jh] and lost with a pair of Sevens


PokerStars Hand #150781004981:  Hold'em Limit ($3/$6 USD) - 2016/03/22 18:44:29 ET
Table 'Behrens' 6-max Seat #4 is the button
Seat 4: lOld_Scotchl ($149.94 in chips)
Seat 5: RaisemyNut$ ($60 in chips)
lOld_Scotchl: posts small blind $1
RaisemyNut$: posts big blind $3
*** HOLE CARDS ***
lOld_Scotchl: calls $2
RaisemyNut$: raises $3 to $6
lOld_Scotchl: calls $3
*** FLOP *** [Qd Ac As]
RaisemyNut$: checks
lOld_Scotchl: bets $3
RaisemyNut$: raises $3 to $6
lOld_Scotchl: folds
Uncalled bet ($3) returned to RaisemyNut$
RaisemyNut$ collected $17.64 from pot
RaisemyNut$: doesn't show hand
*** SUMMARY ***
Total pot $18 | Rake $0.36
Board [Qd Ac As]
Seat 4: lOld_Scotchl (button) (small blind) folded on the Flop
Seat 5: RaisemyNut$ (big blind) collected ($17.64)


PokerStars Hand #150780998515:  Hold'em Limit ($3/$6 USD) - 2016/03/22 18:44:21 ET
Table 'Behrens' 6-max Seat #5 is the button
Seat 4: lOld_Scotchl ($148.94 in chips)
Seat 5: RaisemyNut$ ($60 in chips)
RaisemyNut$: posts small blind $1
lOld_Scotchl: posts big blind $3
*** HOLE CARDS ***
RaisemyNut$: folds
Uncalled bet ($2) returned to lOld_Scotchl
lOld_Scotchl collected $2 from pot
lOld_Scotchl: doesn't show hand
*** SUMMARY ***
Total pot $2 | Rake $0
Seat 4: lOld_Scotchl (big blind) collected ($2)
Seat 5: RaisemyNut$ (button) (small blind) folded before Flop


PokerStars Hand #150780977289:  Hold'em Limit ($3/$6 USD) - 2016/03/22 18:43:56 ET
Table 'Behrens' 6-max Seat #4 is the button
Seat 4: lOld_Scotchl ($122.44 in chips)
Seat 5: RaisemyNut$ ($60 in chips)
lOld_Scotchl: posts small blind $1
RaisemyNut$: posts big blind $3
*** HOLE CARDS ***
lOld_Scotchl: calls $2
RaisemyNut$: raises $3 to $6
lOld_Scotchl: calls $3
*** FLOP *** [9d Th Qs]
RaisemyNut$: bets $3
lOld_Scotchl: calls $3
*** TURN *** [9d Th Qs] [2s]
RaisemyNut$: bets $6
lOld_Scotchl: calls $6
*** RIVER *** [9d Th Qs 2s] [6c]
RaisemyNut$: bets $6
lOld_Scotchl: raises $6 to $12
RaisemyNut$: calls $6
*** SHOW DOWN ***
lOld_Scotchl: shows [8s 7c] (a straight, Six to Ten)
RaisemyNut$: mucks hand
lOld_Scotchl collected $53.50 from pot
*** SUMMARY ***
Total pot $54 | Rake $0.50
Board [9d Th Qs 2s 6c]
Seat 4: lOld_Scotchl (button) (small blind) showed [8s 7c] and won ($53.50) with a straight, Six to Ten
Seat 5: RaisemyNut$ (big blind) mucked


PokerStars Hand #150781018817:  Hold'em Limit ($3/$6 USD) - 2016/03/22 18:44:46 ET
Table 'Behrens' 6-max Seat #5 is the button
Seat 4: lOld_Scotchl ($140.94 in chips)
Seat 5: RaisemyNut$ ($68.64 in chips)
RaisemyNut$: posts small blind $1
lOld_Scotchl: posts big blind $3
*** HOLE CARDS ***
RaisemyNut$: folds
Uncalled bet ($2) returned to lOld_Scotchl
lOld_Scotchl collected $2 from pot
lOld_Scotchl: doesn't show hand
*** SUMMARY ***
Total pot $2 | Rake $0
Seat 4: lOld_Scotchl (big blind) collected ($2)
Seat 5: RaisemyNut$ (button) (small blind) folded before Flop


PokerStars Hand #150781042641:  Hold'em Limit ($3/$6 USD) - 2016/03/22 18:45:14 ET
Table 'Behrens' 6-max Seat #5 is the button
Seat 4: lOld_Scotchl ($159.44 in chips)
Seat 5: RaisemyNut$ ($60 in chips)
RaisemyNut$: posts small blind $1
lOld_Scotchl: posts big blind $3
*** HOLE CARDS ***
RaisemyNut$: raises $3 to $6
lOld_Scotchl: calls $3
*** FLOP *** [4c 4s 9s]
lOld_Scotchl: checks
RaisemyNut$: bets $3
lOld_Scotchl: folds
Uncalled bet ($3) returned to RaisemyNut$
RaisemyNut$ collected $11.76 from pot
RaisemyNut$: doesn't show hand
*** SUMMARY ***
Total pot $12 | Rake $0.24
Board [4c 4s 9s]
Seat 4: lOld_Scotchl (big blind) folded on the Flop
Seat 5: RaisemyNut$ (button) (small blind) collected ($11.76)


PokerStars Hand #150781022962:  Hold'em Limit ($3/$6 USD) - 2016/03/22 18:44:50 ET
Table 'Behrens' 6-max Seat #4 is the button
Seat 4: lOld_Scotchl ($141.94 in chips)
Seat 5: RaisemyNut$ ($67.64 in chips)
lOld_Scotchl: posts small blind $1
RaisemyNut$: posts big blind $3
*** HOLE CARDS ***
lOld_Scotchl: raises $3 to $6
RaisemyNut$: calls $3
*** FLOP *** [As Qs Kd]
RaisemyNut$: checks
lOld_Scotchl: checks
*** TURN *** [As Qs Kd] [2c]
RaisemyNut$: bets $6
lOld_Scotchl: calls $6
*** RIVER *** [As Qs Kd 2c] [3c]
RaisemyNut$: checks
lOld_Scotchl: bets $6
RaisemyNut$: calls $6
*** SHOW DOWN ***
lOld_Scotchl: shows [Kc Th] (a pair of Kings)
RaisemyNut$: mucks hand
lOld_Scotchl collected $35.50 from pot
*** SUMMARY ***
Total pot $36 | Rake $0.50
Board [As Qs Kd 2c 3c]
Seat 4: lOld_Scotchl (button) (small blind) showed [Kc Th] and won ($35.50) with a pair of Kings
Seat 5: RaisemyNut$ (big blind) mucked


PokerStars Hand #150781057311:  Hold'em Limit ($3/$6 USD) - 2016/03/22 18:45:31 ET
Table 'Behrens' 6-max Seat #4 is the button
Seat 4: lOld_Scotchl ($153.44 in chips)
Seat 5: RaisemyNut$ ($65.76 in chips)
lOld_Scotchl: posts small blind $1
RaisemyNut$: posts big blind $3
*** HOLE CARDS ***
lOld_Scotchl: raises $3 to $6
RaisemyNut$: calls $3
*** FLOP *** [Th Ad 2s]
RaisemyNut$: bets $3
lOld_Scotchl: calls $3
*** TURN *** [Th Ad 2s] [5c]
RaisemyNut$: bets $6
lOld_Scotchl: raises $6 to $12
RaisemyNut$: calls $6
*** RIVER *** [Th Ad 2s 5c] [7d]
RaisemyNut$: checks
lOld_Scotchl: bets $6
RaisemyNut$: calls $6
*** SHOW DOWN ***
lOld_Scotchl: shows [Ah Jc] (a pair of Aces)
RaisemyNut$: mucks hand
lOld_Scotchl collected $53.50 from pot
*** SUMMARY ***
Total pot $54 | Rake $0.50
Board [Th Ad 2s 5c 7d]
Seat 4: lOld_Scotchl (button) (small blind) showed [Ah Jc] and won ($53.50) with a pair of Aces
Seat 5: RaisemyNut$ (big blind) mucked


PokerStars Hand #150781102117:  Hold'em Limit ($3/$6 USD) - 2016/03/22 18:46:24 ET
Table 'Behrens' 6-max Seat #5 is the button
Seat 4: lOld_Scotchl ($187.58 in chips)
Seat 5: RaisemyNut$ ($61 in chips)
RaisemyNut$: posts small blind $1
lOld_Scotchl: posts big blind $3
*** HOLE CARDS ***
RaisemyNut$: raises $3 to $6
lOld_Scotchl: calls $3
*** FLOP *** [As Kd 6s]
lOld_Scotchl: checks
RaisemyNut$: bets $3
lOld_Scotchl: folds
Uncalled bet ($3) returned to RaisemyNut$
RaisemyNut$ collected $11.76 from pot
RaisemyNut$: doesn't show hand
*** SUMMARY ***
Total pot $12 | Rake $0.24
Board [As Kd 6s]
Seat 4: lOld_Scotchl (big blind) folded on the Flop
Seat 5: RaisemyNut$ (button) (small blind) collected ($11.76)


PokerStars Hand #150781097635:  Hold'em Limit ($3/$6 USD) - 2016/03/22 18:46:18 ET
Table 'Behrens' 6-max Seat #4 is the button
Seat 4: lOld_Scotchl ($188.58 in chips)
Seat 5: RaisemyNut$ ($60 in chips)
lOld_Scotchl: posts small blind $1
RaisemyNut$: posts big blind $3
*** HOLE CARDS ***
lOld_Scotchl: folds
Uncalled bet ($2) returned to RaisemyNut$
RaisemyNut$ collected $2 from pot
RaisemyNut$: doesn't show hand
*** SUMMARY ***
Total pot $2 | Rake $0
Seat 4: lOld_Scotchl (button) (small blind) folded before Flop
Seat 5: RaisemyNut$ (big blind) collected ($2)


PokerStars Hand #150781081281:  Hold'em Limit ($3/$6 USD) - 2016/03/22 18:45:59 ET
Table 'Behrens' 6-max Seat #5 is the button
Seat 4: lOld_Scotchl ($179.94 in chips)
Seat 5: RaisemyNut$ ($60 in chips)
RaisemyNut$: posts small blind $1
lOld_Scotchl: posts big blind $3
*** HOLE CARDS ***
RaisemyNut$: raises $3 to $6
lOld_Scotchl: calls $3
*** FLOP *** [9c Qd Qh]
lOld_Scotchl: checks
RaisemyNut$: bets $3
lOld_Scotchl: calls $3
*** TURN *** [9c Qd Qh] [Jc]
lOld_Scotchl: checks
RaisemyNut$: checks
*** RIVER *** [9c Qd Qh Jc] [8s]
lOld_Scotchl: bets $6
RaisemyNut$: folds
Uncalled bet ($6) returned to lOld_Scotchl
lOld_Scotchl collected $17.64 from pot
lOld_Scotchl: doesn't show hand
*** SUMMARY ***
Total pot $18 | Rake $0.36
Board [9c Qd Qh Jc 8s]
Seat 4: lOld_Scotchl (big blind) collected ($17.64)
Seat 5: RaisemyNut$ (button) (small blind) folded on the River


PokerStars Hand #150781111125:  Hold'em Limit ($3/$6 USD) - 2016/03/22 18:46:35 ET
Table 'Behrens' 6-max Seat #4 is the button
Seat 4: lOld_Scotchl ($181.58 in chips)
Seat 5: RaisemyNut$ ($66.76 in chips)
lOld_Scotchl: posts small blind $1
RaisemyNut$: posts big blind $3
*** HOLE CARDS ***
lOld_Scotchl: raises $3 to $6
RaisemyNut$: calls $3
*** FLOP *** [5d Jd 3s]
RaisemyNut$: checks
lOld_Scotchl: bets $3
RaisemyNut$: raises $3 to $6
lOld_Scotchl: calls $3
*** TURN *** [5d Jd 3s] [2d]
RaisemyNut$: bets $6
lOld_Scotchl: folds
Uncalled bet ($6) returned to RaisemyNut$
RaisemyNut$ collected $23.52 from pot
RaisemyNut$: doesn't show hand
*** SUMMARY ***
Total pot $24 | Rake $0.48
Board [5d Jd 3s 2d]
Seat 4: lOld_Scotchl (button) (small blind) folded on the Turn
Seat 5: RaisemyNut$ (big blind) collected ($23.52)


PokerStars Hand #150781128538:  Hold'em Limit ($3/$6 USD) - 2016/03/22 18:46:55 ET
Table 'Behrens' 6-max Seat #5 is the button
Seat 4: lOld_Scotchl ($169.58 in chips)
Seat 5: RaisemyNut$ ($78.28 in chips)
RaisemyNut$: posts small blind $1
lOld_Scotchl: posts big blind $3
*** HOLE CARDS ***
RaisemyNut$: raises $3 to $6
lOld_Scotchl: calls $3
*** FLOP *** [9h 9d 6c]
lOld_Scotchl: checks
RaisemyNut$: bets $3
lOld_Scotchl: calls $3
*** TURN *** [9h 9d 6c] [Jc]
lOld_Scotchl: checks
RaisemyNut$: bets $6
lOld_Scotchl: calls $6
*** RIVER *** [9h 9d 6c Jc] [7s]
lOld_Scotchl: checks
RaisemyNut$: bets $6
lOld_Scotchl: raises $6 to $12
RaisemyNut$: folds
Uncalled bet ($6) returned to lOld_Scotchl
lOld_Scotchl collected $41.50 from pot
lOld_Scotchl: doesn't show hand
*** SUMMARY ***
Total pot $42 | Rake $0.50
Board [9h 9d 6c Jc 7s]
Seat 4: lOld_Scotchl (big blind) collected ($41.50)
Seat 5: RaisemyNut$ (button) (small blind) folded on the River


PokerStars Hand #150781183347:  Hold'em Limit ($3/$6 USD) - 2016/03/22 18:48:00 ET
Table 'Behrens' 6-max Seat #5 is the button
Seat 4: lOld_Scotchl ($181.08 in chips)
Seat 5: RaisemyNut$ ($68.64 in chips)
RaisemyNut$: posts small blind $1
lOld_Scotchl: posts big blind $3
*** HOLE CARDS ***
RaisemyNut$: raises $3 to $6
lOld_Scotchl: calls $3
*** FLOP *** [Qd 2c 6c]
lOld_Scotchl: checks
RaisemyNut$: bets $3
lOld_Scotchl: calls $3
*** TURN *** [Qd 2c 6c] [7h]
lOld_Scotchl: checks
RaisemyNut$: bets $6
lOld_Scotchl: calls $6
*** RIVER *** [Qd 2c 6c 7h] [2d]
lOld_Scotchl: checks
RaisemyNut$: bets $6
lOld_Scotchl: folds
Uncalled bet ($6) returned to RaisemyNut$
RaisemyNut$ collected $29.50 from pot
RaisemyNut$: doesn't show hand
*** SUMMARY ***
Total pot $30 | Rake $0.50
Board [Qd 2c 6c 7h 2d]
Seat 4: lOld_Scotchl (big blind) folded on the River
Seat 5: RaisemyNut$ (button) (small blind) collected ($29.50)


PokerStars Hand #150781157618:  Hold'em Limit ($3/$6 USD) - 2016/03/22 18:47:30 ET
Table 'Behrens' 6-max Seat #4 is the button
Seat 4: lOld_Scotchl ($190.08 in chips)
Seat 5: RaisemyNut$ ($60 in chips)
lOld_Scotchl: posts small blind $1
RaisemyNut$: posts big blind $3
*** HOLE CARDS ***
lOld_Scotchl: calls $2
RaisemyNut$: raises $3 to $6
lOld_Scotchl: calls $3
*** FLOP *** [9s 3c 4h]
RaisemyNut$: bets $3
lOld_Scotchl: calls $3
*** TURN *** [9s 3c 4h] [4s]
RaisemyNut$: checks
lOld_Scotchl: checks
*** RIVER *** [9s 3c 4h 4s] [2h]
RaisemyNut$: checks
lOld_Scotchl: checks
*** SHOW DOWN ***
RaisemyNut$: shows [Kh 6d] (a pair of Fours)
lOld_Scotchl: mucks hand
RaisemyNut$ collected $17.64 from pot
*** SUMMARY ***
Total pot $18 | Rake $0.36
Board [9s 3c 4h 4s 2h]
Seat 4: lOld_Scotchl (button) (small blind) mucked
Seat 5: RaisemyNut$ (big blind) showed [Kh 6d] and won ($17.64) with a pair of Fours


PokerStars Hand #150781260489:  Hold'em Limit ($3/$6 USD) - 2016/03/22 18:49:22 ET
Table 'Behrens' 6-max Seat #5 is the button
Seat 4: lOld_Scotchl ($166.60 in chips)
Seat 5: RaisemyNut$ ($81.66 in chips)
RaisemyNut$: posts small blind $1
lOld_Scotchl: posts big blind $3
*** HOLE CARDS ***
RaisemyNut$: raises $3 to $6
lOld_Scotchl: calls $3
*** FLOP *** [Js Ts Qh]
lOld_Scotchl: checks
RaisemyNut$: bets $3
lOld_Scotchl: calls $3
*** TURN *** [Js Ts Qh] [5h]
lOld_Scotchl: checks
RaisemyNut$: bets $6
lOld_Scotchl: folds
Uncalled bet ($6) returned to RaisemyNut$
RaisemyNut$ collected $17.64 from pot
RaisemyNut$: doesn't show hand
*** SUMMARY ***
Total pot $18 | Rake $0.36
Board [Js Ts Qh 5h]
Seat 4: lOld_Scotchl (big blind) folded on the Turn
Seat 5: RaisemyNut$ (button) (small blind) collected ($17.64)


PokerStars Hand #150781238402:  Hold'em Limit ($3/$6 USD) - 2016/03/22 18:49:05 ET
Table 'Behrens' 6-max Seat #4 is the button
Seat 4: lOld_Scotchl ($178.60 in chips)
Seat 5: RaisemyNut$ ($70.14 in chips)
lOld_Scotchl: posts small blind $1
RaisemyNut$: posts big blind $3
*** HOLE CARDS ***
lOld_Scotchl: raises $3 to $6
RaisemyNut$: raises $3 to $9
lOld_Scotchl: calls $3
*** FLOP *** [9d 6d 4c]
RaisemyNut$: bets $3
lOld_Scotchl: calls $3
*** TURN *** [9d 6d 4c] [Js]
RaisemyNut$: bets $6
lOld_Scotchl: folds
Uncalled bet ($6) returned to RaisemyNut$
RaisemyNut$ collected $23.52 from pot
RaisemyNut$: doesn't show hand
*** SUMMARY ***
Total pot $24 | Rake $0.48
Board [9d 6d 4c Js]
Seat 4: lOld_Scotchl (button) (small blind) folded on the Turn
Seat 5: RaisemyNut$ (big blind) collected ($23.52)


PokerStars Hand #150781233922:  Hold'em Limit ($3/$6 USD) - 2016/03/22 18:49:00 ET
Table 'Behrens' 6-max Seat #5 is the button
Seat 4: lOld_Scotchl ($177.60 in chips)
Seat 5: RaisemyNut$ ($71.14 in chips)
RaisemyNut$: posts small blind $1
lOld_Scotchl: posts big blind $3
*** HOLE CARDS ***
RaisemyNut$: folds
Uncalled bet ($2) returned to lOld_Scotchl
lOld_Scotchl collected $2 from pot
lOld_Scotchl: doesn't show hand
*** SUMMARY ***
Total pot $2 | Rake $0
Seat 4: lOld_Scotchl (big blind) collected ($2)
Seat 5: RaisemyNut$ (button) (small blind) folded before Flop


PokerStars Hand #150781210235:  Hold'em Limit ($3/$6 USD) - 2016/03/22 18:48:32 ET
Table 'Behrens' 6-max Seat #4 is the button
Seat 4: lOld_Scotchl ($166.08 in chips)
Seat 5: RaisemyNut$ ($83.14 in chips)
lOld_Scotchl: posts small blind $1
RaisemyNut$: posts big blind $3
*** HOLE CARDS ***
lOld_Scotchl: raises $3 to $6
RaisemyNut$: calls $3
*** FLOP *** [Tc Td Ad]
RaisemyNut$: checks
lOld_Scotchl: checks
*** TURN *** [Tc Td Ad] [Qd]
RaisemyNut$: checks
lOld_Scotchl: checks
*** RIVER *** [Tc Td Ad Qd] [9c]
RaisemyNut$: bets $6
lOld_Scotchl: calls $6
*** SHOW DOWN ***
RaisemyNut$: shows [8d 6h] (a pair of Tens)
lOld_Scotchl: shows [3h 3s] (two pair, Tens and Threes)
lOld_Scotchl collected $23.52 from pot
*** SUMMARY ***
Total pot $24 | Rake $0.48
Board [Tc Td Ad Qd 9c]
Seat 4: lOld_Scotchl (button) (small blind) showed [3h 3s] and won ($23.52) with two pair, Tens and Threes
Seat 5: RaisemyNut$ (big blind) showed [8d 6h] and lost with a pair of Tens


PokerStars Hand #150781284709:  Hold'em Limit ($3/$6 USD) - 2016/03/22 18:49:52 ET
Table 'Behrens' 6-max Seat #5 is the button
Seat 4: lOld_Scotchl ($163.36 in chips)
Seat 5: RaisemyNut$ ($84.30 in chips)
RaisemyNut$: posts small blind $1
lOld_Scotchl: posts big blind $3
*** HOLE CARDS ***
RaisemyNut$: folds
Uncalled bet ($2) returned to lOld_Scotchl
lOld_Scotchl collected $2 from pot
lOld_Scotchl: doesn't show hand
*** SUMMARY ***
Total pot $2 | Rake $0
Seat 4: lOld_Scotchl (big blind) collected ($2)
Seat 5: RaisemyNut$ (button) (small blind) folded before Flop


PokerStars Hand #150781275589:  Hold'em Limit ($3/$6 USD) - 2016/03/22 18:49:41 ET
Table 'Behrens' 6-max Seat #4 is the button
Seat 4: lOld_Scotchl ($157.60 in chips)
Seat 5: RaisemyNut$ ($90.30 in chips)
lOld_Scotchl: posts small blind $1
RaisemyNut$: posts big blind $3
*** HOLE CARDS ***
lOld_Scotchl: raises $3 to $6
RaisemyNut$: calls $3
*** FLOP *** [Qh Tc 2c]
RaisemyNut$: checks
lOld_Scotchl: bets $3
RaisemyNut$: folds
Uncalled bet ($3) returned to lOld_Scotchl
lOld_Scotchl collected $11.76 from pot
lOld_Scotchl: doesn't show hand
*** SUMMARY ***
Total pot $12 | Rake $0.24
Board [Qh Tc 2c]
Seat 4: lOld_Scotchl (button) (small blind) collected ($11.76)
Seat 5: RaisemyNut$ (big blind) folded on the Flop


PokerStars Hand #150781315932:  Hold'em Limit ($3/$6 USD) - 2016/03/22 18:50:29 ET
Table 'Behrens' 6-max Seat #5 is the button
Seat 4: lOld_Scotchl ($177.88 in chips)
Seat 5: RaisemyNut$ ($69.30 in chips)
RaisemyNut$: posts small blind $1
lOld_Scotchl: posts big blind $3
*** HOLE CARDS ***
RaisemyNut$: raises $3 to $6
lOld_Scotchl: calls $3
*** FLOP *** [Td 6d 3h]
lOld_Scotchl: checks
RaisemyNut$: bets $3
lOld_Scotchl: calls $3
*** TURN *** [Td 6d 3h] [Qc]
lOld_Scotchl: checks
RaisemyNut$: bets $6
lOld_Scotchl: raises $6 to $12
RaisemyNut$: calls $6
*** RIVER *** [Td 6d 3h Qc] [9s]
lOld_Scotchl: bets $6
RaisemyNut$: calls $6
*** SHOW DOWN ***
lOld_Scotchl: shows [3c 3d] (three of a kind, Threes)
RaisemyNut$: mucks hand
lOld_Scotchl collected $53.50 from pot
*** SUMMARY ***
Total pot $54 | Rake $0.50
Board [Td 6d 3h Qc 9s]
Seat 4: lOld_Scotchl (big blind) showed [3c 3d] and won ($53.50) with three of a kind, Threes
Seat 5: RaisemyNut$ (button) (small blind) mucked


PokerStars Hand #150781311612:  Hold'em Limit ($3/$6 USD) - 2016/03/22 18:50:24 ET
Table 'Behrens' 6-max Seat #4 is the button
Seat 4: lOld_Scotchl ($178.88 in chips)
Seat 5: RaisemyNut$ ($68.30 in chips)
lOld_Scotchl: posts small blind $1
RaisemyNut$: posts big blind $3
*** HOLE CARDS ***
lOld_Scotchl: folds
Uncalled bet ($2) returned to RaisemyNut$
RaisemyNut$ collected $2 from pot
RaisemyNut$: doesn't show hand
*** SUMMARY ***
Total pot $2 | Rake $0
Seat 4: lOld_Scotchl (button) (small blind) folded before Flop
Seat 5: RaisemyNut$ (big blind) collected ($2)


PokerStars Hand #150781295400:  Hold'em Limit ($3/$6 USD) - 2016/03/22 18:50:04 ET
Table 'Behrens' 6-max Seat #5 is the button
Seat 4: lOld_Scotchl ($167.36 in chips)
Seat 5: RaisemyNut$ ($80.30 in chips)
RaisemyNut$: posts small blind $1
lOld_Scotchl: posts big blind $3
*** HOLE CARDS ***
RaisemyNut$: raises $3 to $6
lOld_Scotchl: raises $3 to $9
RaisemyNut$: calls $3
*** FLOP *** [8s 7c Qh]
lOld_Scotchl: bets $3
RaisemyNut$: calls $3
*** TURN *** [8s 7c Qh] [Kc]
lOld_Scotchl: bets $6
RaisemyNut$: folds
Uncalled bet ($6) returned to lOld_Scotchl
lOld_Scotchl collected $23.52 from pot
lOld_Scotchl: doesn't show hand
*** SUMMARY ***
Total pot $24 | Rake $0.48
Board [8s 7c Qh Kc]
Seat 4: lOld_Scotchl (big blind) collected ($23.52)
Seat 5: RaisemyNut$ (button) (small blind) folded on the Turn


PokerStars Hand #150781289491:  Hold'em Limit ($3/$6 USD) - 2016/03/22 18:49:57 ET
Table 'Behrens' 6-max Seat #4 is the button
Seat 4: lOld_Scotchl ($164.36 in chips)
Seat 5: RaisemyNut$ ($83.30 in chips)
lOld_Scotchl: posts small blind $1
RaisemyNut$: posts big blind $3
*** HOLE CARDS ***
lOld_Scotchl: raises $3 to $6
RaisemyNut$: folds
Uncalled bet ($3) returned to lOld_Scotchl
lOld_Scotchl collected $6 from pot
lOld_Scotchl: doesn't show hand
*** SUMMARY ***
Total pot $6 | Rake $0
Seat 4: lOld_Scotchl (button) (small blind) collected ($6)
Seat 5: RaisemyNut$ (big blind) folded before Flop


PokerStars Hand #150781375905:  Hold'em Limit ($3/$6 USD) - 2016/03/22 18:51:41 ET
Table 'Behrens' 6-max Seat #5 is the button
Seat 4: lOld_Scotchl ($227.52 in chips)
Seat 5: RaisemyNut$ ($60 in chips)
RaisemyNut$: posts small blind $1
lOld_Scotchl: posts big blind $3
*** HOLE CARDS ***
RaisemyNut$: raises $3 to $6
lOld_Scotchl: folds
Uncalled bet ($3) returned to RaisemyNut$
RaisemyNut$ collected $6 from pot
RaisemyNut$: doesn't show hand
*** SUMMARY ***
Total pot $6 | Rake $0
Seat 4: lOld_Scotchl (big blind) folded before Flop
Seat 5: RaisemyNut$ (button) (small blind) collected ($6)


PokerStars Hand #150781361810:  Hold'em Limit ($3/$6 USD) - 2016/03/22 18:51:24 ET
Table 'Behrens' 6-max Seat #4 is the button
Seat 4: lOld_Scotchl ($218.88 in chips)
Seat 5: RaisemyNut$ ($60 in chips)
lOld_Scotchl: posts small blind $1
RaisemyNut$: posts big blind $3
*** HOLE CARDS ***
lOld_Scotchl: raises $3 to $6
RaisemyNut$: calls $3
*** FLOP *** [2h Ks 2s]
RaisemyNut$: checks
lOld_Scotchl: bets $3
RaisemyNut$: calls $3
*** TURN *** [2h Ks 2s] [Td]
RaisemyNut$: checks
lOld_Scotchl: checks
*** RIVER *** [2h Ks 2s Td] [Js]
RaisemyNut$: checks
lOld_Scotchl: checks
*** SHOW DOWN ***
RaisemyNut$: shows [As 9h] (a pair of Deuces)
lOld_Scotchl: shows [7s 7c] (two pair, Sevens and Deuces)
lOld_Scotchl collected $17.64 from pot
*** SUMMARY ***
Total pot $18 | Rake $0.36
Board [2h Ks 2s Td Js]
Seat 4: lOld_Scotchl (button) (small blind) showed [7s 7c] and won ($17.64) with two pair, Sevens and Deuces
Seat 5: RaisemyNut$ (big blind) showed [As 9h] and lost with a pair of Deuces


PokerStars Hand #150781346303:  Hold'em Limit ($3/$6 USD) - 2016/03/22 18:51:05 ET
Table 'Behrens' 6-max Seat #5 is the button
Seat 4: lOld_Scotchl ($201.38 in chips)
Seat 5: RaisemyNut$ ($62.88 in chips)
RaisemyNut$: posts small blind $1
lOld_Scotchl: posts big blind $3
*** HOLE CARDS ***
RaisemyNut$: raises $3 to $6
lOld_Scotchl: raises $3 to $9
RaisemyNut$: calls $3
*** FLOP *** [9c 4c 7c]
lOld_Scotchl: bets $3
RaisemyNut$: calls $3
*** TURN *** [9c 4c 7c] [3s]
lOld_Scotchl: bets $6
RaisemyNut$: calls $6
*** RIVER *** [9c 4c 7c 3s] [6h]
lOld_Scotchl: bets $6
RaisemyNut$: folds
Uncalled bet ($6) returned to lOld_Scotchl
lOld_Scotchl collected $35.50 from pot
lOld_Scotchl: doesn't show hand
*** SUMMARY ***
Total pot $36 | Rake $0.50
Board [9c 4c 7c 3s 6h]
Seat 4: lOld_Scotchl (big blind) collected ($35.50)
Seat 5: RaisemyNut$ (button) (small blind) folded on the River


PokerStars Hand #150781334007:  Hold'em Limit ($3/$6 USD) - 2016/03/22 18:50:51 ET
Table 'Behrens' 6-max Seat #4 is the button
Seat 4: lOld_Scotchl ($204.38 in chips)
Seat 5: RaisemyNut$ ($60 in chips)
lOld_Scotchl: posts small blind $1
RaisemyNut$: posts big blind $3
*** HOLE CARDS ***
lOld_Scotchl: calls $2
RaisemyNut$: checks
*** FLOP *** [Js 2c Ah]
RaisemyNut$: bets $3
lOld_Scotchl: folds
Uncalled bet ($3) returned to RaisemyNut$
RaisemyNut$ collected $5.88 from pot
RaisemyNut$: doesn't show hand
*** SUMMARY ***
Total pot $6 | Rake $0.12
Board [Js 2c Ah]
Seat 4: lOld_Scotchl (button) (small blind) folded on the Flop
Seat 5: RaisemyNut$ (big blind) collected ($5.88)


PokerStars Hand #150781415413:  Hold'em Limit ($3/$6 USD) - 2016/03/22 18:52:29 ET
Table 'Behrens' 6-max Seat #5 is the button
Seat 4: lOld_Scotchl ($190.52 in chips)
Seat 5: RaisemyNut$ ($96.38 in chips)
RaisemyNut$: posts small blind $1
lOld_Scotchl: posts big blind $3
*** HOLE CARDS ***
RaisemyNut$: raises $3 to $6
lOld_Scotchl: calls $3
*** FLOP *** [Th Kd Ah]
lOld_Scotchl: checks
RaisemyNut$: bets $3
lOld_Scotchl: folds
Uncalled bet ($3) returned to RaisemyNut$
RaisemyNut$ collected $11.76 from pot
RaisemyNut$: doesn't show hand
*** SUMMARY ***
Total pot $12 | Rake $0.24
Board [Th Kd Ah]
Seat 4: lOld_Scotchl (big blind) folded on the Flop
Seat 5: RaisemyNut$ (button) (small blind) collected ($11.76)


PokerStars Hand #150781411324:  Hold'em Limit ($3/$6 USD) - 2016/03/22 18:52:24 ET
Table 'Behrens' 6-max Seat #4 is the button
Seat 4: lOld_Scotchl ($191.52 in chips)
Seat 5: RaisemyNut$ ($95.38 in chips)
lOld_Scotchl: posts small blind $1
RaisemyNut$: posts big blind $3
*** HOLE CARDS ***
lOld_Scotchl: folds
Uncalled bet ($2) returned to RaisemyNut$
RaisemyNut$ collected $2 from pot
RaisemyNut$: doesn't show hand
*** SUMMARY ***
Total pot $2 | Rake $0
Seat 4: lOld_Scotchl (button) (small blind) folded before Flop
Seat 5: RaisemyNut$ (big blind) collected ($2)


PokerStars Hand #150781394781:  Hold'em Limit ($3/$6 USD) - 2016/03/22 18:52:04 ET
Table 'Behrens' 6-max Seat #5 is the button
Seat 4: lOld_Scotchl ($221.52 in chips)
Seat 5: RaisemyNut$ ($65.88 in chips)
RaisemyNut$: posts small blind $1
lOld_Scotchl: posts big blind $3
*** HOLE CARDS ***
RaisemyNut$: raises $3 to $6
lOld_Scotchl: raises $3 to $9
RaisemyNut$: calls $3
*** FLOP *** [3s Ks 9d]
lOld_Scotchl: bets $3
RaisemyNut$: calls $3
*** TURN *** [3s Ks 9d] [3h]
lOld_Scotchl: bets $6
RaisemyNut$: raises $6 to $12
lOld_Scotchl: calls $6
*** RIVER *** [3s Ks 9d 3h] [5s]
lOld_Scotchl: checks
RaisemyNut$: bets $6
lOld_Scotchl: calls $6
*** SHOW DOWN ***
RaisemyNut$: shows [Qh Qc] (two pair, Queens and Threes)
lOld_Scotchl: mucks hand
RaisemyNut$ collected $59.50 from pot
*** SUMMARY ***
Total pot $60 | Rake $0.50
Board [3s Ks 9d 3h 5s]
Seat 4: lOld_Scotchl (big blind) mucked
Seat 5: RaisemyNut$ (button) (small blind) showed [Qh Qc] and won ($59.50) with two pair, Queens and Threes


PokerStars Hand #150781380590:  Hold'em Limit ($3/$6 USD) - 2016/03/22 18:51:47 ET
Table 'Behrens' 6-max Seat #4 is the button
Seat 4: lOld_Scotchl ($224.52 in chips)
Seat 5: RaisemyNut$ ($63 in chips)
lOld_Scotchl: posts small blind $1
RaisemyNut$: posts big blind $3
*** HOLE CARDS ***
lOld_Scotchl: calls $2
RaisemyNut$: checks
*** FLOP *** [Qh 4s 7s]
RaisemyNut$: checks
lOld_Scotchl: checks
*** TURN *** [Qh 4s 7s] [Ts]
RaisemyNut$: checks
lOld_Scotchl: checks
*** RIVER *** [Qh 4s 7s Ts] [2c]
RaisemyNut$: checks
lOld_Scotchl: checks
*** SHOW DOWN ***
RaisemyNut$: shows [2h 5c] (a pair of Deuces)
lOld_Scotchl: mucks hand
RaisemyNut$ collected $5.88 from pot
*** SUMMARY ***
Total pot $6 | Rake $0.12
Board [Qh 4s 7s Ts 2c]
Seat 4: lOld_Scotchl (button) (small blind) mucked
Seat 5: RaisemyNut$ (big blind) showed [2h 5c] and won ($5.88) with a pair of Deuces


PokerStars Hand #150781425227:  Hold'em Limit ($3/$6 USD) - 2016/03/22 18:52:41 ET
Table 'Behrens' 6-max Seat #4 is the button
Seat 4: lOld_Scotchl ($184.52 in chips)
Seat 5: RaisemyNut$ ($102.14 in chips)
lOld_Scotchl: posts small blind $1
RaisemyNut$: posts big blind $3
*** HOLE CARDS ***
lOld_Scotchl: calls $2
RaisemyNut$: raises $3 to $6
lOld_Scotchl: raises $3 to $9
RaisemyNut$: calls $3
*** FLOP *** [4s Qd 2s]
RaisemyNut$: checks
lOld_Scotchl: bets $3
RaisemyNut$: calls $3
*** TURN *** [4s Qd 2s] [8d]
RaisemyNut$: checks
lOld_Scotchl: bets $6
RaisemyNut$: calls $6
*** RIVER *** [4s Qd 2s 8d] [Jh]
RaisemyNut$: checks
lOld_Scotchl: bets $6
RaisemyNut$: calls $6
*** SHOW DOWN ***
lOld_Scotchl: shows [Kd Kc] (a pair of Kings)
RaisemyNut$: mucks hand
lOld_Scotchl collected $47.50 from pot
*** SUMMARY ***
Total pot $48 | Rake $0.50
Board [4s Qd 2s 8d Jh]
Seat 4: lOld_Scotchl (button) (small blind) showed [Kd Kc] and won ($47.50) with a pair of Kings
Seat 5: RaisemyNut$ (big blind) mucked


PokerStars Hand #150781447346:  Hold'em Limit ($3/$6 USD) - 2016/03/22 18:53:08 ET
Table 'Behrens' 6-max Seat #5 is the button
Seat 4: lOld_Scotchl ($208.02 in chips)
Seat 5: RaisemyNut$ ($78.14 in chips)
RaisemyNut$: posts small blind $1
lOld_Scotchl: posts big blind $3
*** HOLE CARDS ***
RaisemyNut$: folds
Uncalled bet ($2) returned to lOld_Scotchl
lOld_Scotchl collected $2 from pot
lOld_Scotchl: doesn't show hand
*** SUMMARY ***
Total pot $2 | Rake $0
Seat 4: lOld_Scotchl (big blind) collected ($2)
Seat 5: RaisemyNut$ (button) (small blind) folded before Flop


PokerStars Hand #150781454093:  Hold'em Limit ($3/$6 USD) - 2016/03/22 18:53:16 ET
Table 'Behrens' 6-max Seat #4 is the button
Seat 4: lOld_Scotchl ($209.02 in chips)
Seat 5: RaisemyNut$ ($77.14 in chips)
lOld_Scotchl: posts small blind $1
RaisemyNut$: posts big blind $3
*** HOLE CARDS ***
lOld_Scotchl: raises $3 to $6
RaisemyNut$: raises $3 to $9
lOld_Scotchl: raises $3 to $12
Betting is capped
RaisemyNut$: calls $3
*** FLOP *** [Qc 9c Js]
RaisemyNut$: bets $3
lOld_Scotchl: raises $3 to $6
RaisemyNut$: folds
Uncalled bet ($3) returned to lOld_Scotchl
lOld_Scotchl collected $29.50 from pot
lOld_Scotchl: doesn't show hand
*** SUMMARY ***
Total pot $30 | Rake $0.50
Board [Qc 9c Js]
Seat 4: lOld_Scotchl (button) (small blind) collected ($29.50)
Seat 5: RaisemyNut$ (big blind) folded on the Flop


PokerStars Hand #150781475001:  Hold'em Limit ($3/$6 USD) - 2016/03/22 18:53:42 ET
Table 'Behrens' 6-max Seat #5 is the button
Seat 4: lOld_Scotchl ($223.52 in chips)
Seat 5: RaisemyNut$ ($62.14 in chips)
RaisemyNut$: posts small blind $1
lOld_Scotchl: posts big blind $3
*** HOLE CARDS ***
RaisemyNut$: raises $3 to $6
lOld_Scotchl: raises $3 to $9
RaisemyNut$: calls $3
*** FLOP *** [6c Qh Tc]
lOld_Scotchl: bets $3
RaisemyNut$: calls $3
*** TURN *** [6c Qh Tc] [3c]
lOld_Scotchl: bets $6
RaisemyNut$: raises $6 to $12
lOld_Scotchl: calls $6
*** RIVER *** [6c Qh Tc 3c] [4s]
lOld_Scotchl: checks
RaisemyNut$: bets $6
lOld_Scotchl: calls $6
*** SHOW DOWN ***
RaisemyNut$: shows [Ac Qd] (a pair of Queens)
lOld_Scotchl: mucks hand
RaisemyNut$ collected $59.50 from pot
*** SUMMARY ***
Total pot $60 | Rake $0.50
Board [6c Qh Tc 3c 4s]
Seat 4: lOld_Scotchl (big blind) mucked
Seat 5: RaisemyNut$ (button) (small blind) showed [Ac Qd] and won ($59.50) with a pair of Queens


PokerStars Hand #150781505485:  Hold'em Limit ($3/$6 USD) - 2016/03/22 18:54:19 ET
Table 'Behrens' 6-max Seat #4 is the button
Seat 4: lOld_Scotchl ($193.52 in chips)
Seat 5: RaisemyNut$ ($91.64 in chips)
lOld_Scotchl: posts small blind $1
RaisemyNut$: posts big blind $3
*** HOLE CARDS ***
lOld_Scotchl: folds
Uncalled bet ($2) returned to RaisemyNut$
RaisemyNut$ collected $2 from pot
RaisemyNut$: doesn't show hand
*** SUMMARY ***
Total pot $2 | Rake $0
Seat 4: lOld_Scotchl (button) (small blind) folded before Flop
Seat 5: RaisemyNut$ (big blind) collected ($2)


PokerStars Hand #150781509948:  Hold'em Limit ($3/$6 USD) - 2016/03/22 18:54:24 ET
Table 'Behrens' 6-max Seat #5 is the button
Seat 4: lOld_Scotchl ($192.52 in chips)
Seat 5: RaisemyNut$ ($92.64 in chips)
RaisemyNut$: posts small blind $1
lOld_Scotchl: posts big blind $3
*** HOLE CARDS ***
RaisemyNut$: raises $3 to $6
lOld_Scotchl: raises $3 to $9
RaisemyNut$: raises $3 to $12
Betting is capped
lOld_Scotchl: calls $3
*** FLOP *** [7h 9s 2s]
lOld_Scotchl: checks
RaisemyNut$: bets $3
lOld_Scotchl: calls $3
*** TURN *** [7h 9s 2s] [9d]
lOld_Scotchl: checks
RaisemyNut$: bets $6
lOld_Scotchl: folds
Uncalled bet ($6) returned to RaisemyNut$
RaisemyNut$ collected $29.50 from pot
RaisemyNut$: doesn't show hand
*** SUMMARY ***
Total pot $30 | Rake $0.50
Board [7h 9s 2s 9d]
Seat 4: lOld_Scotchl (big blind) folded on the Turn
Seat 5: RaisemyNut$ (button) (small blind) collected ($29.50)


PokerStars Hand #150781543473:  Hold'em Limit ($3/$6 USD) - 2016/03/22 18:55:05 ET
Table 'Behrens' 6-max Seat #5 is the button
Seat 4: lOld_Scotchl ($156.52 in chips)
Seat 5: RaisemyNut$ ($127.64 in chips)
RaisemyNut$: posts small blind $1
lOld_Scotchl: posts big blind $3
*** HOLE CARDS ***
RaisemyNut$: raises $3 to $6
lOld_Scotchl: raises $3 to $9
RaisemyNut$: calls $3
*** FLOP *** [9s 4s Kh]
lOld_Scotchl: checks
RaisemyNut$: bets $3
lOld_Scotchl: calls $3
*** TURN *** [9s 4s Kh] [8d]
lOld_Scotchl: checks
RaisemyNut$: checks
*** RIVER *** [9s 4s Kh 8d] [2d]
lOld_Scotchl: bets $6
RaisemyNut$: folds
Uncalled bet ($6) returned to lOld_Scotchl
lOld_Scotchl collected $23.52 from pot
lOld_Scotchl: doesn't show hand
*** SUMMARY ***
Total pot $24 | Rake $0.48
Board [9s 4s Kh 8d 2d]
Seat 4: lOld_Scotchl (big blind) collected ($23.52)
Seat 5: RaisemyNut$ (button) (small blind) folded on the River


PokerStars Hand #150781561130:  Hold'em Limit ($3/$6 USD) - 2016/03/22 18:55:30 ET
Table 'Behrens' 6-max Seat #4 is the button
Seat 4: lOld_Scotchl ($168.04 in chips)
Seat 5: RaisemyNut$ ($115.64 in chips)
lOld_Scotchl: posts small blind $1
RaisemyNut$: posts big blind $3
*** HOLE CARDS ***
lOld_Scotchl: folds
Uncalled bet ($2) returned to RaisemyNut$
RaisemyNut$ collected $2 from pot
RaisemyNut$: doesn't show hand
*** SUMMARY ***
Total pot $2 | Rake $0
Seat 4: lOld_Scotchl (button) (small blind) folded before Flop
Seat 5: RaisemyNut$ (big blind) collected ($2)


PokerStars Hand #150781567522:  Hold'em Limit ($3/$6 USD) - 2016/03/22 18:55:40 ET
Table 'Behrens' 6-max Seat #4 is the button
Seat 4: lOld_Scotchl ($168.04 in chips)
Seat 5: RaisemyNut$ ($115.64 in chips)
lOld_Scotchl: posts small blind $1
RaisemyNut$: posts big blind $3
*** HOLE CARDS ***
lOld_Scotchl: folds
Uncalled bet ($2) returned to RaisemyNut$
RaisemyNut$ collected $2 from pot
RaisemyNut$: doesn't show hand
*** SUMMARY ***
Total pot $2 | Rake $0
Seat 4: lOld_Scotchl (button) (small blind) folded before Flop
Seat 5: RaisemyNut$ (big blind) collected ($2)


PokerStars Hand #150781570763:  Hold'em Limit ($3/$6 USD) - 2016/03/22 18:55:45 ET
Table 'Behrens' 6-max Seat #5 is the button
Seat 4: lOld_Scotchl ($167.04 in chips)
Seat 5: RaisemyNut$ ($116.64 in chips)
RaisemyNut$: posts small blind $1
lOld_Scotchl: posts big blind $3
*** HOLE CARDS ***
RaisemyNut$: raises $3 to $6
lOld_Scotchl: raises $3 to $9
RaisemyNut$: calls $3
*** FLOP *** [5s 9s 2h]
lOld_Scotchl: bets $3
RaisemyNut$: calls $3
*** TURN *** [5s 9s 2h] [8c]
lOld_Scotchl: bets $6
RaisemyNut$: folds
Uncalled bet ($6) returned to lOld_Scotchl
lOld_Scotchl collected $23.52 from pot
lOld_Scotchl: doesn't show hand
*** SUMMARY ***
Total pot $24 | Rake $0.48
Board [5s 9s 2h 8c]
Seat 4: lOld_Scotchl (big blind) collected ($23.52)
Seat 5: RaisemyNut$ (button) (small blind) folded on the Turn


PokerStars Hand #150781528417:  Hold'em Limit ($3/$6 USD) - 2016/03/22 18:54:47 ET
Table 'Behrens' 6-max Seat #4 is the button
Seat 4: lOld_Scotchl ($177.52 in chips)
Seat 5: RaisemyNut$ ($107.14 in chips)
lOld_Scotchl: posts small blind $1
RaisemyNut$: posts big blind $3
*** HOLE CARDS ***
lOld_Scotchl: calls $2
RaisemyNut$: raises $3 to $6
lOld_Scotchl: calls $3
*** FLOP *** [As Kd Jd]
RaisemyNut$: bets $3
lOld_Scotchl: calls $3
*** TURN *** [As Kd Jd] [Qd]
RaisemyNut$: bets $6
lOld_Scotchl: calls $6
*** RIVER *** [As Kd Jd Qd] [9s]
RaisemyNut$: bets $6
lOld_Scotchl: calls $6
*** SHOW DOWN ***
RaisemyNut$: shows [9d Th] (a straight, Ten to Ace)
lOld_Scotchl: mucks hand
RaisemyNut$ collected $41.50 from pot
*** SUMMARY ***
Total pot $42 | Rake $0.50
Board [As Kd Jd Qd 9s]
Seat 4: lOld_Scotchl (button) (small blind) mucked
Seat 5: RaisemyNut$ (big blind) showed [9d Th] and won ($41.50) with a straight, Ten to Ace


PokerStars Hand #150781581158:  Hold'em Limit ($3/$6 USD) - 2016/03/22 18:56:00 ET
Table 'Behrens' 6-max Seat #4 is the button
Seat 4: lOld_Scotchl ($178.56 in chips)
Seat 5: RaisemyNut$ ($104.64 in chips)
lOld_Scotchl: posts small blind $1
RaisemyNut$: posts big blind $3
*** HOLE CARDS ***
lOld_Scotchl: raises $3 to $6
RaisemyNut$: calls $3
*** FLOP *** [5c As 4s]
RaisemyNut$: checks
lOld_Scotchl: bets $3
RaisemyNut$: folds
Uncalled bet ($3) returned to lOld_Scotchl
lOld_Scotchl collected $11.76 from pot
lOld_Scotchl: doesn't show hand
*** SUMMARY ***
Total pot $12 | Rake $0.24
Board [5c As 4s]
Seat 4: lOld_Scotchl (button) (small blind) collected ($11.76)
Seat 5: RaisemyNut$ (big blind) folded on the Flop


PokerStars Hand #150781595489:  Hold'em Limit ($3/$6 USD) - 2016/03/22 18:56:22 ET
Table 'Behrens' 6-max Seat #4 is the button
Seat 4: lOld_Scotchl ($181.32 in chips)
Seat 5: RaisemyNut$ ($101.64 in chips)
lOld_Scotchl: posts small blind $1
RaisemyNut$: posts big blind $3
*** HOLE CARDS ***
lOld_Scotchl: folds
Uncalled bet ($2) returned to RaisemyNut$
RaisemyNut$ collected $2 from pot
RaisemyNut$: doesn't show hand
*** SUMMARY ***
Total pot $2 | Rake $0
Seat 4: lOld_Scotchl (button) (small blind) folded before Flop
Seat 5: RaisemyNut$ (big blind) collected ($2)


PokerStars Hand #150781588770:  Hold'em Limit ($3/$6 USD) - 2016/03/22 18:56:12 ET
Table 'Behrens' 6-max Seat #5 is the button
Seat 4: lOld_Scotchl ($184.32 in chips)
Seat 5: RaisemyNut$ ($98.64 in chips)
RaisemyNut$: posts small blind $1
lOld_Scotchl: posts big blind $3
*** HOLE CARDS ***
RaisemyNut$: raises $3 to $6
lOld_Scotchl: folds
Uncalled bet ($3) returned to RaisemyNut$
RaisemyNut$ collected $6 from pot
RaisemyNut$: doesn't show hand
*** SUMMARY ***
Total pot $6 | Rake $0
Seat 4: lOld_Scotchl (big blind) folded before Flop
Seat 5: RaisemyNut$ (button) (small blind) collected ($6)


PokerStars Hand #150781615391:  Hold'em Limit ($3/$6 USD) - 2016/03/22 18:56:52 ET
Table 'Behrens' 6-max Seat #4 is the button
Seat 4: lOld_Scotchl ($180.07 in chips)
Seat 5: RaisemyNut$ ($102.39 in chips)
lOld_Scotchl: posts small blind $1
RaisemyNut$: posts big blind $3
*** HOLE CARDS ***
lOld_Scotchl: folds
Uncalled bet ($2) returned to RaisemyNut$
RaisemyNut$ collected $2 from pot
RaisemyNut$: doesn't show hand
*** SUMMARY ***
Total pot $2 | Rake $0
Seat 4: lOld_Scotchl (button) (small blind) folded before Flop
Seat 5: RaisemyNut$ (big blind) collected ($2)


PokerStars Hand #150781598956:  Hold'em Limit ($3/$6 USD) - 2016/03/22 18:56:27 ET
Table 'Behrens' 6-max Seat #5 is the button
Seat 4: lOld_Scotchl ($180.32 in chips)
Seat 5: RaisemyNut$ ($102.64 in chips)
RaisemyNut$: posts small blind $1
lOld_Scotchl: posts big blind $3
*** HOLE CARDS ***
RaisemyNut$: raises $3 to $6
lOld_Scotchl: calls $3
*** FLOP *** [7d Jc Kh]
lOld_Scotchl: checks
RaisemyNut$: bets $3
lOld_Scotchl: calls $3
*** TURN *** [7d Jc Kh] [3d]
lOld_Scotchl: checks
RaisemyNut$: checks
*** RIVER *** [7d Jc Kh 3d] [3h]
lOld_Scotchl: bets $6
RaisemyNut$: calls $6
*** SHOW DOWN ***
lOld_Scotchl: shows [9c Ah] (a pair of Threes)
RaisemyNut$: shows [5h Ad] (a pair of Threes)
lOld_Scotchl collected $14.75 from pot
RaisemyNut$ collected $14.75 from pot
*** SUMMARY ***
Total pot $30 | Rake $0.50
Board [7d Jc Kh 3d 3h]
Seat 4: lOld_Scotchl (big blind) showed [9c Ah] and won ($14.75) with a pair of Threes
Seat 5: RaisemyNut$ (button) (small blind) showed [5h Ad] and won ($14.75) with a pair of Threes


PokerStars Hand #150781629793:  Hold'em Limit ($3/$6 USD) - 2016/03/22 18:57:13 ET
Table 'Behrens' 6-max Seat #5 is the button
Seat 4: lOld_Scotchl ($175.07 in chips)
Seat 5: RaisemyNut$ ($107.39 in chips)
RaisemyNut$: posts small blind $1
lOld_Scotchl: posts big blind $3
*** HOLE CARDS ***
RaisemyNut$: raises $3 to $6
lOld_Scotchl: folds
Uncalled bet ($3) returned to RaisemyNut$
RaisemyNut$ collected $6 from pot
RaisemyNut$: doesn't show hand
*** SUMMARY ***
Total pot $6 | Rake $0
Seat 4: lOld_Scotchl (big blind) folded before Flop
Seat 5: RaisemyNut$ (button) (small blind) collected ($6)


PokerStars Hand #150781623520:  Hold'em Limit ($3/$6 USD) - 2016/03/22 18:57:04 ET
Table 'Behrens' 6-max Seat #4 is the button
Seat 4: lOld_Scotchl ($176.07 in chips)
Seat 5: RaisemyNut$ ($106.39 in chips)
lOld_Scotchl: posts small blind $1
RaisemyNut$: posts big blind $3
*** HOLE CARDS ***
lOld_Scotchl: folds
Uncalled bet ($2) returned to RaisemyNut$
RaisemyNut$ collected $2 from pot
RaisemyNut$: doesn't show hand
*** SUMMARY ***
Total pot $2 | Rake $0
Seat 4: lOld_Scotchl (button) (small blind) folded before Flop
Seat 5: RaisemyNut$ (big blind) collected ($2)


PokerStars Hand #150781633533:  Hold'em Limit ($3/$6 USD) - 2016/03/22 18:57:19 ET
Table 'Behrens' 6-max Seat #4 is the button
Seat 4: lOld_Scotchl ($172.07 in chips)
Seat 5: RaisemyNut$ ($110.39 in chips)
lOld_Scotchl: posts small blind $1
RaisemyNut$: posts big blind $3
*** HOLE CARDS ***
lOld_Scotchl: raises $3 to $6
RaisemyNut$: calls $3
*** FLOP *** [Th Ah 2h]
RaisemyNut$: checks
lOld_Scotchl: bets $3
RaisemyNut$: raises $3 to $6
luckie286 joins the table at seat #1
lOld_Scotchl: folds
Uncalled bet ($3) returned to RaisemyNut$
RaisemyNut$ collected $17.64 from pot
RaisemyNut$: doesn't show hand
*** SUMMARY ***
Total pot $18 | Rake $0.36
Board [Th Ah 2h]
Seat 4: lOld_Scotchl (button) (small blind) folded on the Flop
Seat 5: RaisemyNut$ (big blind) collected ($17.64)


PokerStars Hand #150781619141:  Hold'em Limit ($3/$6 USD) - 2016/03/22 18:56:57 ET
Table 'Behrens' 6-max Seat #5 is the button
Seat 4: lOld_Scotchl ($179.07 in chips)
Seat 5: RaisemyNut$ ($103.39 in chips)
RaisemyNut$: posts small blind $1
lOld_Scotchl: posts big blind $3
*** HOLE CARDS ***
RaisemyNut$: raises $3 to $6
lOld_Scotchl: folds
Uncalled bet ($3) returned to RaisemyNut$
RaisemyNut$ collected $6 from pot
RaisemyNut$: doesn't show hand
*** SUMMARY ***
Total pot $6 | Rake $0
Seat 4: lOld_Scotchl (big blind) folded before Flop
Seat 5: RaisemyNut$ (button) (small blind) collected ($6)


PokerStars Hand #150783745974:  Hold'em Limit ($3/$6 USD) - 2016/03/22 19:44:24 ET
Table 'Behrens' 6-max Seat #4 is the button
Seat 4: lOld_Scotchl ($177.19 in chips)
Seat 5: RaisemyNut$ ($112.66 in chips)
lOld_Scotchl: posts small blind $1
RaisemyNut$: posts big blind $3
*** HOLE CARDS ***
lOld_Scotchl: raises $3 to $6
RaisemyNut$: calls $3
*** FLOP *** [3c 7c 4h]
RaisemyNut$: checks
lOld_Scotchl: bets $3
RaisemyNut$: raises $3 to $6
lOld_Scotchl: calls $3
*** TURN *** [3c 7c 4h] [5c]
RaisemyNut$: bets $6
lOld_Scotchl: calls $6
*** RIVER *** [3c 7c 4h 5c] [6c]
RaisemyNut$: bets $6
Zubasa07 leaves the table
lOld_Scotchl: raises $6 to $12
RaisemyNut$: folds
Uncalled bet ($6) returned to lOld_Scotchl
lOld_Scotchl collected $47.50 from pot
lOld_Scotchl: doesn't show hand
*** SUMMARY ***
Total pot $48 | Rake $0.50
Board [3c 7c 4h 5c 6c]
Seat 4: lOld_Scotchl (button) (small blind) collected ($47.50)
Seat 5: RaisemyNut$ (big blind) folded on the River


PokerStars Hand #150783736971:  Hold'em Limit ($3/$6 USD) - 2016/03/22 19:44:10 ET
Table 'Behrens' 6-max Seat #5 is the button
Seat 4: lOld_Scotchl ($176.19 in chips)
Seat 5: RaisemyNut$ ($113.66 in chips)
RaisemyNut$: posts small blind $1
Zubasa07: is sitting out
lOld_Scotchl: posts big blind $3
*** HOLE CARDS ***
RaisemyNut$: folds
Uncalled bet ($2) returned to lOld_Scotchl
lOld_Scotchl collected $2 from pot
*** SUMMARY ***
Total pot $2 | Rake $0
Seat 4: lOld_Scotchl (big blind) collected ($2)
Seat 5: RaisemyNut$ (button) (small blind) folded before Flop


