PokerStars Hand #156850699169:  Hold'em Limit ($3/$6 USD) - 2016/08/04 9:21:07 ET
Table 'Behrens' 6-max Seat #2 is the button
Seat 1: Ag3r0n ($75 in chips)
Seat 2: 19woody58 ($187.36 in chips)
19woody58: posts small blind $1
Ag3r0n: posts big blind $3
*** HOLE CARDS ***
19woody58: raises $3 to $6
Ag3r0n: calls $3
*** FLOP *** [8h 4s 5h]
Ag3r0n: checks
19woody58: bets $3
Ag3r0n: raises $3 to $6
19woody58: calls $3
*** TURN *** [8h 4s 5h] [Kd]
Ag3r0n: bets $6
19woody58: calls $6
*** RIVER *** [8h 4s 5h Kd] [Ts]
Ag3r0n: bets $6
19woody58: calls $6
*** SHOW DOWN ***
Ag3r0n: shows [Qc 8c] (a pair of Eights)
19woody58: shows [Qd Qh] (a pair of Queens)
19woody58 collected $47.50 from pot
*** SUMMARY ***
Total pot $48 | Rake $0.50
Board [8h 4s 5h Kd Ts]
Seat 1: Ag3r0n (big blind) showed [Qc 8c] and lost with a pair of Eights
Seat 2: 19woody58 (button) (small blind) showed [Qd Qh] and won ($47.50) with a pair of Queens


PokerStars Hand #156850711651:  Hold'em Limit ($3/$6 USD) - 2016/08/04 9:21:31 ET
Table 'Behrens' 6-max Seat #1 is the button
Seat 1: Ag3r0n ($72 in chips)
Seat 2: 19woody58 ($210.86 in chips)
Ag3r0n: posts small blind $1
19woody58: posts big blind $3
*** HOLE CARDS ***
Ag3r0n: raises $3 to $6
19woody58: folds
Uncalled bet ($3) returned to Ag3r0n
Ag3r0n collected $6 from pot
*** SUMMARY ***
Total pot $6 | Rake $0
Seat 1: Ag3r0n (button) (small blind) collected ($6)
Seat 2: 19woody58 (big blind) folded before Flop


PokerStars Hand #156850726286:  Hold'em Limit ($3/$6 USD) - 2016/08/04 9:21:59 ET
Table 'Behrens' 6-max Seat #1 is the button
Seat 1: Ag3r0n ($72 in chips)
Seat 2: 19woody58 ($222.36 in chips)
Ag3r0n: posts small blind $1
19woody58: posts big blind $3
*** HOLE CARDS ***
Ag3r0n: raises $3 to $6
19woody58: folds
Uncalled bet ($3) returned to Ag3r0n
Ag3r0n collected $6 from pot
*** SUMMARY ***
Total pot $6 | Rake $0
Seat 1: Ag3r0n (button) (small blind) collected ($6)
Seat 2: 19woody58 (big blind) folded before Flop


PokerStars Hand #156850715810:  Hold'em Limit ($3/$6 USD) - 2016/08/04 9:21:39 ET
Table 'Behrens' 6-max Seat #2 is the button
Seat 1: Ag3r0n ($75 in chips)
Seat 2: 19woody58 ($207.86 in chips)
19woody58: posts small blind $1
Ag3r0n: posts big blind $3
*** HOLE CARDS ***
19woody58: raises $3 to $6
Ag3r0n: calls $3
*** FLOP *** [2c 9s 9h]
Ag3r0n: checks
19woody58: bets $3
Ag3r0n: calls $3
*** TURN *** [2c 9s 9h] [Ah]
Great_Kang joins the table at seat #3
Ag3r0n: checks
19woody58: checks
*** RIVER *** [2c 9s 9h Ah] [7s]
Ag3r0n: bets $6
19woody58: calls $6
*** SHOW DOWN ***
Ag3r0n: shows [6s 8s] (a pair of Nines)
19woody58: shows [Js Jh] (two pair, Jacks and Nines)
19woody58 collected $29.50 from pot
*** SUMMARY ***
Total pot $30 | Rake $0.50
Board [2c 9s 9h Ah 7s]
Seat 1: Ag3r0n (big blind) showed [6s 8s] and lost with a pair of Nines
Seat 2: 19woody58 (button) (small blind) showed [Js Jh] and won ($29.50) with two pair, Jacks and Nines


