PokerStars Hand #152177536154:  Hold'em Limit ($3/$6 USD) - 2016/04/20 3:18:16 ET
Table 'Behrens' 6-max Seat #6 is the button
Seat 4: factor725 ($101 in chips)
Seat 6: aade1ante ($128.33 in chips)
aade1ante: posts small blind $1
factor725: posts big blind $3
*** HOLE CARDS ***
aade1ante: raises $3 to $6
factor725: calls $3
*** FLOP *** [9s 2s 4c]
factor725: checks
aade1ante: bets $3
factor725: raises $3 to $6
aade1ante: folds
Uncalled bet ($3) returned to factor725
factor725 collected $17.64 from pot
*** SUMMARY ***
Total pot $18 | Rake $0.36
Board [9s 2s 4c]
Seat 4: factor725 (big blind) collected ($17.64)
Seat 6: aade1ante (button) (small blind) folded on the Flop


PokerStars Hand #152177533816:  Hold'em Limit ($3/$6 USD) - 2016/04/20 3:18:08 ET
Table 'Behrens' 6-max Seat #4 is the button
Seat 4: factor725 ($98 in chips)
Seat 6: aade1ante ($131.33 in chips)
factor725: posts small blind $1
aade1ante: posts big blind $3
*** HOLE CARDS ***
factor725: raises $3 to $6
aade1ante: folds
Uncalled bet ($3) returned to factor725
factor725 collected $6 from pot
*** SUMMARY ***
Total pot $6 | Rake $0
Seat 4: factor725 (button) (small blind) collected ($6)
Seat 6: aade1ante (big blind) folded before Flop


