PokerStars Hand #160502999903:  Hold'em Limit ($3/$6 USD) - 2016/10/27 8:48:07 ET
Table 'Behrens' 6-max Seat #4 is the button
Seat 4: Agrotait ($83.52 in chips)
Seat 6: hooverr ($53.15 in chips)
Agrotait: posts small blind $1
hooverr: posts big blind $3
*** HOLE CARDS ***
Agrotait: raises $3 to $6
hooverr: calls $3
*** FLOP *** [Kh Ks 9h]
hooverr: checks
Agrotait: bets $3
hooverr: calls $3
*** TURN *** [Kh Ks 9h] [5d]
hooverr: checks
Agrotait: checks
*** RIVER *** [Kh Ks 9h 5d] [4c]
PAL129 joins the table at seat #2
hooverr: bets $6
Agrotait: folds
Uncalled bet ($6) returned to hooverr
hooverr collected $17.64 from pot
hooverr: doesn't show hand
*** SUMMARY ***
Total pot $18 | Rake $0.36
Board [Kh Ks 9h 5d 4c]
Seat 4: Agrotait (button) (small blind) folded on the River
Seat 6: hooverr (big blind) collected ($17.64)


PokerStars Hand #160502995826:  Hold'em Limit ($3/$6 USD) - 2016/10/27 8:48:00 ET
Table 'Behrens' 6-max Seat #6 is the button
Seat 4: Agrotait ($82.52 in chips)
Seat 6: hooverr ($54.15 in chips)
hooverr: posts small blind $1
Agrotait: posts big blind $3
*** HOLE CARDS ***
hooverr: folds
Uncalled bet ($2) returned to Agrotait
Agrotait collected $2 from pot
Agrotait: doesn't show hand
*** SUMMARY ***
Total pot $2 | Rake $0
Seat 4: Agrotait (big blind) collected ($2)
Seat 6: hooverr (button) (small blind) folded before Flop


PokerStars Hand #160502993046:  Hold'em Limit ($3/$6 USD) - 2016/10/27 8:47:55 ET
Table 'Behrens' 6-max Seat #4 is the button
Seat 4: Agrotait ($83.52 in chips)
Seat 6: hooverr ($53.15 in chips)
Agrotait: posts small blind $1
hooverr: posts big blind $3
*** HOLE CARDS ***
Agrotait: folds
Uncalled bet ($2) returned to hooverr
hooverr collected $2 from pot
hooverr: doesn't show hand
*** SUMMARY ***
Total pot $2 | Rake $0
Seat 4: Agrotait (button) (small blind) folded before Flop
Seat 6: hooverr (big blind) collected ($2)


PokerStars Hand #160502979125:  Hold'em Limit ($3/$6 USD) - 2016/10/27 8:47:30 ET
Table 'Behrens' 6-max Seat #6 is the button
Seat 4: Agrotait ($72 in chips)
Seat 6: hooverr ($65.15 in chips)
hooverr: posts small blind $1
Agrotait: posts big blind $3
*** HOLE CARDS ***
hooverr: raises $3 to $6
Agrotait: raises $3 to $9
hooverr: calls $3
*** FLOP *** [Js 4d Qd]
Agrotait: bets $3
hooverr: calls $3
*** TURN *** [Js 4d Qd] [2c]
Agrotait: bets $6
hooverr: folds
Uncalled bet ($6) returned to Agrotait
Agrotait collected $23.52 from pot
Agrotait: doesn't show hand
*** SUMMARY ***
Total pot $24 | Rake $0.48
Board [Js 4d Qd 2c]
Seat 4: Agrotait (big blind) collected ($23.52)
Seat 6: hooverr (button) (small blind) folded on the Turn


PokerStars Hand #160503688528:  Hold'em Limit ($3/$6 USD) - 2016/10/27 9:08:47 ET
Table 'Behrens' 6-max Seat #5 is the button
Seat 2: AAforever187 ($163.53 in chips)
Seat 5: VolkovDmitri ($125.64 in chips)
VolkovDmitri: posts small blind $1
Kees123: is sitting out
AAforever187: posts big blind $3
*** HOLE CARDS ***
VolkovDmitri: raises $3 to $6
Dron21200 leaves the table
Kees123 leaves the table
AAforever187: folds
Uncalled bet ($3) returned to VolkovDmitri
VolkovDmitri collected $6 from pot
Agrotait leaves the table
VolkovDmitri: doesn't show hand
*** SUMMARY ***
Total pot $6 | Rake $0
Seat 2: AAforever187 (big blind) folded before Flop
Seat 5: VolkovDmitri (button) (small blind) collected ($6)


