PokerStars Hand #147510550387:  Hold'em Limit ($3/$6 USD) - 2016/01/22 19:42:06 ET
Table 'Beid' 2-max Seat #2 is the button
Seat 1: ovidius2009 ($42 in chips)
Seat 2: krytalex ($120 in chips)
krytalex: posts small blind $1
ovidius2009: posts big blind $3
*** HOLE CARDS ***
krytalex: raises $3 to $6
ovidius2009: calls $3
*** FLOP *** [4d Qc Qh]
ovidius2009: checks
krytalex: bets $3
ovidius2009: calls $3
*** TURN *** [4d Qc Qh] [8h]
ovidius2009: checks
krytalex: bets $6
ovidius2009: calls $6
*** RIVER *** [4d Qc Qh 8h] [6s]
ovidius2009: checks
krytalex: bets $6
ovidius2009: calls $6
*** SHOW DOWN ***
krytalex: shows [8s 9h] (two pair, Queens and Eights)
ovidius2009: mucks hand
krytalex collected $41.50 from pot
*** SUMMARY ***
Total pot $42 | Rake $0.50
Board [4d Qc Qh 8h 6s]
Seat 1: ovidius2009 (big blind) mucked
Seat 2: krytalex (button) (small blind) showed [8s 9h] and won ($41.50) with two pair, Queens and Eights


PokerStars Hand #147510580926:  Hold'em Limit ($3/$6 USD) - 2016/01/22 19:42:51 ET
Table 'Beid' 2-max Seat #1 is the button
Seat 1: ovidius2009 ($21 in chips)
Seat 2: krytalex ($140.50 in chips)
ovidius2009: posts small blind $1
krytalex: posts big blind $3
*** HOLE CARDS ***
ovidius2009: calls $2
krytalex: checks
*** FLOP *** [2s 8c Qd]
krytalex: checks
ovidius2009: bets $3
krytalex: calls $3
*** TURN *** [2s 8c Qd] [5s]
krytalex: checks
ovidius2009: bets $6
krytalex: calls $6
*** RIVER *** [2s 8c Qd 5s] [Qh]
krytalex: checks
ovidius2009: bets $6
krytalex: calls $6
*** SHOW DOWN ***
ovidius2009: shows [3h 8d] (two pair, Queens and Eights)
krytalex: mucks hand
ovidius2009 collected $35.50 from pot
*** SUMMARY ***
Total pot $36 | Rake $0.50
Board [2s 8c Qd 5s Qh]
Seat 1: ovidius2009 (button) (small blind) showed [3h 8d] and won ($35.50) with two pair, Queens and Eights
Seat 2: krytalex (big blind) mucked


PokerStars Hand #147510670919:  Hold'em Limit ($3/$6 USD) - 2016/01/22 19:45:03 ET
Table 'Beid' 2-max Seat #1 is the button
Seat 1: ovidius2009 ($17.50 in chips)
Seat 2: krytalex ($143 in chips)
ovidius2009: posts small blind $1
krytalex: posts big blind $3
*** HOLE CARDS ***
ovidius2009: calls $2
krytalex: raises $3 to $6
ovidius2009: calls $3
*** FLOP *** [Qs 9d Jd]
krytalex: bets $3
ovidius2009: calls $3
*** TURN *** [Qs 9d Jd] [7c]
krytalex: bets $6
ovidius2009: calls $6
*** RIVER *** [Qs 9d Jd 7c] [Kh]
krytalex: bets $6
ovidius2009: calls $2.50 and is all-in
Uncalled bet ($3.50) returned to krytalex
*** SHOW DOWN ***
krytalex: shows [Qc Tc] (a straight, Nine to King)
ovidius2009: shows [9h Ad] (a pair of Nines)
krytalex collected $34.50 from pot
*** SUMMARY ***
Total pot $35 | Rake $0.50
Board [Qs 9d Jd 7c Kh]
Seat 1: ovidius2009 (button) (small blind) showed [9h Ad] and lost with a pair of Nines
Seat 2: krytalex (big blind) showed [Qc Tc] and won ($34.50) with a straight, Nine to King


PokerStars Hand #147510634903:  Hold'em Limit ($3/$6 USD) - 2016/01/22 19:44:10 ET
Table 'Beid' 2-max Seat #2 is the button
Seat 1: ovidius2009 ($38.50 in chips)
Seat 2: krytalex ($122.50 in chips)
krytalex: posts small blind $1
ovidius2009: posts big blind $3
*** HOLE CARDS ***
krytalex: raises $3 to $6
ovidius2009: calls $3
*** FLOP *** [Jc Ah Js]
ovidius2009: checks
krytalex: bets $3
ovidius2009: calls $3
*** TURN *** [Jc Ah Js] [Tc]
ovidius2009: checks
krytalex: bets $6
ovidius2009: calls $6
*** RIVER *** [Jc Ah Js Tc] [7h]
ovidius2009: checks
krytalex: bets $6
ovidius2009: calls $6
*** SHOW DOWN ***
krytalex: shows [8d Ac] (two pair, Aces and Jacks)
ovidius2009: mucks hand
krytalex collected $41.50 from pot
*** SUMMARY ***
Total pot $42 | Rake $0.50
Board [Jc Ah Js Tc 7h]
Seat 1: ovidius2009 (big blind) mucked
Seat 2: krytalex (button) (small blind) showed [8d Ac] and won ($41.50) with two pair, Aces and Jacks


PokerStars Hand #147510710845:  Hold'em Limit ($3/$6 USD) - 2016/01/22 19:46:02 ET
Table 'Beid' 2-max Seat #2 is the button
Seat 1: ovidius2009 ($36 in chips)
Seat 2: krytalex ($160 in chips)
krytalex: posts small blind $1
ovidius2009: posts big blind $3
*** HOLE CARDS ***
krytalex: folds
Uncalled bet ($2) returned to ovidius2009
ovidius2009 collected $2 from pot
ovidius2009: doesn't show hand
*** SUMMARY ***
Total pot $2 | Rake $0
Seat 1: ovidius2009 (big blind) collected ($2)
Seat 2: krytalex (button) (small blind) folded before Flop


PokerStars Hand #147510730137:  Hold'em Limit ($3/$6 USD) - 2016/01/22 19:46:31 ET
Table 'Beid' 2-max Seat #1 is the button
Seat 1: ovidius2009 ($37 in chips)
Seat 2: krytalex ($159 in chips)
ovidius2009: posts small blind $1
krytalex: posts big blind $3
*** HOLE CARDS ***
ovidius2009: calls $2
krytalex: checks
*** FLOP *** [5d 2s Ac]
krytalex: bets $3
ovidius2009: calls $3
*** TURN *** [5d 2s Ac] [7c]
krytalex: bets $6
ovidius2009: calls $6
*** RIVER *** [5d 2s Ac 7c] [Tc]
krytalex: checks
ovidius2009: bets $6
krytalex: calls $6
*** SHOW DOWN ***
ovidius2009: shows [Qc 6c] (a flush, Ace high)
krytalex: mucks hand
ovidius2009 collected $35.50 from pot
*** SUMMARY ***
Total pot $36 | Rake $0.50
Board [5d 2s Ac 7c Tc]
Seat 1: ovidius2009 (button) (small blind) showed [Qc 6c] and won ($35.50) with a flush, Ace high
Seat 2: krytalex (big blind) mucked


PokerStars Hand #147510771721:  Hold'em Limit ($3/$6 USD) - 2016/01/22 19:47:33 ET
Table 'Beid' 2-max Seat #2 is the button
Seat 1: ovidius2009 ($54.50 in chips)
Seat 2: krytalex ($141 in chips)
krytalex: posts small blind $1
ovidius2009: posts big blind $3
*** HOLE CARDS ***
krytalex: raises $3 to $6
ovidius2009: calls $3
*** FLOP *** [3s Qc Tc]
ovidius2009: checks
krytalex: bets $3
ovidius2009: folds
Uncalled bet ($3) returned to krytalex
krytalex collected $11.76 from pot
*** SUMMARY ***
Total pot $12 | Rake $0.24
Board [3s Qc Tc]
Seat 1: ovidius2009 (big blind) folded on the Flop
Seat 2: krytalex (button) (small blind) collected ($11.76)


