PokerStars Hand #163757876250:  Hold'em Limit ($3/$6 USD) - 2016/12/30 5:08:02 ET
Table 'Beid' 6-max Seat #1 is the button
Seat 1: ToDaFelt ($120 in chips)
Seat 2: aremom4e ($120 in chips)
ToDaFelt: posts small blind $1
aremom4e: posts big blind $3
*** HOLE CARDS ***
ToDaFelt: raises $3 to $6
aremom4e: calls $3
*** FLOP *** [Qh Qs 9h]
aremom4e: checks
ToDaFelt: bets $3
aremom4e: calls $3
*** TURN *** [Qh Qs 9h] [4c]
aremom4e: checks
ToDaFelt: bets $6
aremom4e: raises $6 to $12
ToDaFelt: folds
Uncalled bet ($6) returned to aremom4e
aremom4e collected $29.50 from pot
aremom4e: doesn't show hand
*** SUMMARY ***
Total pot $30 | Rake $0.50
Board [Qh Qs 9h 4c]
Seat 1: ToDaFelt (button) (small blind) folded on the Turn
Seat 2: aremom4e (big blind) collected ($29.50)


PokerStars Hand #163757933951:  Hold'em Limit ($3/$6 USD) - 2016/12/30 5:10:17 ET
Table 'Beid' 6-max Seat #1 is the button
Seat 1: ToDaFelt ($137 in chips)
Seat 2: aremom4e ($101.50 in chips)
ToDaFelt: posts small blind $1
aremom4e: posts big blind $3
*** HOLE CARDS ***
ToDaFelt: folds
Uncalled bet ($2) returned to aremom4e
aremom4e collected $2 from pot
aremom4e: doesn't show hand
MellivoraSto joins the table at seat #3
*** SUMMARY ***
Total pot $2 | Rake $0
Seat 1: ToDaFelt (button) (small blind) folded before Flop
Seat 2: aremom4e (big blind) collected ($2)


PokerStars Hand #163757930927:  Hold'em Limit ($3/$6 USD) - 2016/12/30 5:10:11 ET
Table 'Beid' 6-max Seat #2 is the button
Seat 1: ToDaFelt ($140 in chips)
Seat 2: aremom4e ($98.50 in chips)
aremom4e: posts small blind $1
ToDaFelt: posts big blind $3
*** HOLE CARDS ***
aremom4e: raises $3 to $6
ToDaFelt: folds
Uncalled bet ($3) returned to aremom4e
aremom4e collected $6 from pot
aremom4e: doesn't show hand
*** SUMMARY ***
Total pot $6 | Rake $0
Seat 1: ToDaFelt (big blind) folded before Flop
Seat 2: aremom4e (button) (small blind) collected ($6)


PokerStars Hand #163757915375:  Hold'em Limit ($3/$6 USD) - 2016/12/30 5:09:34 ET
Table 'Beid' 6-max Seat #1 is the button
Seat 1: ToDaFelt ($122.50 in chips)
Seat 2: aremom4e ($116.50 in chips)
ToDaFelt: posts small blind $1
aremom4e: posts big blind $3
*** HOLE CARDS ***
ToDaFelt: raises $3 to $6
aremom4e: calls $3
*** FLOP *** [Td Ad 4s]
aremom4e: checks
ToDaFelt: bets $3
aremom4e: raises $3 to $6
ToDaFelt: calls $3
*** TURN *** [Td Ad 4s] [3s]
aremom4e: bets $6
ToDaFelt: calls $6
*** RIVER *** [Td Ad 4s 3s] [9c]
aremom4e: checks
ToDaFelt: bets $6
aremom4e: folds
Uncalled bet ($6) returned to ToDaFelt
ToDaFelt collected $35.50 from pot
ToDaFelt: doesn't show hand
*** SUMMARY ***
Total pot $36 | Rake $0.50
Board [Td Ad 4s 3s 9c]
Seat 1: ToDaFelt (button) (small blind) collected ($35.50)
Seat 2: aremom4e (big blind) folded on the River


PokerStars Hand #163757903557:  Hold'em Limit ($3/$6 USD) - 2016/12/30 5:09:06 ET
Table 'Beid' 6-max Seat #2 is the button
Seat 1: ToDaFelt ($105 in chips)
Seat 2: aremom4e ($134.50 in chips)
aremom4e: posts small blind $1
ToDaFelt: posts big blind $3
*** HOLE CARDS ***
aremom4e: raises $3 to $6
ToDaFelt: raises $3 to $9
aremom4e: calls $3
*** FLOP *** [9s 8d 2h]
ToDaFelt: bets $3
aremom4e: calls $3
*** TURN *** [9s 8d 2h] [7c]
ToDaFelt: bets $6
aremom4e: calls $6
*** RIVER *** [9s 8d 2h 7c] [4s]
ToDaFelt: checks
aremom4e: checks
*** SHOW DOWN ***
ToDaFelt: shows [Ks Jd] (high card King)
aremom4e: mucks hand
ToDaFelt collected $35.50 from pot
*** SUMMARY ***
Total pot $36 | Rake $0.50
Board [9s 8d 2h 7c 4s]
Seat 1: ToDaFelt (big blind) showed [Ks Jd] and won ($35.50) with high card King
Seat 2: aremom4e (button) (small blind) mucked


PokerStars Hand #163758041672:  Hold'em Limit ($3/$6 USD) - 2016/12/30 5:14:30 ET
Table 'Beid' 6-max Seat #1 is the button
Seat 1: ToDaFelt ($174.30 in chips)
Seat 3: MellivoraSto ($120 in chips)
ToDaFelt: posts small blind $1
MellivoraSto: posts big blind $3
*** HOLE CARDS ***
ToDaFelt: folds
Uncalled bet ($2) returned to MellivoraSto
MellivoraSto collected $2 from pot
MellivoraSto: doesn't show hand
*** SUMMARY ***
Total pot $2 | Rake $0
Seat 1: ToDaFelt (button) (small blind) folded before Flop
Seat 3: MellivoraSto (big blind) collected ($2)


