PokerStars Hand #175512363158:  Hold'em Limit ($3/$6 USD) - 2017/09/11 14:14:08 ET
Table 'Beira' 6-max Seat #1 is the button
Seat 1: ChawkDee ($114 in chips)
Seat 4: Agrotait ($71.76 in chips)
ChawkDee: posts small blind $1
Agrotait: posts big blind $3
*** HOLE CARDS ***
ChawkDee: folds
Uncalled bet ($2) returned to Agrotait
Agrotait collected $2 from pot
*** SUMMARY ***
Total pot $2 | Rake $0
Seat 1: ChawkDee (button) (small blind) folded before Flop
Seat 4: Agrotait (big blind) collected ($2)


PokerStars Hand #175512340274:  Hold'em Limit ($3/$6 USD) - 2017/09/11 14:13:40 ET
Table 'Beira' 6-max Seat #4 is the button
Seat 1: ChawkDee ($120 in chips)
Seat 4: Agrotait ($66 in chips)
Agrotait: posts small blind $1
ChawkDee: posts big blind $3
*** HOLE CARDS ***
Agrotait: raises $3 to $6
ChawkDee: calls $3
*** FLOP *** [5h Js Kh]
ChawkDee: checks
Agrotait: bets $3
ChawkDee: folds
Uncalled bet ($3) returned to Agrotait
Agrotait collected $11.76 from pot
*** SUMMARY ***
Total pot $12 | Rake $0.24
Board [5h Js Kh]
Seat 1: ChawkDee (big blind) folded on the Flop
Seat 4: Agrotait (button) (small blind) collected ($11.76)


PokerStars Hand #175512374082:  Hold'em Limit ($3/$6 USD) - 2017/09/11 14:14:21 ET
Table 'Beira' 6-max Seat #1 is the button
Seat 1: ChawkDee ($110 in chips)
Seat 4: Agrotait ($75.76 in chips)
ChawkDee: posts small blind $1
Agrotait: posts big blind $3
*** HOLE CARDS ***
ChawkDee: folds
Uncalled bet ($2) returned to Agrotait
Agrotait collected $2 from pot
Agrotait: doesn't show hand
*** SUMMARY ***
Total pot $2 | Rake $0
Seat 1: ChawkDee (button) (small blind) folded before Flop
Seat 4: Agrotait (big blind) collected ($2)


PokerStars Hand #175512378566:  Hold'em Limit ($3/$6 USD) - 2017/09/11 14:14:26 ET
Table 'Beira' 6-max Seat #4 is the button
Seat 1: ChawkDee ($109 in chips)
Seat 4: Agrotait ($76.76 in chips)
Agrotait: posts small blind $1
ChawkDee: posts big blind $3
*** HOLE CARDS ***
Agrotait: folds
Uncalled bet ($2) returned to ChawkDee
ChawkDee collected $2 from pot
ChawkDee: doesn't show hand
*** SUMMARY ***
Total pot $2 | Rake $0
Seat 1: ChawkDee (big blind) collected ($2)
Seat 4: Agrotait (button) (small blind) folded before Flop


PokerStars Hand #175512383115:  Hold'em Limit ($3/$6 USD) - 2017/09/11 14:14:32 ET
Table 'Beira' 6-max Seat #1 is the button
Seat 1: ChawkDee ($110 in chips)
Seat 4: Agrotait ($75.76 in chips)
ChawkDee: posts small blind $1
Agrotait: posts big blind $3
*** HOLE CARDS ***
ChawkDee: raises $3 to $6
Agrotait: calls $3
*** FLOP *** [6c 3d As]
Agrotait: checks
ChawkDee: bets $3
Agrotait: folds
Uncalled bet ($3) returned to ChawkDee
ChawkDee collected $11.76 from pot
ChawkDee: doesn't show hand
*** SUMMARY ***
Total pot $12 | Rake $0.24
Board [6c 3d As]
Seat 1: ChawkDee (button) (small blind) collected ($11.76)
Seat 4: Agrotait (big blind) folded on the Flop


PokerStars Hand #175512424727:  Hold'em Limit ($3/$6 USD) - 2017/09/11 14:15:22 ET
Table 'Beira' 6-max Seat #1 is the button
Seat 1: ChawkDee ($127.28 in chips)
Seat 4: Agrotait ($57.76 in chips)
ChawkDee: posts small blind $1
Agrotait: posts big blind $3
*** HOLE CARDS ***
ChawkDee: folds
Uncalled bet ($2) returned to Agrotait
Agrotait collected $2 from pot
Agrotait: doesn't show hand
*** SUMMARY ***
Total pot $2 | Rake $0
Seat 1: ChawkDee (button) (small blind) folded before Flop
Seat 4: Agrotait (big blind) collected ($2)


PokerStars Hand #175512397480:  Hold'em Limit ($3/$6 USD) - 2017/09/11 14:14:49 ET
Table 'Beira' 6-max Seat #4 is the button
Seat 1: ChawkDee ($115.76 in chips)
Seat 4: Agrotait ($69.76 in chips)
Agrotait: posts small blind $1
ChawkDee: posts big blind $3
*** HOLE CARDS ***
Agrotait: raises $3 to $6
ChawkDee: calls $3
*** FLOP *** [Kd 2h Ad]
ChawkDee: checks
Agrotait: bets $3
ChawkDee: raises $3 to $6
Agrotait: calls $3
*** TURN *** [Kd 2h Ad] [8h]
ChawkDee: bets $6
Agrotait: folds
Uncalled bet ($6) returned to ChawkDee
ChawkDee collected $23.52 from pot
ChawkDee: doesn't show hand
*** SUMMARY ***
Total pot $24 | Rake $0.48
Board [Kd 2h Ad 8h]
Seat 1: ChawkDee (big blind) collected ($23.52)
Seat 4: Agrotait (button) (small blind) folded on the Turn


PokerStars Hand #175512435369:  Hold'em Limit ($3/$6 USD) - 2017/09/11 14:15:35 ET
Table 'Beira' 6-max Seat #1 is the button
Seat 1: ChawkDee ($123.28 in chips)
Seat 4: Agrotait ($61.76 in chips)
ChawkDee: posts small blind $1
Agrotait: posts big blind $3
*** HOLE CARDS ***
ChawkDee: folds
Uncalled bet ($2) returned to Agrotait
Agrotait collected $2 from pot
Agrotait: doesn't show hand
*** SUMMARY ***
Total pot $2 | Rake $0
Seat 1: ChawkDee (button) (small blind) folded before Flop
Seat 4: Agrotait (big blind) collected ($2)


PokerStars Hand #175512429165:  Hold'em Limit ($3/$6 USD) - 2017/09/11 14:15:28 ET
Table 'Beira' 6-max Seat #4 is the button
Seat 1: ChawkDee ($126.28 in chips)
Seat 4: Agrotait ($58.76 in chips)
Agrotait: posts small blind $1
ChawkDee: posts big blind $3
*** HOLE CARDS ***
Agrotait: raises $3 to $6
ChawkDee: folds
Uncalled bet ($3) returned to Agrotait
Agrotait collected $6 from pot
Agrotait: doesn't show hand
*** SUMMARY ***
Total pot $6 | Rake $0
Seat 1: ChawkDee (big blind) folded before Flop
Seat 4: Agrotait (button) (small blind) collected ($6)


PokerStars Hand #175512440519:  Hold'em Limit ($3/$6 USD) - 2017/09/11 14:15:41 ET
Table 'Beira' 6-max Seat #4 is the button
Seat 1: ChawkDee ($122.28 in chips)
Seat 4: Agrotait ($62.76 in chips)
Agrotait: posts small blind $1
ChawkDee: posts big blind $3
*** HOLE CARDS ***
Agrotait: raises $3 to $6
ChawkDee: calls $3
*** FLOP *** [5h Qs 5d]
ChawkDee: checks
Agrotait: bets $3
ChawkDee: raises $3 to $6
Agrotait: calls $3
*** TURN *** [5h Qs 5d] [9d]
ChawkDee: bets $6
Agrotait: raises $6 to $12
ChawkDee: raises $6 to $18
Agrotait: calls $6
*** RIVER *** [5h Qs 5d 9d] [Jc]
ChawkDee: bets $6
Agrotait: calls $6
*** SHOW DOWN ***
ChawkDee: shows [4c 5c] (three of a kind, Fives)
Agrotait: shows [Th 5s] (three of a kind, Fives)
ChawkDee collected $35.75 from pot
Agrotait collected $35.75 from pot
*** SUMMARY ***
Total pot $72 | Rake $0.50
Board [5h Qs 5d 9d Jc]
Seat 1: ChawkDee (big blind) showed [4c 5c] and won ($35.75) with three of a kind, Fives
Seat 4: Agrotait (button) (small blind) showed [Th 5s] and won ($35.75) with three of a kind, Fives


PokerStars Hand #175512487550:  Hold'em Limit ($3/$6 USD) - 2017/09/11 14:16:38 ET
Table 'Beira' 6-max Seat #1 is the button
Seat 1: ChawkDee ($122.03 in chips)
Seat 4: Agrotait ($62.51 in chips)
ChawkDee: posts small blind $1
Agrotait: posts big blind $3
*** HOLE CARDS ***
ChawkDee: calls $2
Agrotait: checks
*** FLOP *** [Ts Qs 8h]
Agrotait: bets $3
ChawkDee: calls $3
*** TURN *** [Ts Qs 8h] [5s]
Agrotait: bets $6
ChawkDee: folds
Uncalled bet ($6) returned to Agrotait
Agrotait collected $11.76 from pot
Agrotait: doesn't show hand
*** SUMMARY ***
Total pot $12 | Rake $0.24
Board [Ts Qs 8h 5s]
Seat 1: ChawkDee (button) (small blind) folded on the Turn
Seat 4: Agrotait (big blind) collected ($11.76)


