PokerStars Hand #148160066915:  Hold'em Limit ($3/$6 USD) - 2016/02/03 7:56:54 ET
Table 'Beira' 6-max Seat #2 is the button
Seat 2: Brama Br ($122.76 in chips)
Seat 4: AzureCaper ($76 in chips)
Brama Br: posts small blind $1
AzureCaper: posts big blind $3
*** HOLE CARDS ***
Brama Br: raises $3 to $6
AzureCaper: calls $3
*** FLOP *** [2c Qs 4h]
AzureCaper: checks
Brama Br: bets $3
AzureCaper: folds
Uncalled bet ($3) returned to Brama Br
Brama Br collected $11.76 from pot
Brama Br: doesn't show hand
*** SUMMARY ***
Total pot $12 | Rake $0.24
Board [2c Qs 4h]
Seat 2: Brama Br (button) (small blind) collected ($11.76)
Seat 4: AzureCaper (big blind) folded on the Flop


PokerStars Hand #148160075754:  Hold'em Limit ($3/$6 USD) - 2016/02/03 7:57:11 ET
Table 'Beira' 6-max Seat #4 is the button
Seat 2: Brama Br ($128.52 in chips)
Seat 4: AzureCaper ($72 in chips)
AzureCaper: posts small blind $1
Brama Br: posts big blind $3
*** HOLE CARDS ***
AzureCaper: raises $3 to $6
Brama Br: calls $3
*** FLOP *** [4c Qd 9s]
Brama Br: checks
AzureCaper: bets $3
Brama Br: calls $3
*** TURN *** [4c Qd 9s] [Jc]
Brama Br: checks
AzureCaper: checks
*** RIVER *** [4c Qd 9s Jc] [Ad]
Brama Br: checks
AzureCaper: checks
*** SHOW DOWN ***
Brama Br: shows [9h Td] (a pair of Nines)
AzureCaper: mucks hand
Brama Br collected $17.64 from pot
*** SUMMARY ***
Total pot $18 | Rake $0.36
Board [4c Qd 9s Jc Ad]
Seat 2: Brama Br (big blind) showed [9h Td] and won ($17.64) with a pair of Nines
Seat 4: AzureCaper (button) (small blind) mucked


PokerStars Hand #148160088483:  Hold'em Limit ($3/$6 USD) - 2016/02/03 7:57:34 ET
Table 'Beira' 6-max Seat #2 is the button
Seat 2: Brama Br ($137.16 in chips)
Seat 4: AzureCaper ($72 in chips)
Brama Br: posts small blind $1
AzureCaper: posts big blind $3
*** HOLE CARDS ***
Brama Br: folds
Uncalled bet ($2) returned to AzureCaper
AzureCaper collected $2 from pot
AzureCaper: doesn't show hand
*** SUMMARY ***
Total pot $2 | Rake $0
Seat 2: Brama Br (button) (small blind) folded before Flop
Seat 4: AzureCaper (big blind) collected ($2)


PokerStars Hand #148160097823:  Hold'em Limit ($3/$6 USD) - 2016/02/03 7:57:52 ET
Table 'Beira' 6-max Seat #2 is the button
Seat 2: Brama Br ($130.16 in chips)
Seat 4: AzureCaper ($78.76 in chips)
Headgtboy joins the table at seat #3
Brama Br: posts small blind $1
AzureCaper: posts big blind $3
*** HOLE CARDS ***
Brama Br: raises $3 to $6
AzureCaper: calls $3
*** FLOP *** [5d 6s 4c]
AzureCaper: checks
Brama Br: checks
*** TURN *** [5d 6s 4c] [3c]
AzureCaper: bets $6
Brama Br: folds
Uncalled bet ($6) returned to AzureCaper
AzureCaper collected $11.76 from pot
AzureCaper: doesn't show hand
*** SUMMARY ***
Total pot $12 | Rake $0.24
Board [5d 6s 4c 3c]
Seat 2: Brama Br (button) (small blind) folded on the Turn
Seat 4: AzureCaper (big blind) collected ($11.76)


PokerStars Hand #148160114332:  Hold'em Limit ($3/$6 USD) - 2016/02/03 7:58:15 ET
Table 'Beira' 6-max Seat #4 is the button
Seat 2: Brama Br ($124.16 in chips)
Seat 4: AzureCaper ($84.52 in chips)
AzureCaper: posts small blind $1
Brama Br: posts big blind $3
*** HOLE CARDS ***
AzureCaper: raises $3 to $6
Brama Br: calls $3
*** FLOP *** [7c 6s 7h]
Brama Br: checks
AzureCaper: bets $3
Brama Br: calls $3
*** TURN *** [7c 6s 7h] [Ts]
Brama Br: checks
AzureCaper: bets $6
Brama Br: folds
Uncalled bet ($6) returned to AzureCaper
AzureCaper collected $17.64 from pot
AzureCaper: doesn't show hand
*** SUMMARY ***
Total pot $18 | Rake $0.36
Board [7c 6s 7h Ts]
Seat 2: Brama Br (big blind) folded on the Turn
Seat 4: AzureCaper (button) (small blind) collected ($17.64)


PokerStars Hand #148160133952:  Hold'em Limit ($3/$6 USD) - 2016/02/03 7:58:37 ET
Table 'Beira' 6-max Seat #2 is the button
Seat 2: Brama Br ($115.16 in chips)
Seat 4: AzureCaper ($93.16 in chips)
Brama Br: posts small blind $1
AzureCaper: posts big blind $3
*** HOLE CARDS ***
Brama Br: raises $3 to $6
AzureCaper: folds
Uncalled bet ($3) returned to Brama Br
Brama Br collected $6 from pot
Brama Br: doesn't show hand
*** SUMMARY ***
Total pot $6 | Rake $0
Seat 2: Brama Br (button) (small blind) collected ($6)
Seat 4: AzureCaper (big blind) folded before Flop


PokerStars Hand #148160091581:  Hold'em Limit ($3/$6 USD) - 2016/02/03 7:57:40 ET
Table 'Beira' 6-max Seat #4 is the button
Seat 2: Brama Br ($136.16 in chips)
Seat 4: AzureCaper ($73 in chips)
AzureCaper: posts small blind $1
Brama Br: posts big blind $3
*** HOLE CARDS ***
AzureCaper: raises $3 to $6
Brama Br: calls $3
*** FLOP *** [2h Js Kc]
Brama Br: checks
AzureCaper: bets $3
Brama Br: folds
Uncalled bet ($3) returned to AzureCaper
AzureCaper collected $11.76 from pot
AzureCaper: doesn't show hand
*** SUMMARY ***
Total pot $12 | Rake $0.24
Board [2h Js Kc]
Seat 2: Brama Br (big blind) folded on the Flop
Seat 4: AzureCaper (button) (small blind) collected ($11.76)


PokerStars Hand #148160145499:  Hold'em Limit ($3/$6 USD) - 2016/02/03 7:58:55 ET
Table 'Beira' 6-max Seat #2 is the button
Seat 2: Brama Br ($115.16 in chips)
Seat 4: AzureCaper ($93.16 in chips)
Brama Br: posts small blind $1
AzureCaper: posts big blind $3
*** HOLE CARDS ***
Brama Br: folds
Uncalled bet ($2) returned to AzureCaper
AzureCaper collected $2 from pot
AzureCaper: doesn't show hand
*** SUMMARY ***
Total pot $2 | Rake $0
Seat 2: Brama Br (button) (small blind) folded before Flop
Seat 4: AzureCaper (big blind) collected ($2)


PokerStars Hand #148160169524:  Hold'em Limit ($3/$6 USD) - 2016/02/03 7:59:38 ET
Table 'Beira' 6-max Seat #2 is the button
Seat 2: Brama Br ($87.16 in chips)
Seat 4: AzureCaper ($120.66 in chips)
Brama Br: posts small blind $1
AzureCaper: posts big blind $3
*** HOLE CARDS ***
Brama Br: raises $3 to $6
AzureCaper: folds
Uncalled bet ($3) returned to Brama Br
Brama Br collected $6 from pot
Brama Br: doesn't show hand
*** SUMMARY ***
Total pot $6 | Rake $0
Seat 2: Brama Br (button) (small blind) collected ($6)
Seat 4: AzureCaper (big blind) folded before Flop


PokerStars Hand #148160140662:  Hold'em Limit ($3/$6 USD) - 2016/02/03 7:58:47 ET
Table 'Beira' 6-max Seat #4 is the button
Seat 2: Brama Br ($118.16 in chips)
Seat 4: AzureCaper ($90.16 in chips)
AzureCaper: posts small blind $1
Brama Br: posts big blind $3
*** HOLE CARDS ***
AzureCaper: raises $3 to $6
Brama Br: folds
Uncalled bet ($3) returned to AzureCaper
Headgtboy leaves the table
AzureCaper collected $6 from pot
AzureCaper: doesn't show hand
*** SUMMARY ***
Total pot $6 | Rake $0
Seat 2: Brama Br (big blind) folded before Flop
Seat 4: AzureCaper (button) (small blind) collected ($6)


PokerStars Hand #148160205285:  Hold'em Limit ($3/$6 USD) - 2016/02/03 8:00:41 ET
Table 'Beira' 6-max Seat #2 is the button
Seat 2: Brama Br ($93.80 in chips)
Seat 4: AzureCaper ($113.42 in chips)
Brama Br: posts small blind $1
AzureCaper: posts big blind $3
*** HOLE CARDS ***
Brama Br: folds
Uncalled bet ($2) returned to AzureCaper
AzureCaper collected $2 from pot
AzureCaper: doesn't show hand
*** SUMMARY ***
Total pot $2 | Rake $0
Seat 2: Brama Br (button) (small blind) folded before Flop
Seat 4: AzureCaper (big blind) collected ($2)


PokerStars Hand #148160197767:  Hold'em Limit ($3/$6 USD) - 2016/02/03 8:00:28 ET
Table 'Beira' 6-max Seat #4 is the button
Seat 2: Brama Br ($99.80 in chips)
Seat 4: AzureCaper ($107.66 in chips)
AzureCaper: posts small blind $1
Brama Br: posts big blind $3
*** HOLE CARDS ***
AzureCaper: raises $3 to $6
Brama Br: calls $3
*** FLOP *** [Jh 5c As]
Brama Br: checks
AzureCaper: bets $3
Brama Br: folds
Uncalled bet ($3) returned to AzureCaper
AzureCaper collected $11.76 from pot
AzureCaper: doesn't show hand
*** SUMMARY ***
Total pot $12 | Rake $0.24
Board [Jh 5c As]
Seat 2: Brama Br (big blind) folded on the Flop
Seat 4: AzureCaper (button) (small blind) collected ($11.76)


PokerStars Hand #148160190633:  Hold'em Limit ($3/$6 USD) - 2016/02/03 8:00:15 ET
Table 'Beira' 6-max Seat #4 is the button
Seat 2: Brama Br ($99.80 in chips)
Seat 4: AzureCaper ($107.66 in chips)
AzureCaper: posts small blind $1
Brama Br: posts big blind $3
*** HOLE CARDS ***
AzureCaper: folds
Uncalled bet ($2) returned to Brama Br
Brama Br collected $2 from pot
Brama Br: doesn't show hand
*** SUMMARY ***
Total pot $2 | Rake $0
Seat 2: Brama Br (big blind) collected ($2)
Seat 4: AzureCaper (button) (small blind) folded before Flop


PokerStars Hand #148160177254:  Hold'em Limit ($3/$6 USD) - 2016/02/03 7:59:52 ET
Table 'Beira' 6-max Seat #2 is the button
Seat 2: Brama Br ($91.16 in chips)
Seat 4: AzureCaper ($116.66 in chips)
Brama Br: posts small blind $1
AzureCaper: posts big blind $3
*** HOLE CARDS ***
Brama Br: raises $3 to $6
AzureCaper: calls $3
*** FLOP *** [6h Kh 4d]
AzureCaper: checks
Brama Br: bets $3
AzureCaper: calls $3
*** TURN *** [6h Kh 4d] [9h]
AzureCaper: checks
Brama Br: bets $6
AzureCaper: folds
Uncalled bet ($6) returned to Brama Br
Brama Br collected $17.64 from pot
*** SUMMARY ***
Total pot $18 | Rake $0.36
Board [6h Kh 4d 9h]
Seat 2: Brama Br (button) (small blind) collected ($17.64)
Seat 4: AzureCaper (big blind) folded on the Turn


PokerStars Hand #148160193248:  Hold'em Limit ($3/$6 USD) - 2016/02/03 8:00:20 ET
Table 'Beira' 6-max Seat #2 is the button
Seat 2: Brama Br ($100.80 in chips)
Seat 4: AzureCaper ($106.66 in chips)
Brama Br: posts small blind $1
AzureCaper: posts big blind $3
*** HOLE CARDS ***
Brama Br: folds
Uncalled bet ($2) returned to AzureCaper
AzureCaper collected $2 from pot
AzureCaper: doesn't show hand
*** SUMMARY ***
Total pot $2 | Rake $0
Seat 2: Brama Br (button) (small blind) folded before Flop
Seat 4: AzureCaper (big blind) collected ($2)


PokerStars Hand #148160174055:  Hold'em Limit ($3/$6 USD) - 2016/02/03 7:59:46 ET
Table 'Beira' 6-max Seat #4 is the button
Seat 2: Brama Br ($90.16 in chips)
Seat 4: AzureCaper ($117.66 in chips)
AzureCaper: posts small blind $1
Brama Br: posts big blind $3
*** HOLE CARDS ***
AzureCaper: folds
Uncalled bet ($2) returned to Brama Br
Brama Br collected $2 from pot
Brama Br: doesn't show hand
*** SUMMARY ***
Total pot $2 | Rake $0
Seat 2: Brama Br (big blind) collected ($2)
Seat 4: AzureCaper (button) (small blind) folded before Flop


PokerStars Hand #148160213452:  Hold'em Limit ($3/$6 USD) - 2016/02/03 8:00:56 ET
Table 'Beira' 6-max Seat #2 is the button
Seat 2: Brama Br ($93.80 in chips)
Seat 4: AzureCaper ($113.42 in chips)
Brama Br: posts small blind $1
AzureCaper: posts big blind $3
*** HOLE CARDS ***
Brama Br: raises $3 to $6
AzureCaper: calls $3
*** FLOP *** [5h 8s 7s]
AzureCaper: bets $3
Brama Br: calls $3
*** TURN *** [5h 8s 7s] [Ah]
AzureCaper: bets $6
Brama Br: raises $6 to $12
AzureCaper: calls $6
*** RIVER *** [5h 8s 7s Ah] [5d]
AzureCaper: checks
Brama Br: bets $6
AzureCaper: calls $6
*** SHOW DOWN ***
Brama Br: shows [6d 4d] (a straight, Four to Eight)
AzureCaper: mucks hand
Brama Br collected $53.50 from pot
*** SUMMARY ***
Total pot $54 | Rake $0.50
Board [5h 8s 7s Ah 5d]
Seat 2: Brama Br (button) (small blind) showed [6d 4d] and won ($53.50) with a straight, Four to Eight
Seat 4: AzureCaper (big blind) mucked


PokerStars Hand #148160230556:  Hold'em Limit ($3/$6 USD) - 2016/02/03 8:01:24 ET
Table 'Beira' 6-max Seat #4 is the button
Seat 2: Brama Br ($120.30 in chips)
Seat 4: AzureCaper ($86.42 in chips)
AzureCaper: posts small blind $1
Brama Br: posts big blind $3
*** HOLE CARDS ***
AzureCaper: raises $3 to $6
Brama Br: folds
Uncalled bet ($3) returned to AzureCaper
AzureCaper collected $6 from pot
AzureCaper: doesn't show hand
*** SUMMARY ***
Total pot $6 | Rake $0
Seat 2: Brama Br (big blind) folded before Flop
Seat 4: AzureCaper (button) (small blind) collected ($6)


PokerStars Hand #148160209572:  Hold'em Limit ($3/$6 USD) - 2016/02/03 8:00:49 ET
Table 'Beira' 6-max Seat #4 is the button
Seat 2: Brama Br ($92.80 in chips)
Seat 4: AzureCaper ($114.42 in chips)
AzureCaper: posts small blind $1
Brama Br: posts big blind $3
*** HOLE CARDS ***
AzureCaper: folds
Uncalled bet ($2) returned to Brama Br
Brama Br collected $2 from pot
Brama Br: doesn't show hand
*** SUMMARY ***
Total pot $2 | Rake $0
Seat 2: Brama Br (big blind) collected ($2)
Seat 4: AzureCaper (button) (small blind) folded before Flop


PokerStars Hand #148160251720:  Hold'em Limit ($3/$6 USD) - 2016/02/03 8:01:58 ET
Table 'Beira' 6-max Seat #4 is the button
Seat 2: Brama Br ($87.30 in chips)
Seat 4: AzureCaper ($118.92 in chips)
AzureCaper: posts small blind $1
Brama Br: posts big blind $3
*** HOLE CARDS ***
AzureCaper: raises $3 to $6
Brama Br: calls $3
*** FLOP *** [7d 5d Qh]
Brama Br: checks
AzureCaper: bets $3
Brama Br: folds
Uncalled bet ($3) returned to AzureCaper
AzureCaper collected $11.76 from pot
AzureCaper: doesn't show hand
*** SUMMARY ***
Total pot $12 | Rake $0.24
Board [7d 5d Qh]
Seat 2: Brama Br (big blind) folded on the Flop
Seat 4: AzureCaper (button) (small blind) collected ($11.76)


PokerStars Hand #148160262242:  Hold'em Limit ($3/$6 USD) - 2016/02/03 8:02:15 ET
Table 'Beira' 6-max Seat #4 is the button
Seat 2: Brama Br ($84.30 in chips)
Seat 4: AzureCaper ($121.68 in chips)
AzureCaper: posts small blind $1
Brama Br: posts big blind $3
*** HOLE CARDS ***
AzureCaper: folds
Uncalled bet ($2) returned to Brama Br
Brama Br collected $2 from pot
Brama Br: doesn't show hand
*** SUMMARY ***
Total pot $2 | Rake $0
Seat 2: Brama Br (big blind) collected ($2)
Seat 4: AzureCaper (button) (small blind) folded before Flop


PokerStars Hand #148160258748:  Hold'em Limit ($3/$6 USD) - 2016/02/03 8:02:09 ET
Table 'Beira' 6-max Seat #2 is the button
Seat 2: Brama Br ($81.30 in chips)
Seat 4: AzureCaper ($124.68 in chips)
Brama Br: posts small blind $1
AzureCaper: posts big blind $3
*** HOLE CARDS ***
Brama Br: raises $3 to $6
AzureCaper: folds
Uncalled bet ($3) returned to Brama Br
Brama Br collected $6 from pot
Brama Br: doesn't show hand
*** SUMMARY ***
Total pot $6 | Rake $0
Seat 2: Brama Br (button) (small blind) collected ($6)
Seat 4: AzureCaper (big blind) folded before Flop


PokerStars Hand #148160265297:  Hold'em Limit ($3/$6 USD) - 2016/02/03 8:02:20 ET
Table 'Beira' 6-max Seat #2 is the button
Seat 2: Brama Br ($85.30 in chips)
Seat 4: AzureCaper ($120.68 in chips)
Brama Br: posts small blind $1
AzureCaper: posts big blind $3
*** HOLE CARDS ***
Brama Br: folds
Uncalled bet ($2) returned to AzureCaper
AzureCaper collected $2 from pot
AzureCaper: doesn't show hand
*** SUMMARY ***
Total pot $2 | Rake $0
Seat 2: Brama Br (button) (small blind) folded before Flop
Seat 4: AzureCaper (big blind) collected ($2)


PokerStars Hand #148160270124:  Hold'em Limit ($3/$6 USD) - 2016/02/03 8:02:28 ET
Table 'Beira' 6-max Seat #4 is the button
Seat 2: Brama Br ($84.30 in chips)
Seat 4: AzureCaper ($121.68 in chips)
AzureCaper: posts small blind $1
Brama Br: posts big blind $3
*** HOLE CARDS ***
AzureCaper: raises $3 to $6
Brama Br: calls $3
*** FLOP *** [9h 2h Qh]
Brama Br: checks
AzureCaper: bets $3
Brama Br: raises $3 to $6
AzureCaper: folds
Uncalled bet ($3) returned to Brama Br
Brama Br collected $17.64 from pot
Brama Br: doesn't show hand
*** SUMMARY ***
Total pot $18 | Rake $0.36
Board [9h 2h Qh]
Seat 2: Brama Br (big blind) collected ($17.64)
Seat 4: AzureCaper (button) (small blind) folded on the Flop


PokerStars Hand #148160234613:  Hold'em Limit ($3/$6 USD) - 2016/02/03 8:01:31 ET
Table 'Beira' 6-max Seat #2 is the button
Seat 2: Brama Br ($117.30 in chips)
Seat 4: AzureCaper ($89.42 in chips)
Brama Br: posts small blind $1
AzureCaper: posts big blind $3
*** HOLE CARDS ***
Brama Br: raises $3 to $6
AzureCaper: raises $3 to $9
Brama Br: raises $3 to $12
Betting is capped
AzureCaper: calls $3
*** FLOP *** [2h 3s 3h]
AzureCaper: checks
Brama Br: bets $3
AzureCaper: raises $3 to $6
Brama Br: calls $3
*** TURN *** [2h 3s 3h] [Kd]
AzureCaper: bets $6
Brama Br: calls $6
*** RIVER *** [2h 3s 3h Kd] [Qc]
AzureCaper: bets $6
Brama Br: calls $6
*** SHOW DOWN ***
AzureCaper: shows [Kc Kh] (a full house, Kings full of Threes)
Brama Br: mucks hand
AzureCaper collected $59.50 from pot
*** SUMMARY ***
Total pot $60 | Rake $0.50
Board [2h 3s 3h Kd Qc]
Seat 2: Brama Br (button) (small blind) mucked
Seat 4: AzureCaper (big blind) showed [Kc Kh] and won ($59.50) with a full house, Kings full of Threes


PokerStars Hand #148160279611:  Hold'em Limit ($3/$6 USD) - 2016/02/03 8:02:43 ET
Table 'Beira' 6-max Seat #2 is the button
Seat 2: Brama Br ($92.94 in chips)
Seat 4: AzureCaper ($112.68 in chips)
Brama Br: posts small blind $1
AzureCaper: posts big blind $3
*** HOLE CARDS ***
Brama Br: raises $3 to $6
AzureCaper: calls $3
*** FLOP *** [Js 6h Ac]
AzureCaper: checks
Brama Br: bets $3
AzureCaper: calls $3
*** TURN *** [Js 6h Ac] [Ah]
AzureCaper: checks
Brama Br: bets $6
AzureCaper: calls $6
*** RIVER *** [Js 6h Ac Ah] [6d]
AzureCaper: checks
Brama Br: bets $6
AzureCaper: calls $6
*** SHOW DOWN ***
Brama Br: shows [7h Jd] (two pair, Aces and Jacks)
AzureCaper: shows [6c 7d] (a full house, Sixes full of Aces)
AzureCaper collected $41.50 from pot
*** SUMMARY ***
Total pot $42 | Rake $0.50
Board [Js 6h Ac Ah 6d]
Seat 2: Brama Br (button) (small blind) showed [7h Jd] and lost with two pair, Aces and Jacks
Seat 4: AzureCaper (big blind) showed [6c 7d] and won ($41.50) with a full house, Sixes full of Aces


PokerStars Hand #148160299072:  Hold'em Limit ($3/$6 USD) - 2016/02/03 8:03:14 ET
Table 'Beira' 6-max Seat #4 is the button
Seat 2: Brama Br ($71.94 in chips)
Seat 4: AzureCaper ($133.18 in chips)
AzureCaper: posts small blind $1
Brama Br: posts big blind $3
*** HOLE CARDS ***
AzureCaper: raises $3 to $6
Brama Br: calls $3
*** FLOP *** [8c Qc 6c]
Brama Br: checks
AzureCaper: bets $3
Brama Br: calls $3
*** TURN *** [8c Qc 6c] [Qd]
Brama Br: checks
AzureCaper: checks
*** RIVER *** [8c Qc 6c Qd] [4h]
Brama Br: checks
AzureCaper: checks
*** SHOW DOWN ***
Brama Br: shows [3c 5d] (a pair of Queens)
AzureCaper: shows [2s Ks] (a pair of Queens - King kicker)
AzureCaper collected $17.64 from pot
*** SUMMARY ***
Total pot $18 | Rake $0.36
Board [8c Qc 6c Qd 4h]
Seat 2: Brama Br (big blind) showed [3c 5d] and lost with a pair of Queens
Seat 4: AzureCaper (button) (small blind) showed [2s Ks] and won ($17.64) with a pair of Queens


PokerStars Hand #148160318685:  Hold'em Limit ($3/$6 USD) - 2016/02/03 8:03:44 ET
Table 'Beira' 6-max Seat #4 is the button
Seat 2: Brama Br ($61.94 in chips)
Seat 4: AzureCaper ($142.82 in chips)
AzureCaper: posts small blind $1
Brama Br: posts big blind $3
*** HOLE CARDS ***
AzureCaper: folds
Uncalled bet ($2) returned to Brama Br
Brama Br collected $2 from pot
Brama Br: doesn't show hand
*** SUMMARY ***
Total pot $2 | Rake $0
Seat 2: Brama Br (big blind) collected ($2)
Seat 4: AzureCaper (button) (small blind) folded before Flop


PokerStars Hand #148160313981:  Hold'em Limit ($3/$6 USD) - 2016/02/03 8:03:37 ET
Table 'Beira' 6-max Seat #2 is the button
Seat 2: Brama Br ($62.94 in chips)
Seat 4: AzureCaper ($141.82 in chips)
Brama Br: posts small blind $1
AzureCaper: posts big blind $3
*** HOLE CARDS ***
Brama Br: folds
Uncalled bet ($2) returned to AzureCaper
AzureCaper collected $2 from pot
AzureCaper: doesn't show hand
*** SUMMARY ***
Total pot $2 | Rake $0
Seat 2: Brama Br (button) (small blind) folded before Flop
Seat 4: AzureCaper (big blind) collected ($2)


PokerStars Hand #148160321702:  Hold'em Limit ($3/$6 USD) - 2016/02/03 8:03:49 ET
Table 'Beira' 6-max Seat #2 is the button
Seat 2: Brama Br ($62.94 in chips)
Seat 4: AzureCaper ($141.82 in chips)
Brama Br: posts small blind $1
AzureCaper: posts big blind $3
*** HOLE CARDS ***
Brama Br: raises $3 to $6
AzureCaper: folds
Uncalled bet ($3) returned to Brama Br
Brama Br collected $6 from pot
Brama Br: doesn't show hand
*** SUMMARY ***
Total pot $6 | Rake $0
Seat 2: Brama Br (button) (small blind) collected ($6)
Seat 4: AzureCaper (big blind) folded before Flop


PokerStars Hand #148160327236:  Hold'em Limit ($3/$6 USD) - 2016/02/03 8:03:58 ET
Table 'Beira' 6-max Seat #4 is the button
Seat 2: Brama Br ($65.94 in chips)
Seat 4: AzureCaper ($138.82 in chips)
AzureCaper: posts small blind $1
Brama Br: posts big blind $3
*** HOLE CARDS ***
AzureCaper: raises $3 to $6
Brama Br: folds
Uncalled bet ($3) returned to AzureCaper
AzureCaper collected $6 from pot
AzureCaper: doesn't show hand
*** SUMMARY ***
Total pot $6 | Rake $0
Seat 2: Brama Br (big blind) folded before Flop
Seat 4: AzureCaper (button) (small blind) collected ($6)


PokerStars Hand #148160334119:  Hold'em Limit ($3/$6 USD) - 2016/02/03 8:04:09 ET
Table 'Beira' 6-max Seat #2 is the button
Seat 2: Brama Br ($62.94 in chips)
Seat 4: AzureCaper ($141.82 in chips)
Brama Br: posts small blind $1
AzureCaper: posts big blind $3
*** HOLE CARDS ***
Brama Br: raises $3 to $6
AzureCaper: calls $3
*** FLOP *** [Kh 2h 9s]
AzureCaper: checks
Brama Br: checks
*** TURN *** [Kh 2h 9s] [Qd]
AzureCaper: checks
Brama Br: checks
*** RIVER *** [Kh 2h 9s Qd] [5h]
AzureCaper: checks
Brama Br: bets $6
AzureCaper: folds
Uncalled bet ($6) returned to Brama Br
Brama Br collected $11.76 from pot
Brama Br: doesn't show hand
*** SUMMARY ***
Total pot $12 | Rake $0.24
Board [Kh 2h 9s Qd 5h]
Seat 2: Brama Br (button) (small blind) collected ($11.76)
Seat 4: AzureCaper (big blind) folded on the River


PokerStars Hand #148160352545:  Hold'em Limit ($3/$6 USD) - 2016/02/03 8:04:37 ET
Table 'Beira' 6-max Seat #4 is the button
Seat 2: Brama Br ($68.70 in chips)
Seat 4: AzureCaper ($135.82 in chips)
AzureCaper: posts small blind $1
Brama Br: posts big blind $3
*** HOLE CARDS ***
AzureCaper: raises $3 to $6
Brama Br: calls $3
*** FLOP *** [5h As 7h]
Brama Br: checks
AzureCaper: bets $3
Brama Br: raises $3 to $6
AzureCaper: folds
Uncalled bet ($3) returned to Brama Br
Brama Br collected $17.64 from pot
Brama Br: doesn't show hand
*** SUMMARY ***
Total pot $18 | Rake $0.36
Board [5h As 7h]
Seat 2: Brama Br (big blind) collected ($17.64)
Seat 4: AzureCaper (button) (small blind) folded on the Flop


PokerStars Hand #148160366908:  Hold'em Limit ($3/$6 USD) - 2016/02/03 8:05:00 ET
Table 'Beira' 6-max Seat #2 is the button
Seat 2: Brama Br ($77.34 in chips)
Seat 4: AzureCaper ($126.82 in chips)
Brama Br: posts small blind $1
AzureCaper: posts big blind $3
*** HOLE CARDS ***
Brama Br: folds
Uncalled bet ($2) returned to AzureCaper
AzureCaper collected $2 from pot
AzureCaper: doesn't show hand
*** SUMMARY ***
Total pot $2 | Rake $0
Seat 2: Brama Br (button) (small blind) folded before Flop
Seat 4: AzureCaper (big blind) collected ($2)


PokerStars Hand #148160370457:  Hold'em Limit ($3/$6 USD) - 2016/02/03 8:05:05 ET
Table 'Beira' 6-max Seat #4 is the button
Seat 2: Brama Br ($76.34 in chips)
Seat 4: AzureCaper ($127.82 in chips)
AzureCaper: posts small blind $1
Brama Br: posts big blind $3
*** HOLE CARDS ***
AzureCaper: folds
Uncalled bet ($2) returned to Brama Br
Brama Br collected $2 from pot
Brama Br: doesn't show hand
*** SUMMARY ***
Total pot $2 | Rake $0
Seat 2: Brama Br (big blind) collected ($2)
Seat 4: AzureCaper (button) (small blind) folded before Flop


PokerStars Hand #148160388663:  Hold'em Limit ($3/$6 USD) - 2016/02/03 8:05:33 ET
Table 'Beira' 6-max Seat #4 is the button
Seat 2: Brama Br ($83.10 in chips)
Seat 4: AzureCaper ($120.82 in chips)
AzureCaper: posts small blind $1
Brama Br: posts big blind $3
*** HOLE CARDS ***
AzureCaper: raises $3 to $6
Brama Br: folds
Uncalled bet ($3) returned to AzureCaper
AzureCaper collected $6 from pot
AzureCaper: doesn't show hand
*** SUMMARY ***
Total pot $6 | Rake $0
Seat 2: Brama Br (big blind) folded before Flop
Seat 4: AzureCaper (button) (small blind) collected ($6)


PokerStars Hand #148160375430:  Hold'em Limit ($3/$6 USD) - 2016/02/03 8:05:13 ET
Table 'Beira' 6-max Seat #2 is the button
Seat 2: Brama Br ($77.34 in chips)
Seat 4: AzureCaper ($126.82 in chips)
Brama Br: posts small blind $1
AzureCaper: posts big blind $3
*** HOLE CARDS ***
Brama Br: raises $3 to $6
AzureCaper: calls $3
*** FLOP *** [7c Kd 9d]
AzureCaper: checks
Brama Br: checks
*** TURN *** [7c Kd 9d] [2h]
AzureCaper: checks
Brama Br: checks
*** RIVER *** [7c Kd 9d 2h] [6c]
AzureCaper: checks
Brama Br: checks
*** SHOW DOWN ***
AzureCaper: shows [3c 5h] (high card King)
Brama Br: shows [Qc 5c] (high card King - Queen kicker)
Brama Br collected $11.76 from pot
*** SUMMARY ***
Total pot $12 | Rake $0.24
Board [7c Kd 9d 2h 6c]
Seat 2: Brama Br (button) (small blind) showed [Qc 5c] and won ($11.76) with high card King
Seat 4: AzureCaper (big blind) showed [3c 5h] and lost with high card King


PokerStars Hand #148160392810:  Hold'em Limit ($3/$6 USD) - 2016/02/03 8:05:40 ET
Table 'Beira' 6-max Seat #2 is the button
Seat 2: Brama Br ($80.10 in chips)
Seat 4: AzureCaper ($123.82 in chips)
Brama Br: posts small blind $1
AzureCaper: posts big blind $3
*** HOLE CARDS ***
Brama Br: raises $3 to $6
AzureCaper: calls $3
*** FLOP *** [3d Qh 5c]
AzureCaper: checks
Brama Br: bets $3
AzureCaper: raises $3 to $6
Brama Br: calls $3
*** TURN *** [3d Qh 5c] [Qs]
AzureCaper: bets $6
Brama Br: calls $6
*** RIVER *** [3d Qh 5c Qs] [Ad]
AzureCaper: bets $6
Brama Br: calls $6
*** SHOW DOWN ***
AzureCaper: shows [6s 4h] (a pair of Queens)
Brama Br: shows [6h 6c] (two pair, Queens and Sixes)
Brama Br collected $47.50 from pot
*** SUMMARY ***
Total pot $48 | Rake $0.50
Board [3d Qh 5c Qs Ad]
Seat 2: Brama Br (button) (small blind) showed [6h 6c] and won ($47.50) with two pair, Queens and Sixes
Seat 4: AzureCaper (big blind) showed [6s 4h] and lost with a pair of Queens


PokerStars Hand #148160414128:  Hold'em Limit ($3/$6 USD) - 2016/02/03 8:06:13 ET
Table 'Beira' 6-max Seat #2 is the button
Seat 2: Brama Br ($104.60 in chips)
Seat 4: AzureCaper ($98.82 in chips)
Brama Br: posts small blind $1
AzureCaper: posts big blind $3
*** HOLE CARDS ***
Brama Br: raises $3 to $6
AzureCaper: folds
Uncalled bet ($3) returned to Brama Br
Brama Br collected $6 from pot
Brama Br: doesn't show hand
*** SUMMARY ***
Total pot $6 | Rake $0
Seat 2: Brama Br (button) (small blind) collected ($6)
Seat 4: AzureCaper (big blind) folded before Flop


PokerStars Hand #148160411030:  Hold'em Limit ($3/$6 USD) - 2016/02/03 8:06:08 ET
Table 'Beira' 6-max Seat #4 is the button
Seat 2: Brama Br ($103.60 in chips)
Seat 4: AzureCaper ($99.82 in chips)
AzureCaper: posts small blind $1
Brama Br: posts big blind $3
*** HOLE CARDS ***
AzureCaper: folds
Uncalled bet ($2) returned to Brama Br
Brama Br collected $2 from pot
Brama Br: doesn't show hand
*** SUMMARY ***
Total pot $2 | Rake $0
Seat 2: Brama Br (big blind) collected ($2)
Seat 4: AzureCaper (button) (small blind) folded before Flop


PokerStars Hand #148160418666:  Hold'em Limit ($3/$6 USD) - 2016/02/03 8:06:20 ET
Table 'Beira' 6-max Seat #4 is the button
Seat 2: Brama Br ($107.60 in chips)
Seat 4: AzureCaper ($95.82 in chips)
AzureCaper: posts small blind $1
Brama Br: posts big blind $3
*** HOLE CARDS ***
AzureCaper: raises $3 to $6
Brama Br: calls $3
*** FLOP *** [9h 7d 2c]
Brama Br: checks
AzureCaper: bets $3
Brama Br: calls $3
*** TURN *** [9h 7d 2c] [3c]
Brama Br: checks
AzureCaper: bets $6
Brama Br: calls $6
*** RIVER *** [9h 7d 2c 3c] [3s]
Brama Br: checks
AzureCaper: bets $6
Brama Br: calls $6
*** SHOW DOWN ***
AzureCaper: shows [Jh 8h] (a pair of Threes)
Brama Br: shows [7s 5h] (two pair, Sevens and Threes)
Brama Br collected $41.50 from pot
*** SUMMARY ***
Total pot $42 | Rake $0.50
Board [9h 7d 2c 3c 3s]
Seat 2: Brama Br (big blind) showed [7s 5h] and won ($41.50) with two pair, Sevens and Threes
Seat 4: AzureCaper (button) (small blind) showed [Jh 8h] and lost with a pair of Threes


PokerStars Hand #148160435922:  Hold'em Limit ($3/$6 USD) - 2016/02/03 8:06:47 ET
Table 'Beira' 6-max Seat #2 is the button
Seat 2: Brama Br ($128.10 in chips)
Seat 4: AzureCaper ($74.82 in chips)
Brama Br: posts small blind $1
AzureCaper: posts big blind $3
*** HOLE CARDS ***
Brama Br: raises $3 to $6
AzureCaper: calls $3
*** FLOP *** [2s 6c 8s]
AzureCaper: checks
Brama Br: checks
*** TURN *** [2s 6c 8s] [3c]
AzureCaper: bets $6
Brama Br: calls $6
*** RIVER *** [2s 6c 8s 3c] [4c]
AzureCaper: bets $6
Brama Br: folds
Uncalled bet ($6) returned to AzureCaper
AzureCaper collected $23.52 from pot
AzureCaper: doesn't show hand
*** SUMMARY ***
Total pot $24 | Rake $0.48
Board [2s 6c 8s 3c 4c]
Seat 2: Brama Br (button) (small blind) folded on the River
Seat 4: AzureCaper (big blind) collected ($23.52)


PokerStars Hand #148160464079:  Hold'em Limit ($3/$6 USD) - 2016/02/03 8:07:31 ET
Table 'Beira' 6-max Seat #2 is the button
Seat 2: Brama Br ($130.60 in chips)
Seat 4: AzureCaper ($72 in chips)
Brama Br: posts small blind $1
AzureCaper: posts big blind $3
*** HOLE CARDS ***
Brama Br: folds
Uncalled bet ($2) returned to AzureCaper
AzureCaper collected $2 from pot
AzureCaper: doesn't show hand
*** SUMMARY ***
Total pot $2 | Rake $0
Seat 2: Brama Br (button) (small blind) folded before Flop
Seat 4: AzureCaper (big blind) collected ($2)


PokerStars Hand #148160450867:  Hold'em Limit ($3/$6 USD) - 2016/02/03 8:07:10 ET
Table 'Beira' 6-max Seat #4 is the button
Seat 2: Brama Br ($116.10 in chips)
Seat 4: AzureCaper ($86.34 in chips)
AzureCaper: posts small blind $1
Brama Br: posts big blind $3
*** HOLE CARDS ***
AzureCaper: raises $3 to $6
Brama Br: calls $3
*** FLOP *** [3s Jd 7c]
Brama Br: checks
AzureCaper: bets $3
Brama Br: calls $3
*** TURN *** [3s Jd 7c] [4c]
Brama Br: checks
AzureCaper: bets $6
Brama Br: raises $6 to $12
AzureCaper: folds
Uncalled bet ($6) returned to Brama Br
Brama Br collected $29.50 from pot
Brama Br: doesn't show hand
*** SUMMARY ***
Total pot $30 | Rake $0.50
Board [3s Jd 7c 4c]
Seat 2: Brama Br (big blind) collected ($29.50)
Seat 4: AzureCaper (button) (small blind) folded on the Turn


PokerStars Hand #148160507019:  Hold'em Limit ($3/$6 USD) - 2016/02/03 8:08:38 ET
Table 'Beira' 6-max Seat #2 is the button
Seat 2: Brama Br ($112.60 in chips)
Seat 4: AzureCaper ($89.50 in chips)
Brama Br: posts small blind $1
AzureCaper: posts big blind $3
*** HOLE CARDS ***
Brama Br: folds
Uncalled bet ($2) returned to AzureCaper
AzureCaper collected $2 from pot
AzureCaper: doesn't show hand
LolDnkaments joins the table at seat #3
*** SUMMARY ***
Total pot $2 | Rake $0
Seat 2: Brama Br (button) (small blind) folded before Flop
Seat 4: AzureCaper (big blind) collected ($2)


PokerStars Hand #148160502963:  Hold'em Limit ($3/$6 USD) - 2016/02/03 8:08:32 ET
Table 'Beira' 6-max Seat #4 is the button
Seat 2: Brama Br ($115.60 in chips)
Seat 4: AzureCaper ($86.50 in chips)
AzureCaper: posts small blind $1
Brama Br: posts big blind $3
*** HOLE CARDS ***
AzureCaper: raises $3 to $6
Brama Br: folds
Uncalled bet ($3) returned to AzureCaper
AzureCaper collected $6 from pot
AzureCaper: doesn't show hand
*** SUMMARY ***
Total pot $6 | Rake $0
Seat 2: Brama Br (big blind) folded before Flop
Seat 4: AzureCaper (button) (small blind) collected ($6)


PokerStars Hand #148160499589:  Hold'em Limit ($3/$6 USD) - 2016/02/03 8:08:26 ET
Table 'Beira' 6-max Seat #2 is the button
Seat 2: Brama Br ($112.60 in chips)
Seat 4: AzureCaper ($89.50 in chips)
Brama Br: posts small blind $1
AzureCaper: posts big blind $3
*** HOLE CARDS ***
Brama Br: raises $3 to $6
AzureCaper: folds
Uncalled bet ($3) returned to Brama Br
Brama Br collected $6 from pot
Brama Br: doesn't show hand
*** SUMMARY ***
Total pot $6 | Rake $0
Seat 2: Brama Br (button) (small blind) collected ($6)
Seat 4: AzureCaper (big blind) folded before Flop


PokerStars Hand #148160496481:  Hold'em Limit ($3/$6 USD) - 2016/02/03 8:08:22 ET
Table 'Beira' 6-max Seat #4 is the button
Seat 2: Brama Br ($111.60 in chips)
Seat 4: AzureCaper ($90.50 in chips)
AzureCaper: posts small blind $1
Brama Br: posts big blind $3
*** HOLE CARDS ***
AzureCaper: folds
Uncalled bet ($2) returned to Brama Br
Brama Br collected $2 from pot
Brama Br: doesn't show hand
*** SUMMARY ***
Total pot $2 | Rake $0
Seat 2: Brama Br (big blind) collected ($2)
Seat 4: AzureCaper (button) (small blind) folded before Flop


PokerStars Hand #148160492450:  Hold'em Limit ($3/$6 USD) - 2016/02/03 8:08:15 ET
Table 'Beira' 6-max Seat #2 is the button
Seat 2: Brama Br ($108.60 in chips)
Seat 4: AzureCaper ($93.50 in chips)
Brama Br: posts small blind $1
AzureCaper: posts big blind $3
*** HOLE CARDS ***
Brama Br: raises $3 to $6
AzureCaper: folds
Uncalled bet ($3) returned to Brama Br
Brama Br collected $6 from pot
Brama Br: doesn't show hand
*** SUMMARY ***
Total pot $6 | Rake $0
Seat 2: Brama Br (button) (small blind) collected ($6)
Seat 4: AzureCaper (big blind) folded before Flop


PokerStars Hand #148160467569:  Hold'em Limit ($3/$6 USD) - 2016/02/03 8:07:36 ET
Table 'Beira' 6-max Seat #4 is the button
Seat 2: Brama Br ($129.60 in chips)
Seat 4: AzureCaper ($73 in chips)
AzureCaper: posts small blind $1
Brama Br: posts big blind $3
*** HOLE CARDS ***
AzureCaper: raises $3 to $6
Brama Br: calls $3
*** FLOP *** [5h 8h 5s]
Brama Br: checks
AzureCaper: bets $3
Brama Br: calls $3
*** TURN *** [5h 8h 5s] [Ac]
Brama Br: checks
AzureCaper: bets $6
Brama Br: calls $6
*** RIVER *** [5h 8h 5s Ac] [3h]
Brama Br: checks
AzureCaper: bets $6
Brama Br: calls $6
*** SHOW DOWN ***
AzureCaper: shows [5c Kc] (three of a kind, Fives)
Brama Br: mucks hand
AzureCaper collected $41.50 from pot
*** SUMMARY ***
Total pot $42 | Rake $0.50
Board [5h 8h 5s Ac 3h]
Seat 2: Brama Br (big blind) mucked
Seat 4: AzureCaper (button) (small blind) showed [5c Kc] and won ($41.50) with three of a kind, Fives


PokerStars Hand #148160510573:  Hold'em Limit ($3/$6 USD) - 2016/02/03 8:08:44 ET
Table 'Beira' 6-max Seat #4 is the button
Seat 2: Brama Br ($111.60 in chips)
Seat 4: AzureCaper ($90.50 in chips)
AzureCaper: posts small blind $1
Brama Br: posts big blind $3
*** HOLE CARDS ***
AzureCaper: raises $3 to $6
Brama Br: calls $3
*** FLOP *** [5h Qd 4d]
Brama Br: checks
AzureCaper: bets $3
Brama Br: calls $3
*** TURN *** [5h Qd 4d] [Kd]
Brama Br: checks
AzureCaper: checks
*** RIVER *** [5h Qd 4d Kd] [9c]
Brama Br: bets $6
AzureCaper: folds
Uncalled bet ($6) returned to Brama Br
Brama Br collected $17.64 from pot
Brama Br: doesn't show hand
*** SUMMARY ***
Total pot $18 | Rake $0.36
Board [5h Qd 4d Kd 9c]
Seat 2: Brama Br (big blind) collected ($17.64)
Seat 4: AzureCaper (button) (small blind) folded on the River


PokerStars Hand #148160915913:  Hold'em Limit ($3/$6 USD) - 2016/02/03 8:19:20 ET
Table 'Beira' 6-max Seat #4 is the button
Seat 2: Brama Br ($163.90 in chips)
Seat 4: AzureCaper ($122.51 in chips)
AzureCaper: posts small blind $1
Brama Br: posts big blind $3
*** HOLE CARDS ***
AzureCaper: raises $3 to $6
Brama Br: calls $3
*** FLOP *** [Qh 9c 3h]
TbIP-TbIP 88 joins the table at seat #3
Brama Br: checks
AzureCaper: bets $3
Brama Br: folds
Uncalled bet ($3) returned to AzureCaper
AzureCaper collected $11.76 from pot
AzureCaper: doesn't show hand
RockKillerTY joins the table at seat #5
*** SUMMARY ***
Total pot $12 | Rake $0.24
Board [Qh 9c 3h]
Seat 2: Brama Br (big blind) folded on the Flop
Seat 4: AzureCaper (button) (small blind) collected ($11.76)


PokerStars Hand #148160912630:  Hold'em Limit ($3/$6 USD) - 2016/02/03 8:19:15 ET
Table 'Beira' 6-max Seat #2 is the button
Seat 2: Brama Br ($164.90 in chips)
Seat 4: AzureCaper ($121.51 in chips)
Brama Br: posts small blind $1
LolDnkaments: is sitting out
AzureCaper: posts big blind $3
*** HOLE CARDS ***
LolDnkaments leaves the table
Brama Br: folds
Uncalled bet ($2) returned to AzureCaper
AzureCaper collected $2 from pot
AzureCaper: doesn't show hand
*** SUMMARY ***
Total pot $2 | Rake $0
Seat 2: Brama Br (button) (small blind) folded before Flop
Seat 4: AzureCaper (big blind) collected ($2)


PokerStars Hand #148160975348:  Hold'em Limit ($3/$6 USD) - 2016/02/03 8:20:52 ET
Table 'Beira' 6-max Seat #3 is the button
Seat 3: TbIP-TbIP 88 ($72 in chips)
Seat 5: RockKillerTY ($93 in chips)
TbIP-TbIP 88: posts small blind $1
AzureCaper: is sitting out
RockKillerTY: posts big blind $3
*** HOLE CARDS ***
AzureCaper leaves the table
TbIP-TbIP 88: raises $3 to $6
RockKillerTY: raises $3 to $9
TbIP-TbIP 88: calls $3
*** FLOP *** [2c 8c Kc]
RockKillerTY: bets $3
TbIP-TbIP 88: folds
Uncalled bet ($3) returned to RockKillerTY
RockKillerTY collected $17.64 from pot
RockKillerTY: doesn't show hand
*** SUMMARY ***
Total pot $18 | Rake $0.36
Board [2c 8c Kc]
Seat 3: TbIP-TbIP 88 (button) (small blind) folded on the Flop
Seat 5: RockKillerTY (big blind) collected ($17.64)


PokerStars Hand #148161023749:  Hold'em Limit ($3/$6 USD) - 2016/02/03 8:22:06 ET
Table 'Beira' 6-max Seat #5 is the button
Seat 1: wxcvnb ($49.52 in chips)
Seat 5: RockKillerTY ($101.64 in chips)
BelSv joins the table at seat #4
RockKillerTY: posts small blind $1
wxcvnb: posts big blind $3
*** HOLE CARDS ***
RockKillerTY: raises $3 to $6
wxcvnb: calls $3
*** FLOP *** [Jc 9s 9c]
wxcvnb: checks
RockKillerTY: bets $3
wxcvnb: calls $3
*** TURN *** [Jc 9s 9c] [Td]
wxcvnb: checks
RockKillerTY: bets $6
wxcvnb: raises $6 to $12
RockKillerTY: calls $6
*** RIVER *** [Jc 9s 9c Td] [Qc]
wxcvnb: bets $6
RockKillerTY: calls $6
*** SHOW DOWN ***
wxcvnb: shows [7d 8d] (a straight, Eight to Queen)
RockKillerTY: mucks hand
wxcvnb collected $53.50 from pot
*** SUMMARY ***
Total pot $54 | Rake $0.50
Board [Jc 9s 9c Td Qc]
Seat 1: wxcvnb (big blind) showed [7d 8d] and won ($53.50) with a straight, Eight to Queen
Seat 5: RockKillerTY (button) (small blind) mucked


PokerStars Hand #148161802114:  Hold'em Limit ($3/$6 USD) - 2016/02/03 8:41:40 ET
Table 'Beira' 6-max Seat #6 is the button
Seat 4: BelSv ($189.49 in chips)
Seat 6: pixifloss ($118.13 in chips)
pixifloss: posts small blind $1
AzureCaper: is sitting out
TbIP-TbIP 88: is sitting out
BelSv: posts big blind $3
*** HOLE CARDS ***
AzureCaper leaves the table
pixifloss: raises $3 to $6
BelSv: raises $3 to $9
pixifloss: calls $3
*** FLOP *** [Kd 6d As]
BelSv: bets $3
pixifloss: calls $3
*** TURN *** [Kd 6d As] [5h]
BelSv: bets $6
pixifloss: raises $6 to $12
BelSv: calls $6
*** RIVER *** [Kd 6d As 5h] [7c]
BelSv: checks
pixifloss: bets $6
BelSv: calls $6
*** SHOW DOWN ***
pixifloss: shows [9d 5d] (a pair of Fives)
BelSv: shows [Qd Kc] (a pair of Kings)
BelSv collected $59.50 from pot
*** SUMMARY ***
Total pot $60 | Rake $0.50
Board [Kd 6d As 5h 7c]
Seat 4: BelSv (big blind) showed [Qd Kc] and won ($59.50) with a pair of Kings
Seat 6: pixifloss (button) (small blind) showed [9d 5d] and lost with a pair of Fives


PokerStars Hand #148161836590:  Hold'em Limit ($3/$6 USD) - 2016/02/03 8:42:29 ET
Table 'Beira' 6-max Seat #4 is the button
Seat 4: BelSv ($218.99 in chips)
Seat 6: pixifloss ($88.13 in chips)
BelSv: posts small blind $1
pixifloss: posts big blind $3
*** HOLE CARDS ***
BelSv: raises $3 to $6
mo-chicky joins the table at seat #2
pixifloss: raises $3 to $9
BelSv: calls $3
*** FLOP *** [Jc Jd 8s]
pixifloss: bets $3
kolaz03 joins the table at seat #1
BelSv: folds
Uncalled bet ($3) returned to pixifloss
pixifloss collected $17.64 from pot
*** SUMMARY ***
Total pot $18 | Rake $0.36
Board [Jc Jd 8s]
Seat 4: BelSv (button) (small blind) folded on the Flop
Seat 6: pixifloss (big blind) collected ($17.64)


PokerStars Hand #148174237632:  Hold'em Limit ($3/$6 USD) - 2016/02/03 12:57:13 ET
Table 'Beira' 6-max Seat #2 is the button
Seat 2: olavike ($130.20 in chips)
Seat 4: BelSv ($149.15 in chips)
olavike: posts small blind $1
BelSv: posts big blind $3
*** HOLE CARDS ***
olavike: folds
Uncalled bet ($2) returned to BelSv
BelSv collected $2 from pot
BelSv: doesn't show hand
*** SUMMARY ***
Total pot $2 | Rake $0
Seat 2: olavike (button) (small blind) folded before Flop
Seat 4: BelSv (big blind) collected ($2)


PokerStars Hand #148176765363:  Hold'em Limit ($3/$6 USD) - 2016/02/03 13:39:32 ET
Table 'Beira' 6-max Seat #3 is the button
Seat 3: 5PRUT5 ($30 in chips)
Seat 4: BelSv ($155.91 in chips)
5PRUT5: posts small blind $1
BelSv: posts big blind $3
*** HOLE CARDS ***
5PRUT5: raises $3 to $6
BelSv: raises $3 to $9
5PRUT5: calls $3
*** FLOP *** [Kc Td Qh]
BelSv: bets $3
5PRUT5: raises $3 to $6
BelSv: folds
Uncalled bet ($3) returned to 5PRUT5
5PRUT5 collected $23.52 from pot
5PRUT5: doesn't show hand
*** SUMMARY ***
Total pot $24 | Rake $0.48
Board [Kc Td Qh]
Seat 3: 5PRUT5 (button) (small blind) collected ($23.52)
Seat 4: BelSv (big blind) folded on the Flop


PokerStars Hand #148176779308:  Hold'em Limit ($3/$6 USD) - 2016/02/03 13:39:46 ET
Table 'Beira' 6-max Seat #4 is the button
Seat 3: 5PRUT5 ($41.52 in chips)
Seat 4: BelSv ($143.91 in chips)
BelSv: posts small blind $1
5PRUT5: posts big blind $3
*** HOLE CARDS ***
BelSv: raises $3 to $6
5PRUT5: calls $3
*** FLOP *** [5s 8s 8h]
5PRUT5: checks
BelSv: bets $3
5PRUT5: raises $3 to $6
BelSv: calls $3
*** TURN *** [5s 8s 8h] [Th]
5PRUT5: bets $6
BelSv: calls $6
*** RIVER *** [5s 8s 8h Th] [6s]
5PRUT5: bets $6
BelSv: calls $6
*** SHOW DOWN ***
5PRUT5: shows [3c 3h] (two pair, Eights and Threes)
BelSv: shows [Kh Ks] (two pair, Kings and Eights)
BelSv collected $47.50 from pot
*** SUMMARY ***
Total pot $48 | Rake $0.50
Board [5s 8s 8h Th 6s]
Seat 3: 5PRUT5 (big blind) showed [3c 3h] and lost with two pair, Eights and Threes
Seat 4: BelSv (button) (small blind) showed [Kh Ks] and won ($47.50) with two pair, Kings and Eights


PokerStars Hand #148176803109:  Hold'em Limit ($3/$6 USD) - 2016/02/03 13:40:09 ET
Table 'Beira' 6-max Seat #4 is the button
Seat 3: 5PRUT5 ($16.52 in chips)
Seat 4: BelSv ($168.41 in chips)
BelSv: posts small blind $1
5PRUT5: posts big blind $3
*** HOLE CARDS ***
SashaYuvelir joins the table at seat #2
BelSv: folds
Uncalled bet ($2) returned to 5PRUT5
5PRUT5 collected $2 from pot
5PRUT5: doesn't show hand
*** SUMMARY ***
Total pot $2 | Rake $0
Seat 3: 5PRUT5 (big blind) collected ($2)
Seat 4: BelSv (button) (small blind) folded before Flop


PokerStars Hand #148176798322:  Hold'em Limit ($3/$6 USD) - 2016/02/03 13:40:05 ET
Table 'Beira' 6-max Seat #3 is the button
Seat 3: 5PRUT5 ($17.52 in chips)
Seat 4: BelSv ($167.41 in chips)
5PRUT5: posts small blind $1
BelSv: posts big blind $3
*** HOLE CARDS ***
5PRUT5: folds
Uncalled bet ($2) returned to BelSv
BelSv collected $2 from pot
BelSv: doesn't show hand
*** SUMMARY ***
Total pot $2 | Rake $0
Seat 3: 5PRUT5 (button) (small blind) folded before Flop
Seat 4: BelSv (big blind) collected ($2)


PokerStars Hand #148176807895:  Hold'em Limit ($3/$6 USD) - 2016/02/03 13:40:14 ET
Table 'Beira' 6-max Seat #3 is the button
Seat 3: 5PRUT5 ($17.52 in chips)
Seat 4: BelSv ($167.41 in chips)
5PRUT5: posts small blind $1
BelSv: posts big blind $3
*** HOLE CARDS ***
5PRUT5: folds
Uncalled bet ($2) returned to BelSv
BelSv collected $2 from pot
BelSv: doesn't show hand
*** SUMMARY ***
Total pot $2 | Rake $0
Seat 3: 5PRUT5 (button) (small blind) folded before Flop
Seat 4: BelSv (big blind) collected ($2)


PokerStars Hand #148176870891:  Hold'em Limit ($3/$6 USD) - 2016/02/03 13:41:16 ET
Table 'Beira' 6-max Seat #2 is the button
Seat 2: SashaYuvelir ($79.27 in chips)
Seat 4: BelSv ($189.76 in chips)
SashaYuvelir: posts small blind $1
BelSv: posts big blind $3
*** HOLE CARDS ***
SashaYuvelir: raises $3 to $6
BelSv: calls $3
*** FLOP *** [8c Ts 2c]
5PRUT5 leaves the table
BelSv: checks
SashaYuvelir: bets $3
BelSv: raises $3 to $6
SashaYuvelir: calls $3
*** TURN *** [8c Ts 2c] [9h]
BelSv: bets $6
SashaYuvelir: calls $6
*** RIVER *** [8c Ts 2c 9h] [7d]
BelSv: bets $6
SashaYuvelir: raises $6 to $12
BelSv: calls $6
*** SHOW DOWN ***
SashaYuvelir: shows [9c Jh] (a straight, Seven to Jack)
BelSv: mucks hand
SashaYuvelir collected $59.50 from pot
*** SUMMARY ***
Total pot $60 | Rake $0.50
Board [8c Ts 2c 9h 7d]
Seat 2: SashaYuvelir (button) (small blind) showed [9c Jh] and won ($59.50) with a straight, Seven to Jack
Seat 4: BelSv (big blind) mucked


PokerStars Hand #148179717791:  Hold'em Limit ($3/$6 USD) - 2016/02/03 14:27:08 ET
Table 'Beira' 6-max Seat #3 is the button
Seat 2: TineJ2650 ($64.12 in chips)
Seat 3: GRAILKO ($181.75 in chips)
GRAILKO: posts small blind $1
TineJ2650: posts big blind $3
*** HOLE CARDS ***
GRAILKO: folds
Uncalled bet ($2) returned to TineJ2650
TineJ2650 collected $2 from pot
TineJ2650: doesn't show hand
*** SUMMARY ***
Total pot $2 | Rake $0
Seat 2: TineJ2650 (big blind) collected ($2)
Seat 3: GRAILKO (button) (small blind) folded before Flop


PokerStars Hand #148179709313:  Hold'em Limit ($3/$6 USD) - 2016/02/03 14:27:00 ET
Table 'Beira' 6-max Seat #2 is the button
Seat 2: TineJ2650 ($65.12 in chips)
Seat 3: GRAILKO ($180.75 in chips)
TineJ2650: posts small blind $1
GRAILKO: posts big blind $3
*** HOLE CARDS ***
TineJ2650: folds
Uncalled bet ($2) returned to GRAILKO
GRAILKO collected $2 from pot
GRAILKO: doesn't show hand
*** SUMMARY ***
Total pot $2 | Rake $0
Seat 2: TineJ2650 (button) (small blind) folded before Flop
Seat 3: GRAILKO (big blind) collected ($2)


PokerStars Hand #148179722702:  Hold'em Limit ($3/$6 USD) - 2016/02/03 14:27:12 ET
Table 'Beira' 6-max Seat #2 is the button
Seat 2: TineJ2650 ($65.12 in chips)
Seat 3: GRAILKO ($180.75 in chips)
TineJ2650: posts small blind $1
GRAILKO: posts big blind $3
*** HOLE CARDS ***
TineJ2650: folds
Uncalled bet ($2) returned to GRAILKO
GRAILKO collected $2 from pot
GRAILKO: doesn't show hand
*** SUMMARY ***
Total pot $2 | Rake $0
Seat 2: TineJ2650 (button) (small blind) folded before Flop
Seat 3: GRAILKO (big blind) collected ($2)


PokerStars Hand #148179752240:  Hold'em Limit ($3/$6 USD) - 2016/02/03 14:27:40 ET
Table 'Beira' 6-max Seat #2 is the button
Seat 2: TineJ2650 ($72.76 in chips)
Seat 3: GRAILKO ($172.75 in chips)
TineJ2650: posts small blind $1
GRAILKO: posts big blind $3
*** HOLE CARDS ***
TineJ2650: folds
Uncalled bet ($2) returned to GRAILKO
GRAILKO collected $2 from pot
GRAILKO: doesn't show hand
*** SUMMARY ***
Total pot $2 | Rake $0
Seat 2: TineJ2650 (button) (small blind) folded before Flop
Seat 3: GRAILKO (big blind) collected ($2)


PokerStars Hand #148179728386:  Hold'em Limit ($3/$6 USD) - 2016/02/03 14:27:18 ET
Table 'Beira' 6-max Seat #3 is the button
Seat 2: TineJ2650 ($64.12 in chips)
Seat 3: GRAILKO ($181.75 in chips)
GRAILKO: posts small blind $1
TineJ2650: posts big blind $3
*** HOLE CARDS ***
GRAILKO: raises $3 to $6
TineJ2650: calls $3
*** FLOP *** [Ah 6d 6s]
TineJ2650: checks
GRAILKO: bets $3
TineJ2650: calls $3
*** TURN *** [Ah 6d 6s] [Qs]
TineJ2650: checks
GRAILKO: checks
*** RIVER *** [Ah 6d 6s Qs] [4c]
TineJ2650: bets $6
GRAILKO: folds
Uncalled bet ($6) returned to TineJ2650
TineJ2650 collected $17.64 from pot
TineJ2650: doesn't show hand
*** SUMMARY ***
Total pot $18 | Rake $0.36
Board [Ah 6d 6s Qs 4c]
Seat 2: TineJ2650 (big blind) collected ($17.64)
Seat 3: GRAILKO (button) (small blind) folded on the River


PokerStars Hand #148179758711:  Hold'em Limit ($3/$6 USD) - 2016/02/03 14:27:46 ET
Table 'Beira' 6-max Seat #3 is the button
Seat 2: TineJ2650 ($71.76 in chips)
Seat 3: GRAILKO ($173.75 in chips)
GRAILKO: posts small blind $1
TineJ2650: posts big blind $3
*** HOLE CARDS ***
GRAILKO: raises $3 to $6
TineJ2650: folds
Uncalled bet ($3) returned to GRAILKO
GRAILKO collected $6 from pot
GRAILKO: doesn't show hand
*** SUMMARY ***
Total pot $6 | Rake $0
Seat 2: TineJ2650 (big blind) folded before Flop
Seat 3: GRAILKO (button) (small blind) collected ($6)


PokerStars Hand #148179692916:  Hold'em Limit ($3/$6 USD) - 2016/02/03 14:26:45 ET
Table 'Beira' 6-max Seat #3 is the button
Seat 2: TineJ2650 ($71.12 in chips)
Seat 3: GRAILKO ($174.99 in chips)
GRAILKO: posts small blind $1
supersjakie: is sitting out
TineJ2650: posts big blind $3
*** HOLE CARDS ***
GRAILKO: raises $3 to $6
supersjakie leaves the table
TineJ2650: calls $3
*** FLOP *** [2s 9c 4s]
TineJ2650: checks
GRAILKO: bets $3
Chessnok leaves the table
TineJ2650: folds
Uncalled bet ($3) returned to GRAILKO
GRAILKO collected $11.76 from pot
GRAILKO: doesn't show hand
*** SUMMARY ***
Total pot $12 | Rake $0.24
Board [2s 9c 4s]
Seat 2: TineJ2650 (big blind) folded on the Flop
Seat 3: GRAILKO (button) (small blind) collected ($11.76)


PokerStars Hand #148179795300:  Hold'em Limit ($3/$6 USD) - 2016/02/03 14:28:20 ET
Table 'Beira' 6-max Seat #3 is the button
Seat 2: TineJ2650 ($74.52 in chips)
Seat 3: GRAILKO ($170.75 in chips)
GRAILKO: posts small blind $1
TineJ2650: posts big blind $3
*** HOLE CARDS ***
GRAILKO: folds
Uncalled bet ($2) returned to TineJ2650
TineJ2650 collected $2 from pot
TineJ2650: doesn't show hand
*** SUMMARY ***
Total pot $2 | Rake $0
Seat 2: TineJ2650 (big blind) collected ($2)
Seat 3: GRAILKO (button) (small blind) folded before Flop


PokerStars Hand #148179765196:  Hold'em Limit ($3/$6 USD) - 2016/02/03 14:27:52 ET
Table 'Beira' 6-max Seat #2 is the button
Seat 2: TineJ2650 ($68.76 in chips)
Seat 3: GRAILKO ($176.75 in chips)
TineJ2650: posts small blind $1
GRAILKO: posts big blind $3
*** HOLE CARDS ***
TineJ2650: calls $2
GRAILKO: raises $3 to $6
TineJ2650: calls $3
*** FLOP *** [Jc Ks 7c]
GRAILKO: checks
TineJ2650: bets $3
GRAILKO: folds
Uncalled bet ($3) returned to TineJ2650
TineJ2650 collected $11.76 from pot
TineJ2650: doesn't show hand
*** SUMMARY ***
Total pot $12 | Rake $0.24
Board [Jc Ks 7c]
Seat 2: TineJ2650 (button) (small blind) collected ($11.76)
Seat 3: GRAILKO (big blind) folded on the Flop


PokerStars Hand #148179801710:  Hold'em Limit ($3/$6 USD) - 2016/02/03 14:28:26 ET
Table 'Beira' 6-max Seat #2 is the button
Seat 2: TineJ2650 ($75.52 in chips)
Seat 3: GRAILKO ($169.75 in chips)
TineJ2650: posts small blind $1
GRAILKO: posts big blind $3
*** HOLE CARDS ***
TineJ2650: raises $3 to $6
GRAILKO: calls $3
*** FLOP *** [2d Jc 4c]
GRAILKO: checks
TineJ2650: bets $3
GRAILKO: raises $3 to $6
TineJ2650: calls $3
*** TURN *** [2d Jc 4c] [3s]
GRAILKO: bets $6
TineJ2650: calls $6
*** RIVER *** [2d Jc 4c 3s] [Ah]
GRAILKO: checks
TineJ2650: bets $6
GRAILKO: calls $6
*** SHOW DOWN ***
TineJ2650: shows [Th As] (a pair of Aces)
GRAILKO: mucks hand
TineJ2650 collected $47.50 from pot
*** SUMMARY ***
Total pot $48 | Rake $0.50
Board [2d Jc 4c 3s Ah]
Seat 2: TineJ2650 (button) (small blind) showed [Th As] and won ($47.50) with a pair of Aces
Seat 3: GRAILKO (big blind) mucked


PokerStars Hand #148179837238:  Hold'em Limit ($3/$6 USD) - 2016/02/03 14:28:59 ET
Table 'Beira' 6-max Seat #2 is the button
Seat 2: TineJ2650 ($100.02 in chips)
Seat 3: GRAILKO ($144.75 in chips)
TineJ2650: posts small blind $1
GRAILKO: posts big blind $3
*** HOLE CARDS ***
TineJ2650: raises $3 to $6
GRAILKO: raises $3 to $9
TineJ2650: calls $3
*** FLOP *** [Ad 6c 9s]
GRAILKO: bets $3
TineJ2650: calls $3
*** TURN *** [Ad 6c 9s] [5h]
GRAILKO: bets $6
TineJ2650: raises $6 to $12
GRAILKO: calls $6
*** RIVER *** [Ad 6c 9s 5h] [6h]
GRAILKO: checks
TineJ2650: bets $6
GRAILKO: folds
Uncalled bet ($6) returned to TineJ2650
TineJ2650 collected $47.50 from pot
TineJ2650: doesn't show hand
*** SUMMARY ***
Total pot $48 | Rake $0.50
Board [Ad 6c 9s 5h 6h]
Seat 2: TineJ2650 (button) (small blind) collected ($47.50)
Seat 3: GRAILKO (big blind) folded on the River


PokerStars Hand #148179880605:  Hold'em Limit ($3/$6 USD) - 2016/02/03 14:29:39 ET
Table 'Beira' 6-max Seat #2 is the button
Seat 2: TineJ2650 ($138.02 in chips)
Seat 3: GRAILKO ($105.75 in chips)
TineJ2650: posts small blind $1
GRAILKO: posts big blind $3
*** HOLE CARDS ***
TineJ2650: folds
Uncalled bet ($2) returned to GRAILKO
GRAILKO collected $2 from pot
GRAILKO: doesn't show hand
*** SUMMARY ***
Total pot $2 | Rake $0
Seat 2: TineJ2650 (button) (small blind) folded before Flop
Seat 3: GRAILKO (big blind) collected ($2)


PokerStars Hand #148179861325:  Hold'em Limit ($3/$6 USD) - 2016/02/03 14:29:21 ET
Table 'Beira' 6-max Seat #3 is the button
Seat 2: TineJ2650 ($123.52 in chips)
Seat 3: GRAILKO ($120.75 in chips)
GRAILKO: posts small blind $1
TineJ2650: posts big blind $3
*** HOLE CARDS ***
GRAILKO: raises $3 to $6
TineJ2650: calls $3
*** FLOP *** [Kd Jd Ad]
TineJ2650: checks
GRAILKO: bets $3
TineJ2650: calls $3
*** TURN *** [Kd Jd Ad] [9d]
TineJ2650: checks
GRAILKO: bets $6
TineJ2650: calls $6
*** RIVER *** [Kd Jd Ad 9d] [2d]
TineJ2650: checks
GRAILKO: checks
*** SHOW DOWN ***
TineJ2650: shows [7d 4d] (a flush, Ace high)
GRAILKO: mucks hand
TineJ2650 collected $29.50 from pot
*** SUMMARY ***
Total pot $30 | Rake $0.50
Board [Kd Jd Ad 9d 2d]
Seat 2: TineJ2650 (big blind) showed [7d 4d] and won ($29.50) with a flush, Ace high
Seat 3: GRAILKO (button) (small blind) mucked


PokerStars Hand #148179892891:  Hold'em Limit ($3/$6 USD) - 2016/02/03 14:29:51 ET
Table 'Beira' 6-max Seat #2 is the button
Seat 2: TineJ2650 ($138.02 in chips)
Seat 3: GRAILKO ($105.75 in chips)
TineJ2650: posts small blind $1
GRAILKO: posts big blind $3
*** HOLE CARDS ***
TineJ2650: folds
Uncalled bet ($2) returned to GRAILKO
GRAILKO collected $2 from pot
GRAILKO: doesn't show hand
*** SUMMARY ***
Total pot $2 | Rake $0
Seat 2: TineJ2650 (button) (small blind) folded before Flop
Seat 3: GRAILKO (big blind) collected ($2)


PokerStars Hand #148179887094:  Hold'em Limit ($3/$6 USD) - 2016/02/03 14:29:45 ET
Table 'Beira' 6-max Seat #3 is the button
Seat 2: TineJ2650 ($137.02 in chips)
Seat 3: GRAILKO ($106.75 in chips)
GRAILKO: posts small blind $1
TineJ2650: posts big blind $3
*** HOLE CARDS ***
GRAILKO: folds
Uncalled bet ($2) returned to TineJ2650
TineJ2650 collected $2 from pot
TineJ2650: doesn't show hand
*** SUMMARY ***
Total pot $2 | Rake $0
Seat 2: TineJ2650 (big blind) collected ($2)
Seat 3: GRAILKO (button) (small blind) folded before Flop


PokerStars Hand #148179830500:  Hold'em Limit ($3/$6 USD) - 2016/02/03 14:28:52 ET
Table 'Beira' 6-max Seat #3 is the button
Seat 2: TineJ2650 ($99.02 in chips)
Seat 3: GRAILKO ($145.75 in chips)
GRAILKO: posts small blind $1
TineJ2650: posts big blind $3
*** HOLE CARDS ***
GRAILKO: folds
Uncalled bet ($2) returned to TineJ2650
TineJ2650 collected $2 from pot
*** SUMMARY ***
Total pot $2 | Rake $0
Seat 2: TineJ2650 (big blind) collected ($2)
Seat 3: GRAILKO (button) (small blind) folded before Flop


PokerStars Hand #148179915657:  Hold'em Limit ($3/$6 USD) - 2016/02/03 14:30:12 ET
Table 'Beira' 6-max Seat #3 is the button
Seat 2: TineJ2650 ($137.02 in chips)
Seat 3: GRAILKO ($106.75 in chips)
GRAILKO: posts small blind $1
TineJ2650: posts big blind $3
*** HOLE CARDS ***
GRAILKO: folds
Uncalled bet ($2) returned to TineJ2650
TineJ2650 collected $2 from pot
TineJ2650: doesn't show hand
*** SUMMARY ***
Total pot $2 | Rake $0
Seat 2: TineJ2650 (big blind) collected ($2)
Seat 3: GRAILKO (button) (small blind) folded before Flop


PokerStars Hand #148179904562:  Hold'em Limit ($3/$6 USD) - 2016/02/03 14:30:02 ET
Table 'Beira' 6-max Seat #2 is the button
Seat 2: TineJ2650 ($134.02 in chips)
Seat 3: GRAILKO ($109.75 in chips)
TineJ2650: posts small blind $1
GRAILKO: posts big blind $3
*** HOLE CARDS ***
TineJ2650: raises $3 to $6
GRAILKO: folds
Uncalled bet ($3) returned to TineJ2650
TineJ2650 collected $6 from pot
TineJ2650: doesn't show hand
*** SUMMARY ***
Total pot $6 | Rake $0
Seat 2: TineJ2650 (button) (small blind) collected ($6)
Seat 3: GRAILKO (big blind) folded before Flop


PokerStars Hand #148179920861:  Hold'em Limit ($3/$6 USD) - 2016/02/03 14:30:17 ET
Table 'Beira' 6-max Seat #2 is the button
Seat 2: TineJ2650 ($138.02 in chips)
Seat 3: GRAILKO ($105.75 in chips)
TineJ2650: posts small blind $1
GRAILKO: posts big blind $3
*** HOLE CARDS ***
TineJ2650: raises $3 to $6
GRAILKO: folds
Uncalled bet ($3) returned to TineJ2650
TineJ2650 collected $6 from pot
TineJ2650: doesn't show hand
*** SUMMARY ***
Total pot $6 | Rake $0
Seat 2: TineJ2650 (button) (small blind) collected ($6)
Seat 3: GRAILKO (big blind) folded before Flop


PokerStars Hand #148179928355:  Hold'em Limit ($3/$6 USD) - 2016/02/03 14:30:24 ET
Table 'Beira' 6-max Seat #3 is the button
Seat 2: TineJ2650 ($141.02 in chips)
Seat 3: GRAILKO ($102.75 in chips)
GRAILKO: posts small blind $1
TineJ2650: posts big blind $3
*** HOLE CARDS ***
GRAILKO: raises $3 to $6
TineJ2650: calls $3
*** FLOP *** [Js 5h Ts]
TineJ2650: checks
GRAILKO: bets $3
TineJ2650: folds
Uncalled bet ($3) returned to GRAILKO
GRAILKO collected $11.76 from pot
GRAILKO: doesn't show hand
*** SUMMARY ***
Total pot $12 | Rake $0.24
Board [Js 5h Ts]
Seat 2: TineJ2650 (big blind) folded on the Flop
Seat 3: GRAILKO (button) (small blind) collected ($11.76)


PokerStars Hand #148179938716:  Hold'em Limit ($3/$6 USD) - 2016/02/03 14:30:33 ET
Table 'Beira' 6-max Seat #2 is the button
Seat 2: TineJ2650 ($135.02 in chips)
Seat 3: GRAILKO ($108.51 in chips)
TineJ2650: posts small blind $1
GRAILKO: posts big blind $3
*** HOLE CARDS ***
TineJ2650: raises $3 to $6
GRAILKO: calls $3
*** FLOP *** [Ac Th Ts]
GRAILKO: checks
TineJ2650: checks
*** TURN *** [Ac Th Ts] [Tc]
GRAILKO: checks
TineJ2650: bets $6
GRAILKO: folds
Uncalled bet ($6) returned to TineJ2650
TineJ2650 collected $11.76 from pot
TineJ2650: doesn't show hand
*** SUMMARY ***
Total pot $12 | Rake $0.24
Board [Ac Th Ts Tc]
Seat 2: TineJ2650 (button) (small blind) collected ($11.76)
Seat 3: GRAILKO (big blind) folded on the Turn


PokerStars Hand #148179898229:  Hold'em Limit ($3/$6 USD) - 2016/02/03 14:29:56 ET
Table 'Beira' 6-max Seat #3 is the button
Seat 2: TineJ2650 ($137.02 in chips)
Seat 3: GRAILKO ($106.75 in chips)
GRAILKO: posts small blind $1
TineJ2650: posts big blind $3
*** HOLE CARDS ***
GRAILKO: raises $3 to $6
TineJ2650: folds
Uncalled bet ($3) returned to GRAILKO
GRAILKO collected $6 from pot
GRAILKO: doesn't show hand
*** SUMMARY ***
Total pot $6 | Rake $0
Seat 2: TineJ2650 (big blind) folded before Flop
Seat 3: GRAILKO (button) (small blind) collected ($6)


