PokerStars Hand #170992381260:  Hold'em Limit ($3/$6 USD) - 2017/05/27 14:53:42 ET
Table 'Beira' 10-max Seat #7 is the button
Seat 6: Auge72 ($84 in chips)
Seat 7: vestimokrec ($120 in chips)
vestimokrec: posts small blind $1
simper11: is sitting out
simper11 leaves the table
Auge72: posts big blind $3
*** HOLE CARDS ***
vestimokrec: raises $3 to $6
Auge72: folds
Uncalled bet ($3) returned to vestimokrec
vestimokrec collected $6 from pot
vestimokrec: doesn't show hand
*** SUMMARY ***
Total pot $6 | Rake $0
Seat 6: Auge72 (big blind) folded before Flop
Seat 7: vestimokrec (button) (small blind) collected ($6)


PokerStars Hand #170992419306:  Hold'em Limit ($3/$6 USD) - 2017/05/27 14:54:35 ET
Table 'Beira' 10-max Seat #7 is the button
Seat 6: Auge72 ($72 in chips)
Seat 7: vestimokrec ($131.64 in chips)
vestimokrec: posts small blind $1
Auge72: posts big blind $3
*** HOLE CARDS ***
vestimokrec: raises $3 to $6
Auge72: folds
Uncalled bet ($3) returned to vestimokrec
vestimokrec collected $6 from pot
vestimokrec: doesn't show hand
*** SUMMARY ***
Total pot $6 | Rake $0
Seat 6: Auge72 (big blind) folded before Flop
Seat 7: vestimokrec (button) (small blind) collected ($6)


PokerStars Hand #170992390635:  Hold'em Limit ($3/$6 USD) - 2017/05/27 14:53:55 ET
Table 'Beira' 10-max Seat #6 is the button
Seat 6: Auge72 ($81 in chips)
Seat 7: vestimokrec ($123 in chips)
Auge72: posts small blind $1
vestimokrec: posts big blind $3
*** HOLE CARDS ***
Auge72: raises $3 to $6
vestimokrec: calls $3
*** FLOP *** [6s 3d 6h]
vestimokrec: checks
Auge72: bets $3
vestimokrec: calls $3
*** TURN *** [6s 3d 6h] [Jd]
vestimokrec: checks
Auge72: checks
*** RIVER *** [6s 3d 6h Jd] [9c]
vestimokrec: checks
Auge72: checks
*** SHOW DOWN ***
vestimokrec: shows [Ac 7d] (a pair of Sixes)
Auge72: mucks hand
vestimokrec collected $17.64 from pot
*** SUMMARY ***
Total pot $18 | Rake $0.36
Board [6s 3d 6h Jd 9c]
Seat 6: Auge72 (button) (small blind) mucked
Seat 7: vestimokrec (big blind) showed [Ac 7d] and won ($17.64) with a pair of Sixes


PokerStars Hand #170992454493:  Hold'em Limit ($3/$6 USD) - 2017/05/27 14:55:28 ET
Table 'Beira' 10-max Seat #7 is the button
Seat 6: Auge72 ($91.14 in chips)
Seat 7: vestimokrec ($111.64 in chips)
vestimokrec: posts small blind $1
Auge72: posts big blind $3
*** HOLE CARDS ***
vestimokrec: raises $3 to $6
Auge72: calls $3
*** FLOP *** [7h 8h 3d]
Auge72: bets $3
vestimokrec: calls $3
*** TURN *** [7h 8h 3d] [2s]
yayaya joins the table at seat #2
Auge72: bets $6
vestimokrec: folds
Uncalled bet ($6) returned to Auge72
Auge72 collected $17.64 from pot
Auge72: doesn't show hand
*** SUMMARY ***
Total pot $18 | Rake $0.36
Board [7h 8h 3d 2s]
Seat 6: Auge72 (big blind) collected ($17.64)
Seat 7: vestimokrec (button) (small blind) folded on the Turn


PokerStars Hand #170992451922:  Hold'em Limit ($3/$6 USD) - 2017/05/27 14:55:24 ET
Table 'Beira' 10-max Seat #6 is the button
Seat 6: Auge72 ($92.14 in chips)
Seat 7: vestimokrec ($110.64 in chips)
Auge72: posts small blind $1
vestimokrec: posts big blind $3
*** HOLE CARDS ***
Auge72: folds
Uncalled bet ($2) returned to vestimokrec
vestimokrec collected $2 from pot
vestimokrec: doesn't show hand
*** SUMMARY ***
Total pot $2 | Rake $0
Seat 6: Auge72 (button) (small blind) folded before Flop
Seat 7: vestimokrec (big blind) collected ($2)


PokerStars Hand #170992442724:  Hold'em Limit ($3/$6 USD) - 2017/05/27 14:55:07 ET
Table 'Beira' 10-max Seat #7 is the button
Seat 6: Auge72 ($83.50 in chips)
Seat 7: vestimokrec ($119.64 in chips)
vestimokrec: posts small blind $1
Auge72: posts big blind $3
*** HOLE CARDS ***
vestimokrec: raises $3 to $6
Auge72: raises $3 to $9
vestimokrec: calls $3
*** FLOP *** [9d Kh Qc]
Auge72: bets $3
vestimokrec: folds
Uncalled bet ($3) returned to Auge72
Auge72 collected $17.64 from pot
Auge72: doesn't show hand
*** SUMMARY ***
Total pot $18 | Rake $0.36
Board [9d Kh Qc]
Seat 6: Auge72 (big blind) collected ($17.64)
Seat 7: vestimokrec (button) (small blind) folded on the Flop


PokerStars Hand #170992423324:  Hold'em Limit ($3/$6 USD) - 2017/05/27 14:54:40 ET
Table 'Beira' 10-max Seat #6 is the button
Seat 6: Auge72 ($69 in chips)
Seat 7: vestimokrec ($134.64 in chips)
Auge72: posts small blind $1
vestimokrec: posts big blind $3
*** HOLE CARDS ***
Auge72: raises $3 to $6
vestimokrec: calls $3
*** FLOP *** [3s Ts 2d]
vestimokrec: checks
Auge72: bets $3
vestimokrec: calls $3
*** TURN *** [3s Ts 2d] [2h]
vestimokrec: checks
Auge72: bets $6
vestimokrec: calls $6
*** RIVER *** [3s Ts 2d 2h] [Kh]
vestimokrec: checks
Auge72: bets $6
vestimokrec: folds
Uncalled bet ($6) returned to Auge72
Auge72 collected $29.50 from pot
Auge72: doesn't show hand
*** SUMMARY ***
Total pot $30 | Rake $0.50
Board [3s Ts 2d 2h Kh]
Seat 6: Auge72 (button) (small blind) collected ($29.50)
Seat 7: vestimokrec (big blind) folded on the River


PokerStars Hand #170992464214:  Hold'em Limit ($3/$6 USD) - 2017/05/27 14:55:46 ET
Table 'Beira' 10-max Seat #6 is the button
Seat 6: Auge72 ($99.78 in chips)
Seat 7: vestimokrec ($102.64 in chips)
Auge72: posts small blind $1
vestimokrec: posts big blind $3
*** HOLE CARDS ***
Auge72: raises $3 to $6
vestimokrec: calls $3
*** FLOP *** [3s 2s 2h]
vestimokrec: bets $3
Auge72: calls $3
*** TURN *** [3s 2s 2h] [2c]
vestimokrec: bets $6
Auge72: calls $6
*** RIVER *** [3s 2s 2h 2c] [5s]
vestimokrec: bets $6
Auge72: calls $6
*** SHOW DOWN ***
vestimokrec: shows [3d 6h] (a full house, Deuces full of Threes)
Auge72: mucks hand
vestimokrec collected $41.50 from pot
*** SUMMARY ***
Total pot $42 | Rake $0.50
Board [3s 2s 2h 2c 5s]
Seat 6: Auge72 (button) (small blind) mucked
Seat 7: vestimokrec (big blind) showed [3d 6h] and won ($41.50) with a full house, Deuces full of Threes


