PokerStars Hand #145470982524:  Hold'em Limit ($3/$6 USD) - 2015/12/17 4:07:45 ET
Table 'Belinda II' 2-max Seat #2 is the button
Seat 1: simper11 ($138.40 in chips)
Seat 2: yirkape ($163.82 in chips)
yirkape: posts small blind $1
simper11: posts big blind $3
*** HOLE CARDS ***
yirkape: raises $3 to $6
simper11: folds
Uncalled bet ($3) returned to yirkape
yirkape collected $6 from pot
yirkape: doesn't show hand
*** SUMMARY ***
Total pot $6 | Rake $0
Seat 1: simper11 (big blind) folded before Flop
Seat 2: yirkape (button) (small blind) collected ($6)


PokerStars Hand #145470979511:  Hold'em Limit ($3/$6 USD) - 2015/12/17 4:07:36 ET
Table 'Belinda II' 2-max Seat #1 is the button
Seat 1: simper11 ($132.64 in chips)
Seat 2: yirkape ($169.82 in chips)
simper11: posts small blind $1
yirkape: posts big blind $3
*** HOLE CARDS ***
simper11: raises $3 to $6
yirkape: calls $3
*** FLOP *** [9h Kc Ts]
yirkape: checks
simper11: bets $3
yirkape: folds
Uncalled bet ($3) returned to simper11
simper11 collected $11.76 from pot
simper11: doesn't show hand
*** SUMMARY ***
Total pot $12 | Rake $0.24
Board [9h Kc Ts]
Seat 1: simper11 (button) (small blind) collected ($11.76)
Seat 2: yirkape (big blind) folded on the Flop


PokerStars Hand #145470977854:  Hold'em Limit ($3/$6 USD) - 2015/12/17 4:07:32 ET
Table 'Belinda II' 2-max Seat #2 is the button
Seat 1: simper11 ($131.64 in chips)
Seat 2: yirkape ($170.82 in chips)
yirkape: posts small blind $1
simper11: posts big blind $3
*** HOLE CARDS ***
yirkape: folds
Uncalled bet ($2) returned to simper11
simper11 collected $2 from pot
simper11: doesn't show hand
*** SUMMARY ***
Total pot $2 | Rake $0
Seat 1: simper11 (big blind) collected ($2)
Seat 2: yirkape (button) (small blind) folded before Flop


PokerStars Hand #145470976011:  Hold'em Limit ($3/$6 USD) - 2015/12/17 4:07:27 ET
Table 'Belinda II' 2-max Seat #1 is the button
Seat 1: simper11 ($128.64 in chips)
Seat 2: yirkape ($173.82 in chips)
simper11: posts small blind $1
yirkape: posts big blind $3
*** HOLE CARDS ***
simper11: raises $3 to $6
yirkape: folds
Uncalled bet ($3) returned to simper11
simper11 collected $6 from pot
simper11: doesn't show hand
*** SUMMARY ***
Total pot $6 | Rake $0
Seat 1: simper11 (button) (small blind) collected ($6)
Seat 2: yirkape (big blind) folded before Flop


PokerStars Hand #145470967494:  Hold'em Limit ($3/$6 USD) - 2015/12/17 4:07:02 ET
Table 'Belinda II' 2-max Seat #2 is the button
Seat 1: simper11 ($120 in chips)
Seat 2: yirkape ($182.82 in chips)
yirkape: posts small blind $1
simper11: posts big blind $3
*** HOLE CARDS ***
yirkape: raises $3 to $6
simper11: calls $3
*** FLOP *** [6s 3c 9h]
simper11: checks
yirkape: bets $3
simper11: calls $3
*** TURN *** [6s 3c 9h] [6d]
simper11: checks
yirkape: checks
*** RIVER *** [6s 3c 9h 6d] [Qs]
simper11: checks
yirkape: checks
*** SHOW DOWN ***
simper11: shows [7s As] (a pair of Sixes)
yirkape: mucks hand
simper11 collected $17.64 from pot
*** SUMMARY ***
Total pot $18 | Rake $0.36
Board [6s 3c 9h 6d Qs]
Seat 1: simper11 (big blind) showed [7s As] and won ($17.64) with a pair of Sixes
Seat 2: yirkape (button) (small blind) mucked


PokerStars Hand #145471001542:  Hold'em Limit ($3/$6 USD) - 2015/12/17 4:08:40 ET
Table 'Belinda II' 2-max Seat #2 is the button
Seat 1: simper11 ($166.40 in chips)
Seat 2: yirkape ($134.46 in chips)
yirkape: posts small blind $1
simper11: posts big blind $3
*** HOLE CARDS ***
yirkape: raises $3 to $6
simper11: folds
Uncalled bet ($3) returned to yirkape
yirkape collected $6 from pot
yirkape: doesn't show hand
*** SUMMARY ***
Total pot $6 | Rake $0
Seat 1: simper11 (big blind) folded before Flop
Seat 2: yirkape (button) (small blind) collected ($6)


PokerStars Hand #145470999842:  Hold'em Limit ($3/$6 USD) - 2015/12/17 4:08:35 ET
Table 'Belinda II' 2-max Seat #1 is the button
Seat 1: simper11 ($163.40 in chips)
Seat 2: yirkape ($137.46 in chips)
simper11: posts small blind $1
yirkape: posts big blind $3
*** HOLE CARDS ***
simper11: raises $3 to $6
yirkape: folds
Uncalled bet ($3) returned to simper11
simper11 collected $6 from pot
simper11: doesn't show hand
*** SUMMARY ***
Total pot $6 | Rake $0
Seat 1: simper11 (button) (small blind) collected ($6)
Seat 2: yirkape (big blind) folded before Flop


PokerStars Hand #145470996275:  Hold'em Limit ($3/$6 USD) - 2015/12/17 4:08:25 ET
Table 'Belinda II' 2-max Seat #2 is the button
Seat 1: simper11 ($172.40 in chips)
Seat 2: yirkape ($128.82 in chips)
yirkape: posts small blind $1
simper11: posts big blind $3
*** HOLE CARDS ***
yirkape: raises $3 to $6
simper11: calls $3
*** FLOP *** [9s 8c Qd]
simper11: checks
yirkape: bets $3
simper11: calls $3
*** TURN *** [9s 8c Qd] [2c]
simper11: checks
yirkape: bets $6
simper11: folds
Uncalled bet ($6) returned to yirkape
yirkape collected $17.64 from pot
yirkape: doesn't show hand
*** SUMMARY ***
Total pot $18 | Rake $0.36
Board [9s 8c Qd 2c]
Seat 1: simper11 (big blind) folded on the Turn
Seat 2: yirkape (button) (small blind) collected ($17.64)


PokerStars Hand #145470991743:  Hold'em Limit ($3/$6 USD) - 2015/12/17 4:08:12 ET
Table 'Belinda II' 2-max Seat #1 is the button
Seat 1: simper11 ($148.90 in chips)
Seat 2: yirkape ($152.82 in chips)
simper11: posts small blind $1
yirkape: posts big blind $3
*** HOLE CARDS ***
simper11: raises $3 to $6
yirkape: raises $3 to $9
simper11: calls $3
*** FLOP *** [5h 2s 7c]
yirkape: bets $3
simper11: calls $3
*** TURN *** [5h 2s 7c] [6s]
yirkape: bets $6
simper11: raises $6 to $12
yirkape: calls $6
*** RIVER *** [5h 2s 7c 6s] [Qs]
yirkape: checks
simper11: bets $6
yirkape: folds
Uncalled bet ($6) returned to simper11
simper11 collected $47.50 from pot
simper11: doesn't show hand
*** SUMMARY ***
Total pot $48 | Rake $0.50
Board [5h 2s 7c 6s Qs]
Seat 1: simper11 (button) (small blind) collected ($47.50)
Seat 2: yirkape (big blind) folded on the River


PokerStars Hand #145470987424:  Hold'em Limit ($3/$6 USD) - 2015/12/17 4:07:59 ET
Table 'Belinda II' 2-max Seat #2 is the button
Seat 1: simper11 ($134.40 in chips)
Seat 2: yirkape ($167.82 in chips)
yirkape: posts small blind $1
simper11: posts big blind $3
*** HOLE CARDS ***
yirkape: raises $3 to $6
simper11: calls $3
*** FLOP *** [2h 3s 6c]
simper11: checks
yirkape: bets $3
simper11: calls $3
*** TURN *** [2h 3s 6c] [Kd]
simper11: checks
yirkape: bets $6
simper11: calls $6
*** RIVER *** [2h 3s 6c Kd] [4h]
simper11: bets $6
yirkape: folds
Uncalled bet ($6) returned to simper11
simper11 collected $29.50 from pot
simper11: doesn't show hand
*** SUMMARY ***
Total pot $30 | Rake $0.50
Board [2h 3s 6c Kd 4h]
Seat 1: simper11 (big blind) collected ($29.50)
Seat 2: yirkape (button) (small blind) folded on the River


PokerStars Hand #145470985741:  Hold'em Limit ($3/$6 USD) - 2015/12/17 4:07:54 ET
Table 'Belinda II' 2-max Seat #1 is the button
Seat 1: simper11 ($135.40 in chips)
Seat 2: yirkape ($166.82 in chips)
simper11: posts small blind $1
yirkape: posts big blind $3
*** HOLE CARDS ***
simper11: folds
Uncalled bet ($2) returned to yirkape
yirkape collected $2 from pot
yirkape: doesn't show hand
*** SUMMARY ***
Total pot $2 | Rake $0
Seat 1: simper11 (button) (small blind) folded before Flop
Seat 2: yirkape (big blind) collected ($2)


PokerStars Hand #145471023318:  Hold'em Limit ($3/$6 USD) - 2015/12/17 4:09:43 ET
Table 'Belinda II' 2-max Seat #1 is the button
Seat 1: simper11 ($157.42 in chips)
Seat 2: yirkape ($141.48 in chips)
simper11: posts small blind $1
yirkape: posts big blind $3
*** HOLE CARDS ***
simper11: raises $3 to $6
yirkape: folds
Uncalled bet ($3) returned to simper11
simper11 collected $6 from pot
simper11: doesn't show hand
*** SUMMARY ***
Total pot $6 | Rake $0
Seat 1: simper11 (button) (small blind) collected ($6)
Seat 2: yirkape (big blind) folded before Flop


PokerStars Hand #145471019184:  Hold'em Limit ($3/$6 USD) - 2015/12/17 4:09:31 ET
Table 'Belinda II' 2-max Seat #2 is the button
Seat 1: simper11 ($145.90 in chips)
Seat 2: yirkape ($153.48 in chips)
yirkape: posts small blind $1
simper11: posts big blind $3
*** HOLE CARDS ***
yirkape: raises $3 to $6
simper11: raises $3 to $9
yirkape: calls $3
*** FLOP *** [2h Qc 7d]
simper11: bets $3
yirkape: calls $3
*** TURN *** [2h Qc 7d] [2s]
simper11: bets $6
yirkape: folds
Uncalled bet ($6) returned to simper11
simper11 collected $23.52 from pot
simper11: doesn't show hand
*** SUMMARY ***
Total pot $24 | Rake $0.48
Board [2h Qc 7d 2s]
Seat 1: simper11 (big blind) collected ($23.52)
Seat 2: yirkape (button) (small blind) folded on the Turn


PokerStars Hand #145471014503:  Hold'em Limit ($3/$6 USD) - 2015/12/17 4:09:17 ET
Table 'Belinda II' 2-max Seat #1 is the button
Seat 1: simper11 ($163.90 in chips)
Seat 2: yirkape ($135.98 in chips)
simper11: posts small blind $1
yirkape: posts big blind $3
*** HOLE CARDS ***
simper11: raises $3 to $6
yirkape: raises $3 to $9
simper11: calls $3
*** FLOP *** [5h Qs 3s]
yirkape: bets $3
simper11: calls $3
*** TURN *** [5h Qs 3s] [Qd]
yirkape: checks
simper11: bets $6
yirkape: calls $6
*** RIVER *** [5h Qs 3s Qd] [Js]
yirkape: bets $6
simper11: folds
Uncalled bet ($6) returned to yirkape
yirkape collected $35.50 from pot
yirkape: doesn't show hand
*** SUMMARY ***
Total pot $36 | Rake $0.50
Board [5h Qs 3s Qd Js]
Seat 1: simper11 (button) (small blind) folded on the River
Seat 2: yirkape (big blind) collected ($35.50)


PokerStars Hand #145471012848:  Hold'em Limit ($3/$6 USD) - 2015/12/17 4:09:13 ET
Table 'Belinda II' 2-max Seat #2 is the button
Seat 1: simper11 ($162.90 in chips)
Seat 2: yirkape ($136.98 in chips)
yirkape: posts small blind $1
simper11: posts big blind $3
*** HOLE CARDS ***
yirkape: folds
Uncalled bet ($2) returned to simper11
simper11 collected $2 from pot
simper11: doesn't show hand
*** SUMMARY ***
Total pot $2 | Rake $0
Seat 1: simper11 (big blind) collected ($2)
Seat 2: yirkape (button) (small blind) folded before Flop


PokerStars Hand #145471008654:  Hold'em Limit ($3/$6 USD) - 2015/12/17 4:09:01 ET
Table 'Belinda II' 2-max Seat #1 is the button
Seat 1: simper11 ($148.40 in chips)
Seat 2: yirkape ($151.98 in chips)
simper11: posts small blind $1
yirkape: posts big blind $3
*** HOLE CARDS ***
simper11: calls $2
yirkape: checks
*** FLOP *** [3d Ts 3c]
yirkape: checks
simper11: checks
*** TURN *** [3d Ts 3c] [9d]
yirkape: bets $6
simper11: calls $6
*** RIVER *** [3d Ts 3c 9d] [Kc]
yirkape: bets $6
simper11: calls $6
*** SHOW DOWN ***
yirkape: shows [9s 5s] (two pair, Nines and Threes)
simper11: shows [4d Tc] (two pair, Tens and Threes)
simper11 collected $29.50 from pot
*** SUMMARY ***
Total pot $30 | Rake $0.50
Board [3d Ts 3c 9d Kc]
Seat 1: simper11 (button) (small blind) showed [4d Tc] and won ($29.50) with two pair, Tens and Threes
Seat 2: yirkape (big blind) showed [9s 5s] and lost with two pair, Nines and Threes


PokerStars Hand #145471006812:  Hold'em Limit ($3/$6 USD) - 2015/12/17 4:08:55 ET
Table 'Belinda II' 2-max Seat #2 is the button
Seat 1: simper11 ($151.40 in chips)
Seat 2: yirkape ($148.98 in chips)
yirkape: posts small blind $1
simper11: posts big blind $3
*** HOLE CARDS ***
yirkape: raises $3 to $6
simper11: folds
Uncalled bet ($3) returned to yirkape
yirkape collected $6 from pot
yirkape: doesn't show hand
*** SUMMARY ***
Total pot $6 | Rake $0
Seat 1: simper11 (big blind) folded before Flop
Seat 2: yirkape (button) (small blind) collected ($6)


PokerStars Hand #145471003318:  Hold'em Limit ($3/$6 USD) - 2015/12/17 4:08:45 ET
Table 'Belinda II' 2-max Seat #1 is the button
Seat 1: simper11 ($163.40 in chips)
Seat 2: yirkape ($137.46 in chips)
simper11: posts small blind $1
yirkape: posts big blind $3
*** HOLE CARDS ***
simper11: raises $3 to $6
yirkape: calls $3
*** FLOP *** [8s 5d 9s]
yirkape: checks
simper11: bets $3
yirkape: raises $3 to $6
simper11: calls $3
*** TURN *** [8s 5d 9s] [Td]
yirkape: bets $6
simper11: folds
Uncalled bet ($6) returned to yirkape
yirkape collected $23.52 from pot
yirkape: doesn't show hand
*** SUMMARY ***
Total pot $24 | Rake $0.48
Board [8s 5d 9s Td]
Seat 1: simper11 (button) (small blind) folded on the Turn
Seat 2: yirkape (big blind) collected ($23.52)


PokerStars Hand #145471075266:  Hold'em Limit ($3/$6 USD) - 2015/12/17 4:12:12 ET
Table 'Belinda II' 2-max Seat #2 is the button
Seat 1: simper11 ($125.76 in chips)
Seat 2: yirkape ($257 in chips)
yirkape: posts small blind $1
simper11: posts big blind $3
*** HOLE CARDS ***
yirkape: calls $2
simper11: raises $3 to $6
yirkape: calls $3
*** FLOP *** [Qs 5s Jh]
simper11: bets $3
yirkape: folds
Uncalled bet ($3) returned to simper11
simper11 collected $11.76 from pot
simper11: doesn't show hand
*** SUMMARY ***
Total pot $12 | Rake $0.24
Board [Qs 5s Jh]
Seat 1: simper11 (big blind) collected ($11.76)
Seat 2: yirkape (button) (small blind) folded on the Flop


PokerStars Hand #145471072155:  Hold'em Limit ($3/$6 USD) - 2015/12/17 4:12:03 ET
Table 'Belinda II' 2-max Seat #1 is the button
Seat 1: simper11 ($120 in chips)
Seat 2: yirkape ($263 in chips)
simper11: posts small blind $1
yirkape: posts big blind $3
*** HOLE CARDS ***
simper11: raises $3 to $6
yirkape: calls $3
*** FLOP *** [Ac Qs 9s]
yirkape: checks
simper11: bets $3
yirkape: folds
Uncalled bet ($3) returned to simper11
simper11 collected $11.76 from pot
simper11: doesn't show hand
*** SUMMARY ***
Total pot $12 | Rake $0.24
Board [Ac Qs 9s]
Seat 1: simper11 (button) (small blind) collected ($11.76)
Seat 2: yirkape (big blind) folded on the Flop


PokerStars Hand #145471070508:  Hold'em Limit ($3/$6 USD) - 2015/12/17 4:11:59 ET
Table 'Belinda II' 2-max Seat #2 is the button
Seat 1: simper11 ($120 in chips)
Seat 2: yirkape ($260 in chips)
yirkape: posts small blind $1
simper11: posts big blind $3
*** HOLE CARDS ***
yirkape: raises $3 to $6
simper11: folds
Uncalled bet ($3) returned to yirkape
yirkape collected $6 from pot
yirkape: doesn't show hand
*** SUMMARY ***
Total pot $6 | Rake $0
Seat 1: simper11 (big blind) folded before Flop
Seat 2: yirkape (button) (small blind) collected ($6)


PokerStars Hand #145471066231:  Hold'em Limit ($3/$6 USD) - 2015/12/17 4:11:46 ET
Table 'Belinda II' 2-max Seat #1 is the button
Seat 1: simper11 ($125.76 in chips)
Seat 2: yirkape ($245.50 in chips)
simper11: posts small blind $1
yirkape: posts big blind $3
*** HOLE CARDS ***
simper11: raises $3 to $6
yirkape: raises $3 to $9
simper11: calls $3
*** FLOP *** [3h Ts 7s]
yirkape: checks
simper11: checks
*** TURN *** [3h Ts 7s] [Jh]
yirkape: bets $6
simper11: calls $6
*** RIVER *** [3h Ts 7s Jh] [As]
yirkape: bets $6
simper11: folds
Uncalled bet ($6) returned to yirkape
yirkape collected $29.50 from pot
yirkape: doesn't show hand
*** SUMMARY ***
Total pot $30 | Rake $0.50
Board [3h Ts 7s Jh As]
Seat 1: simper11 (button) (small blind) folded on the River
Seat 2: yirkape (big blind) collected ($29.50)


PokerStars Hand #145471024927:  Hold'em Limit ($3/$6 USD) - 2015/12/17 4:09:47 ET
Table 'Belinda II' 2-max Seat #2 is the button
Seat 1: simper11 ($160.42 in chips)
Seat 2: yirkape ($138.48 in chips)
yirkape: posts small blind $1
simper11: posts big blind $3
*** HOLE CARDS ***
yirkape: raises $3 to $6
simper11: calls $3
*** FLOP *** [Td 7h 3c]
simper11: checks
yirkape: bets $3
simper11: raises $3 to $6
yirkape: raises $3 to $9
simper11: calls $3
*** TURN *** [Td 7h 3c] [9d]
simper11: checks
yirkape: checks
*** RIVER *** [Td 7h 3c 9d] [8c]
simper11: bets $6
yirkape: calls $6
*** SHOW DOWN ***
simper11: shows [Qs Th] (a pair of Tens)
yirkape: shows [6s Tc] (a straight, Six to Ten)
yirkape collected $41.50 from pot
*** SUMMARY ***
Total pot $42 | Rake $0.50
Board [Td 7h 3c 9d 8c]
Seat 1: simper11 (big blind) showed [Qs Th] and lost with a pair of Tens
Seat 2: yirkape (button) (small blind) showed [6s Tc] and won ($41.50) with a straight, Six to Ten


PokerStars Hand #145471029641:  Hold'em Limit ($3/$6 USD) - 2015/12/17 4:10:01 ET
Table 'Belinda II' 2-max Seat #1 is the button
Seat 1: simper11 ($139.42 in chips)
Seat 2: yirkape ($158.98 in chips)
simper11: posts small blind $1
yirkape: posts big blind $3
*** HOLE CARDS ***
simper11: raises $3 to $6
yirkape: calls $3
*** FLOP *** [Js 8s 9s]
yirkape: checks
simper11: bets $3
yirkape: raises $3 to $6
simper11: folds
Uncalled bet ($3) returned to yirkape
yirkape collected $17.64 from pot
yirkape: doesn't show hand
*** SUMMARY ***
Total pot $18 | Rake $0.36
Board [Js 8s 9s]
Seat 1: simper11 (button) (small blind) folded on the Flop
Seat 2: yirkape (big blind) collected ($17.64)


