PokerStars Hand #145098240315:  Hold'em Limit ($3/$6 USD) - 2015/12/09 18:29:17 ET
Table 'Belinda III' 2-max Seat #1 is the button
Seat 1: RaisemyNut$ ($147.50 in chips)
Seat 2: Grandiozniy ($32 in chips)
RaisemyNut$: posts small blind $1
Grandiozniy: posts big blind $3
*** HOLE CARDS ***
RaisemyNut$: raises $3 to $6
Grandiozniy: raises $3 to $9
RaisemyNut$: raises $3 to $12
Betting is capped
Grandiozniy: calls $3
*** FLOP *** [9s Ad Qc]
Grandiozniy: bets $3
RaisemyNut$: calls $3
*** TURN *** [9s Ad Qc] [2h]
Grandiozniy: bets $6
RaisemyNut$: calls $6
*** RIVER *** [9s Ad Qc 2h] [8h]
Grandiozniy: bets $6
RaisemyNut$: calls $6
*** SHOW DOWN ***
Grandiozniy: shows [Qh Kc] (a pair of Queens)
RaisemyNut$: mucks hand
Grandiozniy collected $53.50 from pot
*** SUMMARY ***
Total pot $54 | Rake $0.50
Board [9s Ad Qc 2h 8h]
Seat 1: RaisemyNut$ (button) (small blind) mucked
Seat 2: Grandiozniy (big blind) showed [Qh Kc] and won ($53.50) with a pair of Queens


PokerStars Hand #145098249980:  Hold'em Limit ($3/$6 USD) - 2015/12/09 18:29:30 ET
Table 'Belinda III' 2-max Seat #2 is the button
Seat 1: RaisemyNut$ ($120.50 in chips)
Seat 2: Grandiozniy ($58.50 in chips)
Grandiozniy: posts small blind $1
RaisemyNut$: posts big blind $3
*** HOLE CARDS ***
Grandiozniy: raises $3 to $6
RaisemyNut$: folds
Uncalled bet ($3) returned to Grandiozniy
Grandiozniy collected $6 from pot
Grandiozniy: doesn't show hand
*** SUMMARY ***
Total pot $6 | Rake $0
Seat 1: RaisemyNut$ (big blind) folded before Flop
Seat 2: Grandiozniy (button) (small blind) collected ($6)


PokerStars Hand #145098253888:  Hold'em Limit ($3/$6 USD) - 2015/12/09 18:29:35 ET
Table 'Belinda III' 2-max Seat #1 is the button
Seat 1: RaisemyNut$ ($117.50 in chips)
Seat 2: Grandiozniy ($61.50 in chips)
RaisemyNut$: posts small blind $1
Grandiozniy: posts big blind $3
*** HOLE CARDS ***
RaisemyNut$: raises $3 to $6
Grandiozniy: calls $3
*** FLOP *** [6s 5s 5c]
Grandiozniy: checks
RaisemyNut$: bets $3
Grandiozniy: calls $3
*** TURN *** [6s 5s 5c] [6h]
Grandiozniy: checks
RaisemyNut$: bets $6
Grandiozniy: raises $6 to $12
RaisemyNut$: calls $6
*** RIVER *** [6s 5s 5c 6h] [7h]
Grandiozniy: bets $6
RaisemyNut$: calls $6
*** SHOW DOWN ***
Grandiozniy: shows [3h 5h] (a full house, Fives full of Sixes)
RaisemyNut$: mucks hand
Grandiozniy collected $53.50 from pot
*** SUMMARY ***
Total pot $54 | Rake $0.50
Board [6s 5s 5c 6h 7h]
Seat 1: RaisemyNut$ (button) (small blind) mucked
Seat 2: Grandiozniy (big blind) showed [3h 5h] and won ($53.50) with a full house, Fives full of Sixes


PokerStars Hand #145098265387:  Hold'em Limit ($3/$6 USD) - 2015/12/09 18:29:50 ET
Table 'Belinda III' 2-max Seat #2 is the button
Seat 1: RaisemyNut$ ($90.50 in chips)
Seat 2: Grandiozniy ($88 in chips)
Grandiozniy: posts small blind $1
RaisemyNut$: posts big blind $3
*** HOLE CARDS ***
Grandiozniy: calls $2
RaisemyNut$: checks
*** FLOP *** [6h 3h Jh]
RaisemyNut$: bets $3
Grandiozniy: calls $3
*** TURN *** [6h 3h Jh] [Kc]
RaisemyNut$: bets $6
Grandiozniy: calls $6
*** RIVER *** [6h 3h Jh Kc] [8d]
RaisemyNut$: checks
Grandiozniy: checks
*** SHOW DOWN ***
RaisemyNut$: shows [2d 4h] (high card King)
Grandiozniy: shows [Tc 3c] (a pair of Threes)
Grandiozniy collected $23.52 from pot
*** SUMMARY ***
Total pot $24 | Rake $0.48
Board [6h 3h Jh Kc 8d]
Seat 1: RaisemyNut$ (big blind) showed [2d 4h] and lost with high card King
Seat 2: Grandiozniy (button) (small blind) showed [Tc 3c] and won ($23.52) with a pair of Threes


PokerStars Hand #145098274630:  Hold'em Limit ($3/$6 USD) - 2015/12/09 18:30:03 ET
Table 'Belinda III' 2-max Seat #1 is the button
Seat 1: RaisemyNut$ ($78.50 in chips)
Seat 2: Grandiozniy ($99.52 in chips)
RaisemyNut$: posts small blind $1
Grandiozniy: posts big blind $3
*** HOLE CARDS ***
RaisemyNut$: raises $3 to $6
Grandiozniy: calls $3
*** FLOP *** [Ts 3s 5d]
Grandiozniy: checks
RaisemyNut$: bets $3
Grandiozniy: folds
Uncalled bet ($3) returned to RaisemyNut$
RaisemyNut$ collected $11.76 from pot
RaisemyNut$: doesn't show hand
*** SUMMARY ***
Total pot $12 | Rake $0.24
Board [Ts 3s 5d]
Seat 1: RaisemyNut$ (button) (small blind) collected ($11.76)
Seat 2: Grandiozniy (big blind) folded on the Flop


PokerStars Hand #145098283901:  Hold'em Limit ($3/$6 USD) - 2015/12/09 18:30:15 ET
Table 'Belinda III' 2-max Seat #2 is the button
Seat 1: RaisemyNut$ ($84.26 in chips)
Seat 2: Grandiozniy ($93.52 in chips)
Grandiozniy: posts small blind $1
RaisemyNut$: posts big blind $3
*** HOLE CARDS ***
Grandiozniy: calls $2
RaisemyNut$: checks
*** FLOP *** [Kh 6d 9c]
RaisemyNut$: bets $3
Grandiozniy: calls $3
*** TURN *** [Kh 6d 9c] [9d]
RaisemyNut$: bets $6
Grandiozniy: calls $6
*** RIVER *** [Kh 6d 9c 9d] [9s]
RaisemyNut$: checks
Grandiozniy: bets $6
RaisemyNut$: calls $6
*** SHOW DOWN ***
Grandiozniy: shows [Kc 6c] (a full house, Nines full of Kings)
RaisemyNut$: mucks hand
Grandiozniy collected $35.50 from pot
*** SUMMARY ***
Total pot $36 | Rake $0.50
Board [Kh 6d 9c 9d 9s]
Seat 1: RaisemyNut$ (big blind) mucked
Seat 2: Grandiozniy (button) (small blind) showed [Kc 6c] and won ($35.50) with a full house, Nines full of Kings


PokerStars Hand #145098294582:  Hold'em Limit ($3/$6 USD) - 2015/12/09 18:30:29 ET
Table 'Belinda III' 2-max Seat #1 is the button
Seat 1: RaisemyNut$ ($66.26 in chips)
Seat 2: Grandiozniy ($111.02 in chips)
RaisemyNut$: posts small blind $1
Grandiozniy: posts big blind $3
*** HOLE CARDS ***
RaisemyNut$: raises $3 to $6
Grandiozniy: calls $3
*** FLOP *** [6h 6c 2d]
Grandiozniy: checks
RaisemyNut$: checks
*** TURN *** [6h 6c 2d] [7h]
Grandiozniy: bets $6
RaisemyNut$: folds
Uncalled bet ($6) returned to Grandiozniy
Grandiozniy collected $11.76 from pot
Grandiozniy: doesn't show hand
*** SUMMARY ***
Total pot $12 | Rake $0.24
Board [6h 6c 2d 7h]
Seat 1: RaisemyNut$ (button) (small blind) folded on the Turn
Seat 2: Grandiozniy (big blind) collected ($11.76)


PokerStars Hand #145098314010:  Hold'em Limit ($3/$6 USD) - 2015/12/09 18:30:55 ET
Table 'Belinda III' 2-max Seat #1 is the button
Seat 1: RaisemyNut$ ($60 in chips)
Seat 2: Grandiozniy ($140.28 in chips)
RaisemyNut$: posts small blind $1
Grandiozniy: posts big blind $3
*** HOLE CARDS ***
RaisemyNut$: raises $3 to $6
Grandiozniy: raises $3 to $9
RaisemyNut$: calls $3
*** FLOP *** [5d 2h Ts]
Grandiozniy: bets $3
RaisemyNut$: calls $3
*** TURN *** [5d 2h Ts] [9d]
Grandiozniy: bets $6
RaisemyNut$: raises $6 to $12
Grandiozniy: raises $6 to $18
RaisemyNut$: calls $6
*** RIVER *** [5d 2h Ts 9d] [Ks]
Grandiozniy: checks
RaisemyNut$: checks
*** SHOW DOWN ***
Grandiozniy: shows [8d Ah] (high card Ace)
RaisemyNut$: shows [9c 7s] (a pair of Nines)
RaisemyNut$ collected $59.50 from pot
*** SUMMARY ***
Total pot $60 | Rake $0.50
Board [5d 2h Ts 9d Ks]
Seat 1: RaisemyNut$ (button) (small blind) showed [9c 7s] and won ($59.50) with a pair of Nines
Seat 2: Grandiozniy (big blind) showed [8d Ah] and lost with high card Ace


PokerStars Hand #145098326107:  Hold'em Limit ($3/$6 USD) - 2015/12/09 18:31:11 ET
Table 'Belinda III' 2-max Seat #2 is the button
Seat 1: RaisemyNut$ ($89.50 in chips)
Seat 2: Grandiozniy ($110.28 in chips)
Grandiozniy: posts small blind $1
RaisemyNut$: posts big blind $3
*** HOLE CARDS ***
Grandiozniy: raises $3 to $6
RaisemyNut$: folds
Uncalled bet ($3) returned to Grandiozniy
Grandiozniy collected $6 from pot
Grandiozniy: doesn't show hand
*** SUMMARY ***
Total pot $6 | Rake $0
Seat 1: RaisemyNut$ (big blind) folded before Flop
Seat 2: Grandiozniy (button) (small blind) collected ($6)


PokerStars Hand #145098336166:  Hold'em Limit ($3/$6 USD) - 2015/12/09 18:31:24 ET
Table 'Belinda III' 2-max Seat #2 is the button
Seat 1: RaisemyNut$ ($92.26 in chips)
Seat 2: Grandiozniy ($107.28 in chips)
Grandiozniy: posts small blind $1
RaisemyNut$: posts big blind $3
*** HOLE CARDS ***
Grandiozniy: folds
Uncalled bet ($2) returned to RaisemyNut$
RaisemyNut$ collected $2 from pot
RaisemyNut$: doesn't show hand
*** SUMMARY ***
Total pot $2 | Rake $0
Seat 1: RaisemyNut$ (big blind) collected ($2)
Seat 2: Grandiozniy (button) (small blind) folded before Flop


PokerStars Hand #145098330106:  Hold'em Limit ($3/$6 USD) - 2015/12/09 18:31:16 ET
Table 'Belinda III' 2-max Seat #1 is the button
Seat 1: RaisemyNut$ ($86.50 in chips)
Seat 2: Grandiozniy ($113.28 in chips)
RaisemyNut$: posts small blind $1
Grandiozniy: posts big blind $3
*** HOLE CARDS ***
RaisemyNut$: raises $3 to $6
Grandiozniy: calls $3
*** FLOP *** [5h 8h Qs]
Grandiozniy: checks
RaisemyNut$: bets $3
Grandiozniy: folds
Uncalled bet ($3) returned to RaisemyNut$
RaisemyNut$ collected $11.76 from pot
RaisemyNut$: doesn't show hand
*** SUMMARY ***
Total pot $12 | Rake $0.24
Board [5h 8h Qs]
Seat 1: RaisemyNut$ (button) (small blind) collected ($11.76)
Seat 2: Grandiozniy (big blind) folded on the Flop


PokerStars Hand #145098345756:  Hold'em Limit ($3/$6 USD) - 2015/12/09 18:31:37 ET
Table 'Belinda III' 2-max Seat #2 is the button
Seat 1: RaisemyNut$ ($99.02 in chips)
Seat 2: Grandiozniy ($100.28 in chips)
Grandiozniy: posts small blind $1
RaisemyNut$: posts big blind $3
*** HOLE CARDS ***
Grandiozniy: folds
Uncalled bet ($2) returned to RaisemyNut$
RaisemyNut$ collected $2 from pot
RaisemyNut$: doesn't show hand
*** SUMMARY ***
Total pot $2 | Rake $0
Seat 1: RaisemyNut$ (big blind) collected ($2)
Seat 2: Grandiozniy (button) (small blind) folded before Flop


PokerStars Hand #145098339473:  Hold'em Limit ($3/$6 USD) - 2015/12/09 18:31:28 ET
Table 'Belinda III' 2-max Seat #1 is the button
Seat 1: RaisemyNut$ ($93.26 in chips)
Seat 2: Grandiozniy ($106.28 in chips)
RaisemyNut$: posts small blind $1
Grandiozniy: posts big blind $3
*** HOLE CARDS ***
RaisemyNut$: raises $3 to $6
Grandiozniy: calls $3
*** FLOP *** [8h 4h 5s]
Grandiozniy: checks
RaisemyNut$: bets $3
Grandiozniy: folds
Uncalled bet ($3) returned to RaisemyNut$
RaisemyNut$ collected $11.76 from pot
RaisemyNut$: doesn't show hand
*** SUMMARY ***
Total pot $12 | Rake $0.24
Board [8h 4h 5s]
Seat 1: RaisemyNut$ (button) (small blind) collected ($11.76)
Seat 2: Grandiozniy (big blind) folded on the Flop


PokerStars Hand #145098360363:  Hold'em Limit ($3/$6 USD) - 2015/12/09 18:31:56 ET
Table 'Belinda III' 2-max Seat #2 is the button
Seat 1: RaisemyNut$ ($91.02 in chips)
Seat 2: Grandiozniy ($107.92 in chips)
Grandiozniy: posts small blind $1
RaisemyNut$: posts big blind $3
*** HOLE CARDS ***
Grandiozniy: raises $3 to $6
RaisemyNut$: folds
Uncalled bet ($3) returned to Grandiozniy
Grandiozniy collected $6 from pot
Grandiozniy: doesn't show hand
*** SUMMARY ***
Total pot $6 | Rake $0
Seat 1: RaisemyNut$ (big blind) folded before Flop
Seat 2: Grandiozniy (button) (small blind) collected ($6)


PokerStars Hand #145098349045:  Hold'em Limit ($3/$6 USD) - 2015/12/09 18:31:41 ET
Table 'Belinda III' 2-max Seat #1 is the button
Seat 1: RaisemyNut$ ($100.02 in chips)
Seat 2: Grandiozniy ($99.28 in chips)
RaisemyNut$: posts small blind $1
Grandiozniy: posts big blind $3
*** HOLE CARDS ***
RaisemyNut$: raises $3 to $6
Grandiozniy: calls $3
*** FLOP *** [8d Qh 4s]
Grandiozniy: checks
RaisemyNut$: bets $3
Grandiozniy: calls $3
*** TURN *** [8d Qh 4s] [9c]
Grandiozniy: checks
RaisemyNut$: checks
*** RIVER *** [8d Qh 4s 9c] [2s]
Grandiozniy: bets $6
RaisemyNut$: folds
Uncalled bet ($6) returned to Grandiozniy
Grandiozniy collected $17.64 from pot
Grandiozniy: doesn't show hand
*** SUMMARY ***
Total pot $18 | Rake $0.36
Board [8d Qh 4s 9c 2s]
Seat 1: RaisemyNut$ (button) (small blind) folded on the River
Seat 2: Grandiozniy (big blind) collected ($17.64)


PokerStars Hand #145098375715:  Hold'em Limit ($3/$6 USD) - 2015/12/09 18:32:17 ET
Table 'Belinda III' 2-max Seat #2 is the button
Seat 1: RaisemyNut$ ($114.52 in chips)
Seat 2: Grandiozniy ($83.92 in chips)
Grandiozniy: posts small blind $1
RaisemyNut$: posts big blind $3
*** HOLE CARDS ***
Grandiozniy: raises $3 to $6
RaisemyNut$: folds
Uncalled bet ($3) returned to Grandiozniy
Grandiozniy collected $6 from pot
Grandiozniy: doesn't show hand
*** SUMMARY ***
Total pot $6 | Rake $0
Seat 1: RaisemyNut$ (big blind) folded before Flop
Seat 2: Grandiozniy (button) (small blind) collected ($6)


PokerStars Hand #145098364256:  Hold'em Limit ($3/$6 USD) - 2015/12/09 18:32:02 ET
Table 'Belinda III' 2-max Seat #1 is the button
Seat 1: RaisemyNut$ ($88.02 in chips)
Seat 2: Grandiozniy ($110.92 in chips)
RaisemyNut$: posts small blind $1
Grandiozniy: posts big blind $3
*** HOLE CARDS ***
RaisemyNut$: raises $3 to $6
Grandiozniy: calls $3
*** FLOP *** [9h Jd 6h]
Grandiozniy: checks
RaisemyNut$: bets $3
Grandiozniy: calls $3
*** TURN *** [9h Jd 6h] [3c]
Grandiozniy: checks
RaisemyNut$: bets $6
Grandiozniy: raises $6 to $12
RaisemyNut$: calls $6
*** RIVER *** [9h Jd 6h 3c] [4c]
Grandiozniy: bets $6
RaisemyNut$: calls $6
*** SHOW DOWN ***
Grandiozniy: shows [3h Kd] (a pair of Threes)
RaisemyNut$: shows [Td 9d] (a pair of Nines)
RaisemyNut$ collected $53.50 from pot
*** SUMMARY ***
Total pot $54 | Rake $0.50
Board [9h Jd 6h 3c 4c]
Seat 1: RaisemyNut$ (button) (small blind) showed [Td 9d] and won ($53.50) with a pair of Nines
Seat 2: Grandiozniy (big blind) showed [3h Kd] and lost with a pair of Threes


PokerStars Hand #145098391953:  Hold'em Limit ($3/$6 USD) - 2015/12/09 18:32:39 ET
Table 'Belinda III' 2-max Seat #2 is the button
Seat 1: RaisemyNut$ ($126.02 in chips)
Seat 2: Grandiozniy ($71.92 in chips)
Grandiozniy: posts small blind $1
RaisemyNut$: posts big blind $3
*** HOLE CARDS ***
Grandiozniy: folds
Uncalled bet ($2) returned to RaisemyNut$
RaisemyNut$ collected $2 from pot
RaisemyNut$: doesn't show hand
*** SUMMARY ***
Total pot $2 | Rake $0
Seat 1: RaisemyNut$ (big blind) collected ($2)
Seat 2: Grandiozniy (button) (small blind) folded before Flop


PokerStars Hand #145098379721:  Hold'em Limit ($3/$6 USD) - 2015/12/09 18:32:22 ET
Table 'Belinda III' 2-max Seat #1 is the button
Seat 1: RaisemyNut$ ($111.52 in chips)
Seat 2: Grandiozniy ($86.92 in chips)
RaisemyNut$: posts small blind $1
Grandiozniy: posts big blind $3
*** HOLE CARDS ***
RaisemyNut$: raises $3 to $6
Grandiozniy: calls $3
*** FLOP *** [5d 2d 6d]
Grandiozniy: checks
RaisemyNut$: bets $3
Grandiozniy: calls $3
*** TURN *** [5d 2d 6d] [8d]
Grandiozniy: checks
RaisemyNut$: bets $6
Grandiozniy: calls $6
*** RIVER *** [5d 2d 6d 8d] [3s]
Grandiozniy: checks
RaisemyNut$: bets $6
Grandiozniy: folds
Uncalled bet ($6) returned to RaisemyNut$
RaisemyNut$ collected $29.50 from pot
RaisemyNut$: doesn't show hand
*** SUMMARY ***
Total pot $30 | Rake $0.50
Board [5d 2d 6d 8d 3s]
Seat 1: RaisemyNut$ (button) (small blind) collected ($29.50)
Seat 2: Grandiozniy (big blind) folded on the River


PokerStars Hand #145098429810:  Hold'em Limit ($3/$6 USD) - 2015/12/09 18:33:29 ET
Table 'Belinda III' 2-max Seat #1 is the button
Seat 1: RaisemyNut$ ($160.03 in chips)
Seat 2: Grandiozniy ($36.67 in chips)
RaisemyNut$: posts small blind $1
Grandiozniy: posts big blind $3
*** HOLE CARDS ***
RaisemyNut$: folds
Uncalled bet ($2) returned to Grandiozniy
Grandiozniy collected $2 from pot
Grandiozniy: doesn't show hand
*** SUMMARY ***
Total pot $2 | Rake $0
Seat 1: RaisemyNut$ (button) (small blind) folded before Flop
Seat 2: Grandiozniy (big blind) collected ($2)


PokerStars Hand #145098426407:  Hold'em Limit ($3/$6 USD) - 2015/12/09 18:33:24 ET
Table 'Belinda III' 2-max Seat #2 is the button
Seat 1: RaisemyNut$ ($159.03 in chips)
Seat 2: Grandiozniy ($37.67 in chips)
Grandiozniy: posts small blind $1
RaisemyNut$: posts big blind $3
*** HOLE CARDS ***
Grandiozniy: folds
Uncalled bet ($2) returned to RaisemyNut$
RaisemyNut$ collected $2 from pot
RaisemyNut$: doesn't show hand
*** SUMMARY ***
Total pot $2 | Rake $0
Seat 1: RaisemyNut$ (big blind) collected ($2)
Seat 2: Grandiozniy (button) (small blind) folded before Flop


PokerStars Hand #145098419296:  Hold'em Limit ($3/$6 USD) - 2015/12/09 18:33:15 ET
Table 'Belinda III' 2-max Seat #1 is the button
Seat 1: RaisemyNut$ ($153.27 in chips)
Seat 2: Grandiozniy ($43.67 in chips)
RaisemyNut$: posts small blind $1
Grandiozniy: posts big blind $3
*** HOLE CARDS ***
RaisemyNut$: raises $3 to $6
Grandiozniy: calls $3
*** FLOP *** [9c 6s Ac]
Grandiozniy: checks
RaisemyNut$: bets $3
Grandiozniy: folds
Uncalled bet ($3) returned to RaisemyNut$
RaisemyNut$ collected $11.76 from pot
RaisemyNut$: doesn't show hand
*** SUMMARY ***
Total pot $12 | Rake $0.24
Board [9c 6s Ac]
Seat 1: RaisemyNut$ (button) (small blind) collected ($11.76)
Seat 2: Grandiozniy (big blind) folded on the Flop


PokerStars Hand #145098406300:  Hold'em Limit ($3/$6 USD) - 2015/12/09 18:32:57 ET
Table 'Belinda III' 2-max Seat #2 is the button
Seat 1: RaisemyNut$ ($126.77 in chips)
Seat 2: Grandiozniy ($70.67 in chips)
Grandiozniy: posts small blind $1
RaisemyNut$: posts big blind $3
*** HOLE CARDS ***
Grandiozniy: raises $3 to $6
RaisemyNut$: calls $3
*** FLOP *** [5c 9h Th]
RaisemyNut$: checks
Grandiozniy: bets $3
RaisemyNut$: calls $3
*** TURN *** [5c 9h Th] [Jd]
RaisemyNut$: checks
Grandiozniy: bets $6
RaisemyNut$: raises $6 to $12
Grandiozniy: calls $6
*** RIVER *** [5c 9h Th Jd] [As]
RaisemyNut$: bets $6
Grandiozniy: calls $6
*** SHOW DOWN ***
RaisemyNut$: shows [8s Qd] (a straight, Eight to Queen)
Grandiozniy: mucks hand
RaisemyNut$ collected $53.50 from pot
*** SUMMARY ***
Total pot $54 | Rake $0.50
Board [5c 9h Th Jd As]
Seat 1: RaisemyNut$ (big blind) showed [8s Qd] and won ($53.50) with a straight, Eight to Queen
Seat 2: Grandiozniy (button) (small blind) mucked


PokerStars Hand #145098395385:  Hold'em Limit ($3/$6 USD) - 2015/12/09 18:32:43 ET
Table 'Belinda III' 2-max Seat #1 is the button
Seat 1: RaisemyNut$ ($127.02 in chips)
Seat 2: Grandiozniy ($70.92 in chips)
RaisemyNut$: posts small blind $1
Grandiozniy: posts big blind $3
*** HOLE CARDS ***
RaisemyNut$: raises $3 to $6
Grandiozniy: raises $3 to $9
RaisemyNut$: calls $3
*** FLOP *** [4h 4c Ts]
Grandiozniy: bets $3
RaisemyNut$: calls $3
*** TURN *** [4h 4c Ts] [6c]
Grandiozniy: bets $6
RaisemyNut$: calls $6
*** RIVER *** [4h 4c Ts 6c] [Qc]
Grandiozniy: bets $6
RaisemyNut$: calls $6
*** SHOW DOWN ***
Grandiozniy: shows [9s Ac] (a pair of Fours)
RaisemyNut$: shows [Ad 5c] (a pair of Fours)
Grandiozniy collected $23.75 from pot
RaisemyNut$ collected $23.75 from pot
*** SUMMARY ***
Total pot $48 | Rake $0.50
Board [4h 4c Ts 6c Qc]
Seat 1: RaisemyNut$ (button) (small blind) showed [Ad 5c] and won ($23.75) with a pair of Fours
Seat 2: Grandiozniy (big blind) showed [9s Ac] and won ($23.75) with a pair of Fours


PokerStars Hand #145098433020:  Hold'em Limit ($3/$6 USD) - 2015/12/09 18:33:33 ET
Table 'Belinda III' 2-max Seat #2 is the button
Seat 1: RaisemyNut$ ($159.03 in chips)
Seat 2: Grandiozniy ($37.67 in chips)
Grandiozniy: posts small blind $1
RaisemyNut$: posts big blind $3
*** HOLE CARDS ***
Grandiozniy: raises $3 to $6
RaisemyNut$: calls $3
*** FLOP *** [Jd 5d 9d]
RaisemyNut$: checks
Grandiozniy: bets $3
RaisemyNut$: raises $3 to $6
Grandiozniy: folds
Uncalled bet ($3) returned to RaisemyNut$
RaisemyNut$ collected $17.64 from pot
RaisemyNut$: doesn't show hand
*** SUMMARY ***
Total pot $18 | Rake $0.36
Board [Jd 5d 9d]
Seat 1: RaisemyNut$ (big blind) collected ($17.64)
Seat 2: Grandiozniy (button) (small blind) folded on the Flop


PokerStars Hand #145098473761:  Hold'em Limit ($3/$6 USD) - 2015/12/09 18:34:28 ET
Table 'Belinda III' 2-max Seat #2 is the button
Seat 1: RaisemyNut$ ($195.53 in chips)
Seat 2: Grandiozniy ($60.19 in chips)
Grandiozniy: posts small blind $1
RaisemyNut$: posts big blind $3
*** HOLE CARDS ***
Grandiozniy: calls $2
RaisemyNut$: checks
*** FLOP *** [9s Ks 5h]
RaisemyNut$: checks
Grandiozniy: checks
*** TURN *** [9s Ks 5h] [Qc]
RaisemyNut$: checks
Grandiozniy: checks
*** RIVER *** [9s Ks 5h Qc] [Jh]
RaisemyNut$: checks
Grandiozniy: bets $6
RaisemyNut$: calls $6
*** SHOW DOWN ***
Grandiozniy: shows [4d Jd] (a pair of Jacks)
RaisemyNut$: shows [Kc 6h] (a pair of Kings)
RaisemyNut$ collected $17.64 from pot
*** SUMMARY ***
Total pot $18 | Rake $0.36
Board [9s Ks 5h Qc Jh]
Seat 1: RaisemyNut$ (big blind) showed [Kc 6h] and won ($17.64) with a pair of Kings
Seat 2: Grandiozniy (button) (small blind) showed [4d Jd] and lost with a pair of Jacks


PokerStars Hand #145098455892:  Hold'em Limit ($3/$6 USD) - 2015/12/09 18:34:04 ET
Table 'Belinda III' 2-max Seat #1 is the button
Seat 1: RaisemyNut$ ($188.17 in chips)
Seat 2: Grandiozniy ($7.67 in chips)
RaisemyNut$: posts small blind $1
Grandiozniy: posts big blind $3
*** HOLE CARDS ***
RaisemyNut$: raises $3 to $6
Grandiozniy: raises $1.67 to $7.67 and is all-in
RaisemyNut$: calls $1.67
*** FLOP *** [Kc Td 4h]
*** TURN *** [Kc Td 4h] [9d]
*** RIVER *** [Kc Td 4h 9d] [Qh]
*** SHOW DOWN ***
Grandiozniy: shows [9c 2d] (a pair of Nines)
RaisemyNut$: shows [8s Ts] (a pair of Tens)
RaisemyNut$ collected $15.03 from pot
*** SUMMARY ***
Total pot $15.34 | Rake $0.31
Board [Kc Td 4h 9d Qh]
Seat 1: RaisemyNut$ (button) (small blind) showed [8s Ts] and won ($15.03) with a pair of Tens
Seat 2: Grandiozniy (big blind) showed [9c 2d] and lost with a pair of Nines


PokerStars Hand #145098452015:  Hold'em Limit ($3/$6 USD) - 2015/12/09 18:33:59 ET
Table 'Belinda III' 2-max Seat #2 is the button
Seat 1: RaisemyNut$ ($191.17 in chips)
Seat 2: Grandiozniy ($4.67 in chips)
Grandiozniy: posts small blind $1
RaisemyNut$: posts big blind $3
*** HOLE CARDS ***
Grandiozniy: raises $1.67 to $4.67 and is all-in
RaisemyNut$: folds
Uncalled bet ($1.67) returned to Grandiozniy
Grandiozniy collected $6 from pot
Grandiozniy: doesn't show hand
*** SUMMARY ***
Total pot $6 | Rake $0
Seat 1: RaisemyNut$ (big blind) folded before Flop
Seat 2: Grandiozniy (button) (small blind) collected ($6)


PokerStars Hand #145098440179:  Hold'em Limit ($3/$6 USD) - 2015/12/09 18:33:43 ET
Table 'Belinda III' 2-max Seat #1 is the button
Seat 1: RaisemyNut$ ($167.67 in chips)
Seat 2: Grandiozniy ($28.67 in chips)
RaisemyNut$: posts small blind $1
Grandiozniy: posts big blind $3
*** HOLE CARDS ***
RaisemyNut$: raises $3 to $6
Grandiozniy: calls $3
*** FLOP *** [7c 9d 5d]
Grandiozniy: checks
RaisemyNut$: checks
*** TURN *** [7c 9d 5d] [Tc]
Grandiozniy: checks
RaisemyNut$: bets $6
Grandiozniy: raises $6 to $12
RaisemyNut$: raises $6 to $18
Grandiozniy: calls $6
*** RIVER *** [7c 9d 5d Tc] [Kc]
Grandiozniy: checks
RaisemyNut$: bets $6
Grandiozniy: folds
Uncalled bet ($6) returned to RaisemyNut$
RaisemyNut$ collected $47.50 from pot
RaisemyNut$: doesn't show hand
*** SUMMARY ***
Total pot $48 | Rake $0.50
Board [7c 9d 5d Tc Kc]
Seat 1: RaisemyNut$ (button) (small blind) collected ($47.50)
Seat 2: Grandiozniy (big blind) folded on the River


PokerStars Hand #145098504578:  Hold'em Limit ($3/$6 USD) - 2015/12/09 18:35:10 ET
Table 'Belinda III' 2-max Seat #2 is the button
Seat 1: RaisemyNut$ ($244.67 in chips)
Seat 2: Grandiozniy ($10.19 in chips)
Grandiozniy: posts small blind $1
RaisemyNut$: posts big blind $3
*** HOLE CARDS ***
Grandiozniy: raises $3 to $6
RaisemyNut$: raises $3 to $9
Grandiozniy: raises $1.19 to $10.19 and is all-in
Betting is capped
RaisemyNut$: calls $1.19
*** FLOP *** [2d Th Ts]
*** TURN *** [2d Th Ts] [5h]
*** RIVER *** [2d Th Ts 5h] [Jd]
*** SHOW DOWN ***
RaisemyNut$: shows [Ad 3s] (a pair of Tens)
Grandiozniy: shows [9c 4s] (a pair of Tens - lower kicker)
RaisemyNut$ collected $19.97 from pot
Grandiozniy leaves the table
*** SUMMARY ***
Total pot $20.38 | Rake $0.41
Board [2d Th Ts 5h Jd]
Seat 1: RaisemyNut$ (big blind) showed [Ad 3s] and won ($19.97) with a pair of Tens
Seat 2: Grandiozniy (button) (small blind) showed [9c 4s] and lost with a pair of Tens


PokerStars Hand #145098501004:  Hold'em Limit ($3/$6 USD) - 2015/12/09 18:35:05 ET
Table 'Belinda III' 2-max Seat #1 is the button
Seat 1: RaisemyNut$ ($245.67 in chips)
Seat 2: Grandiozniy ($9.19 in chips)
RaisemyNut$: posts small blind $1
Grandiozniy: posts big blind $3
*** HOLE CARDS ***
RaisemyNut$: folds
Uncalled bet ($2) returned to Grandiozniy
Grandiozniy collected $2 from pot
Grandiozniy: doesn't show hand
*** SUMMARY ***
Total pot $2 | Rake $0
Seat 1: RaisemyNut$ (button) (small blind) folded before Flop
Seat 2: Grandiozniy (big blind) collected ($2)


PokerStars Hand #145098488061:  Hold'em Limit ($3/$6 USD) - 2015/12/09 18:34:47 ET
Table 'Belinda III' 2-max Seat #2 is the button
Seat 1: RaisemyNut$ ($207.17 in chips)
Seat 2: Grandiozniy ($48.19 in chips)
Grandiozniy: posts small blind $1
RaisemyNut$: posts big blind $3
*** HOLE CARDS ***
Grandiozniy: raises $3 to $6
RaisemyNut$: raises $3 to $9
Grandiozniy: raises $3 to $12
Betting is capped
RaisemyNut$: calls $3
*** FLOP *** [Jh 3h Qd]
RaisemyNut$: checks
Grandiozniy: bets $3
RaisemyNut$: calls $3
*** TURN *** [Jh 3h Qd] [Qs]
RaisemyNut$: checks
Grandiozniy: checks
*** RIVER *** [Jh 3h Qd Qs] [2h]
RaisemyNut$: bets $6
Grandiozniy: raises $6 to $12
RaisemyNut$: raises $6 to $18
Grandiozniy: raises $6 to $24
Betting is capped
RaisemyNut$: calls $6
*** SHOW DOWN ***
Grandiozniy: shows [As 9s] (a pair of Queens)
RaisemyNut$: shows [Kc Jd] (two pair, Queens and Jacks)
RaisemyNut$ collected $77.50 from pot
*** SUMMARY ***
Total pot $78 | Rake $0.50
Board [Jh 3h Qd Qs 2h]
Seat 1: RaisemyNut$ (big blind) showed [Kc Jd] and won ($77.50) with two pair, Queens and Jacks
Seat 2: Grandiozniy (button) (small blind) showed [As 9s] and lost with a pair of Queens


PokerStars Hand #145098484649:  Hold'em Limit ($3/$6 USD) - 2015/12/09 18:34:43 ET
Table 'Belinda III' 2-max Seat #1 is the button
Seat 1: RaisemyNut$ ($204.17 in chips)
Seat 2: Grandiozniy ($51.19 in chips)
RaisemyNut$: posts small blind $1
Grandiozniy: posts big blind $3
*** HOLE CARDS ***
RaisemyNut$: raises $3 to $6
Grandiozniy: folds
Uncalled bet ($3) returned to RaisemyNut$
RaisemyNut$ collected $6 from pot
RaisemyNut$: doesn't show hand
*** SUMMARY ***
Total pot $6 | Rake $0
Seat 1: RaisemyNut$ (button) (small blind) collected ($6)
Seat 2: Grandiozniy (big blind) folded before Flop


