PokerStars Hand #170567134251:  Hold'em Limit ($3/$6 USD) - 2017/05/17 23:04:42 ET
Table 'Belisana' 6-max Seat #6 is the button
Seat 5: Dunkyboy1970 ($240.82 in chips)
Seat 6: RaisemyNut$ ($531.45 in chips)
RaisemyNut$: posts small blind $1
lotsbg: is sitting out
Dunkyboy1970: posts big blind $3
*** HOLE CARDS ***
RaisemyNut$: raises $3 to $6
Dunkyboy1970: raises $3 to $9
RaisemyNut$: calls $3
*** FLOP *** [5h 4c Ah]
Dunkyboy1970: bets $3
RaisemyNut$: calls $3
*** TURN *** [5h 4c Ah] [4h]
Dunkyboy1970: bets $6
RaisemyNut$: folds
Uncalled bet ($6) returned to Dunkyboy1970
Dunkyboy1970 collected $23.52 from pot
Dunkyboy1970: doesn't show hand
*** SUMMARY ***
Total pot $24 | Rake $0.48
Board [5h 4c Ah 4h]
Seat 5: Dunkyboy1970 (big blind) collected ($23.52)
Seat 6: RaisemyNut$ (button) (small blind) folded on the Turn


PokerStars Hand #170567154221:  Hold'em Limit ($3/$6 USD) - 2017/05/17 23:05:47 ET
Table 'Belisana' 6-max Seat #5 is the button
Seat 5: Dunkyboy1970 ($272.84 in chips)
Seat 6: RaisemyNut$ ($497.97 in chips)
Dunkyboy1970: posts small blind $1
RaisemyNut$: posts big blind $3
*** HOLE CARDS ***
Dunkyboy1970: folds
Uncalled bet ($2) returned to RaisemyNut$
RaisemyNut$ collected $2 from pot
RaisemyNut$: doesn't show hand
*** SUMMARY ***
Total pot $2 | Rake $0
Seat 5: Dunkyboy1970 (button) (small blind) folded before Flop
Seat 6: RaisemyNut$ (big blind) collected ($2)


PokerStars Hand #170567138806:  Hold'em Limit ($3/$6 USD) - 2017/05/17 23:04:57 ET
Table 'Belisana' 6-max Seat #5 is the button
Seat 5: Dunkyboy1970 ($252.34 in chips)
Seat 6: RaisemyNut$ ($519.45 in chips)
Dunkyboy1970: posts small blind $1
RaisemyNut$: posts big blind $3
*** HOLE CARDS ***
Dunkyboy1970: raises $3 to $6
RaisemyNut$: folds
Uncalled bet ($3) returned to Dunkyboy1970
Dunkyboy1970 collected $6 from pot
Dunkyboy1970: doesn't show hand
*** SUMMARY ***
Total pot $6 | Rake $0
Seat 5: Dunkyboy1970 (button) (small blind) collected ($6)
Seat 6: RaisemyNut$ (big blind) folded before Flop


PokerStars Hand #170567140448:  Hold'em Limit ($3/$6 USD) - 2017/05/17 23:05:02 ET
Table 'Belisana' 6-max Seat #6 is the button
Seat 5: Dunkyboy1970 ($255.34 in chips)
Seat 6: RaisemyNut$ ($516.45 in chips)
RaisemyNut$: posts small blind $1
Dunkyboy1970: posts big blind $3
*** HOLE CARDS ***
RaisemyNut$: raises $3 to $6
Dunkyboy1970: calls $3
*** FLOP *** [5s Th Kh]
Dunkyboy1970: checks
RaisemyNut$: bets $3
Dunkyboy1970: folds
Uncalled bet ($3) returned to RaisemyNut$
RaisemyNut$ collected $11.76 from pot
RaisemyNut$: doesn't show hand
*** SUMMARY ***
Total pot $12 | Rake $0.24
Board [5s Th Kh]
Seat 5: Dunkyboy1970 (big blind) folded on the Flop
Seat 6: RaisemyNut$ (button) (small blind) collected ($11.76)


PokerStars Hand #170567143897:  Hold'em Limit ($3/$6 USD) - 2017/05/17 23:05:13 ET
Table 'Belisana' 6-max Seat #5 is the button
Seat 5: Dunkyboy1970 ($249.34 in chips)
Seat 6: RaisemyNut$ ($522.21 in chips)
Dunkyboy1970: posts small blind $1
RaisemyNut$: posts big blind $3
*** HOLE CARDS ***
Dunkyboy1970: raises $3 to $6
lotsbg leaves the table
RaisemyNut$: raises $3 to $9
Dunkyboy1970: calls $3
*** FLOP *** [5h 3d 4s]
RaisemyNut$: bets $3
Dunkyboy1970: calls $3
*** TURN *** [5h 3d 4s] [7d]
RaisemyNut$: bets $6
Dunkyboy1970: raises $6 to $12
RaisemyNut$: calls $6
*** RIVER *** [5h 3d 4s 7d] [4c]
RaisemyNut$: checks
Dunkyboy1970: bets $6
RaisemyNut$: calls $6
*** SHOW DOWN ***
Dunkyboy1970: shows [4h 6h] (a straight, Three to Seven)
RaisemyNut$: mucks hand
Dunkyboy1970 collected $59.50 from pot
*** SUMMARY ***
Total pot $60 | Rake $0.50
Board [5h 3d 4s 7d 4c]
Seat 5: Dunkyboy1970 (button) (small blind) showed [4h 6h] and won ($59.50) with a straight, Three to Seven
Seat 6: RaisemyNut$ (big blind) mucked


PokerStars Hand #170567151488:  Hold'em Limit ($3/$6 USD) - 2017/05/17 23:05:38 ET
Table 'Belisana' 6-max Seat #6 is the button
Seat 5: Dunkyboy1970 ($278.84 in chips)
Seat 6: RaisemyNut$ ($492.21 in chips)
RaisemyNut$: posts small blind $1
Dunkyboy1970: posts big blind $3
*** HOLE CARDS ***
RaisemyNut$: raises $3 to $6
Dunkyboy1970: calls $3
*** FLOP *** [9s Js 9h]
Dunkyboy1970: checks
RaisemyNut$: bets $3
Dunkyboy1970: folds
Uncalled bet ($3) returned to RaisemyNut$
RaisemyNut$ collected $11.76 from pot
RaisemyNut$: doesn't show hand
*** SUMMARY ***
Total pot $12 | Rake $0.24
Board [9s Js 9h]
Seat 5: Dunkyboy1970 (big blind) folded on the Flop
Seat 6: RaisemyNut$ (button) (small blind) collected ($11.76)


PokerStars Hand #170567160283:  Hold'em Limit ($3/$6 USD) - 2017/05/17 23:06:06 ET
Table 'Belisana' 6-max Seat #5 is the button
Seat 5: Dunkyboy1970 ($280.48 in chips)
Seat 6: RaisemyNut$ ($489.97 in chips)
Dunkyboy1970: posts small blind $1
RaisemyNut$: posts big blind $3
*** HOLE CARDS ***
Dunkyboy1970: folds
Uncalled bet ($2) returned to RaisemyNut$
RaisemyNut$ collected $2 from pot
RaisemyNut$: doesn't show hand
*** SUMMARY ***
Total pot $2 | Rake $0
Seat 5: Dunkyboy1970 (button) (small blind) folded before Flop
Seat 6: RaisemyNut$ (big blind) collected ($2)


PokerStars Hand #170567161865:  Hold'em Limit ($3/$6 USD) - 2017/05/17 23:06:11 ET
Table 'Belisana' 6-max Seat #6 is the button
Seat 5: Dunkyboy1970 ($279.48 in chips)
Seat 6: RaisemyNut$ ($490.97 in chips)
RaisemyNut$: posts small blind $1
Dunkyboy1970: posts big blind $3
*** HOLE CARDS ***
RaisemyNut$: raises $3 to $6
Dunkyboy1970: calls $3
*** FLOP *** [Qs Qc 9c]
Dunkyboy1970: bets $3
RaisemyNut$: calls $3
*** TURN *** [Qs Qc 9c] [8d]
Dunkyboy1970: bets $6
RaisemyNut$: calls $6
*** RIVER *** [Qs Qc 9c 8d] [5s]
Dunkyboy1970: checks
RaisemyNut$: checks
*** SHOW DOWN ***
Dunkyboy1970: shows [Jc 2h] (a pair of Queens)
RaisemyNut$: shows [Td Ah] (a pair of Queens - Ace kicker)
RaisemyNut$ collected $29.50 from pot
*** SUMMARY ***
Total pot $30 | Rake $0.50
Board [Qs Qc 9c 8d 5s]
Seat 5: Dunkyboy1970 (big blind) showed [Jc 2h] and lost with a pair of Queens
Seat 6: RaisemyNut$ (button) (small blind) showed [Td Ah] and won ($29.50) with a pair of Queens


PokerStars Hand #170567173125:  Hold'em Limit ($3/$6 USD) - 2017/05/17 23:06:28 ET
Table 'Belisana' 6-max Seat #5 is the button
Seat 5: Dunkyboy1970 ($264.48 in chips)
Seat 6: RaisemyNut$ ($505.47 in chips)
Dunkyboy1970: posts small blind $1
RaisemyNut$: posts big blind $3
*** HOLE CARDS ***
Dunkyboy1970: raises $3 to $6
RaisemyNut$: calls $3
*** FLOP *** [4d 6d 2h]
RaisemyNut$: checks
Dunkyboy1970: checks
*** TURN *** [4d 6d 2h] [3s]
RaisemyNut$: bets $6
Dunkyboy1970: calls $6
*** RIVER *** [4d 6d 2h 3s] [9h]
RaisemyNut$: checks
Dunkyboy1970: bets $6
RaisemyNut$: calls $6
*** SHOW DOWN ***
Dunkyboy1970: shows [7h 9c] (a pair of Nines)
RaisemyNut$: mucks hand
Dunkyboy1970 collected $35.50 from pot
*** SUMMARY ***
Total pot $36 | Rake $0.50
Board [4d 6d 2h 3s 9h]
Seat 5: Dunkyboy1970 (button) (small blind) showed [7h 9c] and won ($35.50) with a pair of Nines
Seat 6: RaisemyNut$ (big blind) mucked


PokerStars Hand #170567155700:  Hold'em Limit ($3/$6 USD) - 2017/05/17 23:05:52 ET
Table 'Belisana' 6-max Seat #6 is the button
Seat 5: Dunkyboy1970 ($271.84 in chips)
Seat 6: RaisemyNut$ ($498.97 in chips)
RaisemyNut$: posts small blind $1
Dunkyboy1970: posts big blind $3
*** HOLE CARDS ***
RaisemyNut$: raises $3 to $6
Dunkyboy1970: calls $3
*** FLOP *** [3h 5h Ks]
Dunkyboy1970: checks
RaisemyNut$: bets $3
Dunkyboy1970: calls $3
*** TURN *** [3h 5h Ks] [2h]
Dunkyboy1970: bets $6
RaisemyNut$: folds
Uncalled bet ($6) returned to Dunkyboy1970
Dunkyboy1970 collected $17.64 from pot
Dunkyboy1970: doesn't show hand
*** SUMMARY ***
Total pot $18 | Rake $0.36
Board [3h 5h Ks 2h]
Seat 5: Dunkyboy1970 (big blind) collected ($17.64)
Seat 6: RaisemyNut$ (button) (small blind) folded on the Turn


PokerStars Hand #170567178877:  Hold'em Limit ($3/$6 USD) - 2017/05/17 23:06:47 ET
Table 'Belisana' 6-max Seat #6 is the button
Seat 5: Dunkyboy1970 ($281.98 in chips)
Seat 6: RaisemyNut$ ($487.47 in chips)
RaisemyNut$: posts small blind $1
Dunkyboy1970: posts big blind $3
*** HOLE CARDS ***
RaisemyNut$: raises $3 to $6
Dunkyboy1970: calls $3
*** FLOP *** [Ah 4h 6h]
Dunkyboy1970: checks
RaisemyNut$: bets $3
Dunkyboy1970: folds
Uncalled bet ($3) returned to RaisemyNut$
RaisemyNut$ collected $11.76 from pot
RaisemyNut$: doesn't show hand
*** SUMMARY ***
Total pot $12 | Rake $0.24
Board [Ah 4h 6h]
Seat 5: Dunkyboy1970 (big blind) folded on the Flop
Seat 6: RaisemyNut$ (button) (small blind) collected ($11.76)


PokerStars Hand #170567181818:  Hold'em Limit ($3/$6 USD) - 2017/05/17 23:06:56 ET
Table 'Belisana' 6-max Seat #5 is the button
Seat 5: Dunkyboy1970 ($275.98 in chips)
Seat 6: RaisemyNut$ ($493.23 in chips)
Dunkyboy1970: posts small blind $1
RaisemyNut$: posts big blind $3
*** HOLE CARDS ***
Dunkyboy1970: raises $3 to $6
RaisemyNut$: raises $3 to $9
Dunkyboy1970: calls $3
*** FLOP *** [7s 5c Ac]
RaisemyNut$: bets $3
Dunkyboy1970: calls $3
*** TURN *** [7s 5c Ac] [5h]
RaisemyNut$: checks
Dunkyboy1970: bets $6
RaisemyNut$: calls $6
*** RIVER *** [7s 5c Ac 5h] [4s]
RaisemyNut$: checks
Dunkyboy1970: checks
*** SHOW DOWN ***
RaisemyNut$: shows [Kh Js] (a pair of Fives)
Dunkyboy1970: shows [Tc 7h] (two pair, Sevens and Fives)
Dunkyboy1970 collected $35.50 from pot
*** SUMMARY ***
Total pot $36 | Rake $0.50
Board [7s 5c Ac 5h 4s]
Seat 5: Dunkyboy1970 (button) (small blind) showed [Tc 7h] and won ($35.50) with two pair, Sevens and Fives
Seat 6: RaisemyNut$ (big blind) showed [Kh Js] and lost with a pair of Fives


PokerStars Hand #170567188438:  Hold'em Limit ($3/$6 USD) - 2017/05/17 23:07:18 ET
Table 'Belisana' 6-max Seat #6 is the button
Seat 5: Dunkyboy1970 ($293.48 in chips)
Seat 6: RaisemyNut$ ($475.23 in chips)
RaisemyNut$: posts small blind $1
Dunkyboy1970: posts big blind $3
*** HOLE CARDS ***
RaisemyNut$: raises $3 to $6
Dunkyboy1970: calls $3
*** FLOP *** [4c 9c Th]
Dunkyboy1970: checks
RaisemyNut$: bets $3
Dunkyboy1970: folds
Uncalled bet ($3) returned to RaisemyNut$
RaisemyNut$ collected $11.76 from pot
RaisemyNut$: doesn't show hand
*** SUMMARY ***
Total pot $12 | Rake $0.24
Board [4c 9c Th]
Seat 5: Dunkyboy1970 (big blind) folded on the Flop
Seat 6: RaisemyNut$ (button) (small blind) collected ($11.76)


PokerStars Hand #170567191203:  Hold'em Limit ($3/$6 USD) - 2017/05/17 23:07:27 ET
Table 'Belisana' 6-max Seat #5 is the button
Seat 5: Dunkyboy1970 ($287.48 in chips)
Seat 6: RaisemyNut$ ($480.99 in chips)
Dunkyboy1970: posts small blind $1
RaisemyNut$: posts big blind $3
*** HOLE CARDS ***
Dunkyboy1970: folds
Uncalled bet ($2) returned to RaisemyNut$
RaisemyNut$ collected $2 from pot
RaisemyNut$: doesn't show hand
*** SUMMARY ***
Total pot $2 | Rake $0
Seat 5: Dunkyboy1970 (button) (small blind) folded before Flop
Seat 6: RaisemyNut$ (big blind) collected ($2)


PokerStars Hand #170567192745:  Hold'em Limit ($3/$6 USD) - 2017/05/17 23:07:32 ET
Table 'Belisana' 6-max Seat #6 is the button
Seat 5: Dunkyboy1970 ($286.48 in chips)
Seat 6: RaisemyNut$ ($481.99 in chips)
RaisemyNut$: posts small blind $1
Dunkyboy1970: posts big blind $3
*** HOLE CARDS ***
RaisemyNut$: raises $3 to $6
Dunkyboy1970: calls $3
*** FLOP *** [5s 9h Jc]
Dunkyboy1970: checks
RaisemyNut$: bets $3
Dunkyboy1970: calls $3
*** TURN *** [5s 9h Jc] [Kh]
Dunkyboy1970: checks
RaisemyNut$: bets $6
Dunkyboy1970: calls $6
*** RIVER *** [5s 9h Jc Kh] [Ac]
Dunkyboy1970: checks
RaisemyNut$: checks
*** SHOW DOWN ***
Dunkyboy1970: shows [Jh 8c] (a pair of Jacks)
RaisemyNut$: shows [Jd 3d] (a pair of Jacks)
Dunkyboy1970 collected $14.75 from pot
RaisemyNut$ collected $14.75 from pot
*** SUMMARY ***
Total pot $30 | Rake $0.50
Board [5s 9h Jc Kh Ac]
Seat 5: Dunkyboy1970 (big blind) showed [Jh 8c] and won ($14.75) with a pair of Jacks
Seat 6: RaisemyNut$ (button) (small blind) showed [Jd 3d] and won ($14.75) with a pair of Jacks


PokerStars Hand #170567216431:  Hold'em Limit ($3/$6 USD) - 2017/05/17 23:08:49 ET
Table 'Belisana' 6-max Seat #5 is the button
Seat 5: Dunkyboy1970 ($289.73 in chips)
Seat 6: RaisemyNut$ ($477.24 in chips)
Dunkyboy1970: posts small blind $1
RaisemyNut$: posts big blind $3
*** HOLE CARDS ***
Dunkyboy1970: folds
Uncalled bet ($2) returned to RaisemyNut$
RaisemyNut$ collected $2 from pot
RaisemyNut$: doesn't show hand
*** SUMMARY ***
Total pot $2 | Rake $0
Seat 5: Dunkyboy1970 (button) (small blind) folded before Flop
Seat 6: RaisemyNut$ (big blind) collected ($2)


PokerStars Hand #170567203170:  Hold'em Limit ($3/$6 USD) - 2017/05/17 23:08:06 ET
Table 'Belisana' 6-max Seat #6 is the button
Seat 5: Dunkyboy1970 ($289.23 in chips)
Seat 6: RaisemyNut$ ($478.74 in chips)
RaisemyNut$: posts small blind $1
Dunkyboy1970: posts big blind $3
*** HOLE CARDS ***
RaisemyNut$: raises $3 to $6
Dunkyboy1970: calls $3
*** FLOP *** [Ad Qh 4h]
Dunkyboy1970: checks
RaisemyNut$: bets $3
Dunkyboy1970: calls $3
*** TURN *** [Ad Qh 4h] [Jc]
Dunkyboy1970: checks
RaisemyNut$: checks
*** RIVER *** [Ad Qh 4h Jc] [2s]
Dunkyboy1970: bets $6
RaisemyNut$: calls $6
*** SHOW DOWN ***
Dunkyboy1970: shows [Qs 8d] (a pair of Queens)
RaisemyNut$: mucks hand
Dunkyboy1970 collected $29.50 from pot
*** SUMMARY ***
Total pot $30 | Rake $0.50
Board [Ad Qh 4h Jc 2s]
Seat 5: Dunkyboy1970 (big blind) showed [Qs 8d] and won ($29.50) with a pair of Queens
Seat 6: RaisemyNut$ (button) (small blind) mucked


PokerStars Hand #170567214964:  Hold'em Limit ($3/$6 USD) - 2017/05/17 23:08:44 ET
Table 'Belisana' 6-max Seat #6 is the button
Seat 5: Dunkyboy1970 ($288.73 in chips)
Seat 6: RaisemyNut$ ($478.24 in chips)
RaisemyNut$: posts small blind $1
Dunkyboy1970: posts big blind $3
*** HOLE CARDS ***
RaisemyNut$: folds
Uncalled bet ($2) returned to Dunkyboy1970
Dunkyboy1970 collected $2 from pot
Dunkyboy1970: doesn't show hand
*** SUMMARY ***
Total pot $2 | Rake $0
Seat 5: Dunkyboy1970 (big blind) collected ($2)
Seat 6: RaisemyNut$ (button) (small blind) folded before Flop


PokerStars Hand #170567209550:  Hold'em Limit ($3/$6 USD) - 2017/05/17 23:08:27 ET
Table 'Belisana' 6-max Seat #5 is the button
Seat 5: Dunkyboy1970 ($303.73 in chips)
Seat 6: RaisemyNut$ ($463.74 in chips)
Dunkyboy1970: posts small blind $1
RaisemyNut$: posts big blind $3
*** HOLE CARDS ***
Dunkyboy1970: raises $3 to $6
RaisemyNut$: raises $3 to $9
Dunkyboy1970: calls $3
*** FLOP *** [Ts Tc 8c]
RaisemyNut$: checks
Dunkyboy1970: checks
*** TURN *** [Ts Tc 8c] [2d]
RaisemyNut$: bets $6
Dunkyboy1970: calls $6
*** RIVER *** [Ts Tc 8c 2d] [2c]
RaisemyNut$: checks
Dunkyboy1970: checks
*** SHOW DOWN ***
RaisemyNut$: shows [Jd Qh] (two pair, Tens and Deuces)
Dunkyboy1970: mucks hand
RaisemyNut$ collected $29.50 from pot
*** SUMMARY ***
Total pot $30 | Rake $0.50
Board [Ts Tc 8c 2d 2c]
Seat 5: Dunkyboy1970 (button) (small blind) mucked
Seat 6: RaisemyNut$ (big blind) showed [Jd Qh] and won ($29.50) with two pair, Tens and Deuces


PokerStars Hand #170567200881:  Hold'em Limit ($3/$6 USD) - 2017/05/17 23:07:58 ET
Table 'Belisana' 6-max Seat #5 is the button
Seat 5: Dunkyboy1970 ($286.23 in chips)
Seat 6: RaisemyNut$ ($481.74 in chips)
Dunkyboy1970: posts small blind $1
RaisemyNut$: posts big blind $3
*** HOLE CARDS ***
Dunkyboy1970: raises $3 to $6
RaisemyNut$: folds
Uncalled bet ($3) returned to Dunkyboy1970
Dunkyboy1970 collected $6 from pot
Dunkyboy1970: doesn't show hand
*** SUMMARY ***
Total pot $6 | Rake $0
Seat 5: Dunkyboy1970 (button) (small blind) collected ($6)
Seat 6: RaisemyNut$ (big blind) folded before Flop


PokerStars Hand #170567223486:  Hold'em Limit ($3/$6 USD) - 2017/05/17 23:09:12 ET
Table 'Belisana' 6-max Seat #5 is the button
Seat 5: Dunkyboy1970 ($297.37 in chips)
Seat 6: RaisemyNut$ ($469.24 in chips)
Dunkyboy1970: posts small blind $1
RaisemyNut$: posts big blind $3
*** HOLE CARDS ***
Dunkyboy1970: folds
Uncalled bet ($2) returned to RaisemyNut$
RaisemyNut$ collected $2 from pot
RaisemyNut$: doesn't show hand
*** SUMMARY ***
Total pot $2 | Rake $0
Seat 5: Dunkyboy1970 (button) (small blind) folded before Flop
Seat 6: RaisemyNut$ (big blind) collected ($2)


PokerStars Hand #170567217933:  Hold'em Limit ($3/$6 USD) - 2017/05/17 23:08:54 ET
Table 'Belisana' 6-max Seat #6 is the button
Seat 5: Dunkyboy1970 ($288.73 in chips)
Seat 6: RaisemyNut$ ($478.24 in chips)
RaisemyNut$: posts small blind $1
Dunkyboy1970: posts big blind $3
*** HOLE CARDS ***
RaisemyNut$: raises $3 to $6
Dunkyboy1970: calls $3
*** FLOP *** [9h 4c Kc]
Dunkyboy1970: checks
RaisemyNut$: bets $3
Dunkyboy1970: calls $3
*** TURN *** [9h 4c Kc] [Jh]
Dunkyboy1970: checks
RaisemyNut$: checks
*** RIVER *** [9h 4c Kc Jh] [7h]
Dunkyboy1970: bets $6
RaisemyNut$: folds
Uncalled bet ($6) returned to Dunkyboy1970
Dunkyboy1970 collected $17.64 from pot
Dunkyboy1970: doesn't show hand
*** SUMMARY ***
Total pot $18 | Rake $0.36
Board [9h 4c Kc Jh 7h]
Seat 5: Dunkyboy1970 (big blind) collected ($17.64)
Seat 6: RaisemyNut$ (button) (small blind) folded on the River


PokerStars Hand #170567231098:  Hold'em Limit ($3/$6 USD) - 2017/05/17 23:09:36 ET
Table 'Belisana' 6-max Seat #5 is the button
Seat 5: Dunkyboy1970 ($296.12 in chips)
Seat 6: RaisemyNut$ ($469.99 in chips)
Dunkyboy1970: posts small blind $1
RaisemyNut$: posts big blind $3
*** HOLE CARDS ***
Dunkyboy1970: folds
Uncalled bet ($2) returned to RaisemyNut$
RaisemyNut$ collected $2 from pot
RaisemyNut$: doesn't show hand
*** SUMMARY ***
Total pot $2 | Rake $0
Seat 5: Dunkyboy1970 (button) (small blind) folded before Flop
Seat 6: RaisemyNut$ (big blind) collected ($2)


PokerStars Hand #170567224927:  Hold'em Limit ($3/$6 USD) - 2017/05/17 23:09:17 ET
Table 'Belisana' 6-max Seat #6 is the button
Seat 5: Dunkyboy1970 ($296.37 in chips)
Seat 6: RaisemyNut$ ($470.24 in chips)
RaisemyNut$: posts small blind $1
Dunkyboy1970: posts big blind $3
*** HOLE CARDS ***
RaisemyNut$: raises $3 to $6
Dunkyboy1970: calls $3
*** FLOP *** [8h Ac 2s]
Dunkyboy1970: checks
RaisemyNut$: bets $3
Dunkyboy1970: calls $3
*** TURN *** [8h Ac 2s] [2d]
Dunkyboy1970: checks
RaisemyNut$: bets $6
Dunkyboy1970: calls $6
*** RIVER *** [8h Ac 2s 2d] [8s]
Dunkyboy1970: checks
RaisemyNut$: checks
*** SHOW DOWN ***
Dunkyboy1970: shows [Kd Jc] (two pair, Eights and Deuces)
RaisemyNut$: shows [5h Jd] (two pair, Eights and Deuces)
Dunkyboy1970 collected $14.75 from pot
RaisemyNut$ collected $14.75 from pot
*** SUMMARY ***
Total pot $30 | Rake $0.50
Board [8h Ac 2s 2d 8s]
Seat 5: Dunkyboy1970 (big blind) showed [Kd Jc] and won ($14.75) with two pair, Eights and Deuces
Seat 6: RaisemyNut$ (button) (small blind) showed [5h Jd] and won ($14.75) with two pair, Eights and Deuces


PokerStars Hand #170567232563:  Hold'em Limit ($3/$6 USD) - 2017/05/17 23:09:41 ET
Table 'Belisana' 6-max Seat #6 is the button
Seat 5: Dunkyboy1970 ($295.12 in chips)
Seat 6: RaisemyNut$ ($470.99 in chips)
RaisemyNut$: posts small blind $1
Dunkyboy1970: posts big blind $3
*** HOLE CARDS ***
RaisemyNut$: raises $3 to $6
Dunkyboy1970: calls $3
*** FLOP *** [Qd Ks Td]
Dunkyboy1970: checks
RaisemyNut$: bets $3
Dunkyboy1970: calls $3
*** TURN *** [Qd Ks Td] [3s]
Dunkyboy1970: checks
RaisemyNut$: bets $6
Dunkyboy1970: calls $6
*** RIVER *** [Qd Ks Td 3s] [7d]
Dunkyboy1970: checks
RaisemyNut$: bets $6
Dunkyboy1970: folds
Uncalled bet ($6) returned to RaisemyNut$
RaisemyNut$ collected $29.50 from pot
RaisemyNut$: doesn't show hand
*** SUMMARY ***
Total pot $30 | Rake $0.50
Board [Qd Ks Td 3s 7d]
Seat 5: Dunkyboy1970 (big blind) folded on the River
Seat 6: RaisemyNut$ (button) (small blind) collected ($29.50)


PokerStars Hand #170567240216:  Hold'em Limit ($3/$6 USD) - 2017/05/17 23:10:06 ET
Table 'Belisana' 6-max Seat #6 is the button
Seat 5: Dunkyboy1970 ($279.12 in chips)
Seat 6: RaisemyNut$ ($486.49 in chips)
RaisemyNut$: posts small blind $1
Dunkyboy1970: posts big blind $3
*** HOLE CARDS ***
RaisemyNut$: raises $3 to $6
Dunkyboy1970: calls $3
*** FLOP *** [4d 2s 4h]
Dunkyboy1970: bets $3
RaisemyNut$: raises $3 to $6
Dunkyboy1970: calls $3
*** TURN *** [4d 2s 4h] [3c]
Dunkyboy1970: checks
RaisemyNut$: bets $6
Dunkyboy1970: folds
Uncalled bet ($6) returned to RaisemyNut$
RaisemyNut$ collected $23.52 from pot
RaisemyNut$: doesn't show hand
*** SUMMARY ***
Total pot $24 | Rake $0.48
Board [4d 2s 4h 3c]
Seat 5: Dunkyboy1970 (big blind) folded on the Turn
Seat 6: RaisemyNut$ (button) (small blind) collected ($23.52)


PokerStars Hand #170567244367:  Hold'em Limit ($3/$6 USD) - 2017/05/17 23:10:20 ET
Table 'Belisana' 6-max Seat #5 is the button
Seat 5: Dunkyboy1970 ($267.12 in chips)
Seat 6: RaisemyNut$ ($498.01 in chips)
Dunkyboy1970: posts small blind $1
RaisemyNut$: posts big blind $3
*** HOLE CARDS ***
Dunkyboy1970: raises $3 to $6
RaisemyNut$: calls $3
*** FLOP *** [7s 2d Th]
RaisemyNut$: checks
Dunkyboy1970: bets $3
RaisemyNut$: calls $3
*** TURN *** [7s 2d Th] [3s]
RaisemyNut$: checks
Dunkyboy1970: bets $6
RaisemyNut$: folds
Uncalled bet ($6) returned to Dunkyboy1970
Dunkyboy1970 collected $17.64 from pot
Dunkyboy1970: doesn't show hand
*** SUMMARY ***
Total pot $18 | Rake $0.36
Board [7s 2d Th 3s]
Seat 5: Dunkyboy1970 (button) (small blind) collected ($17.64)
Seat 6: RaisemyNut$ (big blind) folded on the Turn


PokerStars Hand #170567249246:  Hold'em Limit ($3/$6 USD) - 2017/05/17 23:10:36 ET
Table 'Belisana' 6-max Seat #6 is the button
Seat 5: Dunkyboy1970 ($275.76 in chips)
Seat 6: RaisemyNut$ ($489.01 in chips)
RaisemyNut$: posts small blind $1
Dunkyboy1970: posts big blind $3
*** HOLE CARDS ***
RaisemyNut$: raises $3 to $6
Dunkyboy1970: folds
Uncalled bet ($3) returned to RaisemyNut$
RaisemyNut$ collected $6 from pot
RaisemyNut$: doesn't show hand
*** SUMMARY ***
Total pot $6 | Rake $0
Seat 5: Dunkyboy1970 (big blind) folded before Flop
Seat 6: RaisemyNut$ (button) (small blind) collected ($6)


PokerStars Hand #170567251269:  Hold'em Limit ($3/$6 USD) - 2017/05/17 23:10:42 ET
Table 'Belisana' 6-max Seat #5 is the button
Seat 5: Dunkyboy1970 ($272.76 in chips)
Seat 6: RaisemyNut$ ($492.01 in chips)
Dunkyboy1970: posts small blind $1
RaisemyNut$: posts big blind $3
*** HOLE CARDS ***
Dunkyboy1970: raises $3 to $6
RaisemyNut$: raises $3 to $9
Dunkyboy1970: calls $3
*** FLOP *** [7c 8c 2c]
RaisemyNut$: bets $3
Dunkyboy1970: calls $3
*** TURN *** [7c 8c 2c] [Th]
RaisemyNut$: bets $6
Dunkyboy1970: calls $6
*** RIVER *** [7c 8c 2c Th] [3d]
RaisemyNut$: checks
Dunkyboy1970: bets $6
RaisemyNut$: raises $6 to $12
Dunkyboy1970: calls $6
*** SHOW DOWN ***
RaisemyNut$: shows [Ac Jc] (a flush, Ace high)
Dunkyboy1970: mucks hand
RaisemyNut$ collected $59.50 from pot
*** SUMMARY ***
Total pot $60 | Rake $0.50
Board [7c 8c 2c Th 3d]
Seat 5: Dunkyboy1970 (button) (small blind) mucked
Seat 6: RaisemyNut$ (big blind) showed [Ac Jc] and won ($59.50) with a flush, Ace high


PokerStars Hand #170567238663:  Hold'em Limit ($3/$6 USD) - 2017/05/17 23:10:01 ET
Table 'Belisana' 6-max Seat #5 is the button
Seat 5: Dunkyboy1970 ($280.12 in chips)
Seat 6: RaisemyNut$ ($485.49 in chips)
Dunkyboy1970: posts small blind $1
RaisemyNut$: posts big blind $3
*** HOLE CARDS ***
Dunkyboy1970: folds
Uncalled bet ($2) returned to RaisemyNut$
RaisemyNut$ collected $2 from pot
RaisemyNut$: doesn't show hand
*** SUMMARY ***
Total pot $2 | Rake $0
Seat 5: Dunkyboy1970 (button) (small blind) folded before Flop
Seat 6: RaisemyNut$ (big blind) collected ($2)


PokerStars Hand #170567257235:  Hold'em Limit ($3/$6 USD) - 2017/05/17 23:11:02 ET
Table 'Belisana' 6-max Seat #6 is the button
Seat 5: Dunkyboy1970 ($242.76 in chips)
Seat 6: RaisemyNut$ ($521.51 in chips)
RaisemyNut$: posts small blind $1
Dunkyboy1970: posts big blind $3
*** HOLE CARDS ***
RaisemyNut$: raises $3 to $6
Dunkyboy1970: calls $3
*** FLOP *** [6c Ah Qh]
Dunkyboy1970: checks
RaisemyNut$: bets $3
Dunkyboy1970: folds
Uncalled bet ($3) returned to RaisemyNut$
RaisemyNut$ collected $11.76 from pot
RaisemyNut$: doesn't show hand
*** SUMMARY ***
Total pot $12 | Rake $0.24
Board [6c Ah Qh]
Seat 5: Dunkyboy1970 (big blind) folded on the Flop
Seat 6: RaisemyNut$ (button) (small blind) collected ($11.76)


PokerStars Hand #170567261773:  Hold'em Limit ($3/$6 USD) - 2017/05/17 23:11:16 ET
Table 'Belisana' 6-max Seat #6 is the button
Seat 5: Dunkyboy1970 ($235.76 in chips)
Seat 6: RaisemyNut$ ($528.27 in chips)
RaisemyNut$: posts small blind $1
Dunkyboy1970: posts big blind $3
*** HOLE CARDS ***
RaisemyNut$: folds
Uncalled bet ($2) returned to Dunkyboy1970
Dunkyboy1970 collected $2 from pot
Dunkyboy1970: doesn't show hand
*** SUMMARY ***
Total pot $2 | Rake $0
Seat 5: Dunkyboy1970 (big blind) collected ($2)
Seat 6: RaisemyNut$ (button) (small blind) folded before Flop


PokerStars Hand #170567260334:  Hold'em Limit ($3/$6 USD) - 2017/05/17 23:11:12 ET
Table 'Belisana' 6-max Seat #5 is the button
Seat 5: Dunkyboy1970 ($236.76 in chips)
Seat 6: RaisemyNut$ ($527.27 in chips)
Dunkyboy1970: posts small blind $1
RaisemyNut$: posts big blind $3
*** HOLE CARDS ***
Dunkyboy1970: folds
Uncalled bet ($2) returned to RaisemyNut$
RaisemyNut$ collected $2 from pot
RaisemyNut$: doesn't show hand
*** SUMMARY ***
Total pot $2 | Rake $0
Seat 5: Dunkyboy1970 (button) (small blind) folded before Flop
Seat 6: RaisemyNut$ (big blind) collected ($2)


PokerStars Hand #170567263274:  Hold'em Limit ($3/$6 USD) - 2017/05/17 23:11:21 ET
Table 'Belisana' 6-max Seat #5 is the button
Seat 5: Dunkyboy1970 ($236.76 in chips)
Seat 6: RaisemyNut$ ($527.27 in chips)
Dunkyboy1970: posts small blind $1
RaisemyNut$: posts big blind $3
*** HOLE CARDS ***
Dunkyboy1970: raises $3 to $6
RaisemyNut$: raises $3 to $9
Dunkyboy1970: calls $3
*** FLOP *** [Kc Qc 2h]
RaisemyNut$: bets $3
Dunkyboy1970: folds
Uncalled bet ($3) returned to RaisemyNut$
RaisemyNut$ collected $17.64 from pot
RaisemyNut$: doesn't show hand
*** SUMMARY ***
Total pot $18 | Rake $0.36
Board [Kc Qc 2h]
Seat 5: Dunkyboy1970 (button) (small blind) folded on the Flop
Seat 6: RaisemyNut$ (big blind) collected ($17.64)


PokerStars Hand #170567266264:  Hold'em Limit ($3/$6 USD) - 2017/05/17 23:11:31 ET
Table 'Belisana' 6-max Seat #6 is the button
Seat 5: Dunkyboy1970 ($227.76 in chips)
Seat 6: RaisemyNut$ ($535.91 in chips)
RaisemyNut$: posts small blind $1
Dunkyboy1970: posts big blind $3
*** HOLE CARDS ***
RaisemyNut$: raises $3 to $6
Dunkyboy1970: calls $3
*** FLOP *** [Ks 3d Qd]
Dunkyboy1970: checks
RaisemyNut$: bets $3
Dunkyboy1970: folds
Uncalled bet ($3) returned to RaisemyNut$
RaisemyNut$ collected $11.76 from pot
RaisemyNut$: doesn't show hand
*** SUMMARY ***
Total pot $12 | Rake $0.24
Board [Ks 3d Qd]
Seat 5: Dunkyboy1970 (big blind) folded on the Flop
Seat 6: RaisemyNut$ (button) (small blind) collected ($11.76)


PokerStars Hand #170567268893:  Hold'em Limit ($3/$6 USD) - 2017/05/17 23:11:40 ET
Table 'Belisana' 6-max Seat #5 is the button
Seat 5: Dunkyboy1970 ($221.76 in chips)
Seat 6: RaisemyNut$ ($541.67 in chips)
Dunkyboy1970: posts small blind $1
RaisemyNut$: posts big blind $3
*** HOLE CARDS ***
Dunkyboy1970: raises $3 to $6
RaisemyNut$: calls $3
*** FLOP *** [9s Qs 6h]
RaisemyNut$: checks
Dunkyboy1970: bets $3
RaisemyNut$: calls $3
*** TURN *** [9s Qs 6h] [Jh]
RaisemyNut$: checks
Dunkyboy1970: bets $6
RaisemyNut$: calls $6
*** RIVER *** [9s Qs 6h Jh] [Qh]
RaisemyNut$: checks
Dunkyboy1970: bets $6
RaisemyNut$: folds
Uncalled bet ($6) returned to Dunkyboy1970
Dunkyboy1970 collected $29.50 from pot
Dunkyboy1970: doesn't show hand
*** SUMMARY ***
Total pot $30 | Rake $0.50
Board [9s Qs 6h Jh Qh]
Seat 5: Dunkyboy1970 (button) (small blind) collected ($29.50)
Seat 6: RaisemyNut$ (big blind) folded on the River


PokerStars Hand #170567276248:  Hold'em Limit ($3/$6 USD) - 2017/05/17 23:12:03 ET
Table 'Belisana' 6-max Seat #5 is the button
Seat 5: Dunkyboy1970 ($233.26 in chips)
Seat 6: RaisemyNut$ ($529.67 in chips)
Dunkyboy1970: posts small blind $1
RaisemyNut$: posts big blind $3
*** HOLE CARDS ***
Dunkyboy1970: raises $3 to $6
RaisemyNut$: calls $3
*** FLOP *** [4h Td Kd]
RaisemyNut$: checks
Dunkyboy1970: bets $3
RaisemyNut$: folds
Uncalled bet ($3) returned to Dunkyboy1970
Dunkyboy1970 collected $11.76 from pot
Dunkyboy1970: doesn't show hand
*** SUMMARY ***
Total pot $12 | Rake $0.24
Board [4h Td Kd]
Seat 5: Dunkyboy1970 (button) (small blind) collected ($11.76)
Seat 6: RaisemyNut$ (big blind) folded on the Flop


PokerStars Hand #170567282174:  Hold'em Limit ($3/$6 USD) - 2017/05/17 23:12:23 ET
Table 'Belisana' 6-max Seat #5 is the button
Seat 5: Dunkyboy1970 ($240.02 in chips)
Seat 6: RaisemyNut$ ($522.67 in chips)
Dunkyboy1970: posts small blind $1
RaisemyNut$: posts big blind $3
*** HOLE CARDS ***
Dunkyboy1970: folds
Uncalled bet ($2) returned to RaisemyNut$
RaisemyNut$ collected $2 from pot
RaisemyNut$: doesn't show hand
*** SUMMARY ***
Total pot $2 | Rake $0
Seat 5: Dunkyboy1970 (button) (small blind) folded before Flop
Seat 6: RaisemyNut$ (big blind) collected ($2)


PokerStars Hand #170567280151:  Hold'em Limit ($3/$6 USD) - 2017/05/17 23:12:16 ET
Table 'Belisana' 6-max Seat #6 is the button
Seat 5: Dunkyboy1970 ($239.02 in chips)
Seat 6: RaisemyNut$ ($523.67 in chips)
RaisemyNut$: posts small blind $1
Dunkyboy1970: posts big blind $3
*** HOLE CARDS ***
RaisemyNut$: folds
Uncalled bet ($2) returned to Dunkyboy1970
Dunkyboy1970 collected $2 from pot
Dunkyboy1970: doesn't show hand
*** SUMMARY ***
Total pot $2 | Rake $0
Seat 5: Dunkyboy1970 (big blind) collected ($2)
Seat 6: RaisemyNut$ (button) (small blind) folded before Flop


PokerStars Hand #170567283699:  Hold'em Limit ($3/$6 USD) - 2017/05/17 23:12:28 ET
Table 'Belisana' 6-max Seat #6 is the button
Seat 5: Dunkyboy1970 ($239.02 in chips)
Seat 6: RaisemyNut$ ($523.67 in chips)
RaisemyNut$: posts small blind $1
Dunkyboy1970: posts big blind $3
*** HOLE CARDS ***
RaisemyNut$: raises $3 to $6
Dunkyboy1970: raises $3 to $9
RaisemyNut$: calls $3
*** FLOP *** [Jc 5s 6c]
Dunkyboy1970: bets $3
RaisemyNut$: calls $3
*** TURN *** [Jc 5s 6c] [7s]
Dunkyboy1970: bets $6
RaisemyNut$: raises $6 to $12
Dunkyboy1970: calls $6
*** RIVER *** [Jc 5s 6c 7s] [7d]
Dunkyboy1970: checks
RaisemyNut$: bets $6
Dunkyboy1970: calls $6
*** SHOW DOWN ***
RaisemyNut$: shows [8h Jd] (two pair, Jacks and Sevens)
Dunkyboy1970: mucks hand
RaisemyNut$ collected $59.50 from pot
*** SUMMARY ***
Total pot $60 | Rake $0.50
Board [Jc 5s 6c 7s 7d]
Seat 5: Dunkyboy1970 (big blind) mucked
Seat 6: RaisemyNut$ (button) (small blind) showed [8h Jd] and won ($59.50) with two pair, Jacks and Sevens


PokerStars Hand #170567274728:  Hold'em Limit ($3/$6 USD) - 2017/05/17 23:11:59 ET
Table 'Belisana' 6-max Seat #6 is the button
Seat 5: Dunkyboy1970 ($236.26 in chips)
Seat 6: RaisemyNut$ ($526.67 in chips)
RaisemyNut$: posts small blind $1
Dunkyboy1970: posts big blind $3
*** HOLE CARDS ***
RaisemyNut$: raises $3 to $6
Dunkyboy1970: folds
Uncalled bet ($3) returned to RaisemyNut$
RaisemyNut$ collected $6 from pot
RaisemyNut$: doesn't show hand
*** SUMMARY ***
Total pot $6 | Rake $0
Seat 5: Dunkyboy1970 (big blind) folded before Flop
Seat 6: RaisemyNut$ (button) (small blind) collected ($6)


PokerStars Hand #170567295732:  Hold'em Limit ($3/$6 USD) - 2017/05/17 23:13:07 ET
Table 'Belisana' 6-max Seat #6 is the button
Seat 5: Dunkyboy1970 ($232.52 in chips)
Seat 6: RaisemyNut$ ($529.17 in chips)
RaisemyNut$: posts small blind $1
Dunkyboy1970: posts big blind $3
*** HOLE CARDS ***
RaisemyNut$: raises $3 to $6
Dunkyboy1970: calls $3
*** FLOP *** [Qd 2c 7s]
Dunkyboy1970: checks
RaisemyNut$: bets $3
Dunkyboy1970: calls $3
*** TURN *** [Qd 2c 7s] [9c]
Dunkyboy1970: checks
RaisemyNut$: bets $6
Dunkyboy1970: calls $6
*** RIVER *** [Qd 2c 7s 9c] [Ah]
Dunkyboy1970: checks
RaisemyNut$: bets $6
Dunkyboy1970: folds
Uncalled bet ($6) returned to RaisemyNut$
RaisemyNut$ collected $29.50 from pot
RaisemyNut$: doesn't show hand
*** SUMMARY ***
Total pot $30 | Rake $0.50
Board [Qd 2c 7s 9c Ah]
Seat 5: Dunkyboy1970 (big blind) folded on the River
Seat 6: RaisemyNut$ (button) (small blind) collected ($29.50)


PokerStars Hand #170567303776:  Hold'em Limit ($3/$6 USD) - 2017/05/17 23:13:33 ET
Table 'Belisana' 6-max Seat #6 is the button
Seat 5: Dunkyboy1970 ($223.28 in chips)
Seat 6: RaisemyNut$ ($537.67 in chips)
RaisemyNut$: posts small blind $1
Dunkyboy1970: posts big blind $3
*** HOLE CARDS ***
RaisemyNut$: raises $3 to $6
Dunkyboy1970: folds
Uncalled bet ($3) returned to RaisemyNut$
RaisemyNut$ collected $6 from pot
RaisemyNut$: doesn't show hand
*** SUMMARY ***
Total pot $6 | Rake $0
Seat 5: Dunkyboy1970 (big blind) folded before Flop
Seat 6: RaisemyNut$ (button) (small blind) collected ($6)


PokerStars Hand #170567300473:  Hold'em Limit ($3/$6 USD) - 2017/05/17 23:13:22 ET
Table 'Belisana' 6-max Seat #5 is the button
Seat 5: Dunkyboy1970 ($217.52 in chips)
Seat 6: RaisemyNut$ ($543.67 in chips)
Dunkyboy1970: posts small blind $1
RaisemyNut$: posts big blind $3
*** HOLE CARDS ***
Dunkyboy1970: raises $3 to $6
RaisemyNut$: calls $3
*** FLOP *** [6h Ah 5d]
RaisemyNut$: checks
Dunkyboy1970: bets $3
RaisemyNut$: folds
Uncalled bet ($3) returned to Dunkyboy1970
Dunkyboy1970 collected $11.76 from pot
Dunkyboy1970: doesn't show hand
*** SUMMARY ***
Total pot $12 | Rake $0.24
Board [6h Ah 5d]
Seat 5: Dunkyboy1970 (button) (small blind) collected ($11.76)
Seat 6: RaisemyNut$ (big blind) folded on the Flop


PokerStars Hand #170567305257:  Hold'em Limit ($3/$6 USD) - 2017/05/17 23:13:38 ET
Table 'Belisana' 6-max Seat #5 is the button
Seat 5: Dunkyboy1970 ($220.28 in chips)
Seat 6: RaisemyNut$ ($540.67 in chips)
Dunkyboy1970: posts small blind $1
RaisemyNut$: posts big blind $3
*** HOLE CARDS ***
Dunkyboy1970: raises $3 to $6
RaisemyNut$: calls $3
*** FLOP *** [8h 6d 3c]
RaisemyNut$: checks
Dunkyboy1970: bets $3
RaisemyNut$: raises $3 to $6
Dunkyboy1970: calls $3
*** TURN *** [8h 6d 3c] [Ac]
RaisemyNut$: bets $6
Dunkyboy1970: calls $6
*** RIVER *** [8h 6d 3c Ac] [Kd]
RaisemyNut$: bets $6
Dunkyboy1970: calls $6
*** SHOW DOWN ***
RaisemyNut$: shows [8s Qc] (a pair of Eights)
Dunkyboy1970: mucks hand
RaisemyNut$ collected $47.50 from pot
*** SUMMARY ***
Total pot $48 | Rake $0.50
Board [8h 6d 3c Ac Kd]
Seat 5: Dunkyboy1970 (button) (small blind) mucked
Seat 6: RaisemyNut$ (big blind) showed [8s Qc] and won ($47.50) with a pair of Eights


PokerStars Hand #170567291117:  Hold'em Limit ($3/$6 USD) - 2017/05/17 23:12:52 ET
Table 'Belisana' 6-max Seat #5 is the button
Seat 5: Dunkyboy1970 ($209.02 in chips)
Seat 6: RaisemyNut$ ($553.17 in chips)
Dunkyboy1970: posts small blind $1
RaisemyNut$: posts big blind $3
*** HOLE CARDS ***
Dunkyboy1970: raises $3 to $6
RaisemyNut$: raises $3 to $9
Dunkyboy1970: calls $3
*** FLOP *** [Qc 9c 3s]
RaisemyNut$: bets $3
Dunkyboy1970: calls $3
*** TURN *** [Qc 9c 3s] [5c]
RaisemyNut$: bets $6
Dunkyboy1970: calls $6
*** RIVER *** [Qc 9c 3s 5c] [5d]
RaisemyNut$: bets $6
Dunkyboy1970: calls $6
*** SHOW DOWN ***
RaisemyNut$: shows [Tc Js] (a pair of Fives)
Dunkyboy1970: shows [9d 6d] (two pair, Nines and Fives)
Dunkyboy1970 collected $47.50 from pot
*** SUMMARY ***
Total pot $48 | Rake $0.50
Board [Qc 9c 3s 5c 5d]
Seat 5: Dunkyboy1970 (button) (small blind) showed [9d 6d] and won ($47.50) with two pair, Nines and Fives
Seat 6: RaisemyNut$ (big blind) showed [Tc Js] and lost with a pair of Fives


PokerStars Hand #170567310551:  Hold'em Limit ($3/$6 USD) - 2017/05/17 23:13:55 ET
Table 'Belisana' 6-max Seat #6 is the button
Seat 5: Dunkyboy1970 ($196.28 in chips)
Seat 6: RaisemyNut$ ($564.17 in chips)
RaisemyNut$: posts small blind $1
Dunkyboy1970: posts big blind $3
*** HOLE CARDS ***
RaisemyNut$: raises $3 to $6
Dunkyboy1970: raises $3 to $9
RaisemyNut$: calls $3
*** FLOP *** [Kd 2s Ts]
Dunkyboy1970: bets $3
RaisemyNut$: folds
Uncalled bet ($3) returned to Dunkyboy1970
Dunkyboy1970 collected $17.64 from pot
Dunkyboy1970: doesn't show hand
*** SUMMARY ***
Total pot $18 | Rake $0.36
Board [Kd 2s Ts]
Seat 5: Dunkyboy1970 (big blind) collected ($17.64)
Seat 6: RaisemyNut$ (button) (small blind) folded on the Flop


PokerStars Hand #170567325710:  Hold'em Limit ($3/$6 USD) - 2017/05/17 23:14:45 ET
Table 'Belisana' 6-max Seat #6 is the button
Seat 5: Dunkyboy1970 ($251.92 in chips)
Seat 6: RaisemyNut$ ($507.17 in chips)
RaisemyNut$: posts small blind $1
Dunkyboy1970: posts big blind $3
*** HOLE CARDS ***
RaisemyNut$: raises $3 to $6
Dunkyboy1970: calls $3
*** FLOP *** [4h 3s 6d]
Dunkyboy1970: bets $3
RaisemyNut$: calls $3
*** TURN *** [4h 3s 6d] [2s]
Dunkyboy1970: bets $6
RaisemyNut$: raises $6 to $12
Dunkyboy1970: folds
Uncalled bet ($6) returned to RaisemyNut$
RaisemyNut$ collected $29.50 from pot
RaisemyNut$: doesn't show hand
*** SUMMARY ***
Total pot $30 | Rake $0.50
Board [4h 3s 6d 2s]
Seat 5: Dunkyboy1970 (big blind) folded on the Turn
Seat 6: RaisemyNut$ (button) (small blind) collected ($29.50)


PokerStars Hand #170567318392:  Hold'em Limit ($3/$6 USD) - 2017/05/17 23:14:21 ET
Table 'Belisana' 6-max Seat #6 is the button
Seat 5: Dunkyboy1970 ($219.42 in chips)
Seat 6: RaisemyNut$ ($540.17 in chips)
RaisemyNut$: posts small blind $1
Dunkyboy1970: posts big blind $3
*** HOLE CARDS ***
RaisemyNut$: raises $3 to $6
Dunkyboy1970: raises $3 to $9
RaisemyNut$: calls $3
*** FLOP *** [6h Td 7d]
Dunkyboy1970: bets $3
RaisemyNut$: calls $3
*** TURN *** [6h Td 7d] [2h]
Dunkyboy1970: bets $6
RaisemyNut$: raises $6 to $12
Dunkyboy1970: calls $6
*** RIVER *** [6h Td 7d 2h] [As]
Dunkyboy1970: bets $6
RaisemyNut$: calls $6
*** SHOW DOWN ***
Dunkyboy1970: shows [Ac 8d] (a pair of Aces)
RaisemyNut$: mucks hand
Dunkyboy1970 collected $59.50 from pot
*** SUMMARY ***
Total pot $60 | Rake $0.50
Board [6h Td 7d 2h As]
Seat 5: Dunkyboy1970 (big blind) showed [Ac 8d] and won ($59.50) with a pair of Aces
Seat 6: RaisemyNut$ (button) (small blind) mucked


PokerStars Hand #170567324111:  Hold'em Limit ($3/$6 USD) - 2017/05/17 23:14:40 ET
Table 'Belisana' 6-max Seat #5 is the button
Seat 5: Dunkyboy1970 ($248.92 in chips)
Seat 6: RaisemyNut$ ($510.17 in chips)
Dunkyboy1970: posts small blind $1
RaisemyNut$: posts big blind $3
*** HOLE CARDS ***
Dunkyboy1970: raises $3 to $6
RaisemyNut$: folds
Uncalled bet ($3) returned to Dunkyboy1970
Dunkyboy1970 collected $6 from pot
Dunkyboy1970: doesn't show hand
*** SUMMARY ***
Total pot $6 | Rake $0
Seat 5: Dunkyboy1970 (button) (small blind) collected ($6)
Seat 6: RaisemyNut$ (big blind) folded before Flop


PokerStars Hand #170567313932:  Hold'em Limit ($3/$6 USD) - 2017/05/17 23:14:06 ET
Table 'Belisana' 6-max Seat #5 is the button
Seat 5: Dunkyboy1970 ($204.92 in chips)
Seat 6: RaisemyNut$ ($555.17 in chips)
Dunkyboy1970: posts small blind $1
RaisemyNut$: posts big blind $3
*** HOLE CARDS ***
Dunkyboy1970: raises $3 to $6
RaisemyNut$: raises $3 to $9
Dunkyboy1970: calls $3
*** FLOP *** [4s 5h 6c]
RaisemyNut$: bets $3
Dunkyboy1970: raises $3 to $6
RaisemyNut$: calls $3
*** TURN *** [4s 5h 6c] [2h]
RaisemyNut$: checks
Dunkyboy1970: bets $6
RaisemyNut$: folds
Uncalled bet ($6) returned to Dunkyboy1970
Dunkyboy1970 collected $29.50 from pot
Dunkyboy1970: doesn't show hand
*** SUMMARY ***
Total pot $30 | Rake $0.50
Board [4s 5h 6c 2h]
Seat 5: Dunkyboy1970 (button) (small blind) collected ($29.50)
Seat 6: RaisemyNut$ (big blind) folded on the Turn


PokerStars Hand #170567345198:  Hold'em Limit ($3/$6 USD) - 2017/05/17 23:15:49 ET
Table 'Belisana' 6-max Seat #6 is the button
Seat 5: Dunkyboy1970 ($158.92 in chips)
Seat 6: RaisemyNut$ ($598.17 in chips)
RaisemyNut$: posts small blind $1
Dunkyboy1970: posts big blind $3
*** HOLE CARDS ***
RaisemyNut$: raises $3 to $6
Dunkyboy1970: calls $3
*** FLOP *** [4d 7c 9d]
Dunkyboy1970: checks
RaisemyNut$: bets $3
Dunkyboy1970: folds
Uncalled bet ($3) returned to RaisemyNut$
RaisemyNut$ collected $11.76 from pot
RaisemyNut$: doesn't show hand
*** SUMMARY ***
Total pot $12 | Rake $0.24
Board [4d 7c 9d]
Seat 5: Dunkyboy1970 (big blind) folded on the Flop
Seat 6: RaisemyNut$ (button) (small blind) collected ($11.76)


PokerStars Hand #170567339743:  Hold'em Limit ($3/$6 USD) - 2017/05/17 23:15:31 ET
Table 'Belisana' 6-max Seat #5 is the button
Seat 5: Dunkyboy1970 ($194.92 in chips)
Seat 6: RaisemyNut$ ($562.67 in chips)
Dunkyboy1970: posts small blind $1
RaisemyNut$: posts big blind $3
*** HOLE CARDS ***
Dunkyboy1970: raises $3 to $6
RaisemyNut$: raises $3 to $9
Dunkyboy1970: calls $3
*** FLOP *** [2s 9h Tc]
RaisemyNut$: bets $3
Dunkyboy1970: calls $3
*** TURN *** [2s 9h Tc] [8c]
RaisemyNut$: bets $6
Dunkyboy1970: calls $6
*** RIVER *** [2s 9h Tc 8c] [Jd]
RaisemyNut$: bets $6
Dunkyboy1970: raises $6 to $12
RaisemyNut$: raises $6 to $18
Dunkyboy1970: calls $6
*** SHOW DOWN ***
RaisemyNut$: shows [Js Qs] (a straight, Eight to Queen)
Dunkyboy1970: mucks hand
RaisemyNut$ collected $71.50 from pot
*** SUMMARY ***
Total pot $72 | Rake $0.50
Board [2s 9h Tc 8c Jd]
Seat 5: Dunkyboy1970 (button) (small blind) mucked
Seat 6: RaisemyNut$ (big blind) showed [Js Qs] and won ($71.50) with a straight, Eight to Queen


PokerStars Hand #170567330244:  Hold'em Limit ($3/$6 USD) - 2017/05/17 23:15:00 ET
Table 'Belisana' 6-max Seat #5 is the button
Seat 5: Dunkyboy1970 ($236.92 in chips)
Seat 6: RaisemyNut$ ($521.67 in chips)
Dunkyboy1970: posts small blind $1
RaisemyNut$: posts big blind $3
*** HOLE CARDS ***
Dunkyboy1970: raises $3 to $6
RaisemyNut$: raises $3 to $9
Dunkyboy1970: calls $3
*** FLOP *** [9d 4c Tc]
RaisemyNut$: bets $3
Dunkyboy1970: calls $3
*** TURN *** [9d 4c Tc] [6c]
RaisemyNut$: bets $6
Dunkyboy1970: calls $6
*** RIVER *** [9d 4c Tc 6c] [2c]
RaisemyNut$: bets $6
Dunkyboy1970: calls $6
*** SHOW DOWN ***
RaisemyNut$: shows [Jd 9c] (a flush, Ten high)
Dunkyboy1970: mucks hand
RaisemyNut$ collected $47.50 from pot
*** SUMMARY ***
Total pot $48 | Rake $0.50
Board [9d 4c Tc 6c 2c]
Seat 5: Dunkyboy1970 (button) (small blind) mucked
Seat 6: RaisemyNut$ (big blind) showed [Jd 9c] and won ($47.50) with a flush, Ten high


PokerStars Hand #170567335460:  Hold'em Limit ($3/$6 USD) - 2017/05/17 23:15:17 ET
Table 'Belisana' 6-max Seat #6 is the button
Seat 5: Dunkyboy1970 ($212.92 in chips)
Seat 6: RaisemyNut$ ($545.17 in chips)
RaisemyNut$: posts small blind $1
Dunkyboy1970: posts big blind $3
*** HOLE CARDS ***
RaisemyNut$: raises $3 to $6
Dunkyboy1970: raises $3 to $9
RaisemyNut$: calls $3
*** FLOP *** [6c 3h Kc]
Dunkyboy1970: bets $3
RaisemyNut$: calls $3
*** TURN *** [6c 3h Kc] [Js]
Dunkyboy1970: bets $6
RaisemyNut$: raises $6 to $12
Dunkyboy1970: folds
Uncalled bet ($6) returned to RaisemyNut$
RaisemyNut$ collected $35.50 from pot
RaisemyNut$: doesn't show hand
*** SUMMARY ***
Total pot $36 | Rake $0.50
Board [6c 3h Kc Js]
Seat 5: Dunkyboy1970 (big blind) folded on the Turn
Seat 6: RaisemyNut$ (button) (small blind) collected ($35.50)


PokerStars Hand #170567362007:  Hold'em Limit ($3/$6 USD) - 2017/05/17 23:16:44 ET
Table 'Belisana' 6-max Seat #5 is the button
Seat 5: Dunkyboy1970 ($172.18 in chips)
Seat 6: RaisemyNut$ ($583.69 in chips)
Dunkyboy1970: posts small blind $1
RaisemyNut$: posts big blind $3
*** HOLE CARDS ***
Dunkyboy1970: raises $3 to $6
RaisemyNut$: calls $3
*** FLOP *** [Jc 9c Kd]
RaisemyNut$: checks
Dunkyboy1970: bets $3
RaisemyNut$: folds
Uncalled bet ($3) returned to Dunkyboy1970
Dunkyboy1970 collected $11.76 from pot
Dunkyboy1970: doesn't show hand
*** SUMMARY ***
Total pot $12 | Rake $0.24
Board [Jc 9c Kd]
Seat 5: Dunkyboy1970 (button) (small blind) collected ($11.76)
Seat 6: RaisemyNut$ (big blind) folded on the Flop


PokerStars Hand #170567347971:  Hold'em Limit ($3/$6 USD) - 2017/05/17 23:15:58 ET
Table 'Belisana' 6-max Seat #5 is the button
Seat 5: Dunkyboy1970 ($152.92 in chips)
Seat 6: RaisemyNut$ ($603.93 in chips)
Dunkyboy1970: posts small blind $1
RaisemyNut$: posts big blind $3
*** HOLE CARDS ***
Dunkyboy1970: raises $3 to $6
RaisemyNut$: raises $3 to $9
Dunkyboy1970: raises $3 to $12
Betting is capped
RaisemyNut$: calls $3
*** FLOP *** [Qs 4s Th]
RaisemyNut$: checks
Dunkyboy1970: checks
*** TURN *** [Qs 4s Th] [4d]
RaisemyNut$: bets $6
Dunkyboy1970: calls $6
*** RIVER *** [Qs 4s Th 4d] [Ts]
RaisemyNut$: bets $6
Dunkyboy1970: calls $6
*** SHOW DOWN ***
RaisemyNut$: shows [2d 2c] (two pair, Tens and Fours)
Dunkyboy1970: shows [Ks Ah] (two pair, Tens and Fours - Ace kicker)
Dunkyboy1970 collected $47.50 from pot
*** SUMMARY ***
Total pot $48 | Rake $0.50
Board [Qs 4s Th 4d Ts]
Seat 5: Dunkyboy1970 (button) (small blind) showed [Ks Ah] and won ($47.50) with two pair, Tens and Fours
Seat 6: RaisemyNut$ (big blind) showed [2d 2c] and lost with two pair, Tens and Fours


PokerStars Hand #170567353591:  Hold'em Limit ($3/$6 USD) - 2017/05/17 23:16:16 ET
Table 'Belisana' 6-max Seat #6 is the button
Seat 5: Dunkyboy1970 ($176.42 in chips)
Seat 6: RaisemyNut$ ($579.93 in chips)
RaisemyNut$: posts small blind $1
Dunkyboy1970: posts big blind $3
*** HOLE CARDS ***
RaisemyNut$: raises $3 to $6
Dunkyboy1970: calls $3
*** FLOP *** [Jd 5h 4c]
Dunkyboy1970: bets $3
RaisemyNut$: raises $3 to $6
Dunkyboy1970: calls $3
*** TURN *** [Jd 5h 4c] [4d]
Dunkyboy1970: checks
RaisemyNut$: checks
*** RIVER *** [Jd 5h 4c 4d] [Jh]
Dunkyboy1970: checks
RaisemyNut$: checks
*** SHOW DOWN ***
Dunkyboy1970: shows [Ad 2h] (two pair, Jacks and Fours)
RaisemyNut$: shows [Kh As] (two pair, Jacks and Fours)
Dunkyboy1970 collected $11.76 from pot
RaisemyNut$ collected $11.76 from pot
*** SUMMARY ***
Total pot $24 | Rake $0.48
Board [Jd 5h 4c 4d Jh]
Seat 5: Dunkyboy1970 (big blind) showed [Ad 2h] and won ($11.76) with two pair, Jacks and Fours
Seat 6: RaisemyNut$ (button) (small blind) showed [Kh As] and won ($11.76) with two pair, Jacks and Fours


PokerStars Hand #170567358695:  Hold'em Limit ($3/$6 USD) - 2017/05/17 23:16:33 ET
Table 'Belisana' 6-max Seat #5 is the button
Seat 5: Dunkyboy1970 ($176.18 in chips)
Seat 6: RaisemyNut$ ($579.69 in chips)
Dunkyboy1970: posts small blind $1
RaisemyNut$: posts big blind $3
*** HOLE CARDS ***
Dunkyboy1970: folds
Uncalled bet ($2) returned to RaisemyNut$
RaisemyNut$ collected $2 from pot
RaisemyNut$: doesn't show hand
*** SUMMARY ***
Total pot $2 | Rake $0
Seat 5: Dunkyboy1970 (button) (small blind) folded before Flop
Seat 6: RaisemyNut$ (big blind) collected ($2)


PokerStars Hand #170567360168:  Hold'em Limit ($3/$6 USD) - 2017/05/17 23:16:38 ET
Table 'Belisana' 6-max Seat #6 is the button
Seat 5: Dunkyboy1970 ($175.18 in chips)
Seat 6: RaisemyNut$ ($580.69 in chips)
RaisemyNut$: posts small blind $1
Dunkyboy1970: posts big blind $3
*** HOLE CARDS ***
RaisemyNut$: raises $3 to $6
Dunkyboy1970: folds
Uncalled bet ($3) returned to RaisemyNut$
RaisemyNut$ collected $6 from pot
RaisemyNut$: doesn't show hand
*** SUMMARY ***
Total pot $6 | Rake $0
Seat 5: Dunkyboy1970 (big blind) folded before Flop
Seat 6: RaisemyNut$ (button) (small blind) collected ($6)


PokerStars Hand #170567365328:  Hold'em Limit ($3/$6 USD) - 2017/05/17 23:16:55 ET
Table 'Belisana' 6-max Seat #6 is the button
Seat 5: Dunkyboy1970 ($177.94 in chips)
Seat 6: RaisemyNut$ ($577.69 in chips)
RaisemyNut$: posts small blind $1
Dunkyboy1970: posts big blind $3
*** HOLE CARDS ***
RaisemyNut$: raises $3 to $6
Dunkyboy1970: calls $3
*** FLOP *** [3s Kh Th]
Dunkyboy1970: checks
RaisemyNut$: bets $3
Dunkyboy1970: calls $3
*** TURN *** [3s Kh Th] [5h]
Dunkyboy1970: checks
RaisemyNut$: bets $6
Dunkyboy1970: calls $6
*** RIVER *** [3s Kh Th 5h] [Qd]
Dunkyboy1970: checks
RaisemyNut$: bets $6
Dunkyboy1970: calls $6
*** SHOW DOWN ***
RaisemyNut$: shows [Tc Td] (three of a kind, Tens)
Dunkyboy1970: mucks hand
RaisemyNut$ collected $41.50 from pot
*** SUMMARY ***
Total pot $42 | Rake $0.50
Board [3s Kh Th 5h Qd]
Seat 5: Dunkyboy1970 (big blind) mucked
Seat 6: RaisemyNut$ (button) (small blind) showed [Tc Td] and won ($41.50) with three of a kind, Tens


PokerStars Hand #170567370149:  Hold'em Limit ($3/$6 USD) - 2017/05/17 23:17:11 ET
Table 'Belisana' 6-max Seat #5 is the button
Seat 5: Dunkyboy1970 ($156.94 in chips)
Seat 6: RaisemyNut$ ($598.19 in chips)
Dunkyboy1970: posts small blind $1
RaisemyNut$: posts big blind $3
*** HOLE CARDS ***
Dunkyboy1970: folds
Uncalled bet ($2) returned to RaisemyNut$
RaisemyNut$ collected $2 from pot
RaisemyNut$: doesn't show hand
*** SUMMARY ***
Total pot $2 | Rake $0
Seat 5: Dunkyboy1970 (button) (small blind) folded before Flop
Seat 6: RaisemyNut$ (big blind) collected ($2)


PokerStars Hand #170567371900:  Hold'em Limit ($3/$6 USD) - 2017/05/17 23:17:17 ET
Table 'Belisana' 6-max Seat #6 is the button
Seat 5: Dunkyboy1970 ($155.94 in chips)
Seat 6: RaisemyNut$ ($599.19 in chips)
RaisemyNut$: posts small blind $1
Dunkyboy1970: posts big blind $3
*** HOLE CARDS ***
RaisemyNut$: raises $3 to $6
Dunkyboy1970: calls $3
*** FLOP *** [Td 2d 8s]
Dunkyboy1970: checks
RaisemyNut$: bets $3
Dunkyboy1970: calls $3
*** TURN *** [Td 2d 8s] [9c]
Dunkyboy1970: checks
RaisemyNut$: bets $6
Dunkyboy1970: calls $6
*** RIVER *** [Td 2d 8s 9c] [7c]
Dunkyboy1970: checks
RaisemyNut$: checks
*** SHOW DOWN ***
Dunkyboy1970: shows [Th 8h] (two pair, Tens and Eights)
RaisemyNut$: mucks hand
Dunkyboy1970 collected $29.50 from pot
*** SUMMARY ***
Total pot $30 | Rake $0.50
Board [Td 2d 8s 9c 7c]
Seat 5: Dunkyboy1970 (big blind) showed [Th 8h] and won ($29.50) with two pair, Tens and Eights
Seat 6: RaisemyNut$ (button) (small blind) mucked


PokerStars Hand #170567377362:  Hold'em Limit ($3/$6 USD) - 2017/05/17 23:17:35 ET
Table 'Belisana' 6-max Seat #5 is the button
Seat 5: Dunkyboy1970 ($170.44 in chips)
Seat 6: RaisemyNut$ ($584.19 in chips)
Dunkyboy1970: posts small blind $1
RaisemyNut$: posts big blind $3
*** HOLE CARDS ***
Dunkyboy1970: raises $3 to $6
RaisemyNut$: calls $3
*** FLOP *** [As 5h 9s]
RaisemyNut$: checks
Dunkyboy1970: bets $3
RaisemyNut$: raises $3 to $6
Dunkyboy1970: folds
Uncalled bet ($3) returned to RaisemyNut$
RaisemyNut$ collected $17.64 from pot
RaisemyNut$: doesn't show hand
*** SUMMARY ***
Total pot $18 | Rake $0.36
Board [As 5h 9s]
Seat 5: Dunkyboy1970 (button) (small blind) folded on the Flop
Seat 6: RaisemyNut$ (big blind) collected ($17.64)


PokerStars Hand #170567383162:  Hold'em Limit ($3/$6 USD) - 2017/05/17 23:17:54 ET
Table 'Belisana' 6-max Seat #5 is the button
Seat 5: Dunkyboy1970 ($155.44 in chips)
Seat 6: RaisemyNut$ ($598.59 in chips)
Dunkyboy1970: posts small blind $1
RaisemyNut$: posts big blind $3
*** HOLE CARDS ***
Dunkyboy1970: raises $3 to $6
RaisemyNut$: folds
Uncalled bet ($3) returned to Dunkyboy1970
Dunkyboy1970 collected $6 from pot
Dunkyboy1970: doesn't show hand
*** SUMMARY ***
Total pot $6 | Rake $0
Seat 5: Dunkyboy1970 (button) (small blind) collected ($6)
Seat 6: RaisemyNut$ (big blind) folded before Flop


PokerStars Hand #170567380633:  Hold'em Limit ($3/$6 USD) - 2017/05/17 23:17:46 ET
Table 'Belisana' 6-max Seat #6 is the button
Seat 5: Dunkyboy1970 ($161.44 in chips)
Seat 6: RaisemyNut$ ($592.83 in chips)
RaisemyNut$: posts small blind $1
Dunkyboy1970: posts big blind $3
*** HOLE CARDS ***
RaisemyNut$: raises $3 to $6
Dunkyboy1970: calls $3
*** FLOP *** [Js 2s 4c]
Dunkyboy1970: checks
RaisemyNut$: bets $3
Dunkyboy1970: folds
Uncalled bet ($3) returned to RaisemyNut$
RaisemyNut$ collected $11.76 from pot
RaisemyNut$: doesn't show hand
*** SUMMARY ***
Total pot $12 | Rake $0.24
Board [Js 2s 4c]
Seat 5: Dunkyboy1970 (big blind) folded on the Flop
Seat 6: RaisemyNut$ (button) (small blind) collected ($11.76)


PokerStars Hand #170567385084:  Hold'em Limit ($3/$6 USD) - 2017/05/17 23:18:01 ET
Table 'Belisana' 6-max Seat #6 is the button
Seat 5: Dunkyboy1970 ($158.44 in chips)
Seat 6: RaisemyNut$ ($595.59 in chips)
RaisemyNut$: posts small blind $1
Dunkyboy1970: posts big blind $3
*** HOLE CARDS ***
RaisemyNut$: folds
Uncalled bet ($2) returned to Dunkyboy1970
Dunkyboy1970 collected $2 from pot
Dunkyboy1970: doesn't show hand
*** SUMMARY ***
Total pot $2 | Rake $0
Seat 5: Dunkyboy1970 (big blind) collected ($2)
Seat 6: RaisemyNut$ (button) (small blind) folded before Flop


PokerStars Hand #170567386563:  Hold'em Limit ($3/$6 USD) - 2017/05/17 23:18:06 ET
Table 'Belisana' 6-max Seat #5 is the button
Seat 5: Dunkyboy1970 ($159.44 in chips)
Seat 6: RaisemyNut$ ($594.59 in chips)
Dunkyboy1970: posts small blind $1
RaisemyNut$: posts big blind $3
*** HOLE CARDS ***
Dunkyboy1970: raises $3 to $6
RaisemyNut$: calls $3
*** FLOP *** [2d Kh Kd]
RaisemyNut$: checks
Dunkyboy1970: bets $3
RaisemyNut$: folds
Uncalled bet ($3) returned to Dunkyboy1970
Dunkyboy1970 collected $11.76 from pot
Dunkyboy1970: doesn't show hand
*** SUMMARY ***
Total pot $12 | Rake $0.24
Board [2d Kh Kd]
Seat 5: Dunkyboy1970 (button) (small blind) collected ($11.76)
Seat 6: RaisemyNut$ (big blind) folded on the Flop


PokerStars Hand #170567393133:  Hold'em Limit ($3/$6 USD) - 2017/05/17 23:18:27 ET
Table 'Belisana' 6-max Seat #5 is the button
Seat 5: Dunkyboy1970 ($162.20 in chips)
Seat 6: RaisemyNut$ ($591.59 in chips)
Dunkyboy1970: posts small blind $1
RaisemyNut$: posts big blind $3
*** HOLE CARDS ***
Dunkyboy1970: folds
Uncalled bet ($2) returned to RaisemyNut$
RaisemyNut$ collected $2 from pot
RaisemyNut$: doesn't show hand
*** SUMMARY ***
Total pot $2 | Rake $0
Seat 5: Dunkyboy1970 (button) (small blind) folded before Flop
Seat 6: RaisemyNut$ (big blind) collected ($2)


PokerStars Hand #170567391508:  Hold'em Limit ($3/$6 USD) - 2017/05/17 23:18:22 ET
Table 'Belisana' 6-max Seat #6 is the button
Seat 5: Dunkyboy1970 ($165.20 in chips)
Seat 6: RaisemyNut$ ($588.59 in chips)
RaisemyNut$: posts small blind $1
Dunkyboy1970: posts big blind $3
*** HOLE CARDS ***
RaisemyNut$: raises $3 to $6
Dunkyboy1970: folds
Uncalled bet ($3) returned to RaisemyNut$
RaisemyNut$ collected $6 from pot
RaisemyNut$: doesn't show hand
*** SUMMARY ***
Total pot $6 | Rake $0
Seat 5: Dunkyboy1970 (big blind) folded before Flop
Seat 6: RaisemyNut$ (button) (small blind) collected ($6)


PokerStars Hand #170567394660:  Hold'em Limit ($3/$6 USD) - 2017/05/17 23:18:32 ET
Table 'Belisana' 6-max Seat #6 is the button
Seat 5: Dunkyboy1970 ($161.20 in chips)
Seat 6: RaisemyNut$ ($592.59 in chips)
RaisemyNut$: posts small blind $1
Dunkyboy1970: posts big blind $3
*** HOLE CARDS ***
RaisemyNut$: folds
Uncalled bet ($2) returned to Dunkyboy1970
Dunkyboy1970 collected $2 from pot
Dunkyboy1970: doesn't show hand
*** SUMMARY ***
Total pot $2 | Rake $0
Seat 5: Dunkyboy1970 (big blind) collected ($2)
Seat 6: RaisemyNut$ (button) (small blind) folded before Flop


PokerStars Hand #170567396225:  Hold'em Limit ($3/$6 USD) - 2017/05/17 23:18:38 ET
Table 'Belisana' 6-max Seat #5 is the button
Seat 5: Dunkyboy1970 ($162.20 in chips)
Seat 6: RaisemyNut$ ($591.59 in chips)
Dunkyboy1970: posts small blind $1
RaisemyNut$: posts big blind $3
*** HOLE CARDS ***
Dunkyboy1970: raises $3 to $6
RaisemyNut$: calls $3
*** FLOP *** [4c 8d 2s]
RaisemyNut$: checks
Dunkyboy1970: bets $3
RaisemyNut$: raises $3 to $6
Dunkyboy1970: calls $3
*** TURN *** [4c 8d 2s] [9c]
RaisemyNut$: bets $6
Dunkyboy1970: calls $6
*** RIVER *** [4c 8d 2s 9c] [4d]
RaisemyNut$: bets $6
Dunkyboy1970: folds
Uncalled bet ($6) returned to RaisemyNut$
RaisemyNut$ collected $35.50 from pot
RaisemyNut$: doesn't show hand
*** SUMMARY ***
Total pot $36 | Rake $0.50
Board [4c 8d 2s 9c 4d]
Seat 5: Dunkyboy1970 (button) (small blind) folded on the River
Seat 6: RaisemyNut$ (big blind) collected ($35.50)


PokerStars Hand #170567413637:  Hold'em Limit ($3/$6 USD) - 2017/05/17 23:19:36 ET
Table 'Belisana' 6-max Seat #5 is the button
Seat 5: Dunkyboy1970 ($146.70 in chips)
Seat 6: RaisemyNut$ ($605.37 in chips)
Dunkyboy1970: posts small blind $1
RaisemyNut$: posts big blind $3
*** HOLE CARDS ***
Dunkyboy1970: folds
Uncalled bet ($2) returned to RaisemyNut$
RaisemyNut$ collected $2 from pot
RaisemyNut$: doesn't show hand
*** SUMMARY ***
Total pot $2 | Rake $0
Seat 5: Dunkyboy1970 (button) (small blind) folded before Flop
Seat 6: RaisemyNut$ (big blind) collected ($2)


PokerStars Hand #170567408607:  Hold'em Limit ($3/$6 USD) - 2017/05/17 23:19:19 ET
Table 'Belisana' 6-max Seat #6 is the button
Seat 5: Dunkyboy1970 ($126.20 in chips)
Seat 6: RaisemyNut$ ($626.37 in chips)
RaisemyNut$: posts small blind $1
Dunkyboy1970: posts big blind $3
*** HOLE CARDS ***
RaisemyNut$: raises $3 to $6
Dunkyboy1970: calls $3
*** FLOP *** [Qs 9c Ts]
Dunkyboy1970: bets $3
RaisemyNut$: calls $3
*** TURN *** [Qs 9c Ts] [4h]
Dunkyboy1970: bets $6
RaisemyNut$: calls $6
*** RIVER *** [Qs 9c Ts 4h] [2s]
Dunkyboy1970: bets $6
RaisemyNut$: calls $6
*** SHOW DOWN ***
Dunkyboy1970: shows [Qh 6h] (a pair of Queens)
RaisemyNut$: mucks hand
Dunkyboy1970 collected $41.50 from pot
*** SUMMARY ***
Total pot $42 | Rake $0.50
Board [Qs 9c Ts 4h 2s]
Seat 5: Dunkyboy1970 (big blind) showed [Qh 6h] and won ($41.50) with a pair of Queens
Seat 6: RaisemyNut$ (button) (small blind) mucked


PokerStars Hand #170567401313:  Hold'em Limit ($3/$6 USD) - 2017/05/17 23:18:55 ET
Table 'Belisana' 6-max Seat #6 is the button
Seat 5: Dunkyboy1970 ($144.20 in chips)
Seat 6: RaisemyNut$ ($609.09 in chips)
RaisemyNut$: posts small blind $1
Dunkyboy1970: posts big blind $3
*** HOLE CARDS ***
RaisemyNut$: raises $3 to $6
Dunkyboy1970: calls $3
*** FLOP *** [6d 7c 9d]
Dunkyboy1970: checks
RaisemyNut$: bets $3
Dunkyboy1970: calls $3
*** TURN *** [6d 7c 9d] [Ks]
Dunkyboy1970: checks
RaisemyNut$: bets $6
Dunkyboy1970: folds
Uncalled bet ($6) returned to RaisemyNut$
RaisemyNut$ collected $17.64 from pot
RaisemyNut$: doesn't show hand
*** SUMMARY ***
Total pot $18 | Rake $0.36
Board [6d 7c 9d Ks]
Seat 5: Dunkyboy1970 (big blind) folded on the Turn
Seat 6: RaisemyNut$ (button) (small blind) collected ($17.64)


PokerStars Hand #170567415035:  Hold'em Limit ($3/$6 USD) - 2017/05/17 23:19:40 ET
Table 'Belisana' 6-max Seat #6 is the button
Seat 5: Dunkyboy1970 ($145.70 in chips)
Seat 6: RaisemyNut$ ($606.37 in chips)
RaisemyNut$: posts small blind $1
Dunkyboy1970: posts big blind $3
*** HOLE CARDS ***
RaisemyNut$: raises $3 to $6
Dunkyboy1970: calls $3
*** FLOP *** [6s 8s 9s]
Dunkyboy1970: checks
RaisemyNut$: bets $3
Dunkyboy1970: calls $3
*** TURN *** [6s 8s 9s] [6c]
Dunkyboy1970: checks
RaisemyNut$: bets $6
Dunkyboy1970: calls $6
*** RIVER *** [6s 8s 9s 6c] [Th]
Dunkyboy1970: checks
RaisemyNut$: bets $6
Dunkyboy1970: folds
Uncalled bet ($6) returned to RaisemyNut$
RaisemyNut$ collected $29.50 from pot
RaisemyNut$: doesn't show hand
*** SUMMARY ***
Total pot $30 | Rake $0.50
Board [6s 8s 9s 6c Th]
Seat 5: Dunkyboy1970 (big blind) folded on the River
Seat 6: RaisemyNut$ (button) (small blind) collected ($29.50)


PokerStars Hand #170567421190:  Hold'em Limit ($3/$6 USD) - 2017/05/17 23:20:01 ET
Table 'Belisana' 6-max Seat #5 is the button
Seat 5: Dunkyboy1970 ($130.70 in chips)
Seat 6: RaisemyNut$ ($620.87 in chips)
Dunkyboy1970: posts small blind $1
RaisemyNut$: posts big blind $3
*** HOLE CARDS ***
Dunkyboy1970: raises $3 to $6
RaisemyNut$: folds
Uncalled bet ($3) returned to Dunkyboy1970
Dunkyboy1970 collected $6 from pot
Dunkyboy1970: doesn't show hand
*** SUMMARY ***
Total pot $6 | Rake $0
Seat 5: Dunkyboy1970 (button) (small blind) collected ($6)
Seat 6: RaisemyNut$ (big blind) folded before Flop


PokerStars Hand #170567435626:  Hold'em Limit ($3/$6 USD) - 2017/05/17 23:20:48 ET
Table 'Belisana' 6-max Seat #5 is the button
Seat 5: Dunkyboy1970 ($130.20 in chips)
Seat 6: RaisemyNut$ ($620.01 in chips)
Dunkyboy1970: posts small blind $1
RaisemyNut$: posts big blind $3
*** HOLE CARDS ***
Dunkyboy1970: raises $3 to $6
RaisemyNut$: calls $3
*** FLOP *** [3d 7d 3c]
RaisemyNut$: checks
Dunkyboy1970: bets $3
RaisemyNut$: folds
Uncalled bet ($3) returned to Dunkyboy1970
Dunkyboy1970 collected $11.76 from pot
Dunkyboy1970: doesn't show hand
*** SUMMARY ***
Total pot $12 | Rake $0.24
Board [3d 7d 3c]
Seat 5: Dunkyboy1970 (button) (small blind) collected ($11.76)
Seat 6: RaisemyNut$ (big blind) folded on the Flop


PokerStars Hand #170567430982:  Hold'em Limit ($3/$6 USD) - 2017/05/17 23:20:33 ET
Table 'Belisana' 6-max Seat #6 is the button
Seat 5: Dunkyboy1970 ($145.20 in chips)
Seat 6: RaisemyNut$ ($605.51 in chips)
RaisemyNut$: posts small blind $1
Dunkyboy1970: posts big blind $3
*** HOLE CARDS ***
RaisemyNut$: raises $3 to $6
Dunkyboy1970: calls $3
*** FLOP *** [Th 6h 9s]
Dunkyboy1970: checks
RaisemyNut$: bets $3
Dunkyboy1970: calls $3
*** TURN *** [Th 6h 9s] [9h]
Dunkyboy1970: checks
RaisemyNut$: bets $6
Dunkyboy1970: calls $6
*** RIVER *** [Th 6h 9s 9h] [4s]
Dunkyboy1970: checks
RaisemyNut$: checks
*** SHOW DOWN ***
Dunkyboy1970: shows [As 3h] (a pair of Nines)
RaisemyNut$: shows [Ac Kc] (a pair of Nines - Ace+King kicker)
RaisemyNut$ collected $29.50 from pot
*** SUMMARY ***
Total pot $30 | Rake $0.50
Board [Th 6h 9s 9h 4s]
Seat 5: Dunkyboy1970 (big blind) showed [As 3h] and lost with a pair of Nines
Seat 6: RaisemyNut$ (button) (small blind) showed [Ac Kc] and won ($29.50) with a pair of Nines


PokerStars Hand #170567427948:  Hold'em Limit ($3/$6 USD) - 2017/05/17 23:20:23 ET
Table 'Belisana' 6-max Seat #5 is the button
Seat 5: Dunkyboy1970 ($154.20 in chips)
Seat 6: RaisemyNut$ ($596.87 in chips)
Dunkyboy1970: posts small blind $1
RaisemyNut$: posts big blind $3
*** HOLE CARDS ***
Dunkyboy1970: raises $3 to $6
RaisemyNut$: raises $3 to $9
Dunkyboy1970: calls $3
*** FLOP *** [Kh Jc 6h]
RaisemyNut$: bets $3
Dunkyboy1970: folds
Uncalled bet ($3) returned to RaisemyNut$
RaisemyNut$ collected $17.64 from pot
RaisemyNut$: doesn't show hand
*** SUMMARY ***
Total pot $18 | Rake $0.36
Board [Kh Jc 6h]
Seat 5: Dunkyboy1970 (button) (small blind) folded on the Flop
Seat 6: RaisemyNut$ (big blind) collected ($17.64)


PokerStars Hand #170567422888:  Hold'em Limit ($3/$6 USD) - 2017/05/17 23:20:06 ET
Table 'Belisana' 6-max Seat #6 is the button
Seat 5: Dunkyboy1970 ($133.70 in chips)
Seat 6: RaisemyNut$ ($617.87 in chips)
RaisemyNut$: posts small blind $1
Dunkyboy1970: posts big blind $3
*** HOLE CARDS ***
RaisemyNut$: raises $3 to $6
Dunkyboy1970: calls $3
*** FLOP *** [3d Ac 4s]
Dunkyboy1970: checks
RaisemyNut$: bets $3
Dunkyboy1970: calls $3
*** TURN *** [3d Ac 4s] [9h]
Dunkyboy1970: checks
RaisemyNut$: bets $6
Dunkyboy1970: calls $6
*** RIVER *** [3d Ac 4s 9h] [Td]
Dunkyboy1970: checks
RaisemyNut$: bets $6
Dunkyboy1970: calls $6
*** SHOW DOWN ***
RaisemyNut$: shows [9c Jd] (a pair of Nines)
Dunkyboy1970: shows [6c Ad] (a pair of Aces)
Dunkyboy1970 collected $41.50 from pot
*** SUMMARY ***
Total pot $42 | Rake $0.50
Board [3d Ac 4s 9h Td]
Seat 5: Dunkyboy1970 (big blind) showed [6c Ad] and won ($41.50) with a pair of Aces
Seat 6: RaisemyNut$ (button) (small blind) showed [9c Jd] and lost with a pair of Nines


PokerStars Hand #170567443937:  Hold'em Limit ($3/$6 USD) - 2017/05/17 23:21:16 ET
Table 'Belisana' 6-max Seat #5 is the button
Seat 5: Dunkyboy1970 ($117.96 in chips)
Seat 6: RaisemyNut$ ($631.51 in chips)
Dunkyboy1970: posts small blind $1
RaisemyNut$: posts big blind $3
*** HOLE CARDS ***
Dunkyboy1970: raises $3 to $6
RaisemyNut$: raises $3 to $9
Dunkyboy1970: raises $3 to $12
Betting is capped
RaisemyNut$: calls $3
*** FLOP *** [2s Ac 8s]
RaisemyNut$: checks
Dunkyboy1970: bets $3
RaisemyNut$: calls $3
*** TURN *** [2s Ac 8s] [Td]
RaisemyNut$: checks
Dunkyboy1970: bets $6
RaisemyNut$: raises $6 to $12
Dunkyboy1970: calls $6
*** RIVER *** [2s Ac 8s Td] [4c]
RaisemyNut$: bets $6
Dunkyboy1970: calls $6
*** SHOW DOWN ***
RaisemyNut$: shows [2c 2d] (three of a kind, Deuces)
Dunkyboy1970: mucks hand
RaisemyNut$ collected $65.50 from pot
*** SUMMARY ***
Total pot $66 | Rake $0.50
Board [2s Ac 8s Td 4c]
Seat 5: Dunkyboy1970 (button) (small blind) mucked
Seat 6: RaisemyNut$ (big blind) showed [2c 2d] and won ($65.50) with three of a kind, Deuces


PokerStars Hand #170567438470:  Hold'em Limit ($3/$6 USD) - 2017/05/17 23:20:58 ET
Table 'Belisana' 6-max Seat #6 is the button
Seat 5: Dunkyboy1970 ($135.96 in chips)
Seat 6: RaisemyNut$ ($614.01 in chips)
RaisemyNut$: posts small blind $1
Dunkyboy1970: posts big blind $3
*** HOLE CARDS ***
RaisemyNut$: raises $3 to $6
Dunkyboy1970: calls $3
*** FLOP *** [Qh 9c 9h]
Dunkyboy1970: checks
RaisemyNut$: bets $3
Dunkyboy1970: raises $3 to $6
RaisemyNut$: calls $3
*** TURN *** [Qh 9c 9h] [4h]
Dunkyboy1970: bets $6
RaisemyNut$: calls $6
*** RIVER *** [Qh 9c 9h 4h] [Qs]
Dunkyboy1970: checks
RaisemyNut$: checks
*** SHOW DOWN ***
Dunkyboy1970: shows [7s 5s] (two pair, Queens and Nines)
RaisemyNut$: shows [7h As] (two pair, Queens and Nines - Ace kicker)
RaisemyNut$ collected $35.50 from pot
*** SUMMARY ***
Total pot $36 | Rake $0.50
Board [Qh 9c 9h 4h Qs]
Seat 5: Dunkyboy1970 (big blind) showed [7s 5s] and lost with two pair, Queens and Nines
Seat 6: RaisemyNut$ (button) (small blind) showed [7h As] and won ($35.50) with two pair, Queens and Nines


PokerStars Hand #170568897417:  Hold'em Limit ($3/$6 USD) - 2017/05/18 0:49:29 ET
Table 'Belisana' 6-max Seat #1 is the button
Seat 1: LifeisagameX ($84 in chips)
Seat 3: habari786 ($60 in chips)
LifeisagameX: posts small blind $1
habari786: posts big blind $3
*** HOLE CARDS ***
LifeisagameX: raises $3 to $6
habari786: calls $3
*** FLOP *** [9h 9c 4s]
habari786: bets $3
LifeisagameX: raises $3 to $6
habari786: raises $3 to $9
LifeisagameX: calls $3
*** TURN *** [9h 9c 4s] [7h]
habari786: bets $6
LifeisagameX: folds
Uncalled bet ($6) returned to habari786
habari786 collected $29.50 from pot
habari786: doesn't show hand
*** SUMMARY ***
Total pot $30 | Rake $0.50
Board [9h 9c 4s 7h]
Seat 1: LifeisagameX (button) (small blind) folded on the Turn
Seat 3: habari786 (big blind) collected ($29.50)


PokerStars Hand #170568905892:  Hold'em Limit ($3/$6 USD) - 2017/05/18 0:50:03 ET
Table 'Belisana' 6-max Seat #3 is the button
Seat 1: LifeisagameX ($84 in chips)
Seat 3: habari786 ($74.50 in chips)
habari786: posts small blind $1
LifeisagameX: posts big blind $3
*** HOLE CARDS ***
habari786: folds
Uncalled bet ($2) returned to LifeisagameX
LifeisagameX collected $2 from pot
LifeisagameX: doesn't show hand
*** SUMMARY ***
Total pot $2 | Rake $0
Seat 1: LifeisagameX (big blind) collected ($2)
Seat 3: habari786 (button) (small blind) folded before Flop


PokerStars Hand #170568914785:  Hold'em Limit ($3/$6 USD) - 2017/05/18 0:50:38 ET
Table 'Belisana' 6-max Seat #3 is the button
Seat 1: LifeisagameX ($84 in chips)
Seat 3: habari786 ($85.02 in chips)
habari786: posts small blind $1
LifeisagameX: posts big blind $3
*** HOLE CARDS ***
habari786: folds
Uncalled bet ($2) returned to LifeisagameX
LifeisagameX collected $2 from pot
LifeisagameX: doesn't show hand
*** SUMMARY ***
Total pot $2 | Rake $0
Seat 1: LifeisagameX (big blind) collected ($2)
Seat 3: habari786 (button) (small blind) folded before Flop


PokerStars Hand #170568907191:  Hold'em Limit ($3/$6 USD) - 2017/05/18 0:50:08 ET
Table 'Belisana' 6-max Seat #1 is the button
Seat 1: LifeisagameX ($85 in chips)
Seat 3: habari786 ($73.50 in chips)
LifeisagameX: posts small blind $1
habari786: posts big blind $3
*** HOLE CARDS ***
LifeisagameX: raises $3 to $6
habari786: raises $3 to $9
LifeisagameX: calls $3
*** FLOP *** [8h Js Jh]
habari786: bets $3
LifeisagameX: calls $3
*** TURN *** [8h Js Jh] [9d]
habari786: bets $6
LifeisagameX: folds
Uncalled bet ($6) returned to habari786
habari786 collected $23.52 from pot
habari786: doesn't show hand
*** SUMMARY ***
Total pot $24 | Rake $0.48
Board [8h Js Jh 9d]
Seat 1: LifeisagameX (button) (small blind) folded on the Turn
Seat 3: habari786 (big blind) collected ($23.52)


PokerStars Hand #170568916119:  Hold'em Limit ($3/$6 USD) - 2017/05/18 0:50:44 ET
Table 'Belisana' 6-max Seat #1 is the button
Seat 1: LifeisagameX ($85 in chips)
Seat 3: habari786 ($84.02 in chips)
LifeisagameX: posts small blind $1
habari786: posts big blind $3
*** HOLE CARDS ***
LifeisagameX: raises $3 to $6
habari786: raises $3 to $9
LifeisagameX: calls $3
*** FLOP *** [3h 8h Ah]
habari786: bets $3
LifeisagameX: calls $3
*** TURN *** [3h 8h Ah] [Ac]
habari786: bets $6
LifeisagameX: raises $6 to $12
habari786: raises $6 to $18
LifeisagameX: calls $6
*** RIVER *** [3h 8h Ah Ac] [3d]
habari786: bets $6
LifeisagameX: folds
Uncalled bet ($6) returned to habari786
habari786 collected $59.50 from pot
habari786: doesn't show hand
*** SUMMARY ***
Total pot $60 | Rake $0.50
Board [3h 8h Ah Ac 3d]
Seat 1: LifeisagameX (button) (small blind) folded on the River
Seat 3: habari786 (big blind) collected ($59.50)


PokerStars Hand #170568930739:  Hold'em Limit ($3/$6 USD) - 2017/05/18 0:51:42 ET
Table 'Belisana' 6-max Seat #3 is the button
Seat 1: LifeisagameX ($84 in chips)
Seat 3: habari786 ($113.52 in chips)
habari786: posts small blind $1
LifeisagameX: posts big blind $3
*** HOLE CARDS ***
habari786: raises $3 to $6
LifeisagameX: raises $3 to $9
habari786: raises $3 to $12
Betting is capped
LifeisagameX: calls $3
*** FLOP *** [Ad 7s 8h]
LifeisagameX: checks
habari786: bets $3
LifeisagameX: calls $3
*** TURN *** [Ad 7s 8h] [5s]
LifeisagameX: checks
habari786: checks
*** RIVER *** [Ad 7s 8h 5s] [Ac]
LifeisagameX: bets $6
habari786: calls $6
*** SHOW DOWN ***
LifeisagameX: shows [Th As] (three of a kind, Aces)
habari786: mucks hand
LifeisagameX collected $41.50 from pot
*** SUMMARY ***
Total pot $42 | Rake $0.50
Board [Ad 7s 8h 5s Ac]
Seat 1: LifeisagameX (big blind) showed [Th As] and won ($41.50) with three of a kind, Aces
Seat 3: habari786 (button) (small blind) mucked


PokerStars Hand #170568954070:  Hold'em Limit ($3/$6 USD) - 2017/05/18 0:53:16 ET
Table 'Belisana' 6-max Seat #1 is the button
Seat 1: LifeisagameX ($85 in chips)
Seat 3: habari786 ($112.02 in chips)
LifeisagameX: posts small blind $1
habari786: posts big blind $3
*** HOLE CARDS ***
LifeisagameX: raises $3 to $6
habari786: folds
Uncalled bet ($3) returned to LifeisagameX
LifeisagameX collected $6 from pot
*** SUMMARY ***
Total pot $6 | Rake $0
Seat 1: LifeisagameX (button) (small blind) collected ($6)
Seat 3: habari786 (big blind) folded before Flop


PokerStars Hand #170568952630:  Hold'em Limit ($3/$6 USD) - 2017/05/18 0:53:10 ET
Table 'Belisana' 6-max Seat #3 is the button
Seat 1: LifeisagameX ($84 in chips)
Seat 3: habari786 ($113.02 in chips)
habari786: posts small blind $1
LifeisagameX: posts big blind $3
*** HOLE CARDS ***
habari786: folds
Uncalled bet ($2) returned to LifeisagameX
rascal_319 joins the table at seat #4
LifeisagameX collected $2 from pot
LifeisagameX: doesn't show hand
*** SUMMARY ***
Total pot $2 | Rake $0
Seat 1: LifeisagameX (big blind) collected ($2)
Seat 3: habari786 (button) (small blind) folded before Flop


PokerStars Hand #170568942735:  Hold'em Limit ($3/$6 USD) - 2017/05/18 0:52:30 ET
Table 'Belisana' 6-max Seat #1 is the button
Seat 1: LifeisagameX ($104.50 in chips)
Seat 3: habari786 ($92.52 in chips)
LifeisagameX: posts small blind $1
habari786: posts big blind $3
*** HOLE CARDS ***
LifeisagameX: raises $3 to $6
habari786: calls $3
*** FLOP *** [8c Js 9h]
habari786: checks
LifeisagameX: bets $3
habari786: calls $3
*** TURN *** [8c Js 9h] [2s]
habari786: checks
LifeisagameX: bets $6
habari786: calls $6
*** RIVER *** [8c Js 9h 2s] [7c]
habari786: checks
LifeisagameX: bets $6
habari786: calls $6
*** SHOW DOWN ***
LifeisagameX: shows [Qs 3c] (high card Queen)
habari786: shows [7h 6c] (a pair of Sevens)
habari786 collected $41.50 from pot
*** SUMMARY ***
Total pot $42 | Rake $0.50
Board [8c Js 9h 2s 7c]
Seat 1: LifeisagameX (button) (small blind) showed [Qs 3c] and lost with high card Queen
Seat 3: habari786 (big blind) showed [7h 6c] and won ($41.50) with a pair of Sevens


PokerStars Hand #170568982196:  Hold'em Limit ($3/$6 USD) - 2017/05/18 0:55:09 ET
Table 'Belisana' 6-max Seat #4 is the button
Seat 3: habari786 ($95.02 in chips)
Seat 4: rascal_319 ($117 in chips)
rascal_319: posts small blind $1
habari786: posts big blind $3
*** HOLE CARDS ***
LifeisagameX leaves the table
rascal_319: raises $3 to $6
habari786: raises $3 to $9
rascal_319: calls $3
*** FLOP *** [6d 4s Qd]
habari786: checks
rascal_319: checks
*** TURN *** [6d 4s Qd] [8d]
habari786: bets $6
rascal_319: calls $6
*** RIVER *** [6d 4s Qd 8d] [Th]
habari786: bets $6
rascal_319: raises $6 to $12
habari786: calls $6
*** SHOW DOWN ***
rascal_319: shows [Jd 9s] (a straight, Eight to Queen)
habari786: mucks hand
rascal_319 collected $53.50 from pot
*** SUMMARY ***
Total pot $54 | Rake $0.50
Board [6d 4s Qd 8d Th]
Seat 3: habari786 (big blind) mucked
Seat 4: rascal_319 (button) (small blind) showed [Jd 9s] and won ($53.50) with a straight, Eight to Queen


PokerStars Hand #170568978983:  Hold'em Limit ($3/$6 USD) - 2017/05/18 0:54:56 ET
Table 'Belisana' 6-max Seat #3 is the button
Seat 3: habari786 ($96.02 in chips)
Seat 4: rascal_319 ($116 in chips)
habari786: posts small blind $1
rascal_319: posts big blind $3
*** HOLE CARDS ***
habari786: folds
Uncalled bet ($2) returned to rascal_319
rascal_319 collected $2 from pot
rascal_319: doesn't show hand
*** SUMMARY ***
Total pot $2 | Rake $0
Seat 3: habari786 (button) (small blind) folded before Flop
Seat 4: rascal_319 (big blind) collected ($2)


PokerStars Hand #170569806478:  Hold'em Limit ($3/$6 USD) - 2017/05/18 1:50:46 ET
Table 'Belisana' 6-max Seat #3 is the button
Seat 2: ribban4747 ($32.04 in chips)
Seat 3: LifeisagameX ($84 in chips)
LifeisagameX: posts small blind $1
ribban4747: posts big blind $3
*** HOLE CARDS ***
LifeisagameX: raises $3 to $6
ribban4747: calls $3
*** FLOP *** [Ks 4s Th]
ribban4747: bets $3
MTails leaves the table
rockanz joins the table at seat #6
LifeisagameX: calls $3
*** TURN *** [Ks 4s Th] [5c]
MTails joins the table at seat #1
ribban4747: bets $6
LifeisagameX: folds
Uncalled bet ($6) returned to ribban4747
ribban4747 collected $17.64 from pot
*** SUMMARY ***
Total pot $18 | Rake $0.36
Board [Ks 4s Th 5c]
Seat 2: ribban4747 (big blind) collected ($17.64)
Seat 3: LifeisagameX (button) (small blind) folded on the Turn


PokerStars Hand #170569813385:  Hold'em Limit ($3/$6 USD) - 2017/05/18 1:51:15 ET
Table 'Belisana' 6-max Seat #2 is the button
Seat 2: ribban4747 ($40.68 in chips)
Seat 3: LifeisagameX ($84 in chips)
ribban4747: posts small blind $1
LifeisagameX: posts big blind $3
*** HOLE CARDS ***
ribban4747: calls $2
LifeisagameX: checks
*** FLOP *** [4s 8d 9s]
LifeisagameX: checks
ribban4747: bets $3
LifeisagameX: raises $3 to $6
ribban4747: calls $3
*** TURN *** [4s 8d 9s] [6s]
LifeisagameX: bets $6
ribban4747: raises $6 to $12
LifeisagameX: calls $6
*** RIVER *** [4s 8d 9s 6s] [Tc]
LifeisagameX: checks
ribban4747: bets $6
LifeisagameX: calls $6
*** SHOW DOWN ***
ribban4747: shows [7s 8s] (a flush, Nine high)
LifeisagameX: mucks hand
ribban4747 collected $53.50 from pot
*** SUMMARY ***
Total pot $54 | Rake $0.50
Board [4s 8d 9s 6s Tc]
Seat 2: ribban4747 (button) (small blind) showed [7s 8s] and won ($53.50) with a flush, Nine high
Seat 3: LifeisagameX (big blind) mucked


PokerStars Hand #170569840194:  Hold'em Limit ($3/$6 USD) - 2017/05/18 1:53:06 ET
Table 'Belisana' 6-max Seat #1 is the button
Seat 1: MTails ($120 in chips)
Seat 2: ribban4747 ($89.92 in chips)
MTails: posts small blind $1
ribban4747: posts big blind $3
*** HOLE CARDS ***
Agrotait joins the table at seat #3
MTails: raises $3 to $6
ribban4747: calls $3
*** FLOP *** [7s Th 2s]
ribban4747: checks
MTails: bets $3
ribban4747: calls $3
*** TURN *** [7s Th 2s] [Td]
ribban4747: checks
MTails: bets $6
ribban4747: calls $6
*** RIVER *** [7s Th 2s Td] [6h]
ribban4747: checks
MTails: bets $6
ribban4747: calls $6
*** SHOW DOWN ***
MTails: shows [3d Qd] (a pair of Tens)
ribban4747: shows [4d Ac] (a pair of Tens - Ace kicker)
ribban4747 collected $41.50 from pot
*** SUMMARY ***
Total pot $42 | Rake $0.50
Board [7s Th 2s Td 6h]
Seat 1: MTails (button) (small blind) showed [3d Qd] and lost with a pair of Tens
Seat 2: ribban4747 (big blind) showed [4d Ac] and won ($41.50) with a pair of Tens


PokerStars Hand #170570775619:  Hold'em Limit ($3/$6 USD) - 2017/05/18 2:55:36 ET
Table 'Belisana' 6-max Seat #3 is the button
Seat 2: ribban4747 ($218 in chips)
Seat 3: Agrotait ($66.61 in chips)
Agrotait: posts small blind $1
ABATAPP: is sitting out
ribban4747: posts big blind $3
*** HOLE CARDS ***
Agrotait: raises $3 to $6
ribban4747: calls $3
*** FLOP *** [8d 9c 9h]
ribban4747: bets $3
Agrotait: folds
Uncalled bet ($3) returned to ribban4747
ribban4747 collected $11.76 from pot
*** SUMMARY ***
Total pot $12 | Rake $0.24
Board [8d 9c 9h]
Seat 2: ribban4747 (big blind) collected ($11.76)
Seat 3: Agrotait (button) (small blind) folded on the Flop


PokerStars Hand #170570789322:  Hold'em Limit ($3/$6 USD) - 2017/05/18 2:56:34 ET
Table 'Belisana' 6-max Seat #2 is the button
Seat 2: ribban4747 ($226.26 in chips)
Seat 3: Agrotait ($86.50 in chips)
ribban4747: posts small blind $1
Agrotait: posts big blind $3
*** HOLE CARDS ***
ribban4747: folds
Uncalled bet ($2) returned to Agrotait
Agrotait collected $2 from pot
Agrotait: doesn't show hand
*** SUMMARY ***
Total pot $2 | Rake $0
Seat 2: ribban4747 (button) (small blind) folded before Flop
Seat 3: Agrotait (big blind) collected ($2)


PokerStars Hand #170570784934:  Hold'em Limit ($3/$6 USD) - 2017/05/18 2:56:15 ET
Table 'Belisana' 6-max Seat #3 is the button
Seat 2: ribban4747 ($241.26 in chips)
Seat 3: Agrotait ($72 in chips)
Agrotait: posts small blind $1
ribban4747: posts big blind $3
*** HOLE CARDS ***
Agrotait: raises $3 to $6
ribban4747: calls $3
*** FLOP *** [8c Ac Qc]
ribban4747: checks
Agrotait: bets $3
ribban4747: calls $3
*** TURN *** [8c Ac Qc] [9d]
ribban4747: checks
Agrotait: bets $6
ribban4747: calls $6
*** RIVER *** [8c Ac Qc 9d] [2s]
ribban4747: checks
Agrotait: checks
*** SHOW DOWN ***
ribban4747: shows [7s 7h] (a pair of Sevens)
Agrotait: shows [8d 4d] (a pair of Eights)
Agrotait collected $29.50 from pot
*** SUMMARY ***
Total pot $30 | Rake $0.50
Board [8c Ac Qc 9d 2s]
Seat 2: ribban4747 (big blind) showed [7s 7h] and lost with a pair of Sevens
Seat 3: Agrotait (button) (small blind) showed [8d 4d] and won ($29.50) with a pair of Eights


PokerStars Hand #170570778209:  Hold'em Limit ($3/$6 USD) - 2017/05/18 2:55:47 ET
Table 'Belisana' 6-max Seat #2 is the button
Seat 2: ribban4747 ($223.76 in chips)
Seat 3: Agrotait ($60.61 in chips)
ribban4747: posts small blind $1
Agrotait: posts big blind $3
*** HOLE CARDS ***
ribban4747: calls $2
Agrotait: checks
*** FLOP *** [7s 6c Kc]
Agrotait: checks
ribban4747: bets $3
Agrotait: raises $3 to $6
ribban4747: raises $3 to $9
Agrotait: calls $3
*** TURN *** [7s 6c Kc] [8c]
Agrotait: checks
ribban4747: bets $6
Agrotait: calls $6
*** RIVER *** [7s 6c Kc 8c] [5s]
Agrotait: checks
ribban4747: bets $6
Agrotait: folds
Uncalled bet ($6) returned to ribban4747
ribban4747 collected $35.50 from pot
*** SUMMARY ***
Total pot $36 | Rake $0.50
Board [7s 6c Kc 8c 5s]
Seat 2: ribban4747 (button) (small blind) collected ($35.50)
Seat 3: Agrotait (big blind) folded on the River


PokerStars Hand #170570790569:  Hold'em Limit ($3/$6 USD) - 2017/05/18 2:56:39 ET
Table 'Belisana' 6-max Seat #3 is the button
Seat 2: ribban4747 ($225.26 in chips)
Seat 3: Agrotait ($87.50 in chips)
Agrotait: posts small blind $1
ribban4747: posts big blind $3
*** HOLE CARDS ***
Agrotait: raises $3 to $6
ribban4747: calls $3
*** FLOP *** [Js 5s Ts]
ribban4747: bets $3
Agrotait: folds
Uncalled bet ($3) returned to ribban4747
ribban4747 collected $11.76 from pot
*** SUMMARY ***
Total pot $12 | Rake $0.24
Board [Js 5s Ts]
Seat 2: ribban4747 (big blind) collected ($11.76)
Seat 3: Agrotait (button) (small blind) folded on the Flop


PokerStars Hand #170570802399:  Hold'em Limit ($3/$6 USD) - 2017/05/18 2:57:30 ET
Table 'Belisana' 6-max Seat #2 is the button
Seat 2: ribban4747 ($245.42 in chips)
Seat 3: Agrotait ($66.50 in chips)
ribban4747: posts small blind $1
Agrotait: posts big blind $3
*** HOLE CARDS ***
ribban4747: calls $2
Agrotait: checks
*** FLOP *** [Th 8h Tc]
Agrotait: checks
ribban4747: bets $3
Agrotait: folds
Uncalled bet ($3) returned to ribban4747
ribban4747 collected $5.88 from pot
*** SUMMARY ***
Total pot $6 | Rake $0.12
Board [Th 8h Tc]
Seat 2: ribban4747 (button) (small blind) collected ($5.88)
Seat 3: Agrotait (big blind) folded on the Flop


PokerStars Hand #170570799532:  Hold'em Limit ($3/$6 USD) - 2017/05/18 2:57:17 ET
Table 'Belisana' 6-max Seat #3 is the button
Seat 2: ribban4747 ($236.78 in chips)
Seat 3: Agrotait ($75.50 in chips)
Agrotait: posts small blind $1
ribban4747: posts big blind $3
*** HOLE CARDS ***
Agrotait: raises $3 to $6
ribban4747: calls $3
*** FLOP *** [6s 3d 2s]
ribban4747: bets $3
Agrotait: calls $3
*** TURN *** [6s 3d 2s] [Qc]
ribban4747: bets $6
Agrotait: folds
Uncalled bet ($6) returned to ribban4747
ribban4747 collected $17.64 from pot
*** SUMMARY ***
Total pot $18 | Rake $0.36
Board [6s 3d 2s Qc]
Seat 2: ribban4747 (big blind) collected ($17.64)
Seat 3: Agrotait (button) (small blind) folded on the Turn


PokerStars Hand #170570793766:  Hold'em Limit ($3/$6 USD) - 2017/05/18 2:56:53 ET
Table 'Belisana' 6-max Seat #2 is the button
Seat 2: ribban4747 ($231.02 in chips)
Seat 3: Agrotait ($81.50 in chips)
ribban4747: posts small blind $1
Agrotait: posts big blind $3
*** HOLE CARDS ***
ribban4747: calls $2
Agrotait: checks
*** FLOP *** [5s 4s 7h]
Agrotait: bets $3
ribban4747: calls $3
*** TURN *** [5s 4s 7h] [9c]
Agrotait: checks
ribban4747: bets $6
Agrotait: folds
Uncalled bet ($6) returned to ribban4747
ribban4747 collected $11.76 from pot
*** SUMMARY ***
Total pot $12 | Rake $0.24
Board [5s 4s 7h 9c]
Seat 2: ribban4747 (button) (small blind) collected ($11.76)
Seat 3: Agrotait (big blind) folded on the Turn


PokerStars Hand #170570809651:  Hold'em Limit ($3/$6 USD) - 2017/05/18 2:58:00 ET
Table 'Belisana' 6-max Seat #2 is the button
Seat 2: ribban4747 ($256.94 in chips)
Seat 3: Agrotait ($72 in chips)
ribban4747: posts small blind $1
Agrotait: posts big blind $3
*** HOLE CARDS ***
ribban4747: calls $2
Agrotait: checks
*** FLOP *** [3h 8c 9s]
Agrotait: checks
ribban4747: checks
*** TURN *** [3h 8c 9s] [9h]
Agrotait: bets $6
ribban4747: folds
Uncalled bet ($6) returned to Agrotait
Agrotait collected $5.88 from pot
Agrotait: doesn't show hand
*** SUMMARY ***
Total pot $6 | Rake $0.12
Board [3h 8c 9s 9h]
Seat 2: ribban4747 (button) (small blind) folded on the Turn
Seat 3: Agrotait (big blind) collected ($5.88)


PokerStars Hand #170570805096:  Hold'em Limit ($3/$6 USD) - 2017/05/18 2:57:41 ET
Table 'Belisana' 6-max Seat #3 is the button
Seat 2: ribban4747 ($248.30 in chips)
Seat 3: Agrotait ($63.50 in chips)
Agrotait: posts small blind $1
ribban4747: posts big blind $3
*** HOLE CARDS ***
Agrotait: raises $3 to $6
ribban4747: calls $3
*** FLOP *** [6h 3h 6s]
ribban4747: checks
Agrotait: bets $3
ribban4747: calls $3
*** TURN *** [6h 3h 6s] [3d]
nungurner joins the table at seat #4
ribban4747: checks
Agrotait: checks
*** RIVER *** [6h 3h 6s 3d] [2h]
ribban4747: checks
Agrotait: checks
*** SHOW DOWN ***
ribban4747: shows [Qh 7d] (two pair, Sixes and Threes)
Agrotait: mucks hand
ribban4747 collected $17.64 from pot
*** SUMMARY ***
Total pot $18 | Rake $0.36
Board [6h 3h 6s 3d 2h]
Seat 2: ribban4747 (big blind) showed [Qh 7d] and won ($17.64) with two pair, Sixes and Threes
Seat 3: Agrotait (button) (small blind) mucked


PokerStars Hand #170571544709:  Hold'em Limit ($3/$6 USD) - 2017/05/18 3:44:06 ET
Table 'Belisana' 6-max Seat #6 is the button
Seat 5: ABATAPP ($134.23 in chips)
Seat 6: uho4186 ($578.34 in chips)
uho4186: posts small blind $1
Actionni13: is sitting out
Agrotait: is sitting out
ABATAPP: posts big blind $3
*** HOLE CARDS ***
uho4186: raises $3 to $6
ABATAPP: folds
Uncalled bet ($3) returned to uho4186
uho4186 collected $6 from pot
uho4186: doesn't show hand
*** SUMMARY ***
Total pot $6 | Rake $0
Seat 5: ABATAPP (big blind) folded before Flop
Seat 6: uho4186 (button) (small blind) collected ($6)


