PokerStars Hand #145100366152:  Hold'em Limit ($3/$6 USD) - 2015/12/09 19:21:21 ET
Table 'Belinda III' 2-max Seat #2 is the button
Seat 1: RaisemyNut$ ($262.09 in chips)
Seat 2: ovidius2009 ($52 in chips)
ovidius2009: posts small blind $1
RaisemyNut$: posts big blind $3
*** HOLE CARDS ***
ovidius2009: calls $2
RaisemyNut$: raises $3 to $6
ovidius2009: calls $3
*** FLOP *** [Jh Js Kc]
RaisemyNut$: bets $3
ovidius2009: folds
Uncalled bet ($3) returned to RaisemyNut$
RaisemyNut$ collected $11.76 from pot
RaisemyNut$: doesn't show hand
*** SUMMARY ***
Total pot $12 | Rake $0.24
Board [Jh Js Kc]
Seat 1: RaisemyNut$ (big blind) collected ($11.76)
Seat 2: ovidius2009 (button) (small blind) folded on the Flop


PokerStars Hand #145100374767:  Hold'em Limit ($3/$6 USD) - 2015/12/09 19:21:34 ET
Table 'Belinda III' 2-max Seat #1 is the button
Seat 1: RaisemyNut$ ($267.85 in chips)
Seat 2: ovidius2009 ($46 in chips)
RaisemyNut$: posts small blind $1
ovidius2009: posts big blind $3
*** HOLE CARDS ***
RaisemyNut$: folds
Uncalled bet ($2) returned to ovidius2009
ovidius2009 collected $2 from pot
ovidius2009: doesn't show hand
*** SUMMARY ***
Total pot $2 | Rake $0
Seat 1: RaisemyNut$ (button) (small blind) folded before Flop
Seat 2: ovidius2009 (big blind) collected ($2)


PokerStars Hand #145100363464:  Hold'em Limit ($3/$6 USD) - 2015/12/09 19:21:16 ET
Table 'Belinda III' 2-max Seat #1 is the button
Seat 1: RaisemyNut$ ($263.09 in chips)
Seat 2: ovidius2009 ($51 in chips)
RaisemyNut$: posts small blind $1
ovidius2009: posts big blind $3
*** HOLE CARDS ***
RaisemyNut$: folds
Uncalled bet ($2) returned to ovidius2009
ovidius2009 collected $2 from pot
ovidius2009: doesn't show hand
*** SUMMARY ***
Total pot $2 | Rake $0
Seat 1: RaisemyNut$ (button) (small blind) folded before Flop
Seat 2: ovidius2009 (big blind) collected ($2)


PokerStars Hand #145100349789:  Hold'em Limit ($3/$6 USD) - 2015/12/09 19:20:55 ET
Table 'Belinda III' 2-max Seat #2 is the button
Seat 1: RaisemyNut$ ($260.21 in chips)
Seat 2: ovidius2009 ($54 in chips)
ovidius2009: posts small blind $1
RaisemyNut$: posts big blind $3
*** HOLE CARDS ***
ovidius2009: calls $2
RaisemyNut$: checks
*** FLOP *** [5c Qs 8h]
RaisemyNut$: checks
ovidius2009: checks
*** TURN *** [5c Qs 8h] [Tc]
RaisemyNut$: checks
ovidius2009: checks
*** RIVER *** [5c Qs 8h Tc] [6s]
RaisemyNut$: checks
ovidius2009: checks
*** SHOW DOWN ***
RaisemyNut$: shows [2d 9s] (high card Queen)
ovidius2009: mucks hand
RaisemyNut$ collected $5.88 from pot
*** SUMMARY ***
Total pot $6 | Rake $0.12
Board [5c Qs 8h Tc 6s]
Seat 1: RaisemyNut$ (big blind) showed [2d 9s] and won ($5.88) with high card Queen
Seat 2: ovidius2009 (button) (small blind) mucked


PokerStars Hand #145100377640:  Hold'em Limit ($3/$6 USD) - 2015/12/09 19:21:39 ET
Table 'Belinda III' 2-max Seat #2 is the button
Seat 1: RaisemyNut$ ($266.85 in chips)
Seat 2: ovidius2009 ($47 in chips)
ovidius2009: posts small blind $1
RaisemyNut$: posts big blind $3
*** HOLE CARDS ***
ovidius2009: calls $2
RaisemyNut$: checks
*** FLOP *** [3c Kc Jh]
RaisemyNut$: checks
ovidius2009: checks
*** TURN *** [3c Kc Jh] [4c]
RaisemyNut$: checks
ovidius2009: checks
*** RIVER *** [3c Kc Jh 4c] [7d]
RaisemyNut$: checks
ovidius2009: bets $6
RaisemyNut$: folds
Uncalled bet ($6) returned to ovidius2009
ovidius2009 collected $5.88 from pot
ovidius2009: doesn't show hand
*** SUMMARY ***
Total pot $6 | Rake $0.12
Board [3c Kc Jh 4c 7d]
Seat 1: RaisemyNut$ (big blind) folded on the River
Seat 2: ovidius2009 (button) (small blind) collected ($5.88)


PokerStars Hand #145100407833:  Hold'em Limit ($3/$6 USD) - 2015/12/09 19:22:26 ET
Table 'Belinda III' 2-max Seat #2 is the button
Seat 1: RaisemyNut$ ($242.85 in chips)
Seat 2: ovidius2009 ($70.38 in chips)
ovidius2009: posts small blind $1
RaisemyNut$: posts big blind $3
*** HOLE CARDS ***
ovidius2009: calls $2
RaisemyNut$: raises $3 to $6
ovidius2009: calls $3
*** FLOP *** [3c 3d Kd]
RaisemyNut$: bets $3
ovidius2009: calls $3
*** TURN *** [3c 3d Kd] [Ad]
RaisemyNut$: bets $6
ovidius2009: folds
Uncalled bet ($6) returned to RaisemyNut$
RaisemyNut$ collected $17.64 from pot
RaisemyNut$: doesn't show hand
*** SUMMARY ***
Total pot $18 | Rake $0.36
Board [3c 3d Kd Ad]
Seat 1: RaisemyNut$ (big blind) collected ($17.64)
Seat 2: ovidius2009 (button) (small blind) folded on the Turn


PokerStars Hand #145100391743:  Hold'em Limit ($3/$6 USD) - 2015/12/09 19:22:01 ET
Table 'Belinda III' 2-max Seat #1 is the button
Seat 1: RaisemyNut$ ($263.85 in chips)
Seat 2: ovidius2009 ($49.88 in chips)
RaisemyNut$: posts small blind $1
ovidius2009: posts big blind $3
*** HOLE CARDS ***
RaisemyNut$: raises $3 to $6
ovidius2009: calls $3
*** FLOP *** [Js 8s 4s]
ovidius2009: bets $3
RaisemyNut$: calls $3
*** TURN *** [Js 8s 4s] [Ad]
ovidius2009: bets $6
RaisemyNut$: calls $6
*** RIVER *** [Js 8s 4s Ad] [Qd]
ovidius2009: checks
RaisemyNut$: bets $6
ovidius2009: calls $6
*** SHOW DOWN ***
RaisemyNut$: shows [Td 6s] (high card Ace)
ovidius2009: shows [Jd 8c] (two pair, Jacks and Eights)
ovidius2009 collected $41.50 from pot
*** SUMMARY ***
Total pot $42 | Rake $0.50
Board [Js 8s 4s Ad Qd]
Seat 1: RaisemyNut$ (button) (small blind) showed [Td 6s] and lost with high card Ace
Seat 2: ovidius2009 (big blind) showed [Jd 8c] and won ($41.50) with two pair, Jacks and Eights


PokerStars Hand #145100434328:  Hold'em Limit ($3/$6 USD) - 2015/12/09 19:23:08 ET
Table 'Belinda III' 2-max Seat #2 is the button
Seat 1: RaisemyNut$ ($265.99 in chips)
Seat 2: ovidius2009 ($46.38 in chips)
ovidius2009: posts small blind $1
RaisemyNut$: posts big blind $3
*** HOLE CARDS ***
ovidius2009: calls $2
RaisemyNut$: raises $3 to $6
ovidius2009: calls $3
*** FLOP *** [7s 7c Js]
RaisemyNut$: bets $3
ovidius2009: calls $3
*** TURN *** [7s 7c Js] [6c]
RaisemyNut$: bets $6
ovidius2009: calls $6
*** RIVER *** [7s 7c Js 6c] [Kd]
RaisemyNut$: checks
ovidius2009: checks
*** SHOW DOWN ***
RaisemyNut$: shows [Ac 6s] (two pair, Sevens and Sixes)
ovidius2009: mucks hand
RaisemyNut$ collected $29.50 from pot
*** SUMMARY ***
Total pot $30 | Rake $0.50
Board [7s 7c Js 6c Kd]
Seat 1: RaisemyNut$ (big blind) showed [Ac 6s] and won ($29.50) with two pair, Sevens and Sixes
Seat 2: ovidius2009 (button) (small blind) mucked


PokerStars Hand #145100447185:  Hold'em Limit ($3/$6 USD) - 2015/12/09 19:23:28 ET
Table 'Belinda III' 2-max Seat #1 is the button
Seat 1: RaisemyNut$ ($280.49 in chips)
Seat 2: ovidius2009 ($31.38 in chips)
RaisemyNut$: posts small blind $1
ovidius2009: posts big blind $3
*** HOLE CARDS ***
RaisemyNut$: raises $3 to $6
ovidius2009: calls $3
*** FLOP *** [Qs 7h 4c]
ovidius2009: checks
RaisemyNut$: bets $3
ovidius2009: calls $3
*** TURN *** [Qs 7h 4c] [6c]
ovidius2009: checks
RaisemyNut$: bets $6
ovidius2009: calls $6
*** RIVER *** [Qs 7h 4c 6c] [Tc]
ovidius2009: checks
RaisemyNut$: checks
*** SHOW DOWN ***
ovidius2009: shows [3c 2s] (high card Queen)
RaisemyNut$: shows [4h Ah] (a pair of Fours)
RaisemyNut$ collected $29.50 from pot
*** SUMMARY ***
Total pot $30 | Rake $0.50
Board [Qs 7h 4c 6c Tc]
Seat 1: RaisemyNut$ (button) (small blind) showed [4h Ah] and won ($29.50) with a pair of Fours
Seat 2: ovidius2009 (big blind) showed [3c 2s] and lost with high card Queen


PokerStars Hand #145100419202:  Hold'em Limit ($3/$6 USD) - 2015/12/09 19:22:44 ET
Table 'Belinda III' 2-max Seat #1 is the button
Seat 1: RaisemyNut$ ($251.49 in chips)
Seat 2: ovidius2009 ($61.38 in chips)
RaisemyNut$: posts small blind $1
ovidius2009: posts big blind $3
*** HOLE CARDS ***
RaisemyNut$: raises $3 to $6
ovidius2009: raises $3 to $9
RaisemyNut$: calls $3
*** FLOP *** [6h 3d 3h]
ovidius2009: checks
RaisemyNut$: checks
*** TURN *** [6h 3d 3h] [Td]
ovidius2009: checks
RaisemyNut$: bets $6
ovidius2009: calls $6
*** RIVER *** [6h 3d 3h Td] [Ac]
ovidius2009: checks
RaisemyNut$: checks
*** SHOW DOWN ***
ovidius2009: shows [Qh Kh] (a pair of Threes)
RaisemyNut$: shows [Th 2d] (two pair, Tens and Threes)
RaisemyNut$ collected $29.50 from pot
*** SUMMARY ***
Total pot $30 | Rake $0.50
Board [6h 3d 3h Td Ac]
Seat 1: RaisemyNut$ (button) (small blind) showed [Th 2d] and won ($29.50) with two pair, Tens and Threes
Seat 2: ovidius2009 (big blind) showed [Qh Kh] and lost with a pair of Threes


PokerStars Hand #145100482531:  Hold'em Limit ($3/$6 USD) - 2015/12/09 19:24:25 ET
Table 'Belinda III' 2-max Seat #1 is the button
Seat 1: RaisemyNut$ ($287.87 in chips)
Seat 2: ovidius2009 ($23.02 in chips)
RaisemyNut$: posts small blind $1
ovidius2009: posts big blind $3
*** HOLE CARDS ***
RaisemyNut$: raises $3 to $6
ovidius2009: calls $3
*** FLOP *** [5s 9d 9h]
ovidius2009: checks
RaisemyNut$: bets $3
ovidius2009: calls $3
*** TURN *** [5s 9d 9h] [Kc]
ovidius2009: checks
RaisemyNut$: bets $6
ovidius2009: calls $6
*** RIVER *** [5s 9d 9h Kc] [3h]
ovidius2009: checks
RaisemyNut$: checks
*** SHOW DOWN ***
ovidius2009: shows [Ad 4c] (a pair of Nines)
RaisemyNut$: mucks hand
ovidius2009 collected $29.50 from pot
*** SUMMARY ***
Total pot $30 | Rake $0.50
Board [5s 9d 9h Kc 3h]
Seat 1: RaisemyNut$ (button) (small blind) mucked
Seat 2: ovidius2009 (big blind) showed [Ad 4c] and won ($29.50) with a pair of Nines


PokerStars Hand #145100475614:  Hold'em Limit ($3/$6 USD) - 2015/12/09 19:24:13 ET
Table 'Belinda III' 2-max Seat #2 is the button
Seat 1: RaisemyNut$ ($284.99 in chips)
Seat 2: ovidius2009 ($26.02 in chips)
ovidius2009: posts small blind $1
RaisemyNut$: posts big blind $3
*** HOLE CARDS ***
ovidius2009: calls $2
RaisemyNut$: checks
*** FLOP *** [Qc Jd 2d]
RaisemyNut$: bets $3
ovidius2009: folds
Uncalled bet ($3) returned to RaisemyNut$
RaisemyNut$ collected $5.88 from pot
RaisemyNut$: doesn't show hand
*** SUMMARY ***
Total pot $6 | Rake $0.12
Board [Qc Jd 2d]
Seat 1: RaisemyNut$ (big blind) collected ($5.88)
Seat 2: ovidius2009 (button) (small blind) folded on the Flop


PokerStars Hand #145100472246:  Hold'em Limit ($3/$6 USD) - 2015/12/09 19:24:08 ET
Table 'Belinda III' 2-max Seat #1 is the button
Seat 1: RaisemyNut$ ($285.99 in chips)
Seat 2: ovidius2009 ($25.02 in chips)
RaisemyNut$: posts small blind $1
ovidius2009: posts big blind $3
*** HOLE CARDS ***
RaisemyNut$: folds
Uncalled bet ($2) returned to ovidius2009
ovidius2009 collected $2 from pot
ovidius2009: doesn't show hand
*** SUMMARY ***
Total pot $2 | Rake $0
Seat 1: RaisemyNut$ (button) (small blind) folded before Flop
Seat 2: ovidius2009 (big blind) collected ($2)


PokerStars Hand #145100462559:  Hold'em Limit ($3/$6 USD) - 2015/12/09 19:23:53 ET
Table 'Belinda III' 2-max Seat #2 is the button
Seat 1: RaisemyNut$ ($294.99 in chips)
Seat 2: ovidius2009 ($16.38 in chips)
ovidius2009: posts small blind $1
RaisemyNut$: posts big blind $3
*** HOLE CARDS ***
ovidius2009: calls $2
RaisemyNut$: raises $3 to $6
ovidius2009: calls $3
*** FLOP *** [3s 2c 2s]
RaisemyNut$: bets $3
ovidius2009: raises $3 to $6
RaisemyNut$: folds
Uncalled bet ($3) returned to ovidius2009
ovidius2009 collected $17.64 from pot
ovidius2009: doesn't show hand
*** SUMMARY ***
Total pot $18 | Rake $0.36
Board [3s 2c 2s]
Seat 1: RaisemyNut$ (big blind) folded on the Flop
Seat 2: ovidius2009 (button) (small blind) collected ($17.64)


PokerStars Hand #145100494591:  Hold'em Limit ($3/$6 USD) - 2015/12/09 19:24:44 ET
Table 'Belinda III' 2-max Seat #2 is the button
Seat 1: RaisemyNut$ ($272.87 in chips)
Seat 2: ovidius2009 ($37.52 in chips)
ovidius2009: posts small blind $1
RaisemyNut$: posts big blind $3
*** HOLE CARDS ***
ovidius2009: calls $2
RaisemyNut$: raises $3 to $6
ovidius2009: calls $3
*** FLOP *** [Ks Th 6s]
RaisemyNut$: bets $3
ovidius2009: calls $3
*** TURN *** [Ks Th 6s] [2d]
RaisemyNut$: bets $6
ovidius2009: folds
Uncalled bet ($6) returned to RaisemyNut$
RaisemyNut$ collected $17.64 from pot
RaisemyNut$: doesn't show hand
*** SUMMARY ***
Total pot $18 | Rake $0.36
Board [Ks Th 6s 2d]
Seat 1: RaisemyNut$ (big blind) collected ($17.64)
Seat 2: ovidius2009 (button) (small blind) folded on the Turn


PokerStars Hand #145100518939:  Hold'em Limit ($3/$6 USD) - 2015/12/09 19:25:23 ET
Table 'Belinda III' 2-max Seat #2 is the button
Seat 1: RaisemyNut$ ($272.51 in chips)
Seat 2: ovidius2009 ($37.16 in chips)
ovidius2009: posts small blind $1
RaisemyNut$: posts big blind $3
*** HOLE CARDS ***
ovidius2009: calls $2
RaisemyNut$: raises $3 to $6
ovidius2009: calls $3
*** FLOP *** [Kh 9d 5s]
RaisemyNut$: bets $3
ovidius2009: calls $3
*** TURN *** [Kh 9d 5s] [9c]
RaisemyNut$: bets $6
ovidius2009: calls $6
*** RIVER *** [Kh 9d 5s 9c] [Js]
RaisemyNut$: checks
ovidius2009: bets $6
RaisemyNut$: folds
Uncalled bet ($6) returned to ovidius2009
ovidius2009 collected $29.50 from pot
ovidius2009: doesn't show hand
*** SUMMARY ***
Total pot $30 | Rake $0.50
Board [Kh 9d 5s 9c Js]
Seat 1: RaisemyNut$ (big blind) folded on the River
Seat 2: ovidius2009 (button) (small blind) collected ($29.50)


PokerStars Hand #145100504401:  Hold'em Limit ($3/$6 USD) - 2015/12/09 19:24:59 ET
Table 'Belinda III' 2-max Seat #1 is the button
Seat 1: RaisemyNut$ ($281.51 in chips)
Seat 2: ovidius2009 ($28.52 in chips)
RaisemyNut$: posts small blind $1
ovidius2009: posts big blind $3
*** HOLE CARDS ***
RaisemyNut$: raises $3 to $6
ovidius2009: calls $3
*** FLOP *** [9h As 4d]
ovidius2009: checks
RaisemyNut$: bets $3
ovidius2009: calls $3
*** TURN *** [9h As 4d] [2c]
ovidius2009: checks
RaisemyNut$: checks
*** RIVER *** [9h As 4d 2c] [5d]
ovidius2009: checks
RaisemyNut$: checks
*** SHOW DOWN ***
ovidius2009: shows [Jd Ts] (high card Ace)
RaisemyNut$: mucks hand
ovidius2009 collected $17.64 from pot
*** SUMMARY ***
Total pot $18 | Rake $0.36
Board [9h As 4d 2c 5d]
Seat 1: RaisemyNut$ (button) (small blind) mucked
Seat 2: ovidius2009 (big blind) showed [Jd Ts] and won ($17.64) with high card Ace


PokerStars Hand #145100533490:  Hold'em Limit ($3/$6 USD) - 2015/12/09 19:25:46 ET
Table 'Belinda III' 2-max Seat #1 is the button
Seat 1: RaisemyNut$ ($257.51 in chips)
Seat 2: ovidius2009 ($51.66 in chips)
RaisemyNut$: posts small blind $1
ovidius2009: posts big blind $3
*** HOLE CARDS ***
RaisemyNut$: raises $3 to $6
ovidius2009: raises $3 to $9
RaisemyNut$: calls $3
*** FLOP *** [Ah 2h Td]
ovidius2009: bets $3
RaisemyNut$: raises $3 to $6
ovidius2009: calls $3
*** TURN *** [Ah 2h Td] [9s]
ovidius2009: checks
RaisemyNut$: bets $6
ovidius2009: calls $6
*** RIVER *** [Ah 2h Td 9s] [Qh]
ovidius2009: checks
RaisemyNut$: bets $6
ovidius2009: calls $6
*** SHOW DOWN ***
RaisemyNut$: shows [Th 4h] (a flush, Ace high)
ovidius2009: mucks hand
RaisemyNut$ collected $53.50 from pot
*** SUMMARY ***
Total pot $54 | Rake $0.50
Board [Ah 2h Td 9s Qh]
Seat 1: RaisemyNut$ (button) (small blind) showed [Th 4h] and won ($53.50) with a flush, Ace high
Seat 2: ovidius2009 (big blind) mucked


PokerStars Hand #145100557308:  Hold'em Limit ($3/$6 USD) - 2015/12/09 19:26:25 ET
Table 'Belinda III' 2-max Seat #1 is the button
Seat 1: RaisemyNut$ ($275.01 in chips)
Seat 2: ovidius2009 ($33.30 in chips)
RaisemyNut$: posts small blind $1
ovidius2009: posts big blind $3
*** HOLE CARDS ***
RaisemyNut$: raises $3 to $6
ovidius2009: calls $3
*** FLOP *** [6c Ah 3d]
ovidius2009: checks
RaisemyNut$: bets $3
ovidius2009: calls $3
*** TURN *** [6c Ah 3d] [Kc]
ovidius2009: checks
RaisemyNut$: bets $6
ovidius2009: folds
Uncalled bet ($6) returned to RaisemyNut$
RaisemyNut$ collected $17.64 from pot
RaisemyNut$: doesn't show hand
*** SUMMARY ***
Total pot $18 | Rake $0.36
Board [6c Ah 3d Kc]
Seat 1: RaisemyNut$ (button) (small blind) collected ($17.64)
Seat 2: ovidius2009 (big blind) folded on the Turn


PokerStars Hand #145100545576:  Hold'em Limit ($3/$6 USD) - 2015/12/09 19:26:06 ET
Table 'Belinda III' 2-max Seat #2 is the button
Seat 1: RaisemyNut$ ($284.01 in chips)
Seat 2: ovidius2009 ($24.66 in chips)
ovidius2009: posts small blind $1
RaisemyNut$: posts big blind $3
*** HOLE CARDS ***
ovidius2009: calls $2
RaisemyNut$: checks
*** FLOP *** [Ks Js Jd]
RaisemyNut$: checks
ovidius2009: checks
*** TURN *** [Ks Js Jd] [6s]
RaisemyNut$: bets $6
ovidius2009: calls $6
*** RIVER *** [Ks Js Jd 6s] [Kd]
RaisemyNut$: checks
ovidius2009: bets $6
RaisemyNut$: folds
Uncalled bet ($6) returned to ovidius2009
ovidius2009 collected $17.64 from pot
ovidius2009: doesn't show hand
*** SUMMARY ***
Total pot $18 | Rake $0.36
Board [Ks Js Jd 6s Kd]
Seat 1: RaisemyNut$ (big blind) folded on the River
Seat 2: ovidius2009 (button) (small blind) collected ($17.64)


PokerStars Hand #145100565547:  Hold'em Limit ($3/$6 USD) - 2015/12/09 19:26:39 ET
Table 'Belinda III' 2-max Seat #2 is the button
Seat 1: RaisemyNut$ ($283.65 in chips)
Seat 2: ovidius2009 ($24.30 in chips)
ovidius2009: posts small blind $1
RaisemyNut$: posts big blind $3
*** HOLE CARDS ***
ovidius2009: calls $2
RaisemyNut$: raises $3 to $6
ovidius2009: calls $3
*** FLOP *** [As 8s 5s]
RaisemyNut$: bets $3
ovidius2009: calls $3
*** TURN *** [As 8s 5s] [4c]
RaisemyNut$: bets $6
ovidius2009: calls $6
*** RIVER *** [As 8s 5s 4c] [Ac]
RaisemyNut$: checks
ovidius2009: bets $6
RaisemyNut$: calls $6
*** SHOW DOWN ***
ovidius2009: shows [Ad 9c] (three of a kind, Aces)
RaisemyNut$: mucks hand
ovidius2009 collected $41.50 from pot
*** SUMMARY ***
Total pot $42 | Rake $0.50
Board [As 8s 5s 4c Ac]
Seat 1: RaisemyNut$ (big blind) mucked
Seat 2: ovidius2009 (button) (small blind) showed [Ad 9c] and won ($41.50) with three of a kind, Aces


PokerStars Hand #145100592997:  Hold'em Limit ($3/$6 USD) - 2015/12/09 19:27:23 ET
Table 'Belinda III' 2-max Seat #1 is the button
Seat 1: RaisemyNut$ ($277.05 in chips)
Seat 2: ovidius2009 ($29.80 in chips)
RaisemyNut$: posts small blind $1
ovidius2009: posts big blind $3
*** HOLE CARDS ***
RaisemyNut$: raises $3 to $6
ovidius2009: calls $3
*** FLOP *** [5d 4s 5h]
ovidius2009: checks
RaisemyNut$: bets $3
ovidius2009: calls $3
*** TURN *** [5d 4s 5h] [8d]
ovidius2009: checks
RaisemyNut$: bets $6
ovidius2009: raises $6 to $12
RaisemyNut$: raises $6 to $18
ovidius2009: raises $2.80 to $20.80 and is all-in
Betting is capped
RaisemyNut$: calls $2.80
*** RIVER *** [5d 4s 5h 8d] [Kd]
*** SHOW DOWN ***
ovidius2009: shows [5c As] (three of a kind, Fives)
RaisemyNut$: shows [5s 4h] (a full house, Fives full of Fours)
RaisemyNut$ collected $59.10 from pot
*** SUMMARY ***
Total pot $59.60 | Rake $0.50
Board [5d 4s 5h 8d Kd]
Seat 1: RaisemyNut$ (button) (small blind) showed [5s 4h] and won ($59.10) with a full house, Fives full of Fours
Seat 2: ovidius2009 (big blind) showed [5c As] and lost with three of a kind, Fives


PokerStars Hand #145100584875:  Hold'em Limit ($3/$6 USD) - 2015/12/09 19:27:10 ET
Table 'Belinda III' 2-max Seat #2 is the button
Seat 1: RaisemyNut$ ($271.29 in chips)
Seat 2: ovidius2009 ($35.80 in chips)
ovidius2009: posts small blind $1
RaisemyNut$: posts big blind $3
*** HOLE CARDS ***
ovidius2009: calls $2
RaisemyNut$: checks
*** FLOP *** [6d 7c 4s]
RaisemyNut$: bets $3
ovidius2009: calls $3
*** TURN *** [6d 7c 4s] [Ad]
RaisemyNut$: bets $6
ovidius2009: folds
Uncalled bet ($6) returned to RaisemyNut$
RaisemyNut$ collected $11.76 from pot
RaisemyNut$: doesn't show hand
*** SUMMARY ***
Total pot $12 | Rake $0.24
Board [6d 7c 4s Ad]
Seat 1: RaisemyNut$ (big blind) collected ($11.76)
Seat 2: ovidius2009 (button) (small blind) folded on the Turn


PokerStars Hand #145100576309:  Hold'em Limit ($3/$6 USD) - 2015/12/09 19:26:56 ET
Table 'Belinda III' 2-max Seat #1 is the button
Seat 1: RaisemyNut$ ($262.65 in chips)
Seat 2: ovidius2009 ($44.80 in chips)
RaisemyNut$: posts small blind $1
ovidius2009: posts big blind $3
*** HOLE CARDS ***
RaisemyNut$: raises $3 to $6
ovidius2009: calls $3
*** FLOP *** [8s 7d Ad]
ovidius2009: checks
RaisemyNut$: bets $3
ovidius2009: calls $3
*** TURN *** [8s 7d Ad] [4h]
ovidius2009: checks
RaisemyNut$: bets $6
ovidius2009: folds
Uncalled bet ($6) returned to RaisemyNut$
RaisemyNut$ collected $17.64 from pot
RaisemyNut$: doesn't show hand
*** SUMMARY ***
Total pot $18 | Rake $0.36
Board [8s 7d Ad 4h]
Seat 1: RaisemyNut$ (button) (small blind) collected ($17.64)
Seat 2: ovidius2009 (big blind) folded on the Turn


