PokerStars Hand #147897636975:  Hold'em Limit ($3/$6 USD) - 2016/01/29 16:43:51 ET
Table 'Belisana' 6-max Seat #4 is the button
Seat 2: chipsdigme86 ($24.76 in chips)
Seat 4: AzureCaper ($89.50 in chips)
AzureCaper: posts small blind $1
chipsdigme86: posts big blind $3
*** HOLE CARDS ***
AzureCaper: raises $3 to $6
chipsdigme86: calls $3
*** FLOP *** [4c Ad 6d]
chipsdigme86: checks
AzureCaper: bets $3
chipsdigme86: raises $3 to $6
AzureCaper: raises $3 to $9
chipsdigme86: calls $3
*** TURN *** [4c Ad 6d] [2s]
chipsdigme86: checks
AzureCaper: bets $6
chipsdigme86: calls $6
*** RIVER *** [4c Ad 6d 2s] [4d]
chipsdigme86: checks
AzureCaper: checks
*** SHOW DOWN ***
chipsdigme86: shows [9s 6s] (two pair, Sixes and Fours)
AzureCaper: shows [Jh Jd] (two pair, Jacks and Fours)
AzureCaper collected $41.50 from pot
*** SUMMARY ***
Total pot $42 | Rake $0.50
Board [4c Ad 6d 2s 4d]
Seat 2: chipsdigme86 (big blind) showed [9s 6s] and lost with two pair, Sixes and Fours
Seat 4: AzureCaper (button) (small blind) showed [Jh Jd] and won ($41.50) with two pair, Jacks and Fours


PokerStars Hand #147897656123:  Hold'em Limit ($3/$6 USD) - 2016/01/29 16:44:10 ET
Table 'Belisana' 6-max Seat #2 is the button
Seat 2: chipsdigme86 ($3.76 in chips)
Seat 4: AzureCaper ($110 in chips)
chipsdigme86: posts small blind $1
AzureCaper: posts big blind $3
*** HOLE CARDS ***
chipsdigme86: raises $0.76 to $3.76 and is all-in
AzureCaper: calls $0.76
*** FLOP *** [Qh Jc Kd]
*** TURN *** [Qh Jc Kd] [5d]
*** RIVER *** [Qh Jc Kd 5d] [5c]
*** SHOW DOWN ***
AzureCaper: shows [6h 2s] (a pair of Fives)
chipsdigme86: shows [4h 2h] (a pair of Fives)
AzureCaper collected $3.69 from pot
chipsdigme86 collected $3.68 from pot
*** SUMMARY ***
Total pot $7.52 | Rake $0.15
Board [Qh Jc Kd 5d 5c]
Seat 2: chipsdigme86 (button) (small blind) showed [4h 2h] and won ($3.68) with a pair of Fives
Seat 4: AzureCaper (big blind) showed [6h 2s] and won ($3.69) with a pair of Fives


PokerStars Hand #147897667945:  Hold'em Limit ($3/$6 USD) - 2016/01/29 16:44:22 ET
Table 'Belisana' 6-max Seat #4 is the button
Seat 2: chipsdigme86 ($3.68 in chips)
Seat 4: AzureCaper ($109.93 in chips)
AzureCaper: posts small blind $1
chipsdigme86: posts big blind $3
*** HOLE CARDS ***
AzureCaper: folds
Uncalled bet ($2) returned to chipsdigme86
chipsdigme86 collected $2 from pot
*** SUMMARY ***
Total pot $2 | Rake $0
Seat 2: chipsdigme86 (big blind) collected ($2)
Seat 4: AzureCaper (button) (small blind) folded before Flop


