PokerStars Hand #147886949275:  Hold'em Limit ($3/$6 USD) - 2016/01/29 13:44:08 ET
Table 'Belinda II' 6-max Seat #6 is the button
Seat 1: ChOfW ($66 in chips)
Seat 6: Andredias950 ($36.39 in chips)
Andredias950: posts small blind $1
ChOfW: posts big blind $3
*** HOLE CARDS ***
Andredias950: raises $3 to $6
ChOfW: folds
Uncalled bet ($3) returned to Andredias950
Andredias950 collected $6 from pot
Andredias950: doesn't show hand
*** SUMMARY ***
Total pot $6 | Rake $0
Seat 1: ChOfW (big blind) folded before Flop
Seat 6: Andredias950 (button) (small blind) collected ($6)


PokerStars Hand #147886955706:  Hold'em Limit ($3/$6 USD) - 2016/01/29 13:44:15 ET
Table 'Belinda II' 6-max Seat #1 is the button
Seat 1: ChOfW ($66 in chips)
Seat 6: Andredias950 ($39.39 in chips)
ChOfW: posts small blind $1
Andredias950: posts big blind $3
*** HOLE CARDS ***
ChOfW: raises $3 to $6
Andredias950: calls $3
*** FLOP *** [3h 3c 8c]
Andredias950: checks
ChOfW: bets $3
Andredias950: folds
Uncalled bet ($3) returned to ChOfW
ChOfW collected $11.76 from pot
ChOfW: doesn't show hand
*** SUMMARY ***
Total pot $12 | Rake $0.24
Board [3h 3c 8c]
Seat 1: ChOfW (button) (small blind) collected ($11.76)
Seat 6: Andredias950 (big blind) folded on the Flop


PokerStars Hand #147886968208:  Hold'em Limit ($3/$6 USD) - 2016/01/29 13:44:28 ET
Table 'Belinda II' 6-max Seat #6 is the button
Seat 1: ChOfW ($71.76 in chips)
Seat 6: Andredias950 ($33.39 in chips)
Andredias950: posts small blind $1
ChOfW: posts big blind $3
*** HOLE CARDS ***
Andredias950: raises $3 to $6
ChOfW: calls $3
*** FLOP *** [2d 2h Kh]
ChOfW: checks
Andredias950: bets $3
ChOfW: folds
Uncalled bet ($3) returned to Andredias950
Andredias950 collected $11.76 from pot
*** SUMMARY ***
Total pot $12 | Rake $0.24
Board [2d 2h Kh]
Seat 1: ChOfW (big blind) folded on the Flop
Seat 6: Andredias950 (button) (small blind) collected ($11.76)


PokerStars Hand #147887048739:  Hold'em Limit ($3/$6 USD) - 2016/01/29 13:45:52 ET
Table 'Belinda II' 6-max Seat #6 is the button
Seat 1: ChOfW ($66 in chips)
Seat 6: Andredias950 ($47.79 in chips)
Andredias950: posts small blind $1
ChOfW: posts big blind $3
*** HOLE CARDS ***
Andredias950: folds
Uncalled bet ($2) returned to ChOfW
ChOfW collected $2 from pot
ChOfW: doesn't show hand
*** SUMMARY ***
Total pot $2 | Rake $0
Seat 1: ChOfW (big blind) collected ($2)
Seat 6: Andredias950 (button) (small blind) folded before Flop


PokerStars Hand #147887053002:  Hold'em Limit ($3/$6 USD) - 2016/01/29 13:45:57 ET
Table 'Belinda II' 6-max Seat #1 is the button
Seat 1: ChOfW ($67 in chips)
Seat 6: Andredias950 ($46.79 in chips)
ChOfW: posts small blind $1
Andredias950: posts big blind $3
*** HOLE CARDS ***
ChOfW: raises $3 to $6
Andredias950: folds
Uncalled bet ($3) returned to ChOfW
ChOfW collected $6 from pot
ChOfW: doesn't show hand
*** SUMMARY ***
Total pot $6 | Rake $0
Seat 1: ChOfW (button) (small blind) collected ($6)
Seat 6: Andredias950 (big blind) folded before Flop


PokerStars Hand #147887029541:  Hold'em Limit ($3/$6 USD) - 2016/01/29 13:45:32 ET
Table 'Belinda II' 6-max Seat #1 is the button
Seat 1: ChOfW ($66 in chips)
Seat 6: Andredias950 ($39.15 in chips)
ChOfW: posts small blind $1
Andredias950: posts big blind $3
*** HOLE CARDS ***
ChOfW: raises $3 to $6
Andredias950: raises $3 to $9
ChOfW: calls $3
*** FLOP *** [4h 6s Ah]
Andredias950: bets $3
ChOfW: folds
Uncalled bet ($3) returned to Andredias950
Andredias950 collected $17.64 from pot
Andredias950: doesn't show hand
*** SUMMARY ***
Total pot $18 | Rake $0.36
Board [4h 6s Ah]
Seat 1: ChOfW (button) (small blind) folded on the Flop
Seat 6: Andredias950 (big blind) collected ($17.64)


PokerStars Hand #147887106784:  Hold'em Limit ($3/$6 USD) - 2016/01/29 13:46:52 ET
Table 'Belinda II' 6-max Seat #6 is the button
Seat 1: ChOfW ($70 in chips)
Seat 6: Andredias950 ($43.79 in chips)
Andredias950: posts small blind $1
ChOfW: posts big blind $3
*** HOLE CARDS ***
Andredias950: raises $3 to $6
ChOfW: raises $3 to $9
Andredias950: raises $3 to $12
Betting is capped
ChOfW: calls $3
*** FLOP *** [Qd 6c Ac]
ChOfW: checks
Andredias950: bets $3
ChOfW: calls $3
*** TURN *** [Qd 6c Ac] [8h]
ChOfW: checks
Andredias950: bets $6
ChOfW: calls $6
*** RIVER *** [Qd 6c Ac 8h] [6h]
ChOfW: checks
Andredias950: bets $6
ChOfW: calls $6
*** SHOW DOWN ***
Andredias950: shows [Js Jc] (two pair, Jacks and Sixes)
ChOfW: shows [5h Ah] (two pair, Aces and Sixes)
ChOfW collected $53.50 from pot
*** SUMMARY ***
Total pot $54 | Rake $0.50
Board [Qd 6c Ac 8h 6h]
Seat 1: ChOfW (big blind) showed [5h Ah] and won ($53.50) with two pair, Aces and Sixes
Seat 6: Andredias950 (button) (small blind) showed [Js Jc] and lost with two pair, Jacks and Sixes


PokerStars Hand #147887130551:  Hold'em Limit ($3/$6 USD) - 2016/01/29 13:47:17 ET
Table 'Belinda II' 6-max Seat #1 is the button
Seat 1: ChOfW ($96.50 in chips)
Seat 6: Andredias950 ($16.79 in chips)
ChOfW: posts small blind $1
Andredias950: posts big blind $3
*** HOLE CARDS ***
ChOfW: raises $3 to $6
Andredias950: calls $3
*** FLOP *** [Js 4c 3s]
Andredias950: checks
ChOfW: bets $3
Andredias950: folds
Uncalled bet ($3) returned to ChOfW
ChOfW collected $11.76 from pot
ChOfW: doesn't show hand
*** SUMMARY ***
Total pot $12 | Rake $0.24
Board [Js 4c 3s]
Seat 1: ChOfW (button) (small blind) collected ($11.76)
Seat 6: Andredias950 (big blind) folded on the Flop


PokerStars Hand #147887182098:  Hold'em Limit ($3/$6 USD) - 2016/01/29 13:48:11 ET
Table 'Belinda II' 6-max Seat #6 is the button
Seat 1: ChOfW ($97.23 in chips)
Seat 6: Andredias950 ($15.15 in chips)
Andredias950: posts small blind $1
ChOfW: posts big blind $3
*** HOLE CARDS ***
Andredias950: raises $3 to $6
ChOfW: calls $3
*** FLOP *** [5d 2h Td]
ChOfW: checks
Andredias950: bets $3
ChOfW: raises $3 to $6
Andredias950: raises $3 to $9
ChOfW: raises $3 to $12
Betting is capped
Andredias950: calls $0.15 and is all-in
Uncalled bet ($2.85) returned to ChOfW
*** TURN *** [5d 2h Td] [3d]
*** RIVER *** [5d 2h Td 3d] [7c]
*** SHOW DOWN ***
ChOfW: shows [Jh 5s] (a pair of Fives)
Andredias950: shows [Ad 3c] (a pair of Threes)
ChOfW collected $29.80 from pot
*** SUMMARY ***
Total pot $30.30 | Rake $0.50
Board [5d 2h Td 3d 7c]
Seat 1: ChOfW (big blind) showed [Jh 5s] and won ($29.80) with a pair of Fives
Seat 6: Andredias950 (button) (small blind) showed [Ad 3c] and lost with a pair of Threes


PokerStars Hand #147887146618:  Hold'em Limit ($3/$6 USD) - 2016/01/29 13:47:34 ET
Table 'Belinda II' 6-max Seat #6 is the button
Seat 1: ChOfW ($102.26 in chips)
Seat 6: Andredias950 ($10.79 in chips)
Andredias950: posts small blind $1
ChOfW: posts big blind $3
*** HOLE CARDS ***
Andredias950: raises $3 to $6
ChOfW: calls $3
*** FLOP *** [9s 8d Qc]
ChOfW: checks
Andredias950: bets $3
ChOfW: raises $3 to $6
Andredias950: calls $1.79 and is all-in
Uncalled bet ($1.21) returned to ChOfW
*** TURN *** [9s 8d Qc] [Kc]
*** RIVER *** [9s 8d Qc Kc] [Qh]
*** SHOW DOWN ***
ChOfW: shows [7d 6s] (a pair of Queens)
Andredias950: shows [Kd 9h] (two pair, Kings and Queens)
Andredias950 collected $21.15 from pot
*** SUMMARY ***
Total pot $21.58 | Rake $0.43
Board [9s 8d Qc Kc Qh]
Seat 1: ChOfW (big blind) showed [7d 6s] and lost with a pair of Queens
Seat 6: Andredias950 (button) (small blind) showed [Kd 9h] and won ($21.15) with two pair, Kings and Queens


PokerStars Hand #147887168091:  Hold'em Limit ($3/$6 USD) - 2016/01/29 13:47:56 ET
Table 'Belinda II' 6-max Seat #1 is the button
Seat 1: ChOfW ($91.47 in chips)
Seat 6: Andredias950 ($21.15 in chips)
ChOfW: posts small blind $1
Andredias950: posts big blind $3
*** HOLE CARDS ***
ChOfW: raises $3 to $6
Andredias950: calls $3
*** FLOP *** [5s Kd Ac]
Andredias950: checks
ChOfW: bets $3
Andredias950: folds
Uncalled bet ($3) returned to ChOfW
ChOfW collected $11.76 from pot
ChOfW: doesn't show hand
*** SUMMARY ***
Total pot $12 | Rake $0.24
Board [5s Kd Ac]
Seat 1: ChOfW (button) (small blind) collected ($11.76)
Seat 6: Andredias950 (big blind) folded on the Flop


