PokerStars Hand #174721700031:  Hold'em Limit ($3/$6 USD) - 2017/08/24 0:30:49 ET
Table 'Beljawskya' 10-max Seat #5 is the button
Seat 5: zimin10 ($72 in chips)
Seat 10: whathappen1 ($120 in chips)
zimin10: posts small blind $1
whathappen1: posts big blind $3
*** HOLE CARDS ***
zimin10: raises $3 to $6
whathappen1: calls $3
*** FLOP *** [2d 7d 5h]
whathappen1: checks
zimin10: bets $3
whathappen1: calls $3
*** TURN *** [2d 7d 5h] [6d]
whathappen1: checks
zimin10: checks
*** RIVER *** [2d 7d 5h 6d] [Kc]
whathappen1: checks
zimin10: bets $6
whathappen1: calls $6
*** SHOW DOWN ***
zimin10: shows [Kh Qh] (a pair of Kings)
whathappen1: mucks hand
zimin10 collected $29.50 from pot
*** SUMMARY ***
Total pot $30 | Rake $0.50
Board [2d 7d 5h 6d Kc]
Seat 5: zimin10 (button) (small blind) showed [Kh Qh] and won ($29.50) with a pair of Kings
Seat 10: whathappen1 (big blind) mucked


PokerStars Hand #174721710479:  Hold'em Limit ($3/$6 USD) - 2017/08/24 0:31:31 ET
Table 'Beljawskya' 10-max Seat #10 is the button
Seat 5: zimin10 ($86.50 in chips)
Seat 10: whathappen1 ($105 in chips)
whathappen1: posts small blind $1
zimin10: posts big blind $3
*** HOLE CARDS ***
whathappen1: calls $2
zimin10: raises $3 to $6
whathappen1: calls $3
*** FLOP *** [2h Ts Ad]
zimin10: bets $3
whathappen1: calls $3
*** TURN *** [2h Ts Ad] [9d]
zimin10: bets $6
whathappen1: folds
Uncalled bet ($6) returned to zimin10
zimin10 collected $17.64 from pot
*** SUMMARY ***
Total pot $18 | Rake $0.36
Board [2h Ts Ad 9d]
Seat 5: zimin10 (big blind) collected ($17.64)
Seat 10: whathappen1 (button) (small blind) folded on the Turn


PokerStars Hand #174721717689:  Hold'em Limit ($3/$6 USD) - 2017/08/24 0:32:01 ET
Table 'Beljawskya' 10-max Seat #5 is the button
Seat 5: zimin10 ($95.14 in chips)
Seat 10: whathappen1 ($96 in chips)
zimin10: posts small blind $1
whathappen1: posts big blind $3
*** HOLE CARDS ***
zimin10: raises $3 to $6
whathappen1: calls $3
*** FLOP *** [5c 2s Th]
whathappen1: checks
zimin10: bets $3
whathappen1: calls $3
*** TURN *** [5c 2s Th] [4d]
whathappen1: checks
zimin10: bets $6
whathappen1: raises $6 to $12
zimin10: raises $6 to $18
whathappen1: calls $6
*** RIVER *** [5c 2s Th 4d] [4h]
whathappen1: bets $6
zimin10: raises $6 to $12
whathappen1: raises $6 to $18
zimin10: raises $6 to $24
Betting is capped
whathappen1: calls $6
*** SHOW DOWN ***
zimin10: shows [5d 4s] (a full house, Fours full of Fives)
whathappen1: shows [5h 4c] (a full house, Fours full of Fives)
whathappen1 collected $50.75 from pot
zimin10 collected $50.75 from pot
*** SUMMARY ***
Total pot $102 | Rake $0.50
Board [5c 2s Th 4d 4h]
Seat 5: zimin10 (button) (small blind) showed [5d 4s] and won ($50.75) with a full house, Fours full of Fives
Seat 10: whathappen1 (big blind) showed [5h 4c] and won ($50.75) with a full house, Fours full of Fives


PokerStars Hand #174721730999:  Hold'em Limit ($3/$6 USD) - 2017/08/24 0:32:55 ET
Table 'Beljawskya' 10-max Seat #10 is the button
Seat 5: zimin10 ($94.89 in chips)
Seat 10: whathappen1 ($95.75 in chips)
whathappen1: posts small blind $1
zimin10: posts big blind $3
*** HOLE CARDS ***
whathappen1: calls $2
zimin10: checks
*** FLOP *** [Jc Td 6h]
zimin10: checks
whathappen1: checks
*** TURN *** [Jc Td 6h] [5s]
zimin10: bets $6
whathappen1: folds
Uncalled bet ($6) returned to zimin10
zimin10 collected $5.88 from pot
*** SUMMARY ***
Total pot $6 | Rake $0.12
Board [Jc Td 6h 5s]
Seat 5: zimin10 (big blind) collected ($5.88)
Seat 10: whathappen1 (button) (small blind) folded on the Turn


PokerStars Hand #174721736781:  Hold'em Limit ($3/$6 USD) - 2017/08/24 0:33:19 ET
Table 'Beljawskya' 10-max Seat #5 is the button
Seat 5: zimin10 ($97.77 in chips)
Seat 10: whathappen1 ($92.75 in chips)
zimin10: posts small blind $1
whathappen1: posts big blind $3
*** HOLE CARDS ***
zimin10: raises $3 to $6
whathappen1: calls $3
*** FLOP *** [7d 6c 8h]
whathappen1: checks
zimin10: bets $3
whathappen1: calls $3
*** TURN *** [7d 6c 8h] [Ac]
whathappen1: checks
zimin10: bets $6
whathappen1: calls $6
*** RIVER *** [7d 6c 8h Ac] [9c]
whathappen1: checks
zimin10: bets $6
whathappen1: folds
Uncalled bet ($6) returned to zimin10
zimin10 collected $29.50 from pot
*** SUMMARY ***
Total pot $30 | Rake $0.50
Board [7d 6c 8h Ac 9c]
Seat 5: zimin10 (button) (small blind) collected ($29.50)
Seat 10: whathappen1 (big blind) folded on the River


PokerStars Hand #174721754175:  Hold'em Limit ($3/$6 USD) - 2017/08/24 0:34:31 ET
Table 'Beljawskya' 10-max Seat #5 is the button
Seat 5: zimin10 ($97.27 in chips)
Seat 10: whathappen1 ($92.25 in chips)
zimin10: posts small blind $1
whathappen1: posts big blind $3
*** HOLE CARDS ***
zimin10: raises $3 to $6
whathappen1: calls $3
*** FLOP *** [Jd 4s 8h]
whathappen1: checks
zimin10: bets $3
whathappen1: calls $3
*** TURN *** [Jd 4s 8h] [9s]
whathappen1: checks
zimin10: checks
*** RIVER *** [Jd 4s 8h 9s] [2h]
whathappen1: bets $6
zimin10: folds
Uncalled bet ($6) returned to whathappen1
whathappen1 collected $17.64 from pot
whathappen1: doesn't show hand
*** SUMMARY ***
Total pot $18 | Rake $0.36
Board [Jd 4s 8h 9s 2h]
Seat 5: zimin10 (button) (small blind) folded on the River
Seat 10: whathappen1 (big blind) collected ($17.64)


PokerStars Hand #174721744666:  Hold'em Limit ($3/$6 USD) - 2017/08/24 0:33:52 ET
Table 'Beljawskya' 10-max Seat #10 is the button
Seat 5: zimin10 ($112.27 in chips)
Seat 10: whathappen1 ($77.75 in chips)
whathappen1: posts small blind $1
zimin10: posts big blind $3
*** HOLE CARDS ***
whathappen1: calls $2
zimin10: raises $3 to $6
whathappen1: calls $3
*** FLOP *** [Jd Ac 5h]
zimin10: bets $3
whathappen1: calls $3
*** TURN *** [Jd Ac 5h] [9c]
zimin10: bets $6
whathappen1: calls $6
*** RIVER *** [Jd Ac 5h 9c] [Ah]
zimin10: checks
whathappen1: checks
*** SHOW DOWN ***
zimin10: shows [2s Qc] (a pair of Aces)
whathappen1: shows [Td 9h] (two pair, Aces and Nines)
whathappen1 collected $29.50 from pot
*** SUMMARY ***
Total pot $30 | Rake $0.50
Board [Jd Ac 5h 9c Ah]
Seat 5: zimin10 (big blind) showed [2s Qc] and lost with a pair of Aces
Seat 10: whathappen1 (button) (small blind) showed [Td 9h] and won ($29.50) with two pair, Aces and Nines


PokerStars Hand #174721767932:  Hold'em Limit ($3/$6 USD) - 2017/08/24 0:35:27 ET
Table 'Beljawskya' 10-max Seat #10 is the button
Seat 5: zimin10 ($101.77 in chips)
Seat 10: whathappen1 ($86.89 in chips)
whathappen1: posts small blind $1
zimin10: posts big blind $3
*** HOLE CARDS ***
whathappen1: calls $2
zimin10: raises $3 to $6
whathappen1: calls $3
*** FLOP *** [2c 5h 7d]
zimin10: bets $3
whathappen1: calls $3
*** TURN *** [2c 5h 7d] [5c]
zimin10: bets $6
whathappen1: folds
Uncalled bet ($6) returned to zimin10
zimin10 collected $17.64 from pot
*** SUMMARY ***
Total pot $18 | Rake $0.36
Board [2c 5h 7d 5c]
Seat 5: zimin10 (big blind) collected ($17.64)
Seat 10: whathappen1 (button) (small blind) folded on the Turn


PokerStars Hand #174721766386:  Hold'em Limit ($3/$6 USD) - 2017/08/24 0:35:21 ET
Table 'Beljawskya' 10-max Seat #5 is the button
Seat 5: zimin10 ($102.77 in chips)
Seat 10: whathappen1 ($85.89 in chips)
zimin10: posts small blind $1
whathappen1: posts big blind $3
*** HOLE CARDS ***
zimin10: folds
Uncalled bet ($2) returned to whathappen1
whathappen1 collected $2 from pot
whathappen1: doesn't show hand
*** SUMMARY ***
Total pot $2 | Rake $0
Seat 5: zimin10 (button) (small blind) folded before Flop
Seat 10: whathappen1 (big blind) collected ($2)


PokerStars Hand #174721759559:  Hold'em Limit ($3/$6 USD) - 2017/08/24 0:34:53 ET
Table 'Beljawskya' 10-max Seat #10 is the button
Seat 5: zimin10 ($88.27 in chips)
Seat 10: whathappen1 ($100.89 in chips)
whathappen1: posts small blind $1
zimin10: posts big blind $3
*** HOLE CARDS ***
whathappen1: calls $2
zimin10: checks
*** FLOP *** [6s Jh 6c]
zimin10: checks
whathappen1: checks
*** TURN *** [6s Jh 6c] [7h]
zimin10: bets $6
whathappen1: calls $6
*** RIVER *** [6s Jh 6c 7h] [8s]
zimin10: bets $6
whathappen1: calls $6
*** SHOW DOWN ***
zimin10: shows [9s 5c] (a straight, Five to Nine)
whathappen1: mucks hand
zimin10 collected $29.50 from pot
*** SUMMARY ***
Total pot $30 | Rake $0.50
Board [6s Jh 6c 7h 8s]
Seat 5: zimin10 (big blind) showed [9s 5c] and won ($29.50) with a straight, Five to Nine
Seat 10: whathappen1 (button) (small blind) mucked


PokerStars Hand #174721777549:  Hold'em Limit ($3/$6 USD) - 2017/08/24 0:36:07 ET
Table 'Beljawskya' 10-max Seat #10 is the button
Seat 5: zimin10 ($109.41 in chips)
Seat 10: whathappen1 ($78.89 in chips)
whathappen1: posts small blind $1
zimin10: posts big blind $3
*** HOLE CARDS ***
whathappen1: calls $2
zimin10: raises $3 to $6
whathappen1: raises $3 to $9
zimin10: calls $3
*** FLOP *** [3d 8c Tc]
zimin10: checks
whathappen1: bets $3
zimin10: raises $3 to $6
whathappen1: calls $3
*** TURN *** [3d 8c Tc] [Qc]
zimin10: bets $6
whathappen1: raises $6 to $12
zimin10: raises $6 to $18
whathappen1: calls $6
*** RIVER *** [3d 8c Tc Qc] [Jc]
zimin10: checks
whathappen1: checks
*** SHOW DOWN ***
zimin10: shows [Qs Th] (two pair, Queens and Tens)
whathappen1: shows [Qd Qh] (three of a kind, Queens)
whathappen1 collected $65.50 from pot
*** SUMMARY ***
Total pot $66 | Rake $0.50
Board [3d 8c Tc Qc Jc]
Seat 5: zimin10 (big blind) showed [Qs Th] and lost with two pair, Queens and Tens
Seat 10: whathappen1 (button) (small blind) showed [Qd Qh] and won ($65.50) with three of a kind, Queens


PokerStars Hand #174721775785:  Hold'em Limit ($3/$6 USD) - 2017/08/24 0:35:59 ET
Table 'Beljawskya' 10-max Seat #5 is the button
Seat 5: zimin10 ($110.41 in chips)
Seat 10: whathappen1 ($77.89 in chips)
zimin10: posts small blind $1
whathappen1: posts big blind $3
*** HOLE CARDS ***
zimin10: folds
Uncalled bet ($2) returned to whathappen1
whathappen1 collected $2 from pot
whathappen1: doesn't show hand
*** SUMMARY ***
Total pot $2 | Rake $0
Seat 5: zimin10 (button) (small blind) folded before Flop
Seat 10: whathappen1 (big blind) collected ($2)


PokerStars Hand #174721797237:  Hold'em Limit ($3/$6 USD) - 2017/08/24 0:37:28 ET
Table 'Beljawskya' 10-max Seat #5 is the button
Seat 5: zimin10 ($97.91 in chips)
Seat 10: whathappen1 ($89.39 in chips)
zimin10: posts small blind $1
whathappen1: posts big blind $3
*** HOLE CARDS ***
zimin10: raises $3 to $6
whathappen1: calls $3
*** FLOP *** [8c 3c Kd]
whathappen1: checks
zimin10: bets $3
whathappen1: calls $3
*** TURN *** [8c 3c Kd] [4d]
whathappen1: checks
zimin10: bets $6
whathappen1: raises $6 to $12
zimin10: folds
Uncalled bet ($6) returned to whathappen1
whathappen1 collected $29.50 from pot
whathappen1: doesn't show hand
*** SUMMARY ***
Total pot $30 | Rake $0.50
Board [8c 3c Kd 4d]
Seat 5: zimin10 (button) (small blind) folded on the Turn
Seat 10: whathappen1 (big blind) collected ($29.50)


PokerStars Hand #174721790033:  Hold'em Limit ($3/$6 USD) - 2017/08/24 0:36:58 ET
Table 'Beljawskya' 10-max Seat #5 is the button
Seat 5: zimin10 ($76.41 in chips)
Seat 10: whathappen1 ($111.39 in chips)
zimin10: posts small blind $1
whathappen1: posts big blind $3
*** HOLE CARDS ***
zimin10: raises $3 to $6
whathappen1: calls $3
*** FLOP *** [8c 3h 9d]
whathappen1: checks
zimin10: bets $3
whathappen1: calls $3
*** TURN *** [8c 3h 9d] [7d]
whathappen1: checks
zimin10: bets $6
whathappen1: calls $6
*** RIVER *** [8c 3h 9d 7d] [7s]
whathappen1: checks
zimin10: bets $6
whathappen1: calls $6
*** SHOW DOWN ***
zimin10: shows [8h Tc] (two pair, Eights and Sevens)
whathappen1: mucks hand
zimin10 collected $41.50 from pot
*** SUMMARY ***
Total pot $42 | Rake $0.50
Board [8c 3h 9d 7d 7s]
Seat 5: zimin10 (button) (small blind) showed [8h Tc] and won ($41.50) with two pair, Eights and Sevens
Seat 10: whathappen1 (big blind) mucked


PokerStars Hand #174721814345:  Hold'em Limit ($3/$6 USD) - 2017/08/24 0:38:40 ET
Table 'Beljawskya' 10-max Seat #5 is the button
Seat 5: zimin10 ($73 in chips)
Seat 10: whathappen1 ($128.39 in chips)
zimin10: posts small blind $1
whathappen1: posts big blind $3
*** HOLE CARDS ***
zimin10: folds
Uncalled bet ($2) returned to whathappen1
whathappen1 collected $2 from pot
whathappen1: doesn't show hand
*** SUMMARY ***
Total pot $2 | Rake $0
Seat 5: zimin10 (button) (small blind) folded before Flop
Seat 10: whathappen1 (big blind) collected ($2)


PokerStars Hand #174721812453:  Hold'em Limit ($3/$6 USD) - 2017/08/24 0:38:32 ET
Table 'Beljawskya' 10-max Seat #10 is the button
Seat 5: zimin10 ($72 in chips)
Seat 10: whathappen1 ($129.39 in chips)
whathappen1: posts small blind $1
zimin10: posts big blind $3
*** HOLE CARDS ***
whathappen1: folds
Uncalled bet ($2) returned to zimin10
zimin10 collected $2 from pot
*** SUMMARY ***
Total pot $2 | Rake $0
Seat 5: zimin10 (big blind) collected ($2)
Seat 10: whathappen1 (button) (small blind) folded before Flop


PokerStars Hand #174721805656:  Hold'em Limit ($3/$6 USD) - 2017/08/24 0:38:03 ET
Table 'Beljawskya' 10-max Seat #5 is the button
Seat 5: zimin10 ($83.91 in chips)
Seat 10: whathappen1 ($102.89 in chips)
zimin10: posts small blind $1
whathappen1: posts big blind $3
*** HOLE CARDS ***
zimin10: raises $3 to $6
whathappen1: calls $3
*** FLOP *** [3c 2s Ks]
whathappen1: checks
zimin10: bets $3
whathappen1: calls $3
*** TURN *** [3c 2s Ks] [2h]
whathappen1: checks
zimin10: bets $6
whathappen1: raises $6 to $12
zimin10: calls $6
*** RIVER *** [3c 2s Ks 2h] [Ad]
whathappen1: bets $6
zimin10: calls $6
*** SHOW DOWN ***
whathappen1: shows [Ac 2d] (a full house, Deuces full of Aces)
zimin10: mucks hand
whathappen1 collected $53.50 from pot
*** SUMMARY ***
Total pot $54 | Rake $0.50
Board [3c 2s Ks 2h Ad]
Seat 5: zimin10 (button) (small blind) mucked
Seat 10: whathappen1 (big blind) showed [Ac 2d] and won ($53.50) with a full house, Deuces full of Aces


