PokerStars Hand #168474400917:  Hold'em Limit ($3/$6 USD) - 2017/04/02 12:50:59 ET
Table 'Beljawskya III' 6-max Seat #2 is the button
Seat 2: kumarmoh ($70 in chips)
Seat 5: Jack_Wu1985 ($120 in chips)
kumarmoh: posts small blind $1
Jack_Wu1985: posts big blind $3
*** HOLE CARDS ***
kumarmoh: raises $3 to $6
Jack_Wu1985: calls $3
*** FLOP *** [2h 6s 7h]
Jack_Wu1985: checks
kumarmoh: bets $3
Jack_Wu1985: raises $3 to $6
kumarmoh: raises $3 to $9
Jack_Wu1985: calls $3
*** TURN *** [2h 6s 7h] [5s]
Jack_Wu1985: checks
kumarmoh: bets $6
Jack_Wu1985: folds
Uncalled bet ($6) returned to kumarmoh
kumarmoh collected $29.50 from pot
kumarmoh: doesn't show hand
*** SUMMARY ***
Total pot $30 | Rake $0.50
Board [2h 6s 7h 5s]
Seat 2: kumarmoh (button) (small blind) collected ($29.50)
Seat 5: Jack_Wu1985 (big blind) folded on the Turn


PokerStars Hand #168474427287:  Hold'em Limit ($3/$6 USD) - 2017/04/02 12:51:27 ET
Table 'Beljawskya III' 6-max Seat #5 is the button
Seat 2: kumarmoh ($84.50 in chips)
Seat 5: Jack_Wu1985 ($105 in chips)
Jack_Wu1985: posts small blind $1
kumarmoh: posts big blind $3
*** HOLE CARDS ***
Jack_Wu1985: raises $3 to $6
kumarmoh: folds
Uncalled bet ($3) returned to Jack_Wu1985
Jack_Wu1985 collected $6 from pot
Jack_Wu1985: doesn't show hand
*** SUMMARY ***
Total pot $6 | Rake $0
Seat 2: kumarmoh (big blind) folded before Flop
Seat 5: Jack_Wu1985 (button) (small blind) collected ($6)


PokerStars Hand #168474433800:  Hold'em Limit ($3/$6 USD) - 2017/04/02 12:51:33 ET
Table 'Beljawskya III' 6-max Seat #2 is the button
Seat 2: kumarmoh ($81.50 in chips)
Seat 5: Jack_Wu1985 ($108 in chips)
kumarmoh: posts small blind $1
Jack_Wu1985: posts big blind $3
*** HOLE CARDS ***
kumarmoh: calls $2
Jack_Wu1985: raises $3 to $6
kumarmoh: raises $3 to $9
Jack_Wu1985: raises $3 to $12
Betting is capped
kumarmoh: calls $3
*** FLOP *** [3s Jh 5h]
Jack_Wu1985: bets $3
kumarmoh: raises $3 to $6
Jack_Wu1985: calls $3
*** TURN *** [3s Jh 5h] [Kh]
Jack_Wu1985: checks
kumarmoh: bets $6
Jack_Wu1985: calls $6
*** RIVER *** [3s Jh 5h Kh] [2h]
Jack_Wu1985: bets $6
kumarmoh: folds
Uncalled bet ($6) returned to Jack_Wu1985
Jack_Wu1985 collected $47.50 from pot
Jack_Wu1985: doesn't show hand
*** SUMMARY ***
Total pot $48 | Rake $0.50
Board [3s Jh 5h Kh 2h]
Seat 2: kumarmoh (button) (small blind) folded on the River
Seat 5: Jack_Wu1985 (big blind) collected ($47.50)


PokerStars Hand #168474542236:  Hold'em Limit ($3/$6 USD) - 2017/04/02 12:53:28 ET
Table 'Beljawskya III' 6-max Seat #2 is the button
Seat 2: kumarmoh ($15.62 in chips)
Seat 5: Jack_Wu1985 ($172.50 in chips)
kumarmoh: posts small blind $1
Jack_Wu1985: posts big blind $3
*** HOLE CARDS ***
kumarmoh: raises $3 to $6
Jack_Wu1985: calls $3
*** FLOP *** [3c 8c 6h]
Jack_Wu1985: checks
kumarmoh: bets $3
Jack_Wu1985: folds
Uncalled bet ($3) returned to kumarmoh
kumarmoh collected $11.76 from pot
kumarmoh: doesn't show hand
*** SUMMARY ***
Total pot $12 | Rake $0.24
Board [3c 8c 6h]
Seat 2: kumarmoh (button) (small blind) collected ($11.76)
Seat 5: Jack_Wu1985 (big blind) folded on the Flop


PokerStars Hand #168474534924:  Hold'em Limit ($3/$6 USD) - 2017/04/02 12:53:20 ET
Table 'Beljawskya III' 6-max Seat #5 is the button
Seat 2: kumarmoh ($18.62 in chips)
Seat 5: Jack_Wu1985 ($169.50 in chips)
Jack_Wu1985: posts small blind $1
kumarmoh: posts big blind $3
*** HOLE CARDS ***
Jack_Wu1985: raises $3 to $6
kumarmoh: folds
Uncalled bet ($3) returned to Jack_Wu1985
Jack_Wu1985 collected $6 from pot
Jack_Wu1985: doesn't show hand
*** SUMMARY ***
Total pot $6 | Rake $0
Seat 2: kumarmoh (big blind) folded before Flop
Seat 5: Jack_Wu1985 (button) (small blind) collected ($6)


PokerStars Hand #168474471971:  Hold'em Limit ($3/$6 USD) - 2017/04/02 12:52:14 ET
Table 'Beljawskya III' 6-max Seat #5 is the button
Seat 2: kumarmoh ($57.50 in chips)
Seat 5: Jack_Wu1985 ($131.50 in chips)
Jack_Wu1985: posts small blind $1
kumarmoh: posts big blind $3
*** HOLE CARDS ***
Jack_Wu1985: raises $3 to $6
kumarmoh: calls $3
*** FLOP *** [7s 5h 3h]
TbIP-TbIP 88 leaves the table
kumarmoh: checks
Jack_Wu1985: bets $3
kumarmoh: raises $3 to $6
Jack_Wu1985: raises $3 to $9
kumarmoh: raises $3 to $12
Betting is capped
Jack_Wu1985: calls $3
*** TURN *** [7s 5h 3h] [7c]
kumarmoh: bets $6
Jack_Wu1985: raises $6 to $12
kumarmoh: raises $6 to $18
Jack_Wu1985: raises $6 to $24
Betting is capped
kumarmoh: calls $6
*** RIVER *** [7s 5h 3h 7c] [Qh]
kumarmoh: checks
Jack_Wu1985: bets $6
kumarmoh: calls $6
*** SHOW DOWN ***
Jack_Wu1985: shows [5d 5s] (a full house, Fives full of Sevens)
kumarmoh: mucks hand
Jack_Wu1985 collected $95.50 from pot
*** SUMMARY ***
Total pot $96 | Rake $0.50
Board [7s 5h 3h 7c Qh]
Seat 2: kumarmoh (big blind) mucked
Seat 5: Jack_Wu1985 (button) (small blind) showed [5d 5s] and won ($95.50) with a full house, Fives full of Sevens


PokerStars Hand #168474560918:  Hold'em Limit ($3/$6 USD) - 2017/04/02 12:53:47 ET
Table 'Beljawskya III' 6-max Seat #5 is the button
Seat 2: kumarmoh ($21.38 in chips)
Seat 5: Jack_Wu1985 ($166.50 in chips)
Jack_Wu1985: posts small blind $1
kumarmoh: posts big blind $3
*** HOLE CARDS ***
Jack_Wu1985: raises $3 to $6
kumarmoh: raises $3 to $9
Jack_Wu1985: calls $3
*** FLOP *** [Qc 5s 7d]
kumarmoh: bets $3
Jack_Wu1985: raises $3 to $6
kumarmoh: calls $3
*** TURN *** [Qc 5s 7d] [4d]
kumarmoh: checks
Jack_Wu1985: bets $6
kumarmoh: calls $6
*** RIVER *** [Qc 5s 7d 4d] [3h]
kumarmoh: bets $0.38 and is all-in
Jack_Wu1985: calls $0.38
*** SHOW DOWN ***
kumarmoh: shows [Ah 5c] (a pair of Fives)
Jack_Wu1985: shows [7h Td] (a pair of Sevens)
Jack_Wu1985 collected $42.26 from pot
*** SUMMARY ***
Total pot $42.76 | Rake $0.50
Board [Qc 5s 7d 4d 3h]
Seat 2: kumarmoh (big blind) showed [Ah 5c] and lost with a pair of Fives
Seat 5: Jack_Wu1985 (button) (small blind) showed [7h Td] and won ($42.26) with a pair of Sevens


