PokerStars Hand #163217689712:  Hold'em Limit ($3/$6 USD) - 2016/12/19 18:59:42 ET
Table 'Beljawskya' 6-max Seat #4 is the button
Seat 1: Lackys07 ($36.42 in chips)
Seat 4: ToDaFelt ($266.77 in chips)
ToDaFelt: posts small blind $1
s s h: is sitting out
Lackys07: posts big blind $3
*** HOLE CARDS ***
ToDaFelt: raises $3 to $6
GRAILKO leaves the table
Lackys07: calls $3
*** FLOP *** [7d 2s Qd]
Lackys07: checks
s s h leaves the table
RaisemyNut$ joins the table at seat #3
ToDaFelt: bets $3
Lackys07: calls $3
*** TURN *** [7d 2s Qd] [Ah]
Lackys07: checks
ToDaFelt: bets $6
Lackys07: folds
Uncalled bet ($6) returned to ToDaFelt
ToDaFelt collected $17.64 from pot
ToDaFelt: doesn't show hand
*** SUMMARY ***
Total pot $18 | Rake $0.36
Board [7d 2s Qd Ah]
Seat 1: Lackys07 (big blind) folded on the Turn
Seat 4: ToDaFelt (button) (small blind) collected ($17.64)


PokerStars Hand #163221814373:  Hold'em Limit ($3/$6 USD) - 2016/12/19 20:54:22 ET
Table 'Beljawskya' 6-max Seat #5 is the button
Seat 3: RaisemyNut$ ($350.88 in chips)
Seat 5: wobetting ($88.63 in chips)
wobetting: posts small blind $1
RaisemyNut$: posts big blind $3
*** HOLE CARDS ***
wobetting: folds
Uncalled bet ($2) returned to RaisemyNut$
RaisemyNut$ collected $2 from pot
RaisemyNut$: doesn't show hand
*** SUMMARY ***
Total pot $2 | Rake $0
Seat 3: RaisemyNut$ (big blind) collected ($2)
Seat 5: wobetting (button) (small blind) folded before Flop


