PokerStars Hand #168553868850:  Hold'em Limit ($3/$6 USD) - 2017/04/04 3:57:53 ET
Table 'Beljawskya' 6-max Seat #1 is the button
Seat 1: LifeisagameX ($84 in chips)
Seat 3: Mr Darkpoker ($80 in chips)
LifeisagameX: posts small blind $1
Whatze Phuck joins the table at seat #4
Mr Darkpoker: posts big blind $3
*** HOLE CARDS ***
LifeisagameX: raises $3 to $6
Mr Darkpoker: raises $3 to $9
LifeisagameX: calls $3
*** FLOP *** [Qd 9h Td]
Mr Darkpoker: bets $3
LifeisagameX: calls $3
*** TURN *** [Qd 9h Td] [3c]
Mr Darkpoker: bets $6
LifeisagameX: calls $6
*** RIVER *** [Qd 9h Td 3c] [8c]
Mr Darkpoker: bets $6
LifeisagameX: calls $6
*** SHOW DOWN ***
Mr Darkpoker: shows [Ad Jc] (a straight, Eight to Queen)
LifeisagameX: mucks hand
Mr Darkpoker collected $47.50 from pot
*** SUMMARY ***
Total pot $48 | Rake $0.50
Board [Qd 9h Td 3c 8c]
Seat 1: LifeisagameX (button) (small blind) mucked
Seat 3: Mr Darkpoker (big blind) showed [Ad Jc] and won ($47.50) with a straight, Eight to Queen


PokerStars Hand #168553919440:  Hold'em Limit ($3/$6 USD) - 2017/04/04 4:00:55 ET
Table 'Beljawskya' 6-max Seat #4 is the button
Seat 3: Mr Darkpoker ($116.57 in chips)
Seat 4: Whatze Phuck ($137.89 in chips)
Whatze Phuck: posts small blind $1
Mr Darkpoker: posts big blind $3
*** HOLE CARDS ***
LifeisagameX leaves the table
Whatze Phuck: raises $3 to $6
Mr Darkpoker: calls $3
*** FLOP *** [8c Qc 3h]
Mr Darkpoker: checks
Whatze Phuck: bets $3
Mr Darkpoker: folds
Uncalled bet ($3) returned to Whatze Phuck
Whatze Phuck collected $11.76 from pot
Whatze Phuck: doesn't show hand
*** SUMMARY ***
Total pot $12 | Rake $0.24
Board [8c Qc 3h]
Seat 3: Mr Darkpoker (big blind) folded on the Flop
Seat 4: Whatze Phuck (button) (small blind) collected ($11.76)


PokerStars Hand #168553917236:  Hold'em Limit ($3/$6 USD) - 2017/04/04 4:00:47 ET
Table 'Beljawskya' 6-max Seat #3 is the button
Seat 3: Mr Darkpoker ($117.57 in chips)
Seat 4: Whatze Phuck ($136.89 in chips)
Mr Darkpoker: posts small blind $1
Whatze Phuck: posts big blind $3
*** HOLE CARDS ***
Mr Darkpoker: folds
Uncalled bet ($2) returned to Whatze Phuck
Whatze Phuck collected $2 from pot
Whatze Phuck: doesn't show hand
*** SUMMARY ***
Total pot $2 | Rake $0
Seat 3: Mr Darkpoker (button) (small blind) folded before Flop
Seat 4: Whatze Phuck (big blind) collected ($2)


PokerStars Hand #168553925066:  Hold'em Limit ($3/$6 USD) - 2017/04/04 4:01:13 ET
Table 'Beljawskya' 6-max Seat #3 is the button
Seat 3: Mr Darkpoker ($110.57 in chips)
Seat 4: Whatze Phuck ($143.65 in chips)
Mr Darkpoker: posts small blind $1
Whatze Phuck: posts big blind $3
*** HOLE CARDS ***
Mr Darkpoker: raises $3 to $6
Whatze Phuck: calls $3
*** FLOP *** [7c 2d 4h]
Whatze Phuck: checks
Mr Darkpoker: bets $3
Whatze Phuck: raises $3 to $6
Mr Darkpoker: calls $3
*** TURN *** [7c 2d 4h] [9h]
Whatze Phuck: bets $6
Mr Darkpoker: calls $6
*** RIVER *** [7c 2d 4h 9h] [Ks]
Whatze Phuck: bets $6
Mr Darkpoker: folds
Uncalled bet ($6) returned to Whatze Phuck
Whatze Phuck collected $35.50 from pot
Whatze Phuck: doesn't show hand
*** SUMMARY ***
Total pot $36 | Rake $0.50
Board [7c 2d 4h 9h Ks]
Seat 3: Mr Darkpoker (button) (small blind) folded on the River
Seat 4: Whatze Phuck (big blind) collected ($35.50)


