PokerStars Hand #161116856211:  Hold'em Limit ($3/$6 USD) - 2016/11/08 18:26:27 ET
Table 'Bellona' 6-max Seat #1 is the button
Seat 1: Mastjox ($63.35 in chips)
Seat 2: RaisemyNut$ ($108 in chips)
Mastjox: posts small blind $1
RaisemyNut$: posts big blind $3
*** HOLE CARDS ***
Mastjox: folds
Uncalled bet ($2) returned to RaisemyNut$
RaisemyNut$ collected $2 from pot
RaisemyNut$: doesn't show hand
*** SUMMARY ***
Total pot $2 | Rake $0
Seat 1: Mastjox (button) (small blind) folded before Flop
Seat 2: RaisemyNut$ (big blind) collected ($2)


PokerStars Hand #161116846999:  Hold'em Limit ($3/$6 USD) - 2016/11/08 18:26:14 ET
Table 'Bellona' 6-max Seat #2 is the button
Seat 1: Mastjox ($54.71 in chips)
Seat 2: RaisemyNut$ ($117 in chips)
RaisemyNut$: posts small blind $1
Actionni13: is sitting out
Mastjox: posts big blind $3
*** HOLE CARDS ***
RaisemyNut$: raises $3 to $6
Mastjox: raises $3 to $9
RaisemyNut$: calls $3
*** FLOP *** [Qs Jd Qd]
Mastjox: bets $3
RaisemyNut$: folds
Uncalled bet ($3) returned to Mastjox
Mastjox collected $17.64 from pot
Mastjox: doesn't show hand
*** SUMMARY ***
Total pot $18 | Rake $0.36
Board [Qs Jd Qd]
Seat 1: Mastjox (big blind) collected ($17.64)
Seat 2: RaisemyNut$ (button) (small blind) folded on the Flop


PokerStars Hand #161116831947:  Hold'em Limit ($3/$6 USD) - 2016/11/08 18:25:54 ET
Table 'Bellona' 6-max Seat #4 is the button
Seat 1: Mastjox ($58.71 in chips)
Seat 4: Actionni13 ($150 in chips)
Actionni13: posts small blind $1
Mastjox: posts big blind $3
*** HOLE CARDS ***
Actionni13: raises $3 to $6
Mastjox: folds
Uncalled bet ($3) returned to Actionni13
Actionni13 collected $6 from pot
Actionni13: doesn't show hand
*** SUMMARY ***
Total pot $6 | Rake $0
Seat 1: Mastjox (big blind) folded before Flop
Seat 4: Actionni13 (button) (small blind) collected ($6)


PokerStars Hand #161116819215:  Hold'em Limit ($3/$6 USD) - 2016/11/08 18:25:36 ET
Table 'Bellona' 6-max Seat #1 is the button
Seat 1: Mastjox ($41.21 in chips)
Seat 4: Actionni13 ($150 in chips)
Mastjox: posts small blind $1
Actionni13: posts big blind $3
*** HOLE CARDS ***
Mastjox: raises $3 to $6
Actionni13: raises $3 to $9
Mastjox: calls $3
*** FLOP *** [Ts Kd 7d]
RaisemyNut$ joins the table at seat #2
Actionni13: bets $3
Mastjox: calls $3
*** TURN *** [Ts Kd 7d] [As]
Actionni13: bets $6
Mastjox: raises $6 to $12
Actionni13: folds
Uncalled bet ($6) returned to Mastjox
Mastjox collected $35.50 from pot
Mastjox: doesn't show hand
*** SUMMARY ***
Total pot $36 | Rake $0.50
Board [Ts Kd 7d As]
Seat 1: Mastjox (button) (small blind) collected ($35.50)
Seat 4: Actionni13 (big blind) folded on the Turn


PokerStars Hand #161116886896:  Hold'em Limit ($3/$6 USD) - 2016/11/08 18:27:09 ET
Table 'Bellona' 6-max Seat #2 is the button
Seat 1: Mastjox ($52.35 in chips)
Seat 2: RaisemyNut$ ($118.64 in chips)
RaisemyNut$: posts small blind $1
Mastjox: posts big blind $3
*** HOLE CARDS ***
RaisemyNut$: raises $3 to $6
Mastjox: raises $3 to $9
RaisemyNut$: calls $3
*** FLOP *** [Jc As 8s]
Mastjox: bets $3
RaisemyNut$: calls $3
*** TURN *** [Jc As 8s] [4d]
Mastjox: bets $6
RaisemyNut$: calls $6
*** RIVER *** [Jc As 8s 4d] [3d]
Mastjox: bets $6
RaisemyNut$: calls $6
*** SHOW DOWN ***
Mastjox: shows [2d 5h] (a straight, Ace to Five)
RaisemyNut$: mucks hand
Mastjox collected $47.50 from pot
*** SUMMARY ***
Total pot $48 | Rake $0.50
Board [Jc As 8s 4d 3d]
Seat 1: Mastjox (big blind) showed [2d 5h] and won ($47.50) with a straight, Ace to Five
Seat 2: RaisemyNut$ (button) (small blind) mucked


PokerStars Hand #161116882514:  Hold'em Limit ($3/$6 USD) - 2016/11/08 18:27:03 ET
Table 'Bellona' 6-max Seat #1 is the button
Seat 1: Mastjox ($53.35 in chips)
Seat 2: RaisemyNut$ ($117.64 in chips)
Mastjox: posts small blind $1
RaisemyNut$: posts big blind $3
*** HOLE CARDS ***
Mastjox: folds
Uncalled bet ($2) returned to RaisemyNut$
RaisemyNut$ collected $2 from pot
RaisemyNut$: doesn't show hand
*** SUMMARY ***
Total pot $2 | Rake $0
Seat 1: Mastjox (button) (small blind) folded before Flop
Seat 2: RaisemyNut$ (big blind) collected ($2)


PokerStars Hand #161116859868:  Hold'em Limit ($3/$6 USD) - 2016/11/08 18:26:32 ET
Table 'Bellona' 6-max Seat #2 is the button
Seat 1: Mastjox ($62.35 in chips)
Seat 2: RaisemyNut$ ($109 in chips)
RaisemyNut$: posts small blind $1
Mastjox: posts big blind $3
*** HOLE CARDS ***
RaisemyNut$: raises $3 to $6
Mastjox: calls $3
*** FLOP *** [Kd 8d 2h]
Mastjox: checks
Actionni13 leaves the table
RaisemyNut$: bets $3
Mastjox: calls $3
*** TURN *** [Kd 8d 2h] [6d]
Mastjox: checks
RaisemyNut$: bets $6
Mastjox: folds
Uncalled bet ($6) returned to RaisemyNut$
RaisemyNut$ collected $17.64 from pot
RaisemyNut$: doesn't show hand
*** SUMMARY ***
Total pot $18 | Rake $0.36
Board [Kd 8d 2h 6d]
Seat 1: Mastjox (big blind) folded on the Turn
Seat 2: RaisemyNut$ (button) (small blind) collected ($17.64)


PokerStars Hand #161116904211:  Hold'em Limit ($3/$6 USD) - 2016/11/08 18:27:33 ET
Table 'Bellona' 6-max Seat #1 is the button
Seat 1: Mastjox ($75.85 in chips)
Seat 2: RaisemyNut$ ($94.64 in chips)
Mastjox: posts small blind $1
RaisemyNut$: posts big blind $3
*** HOLE CARDS ***
Mastjox: raises $3 to $6
RaisemyNut$: calls $3
*** FLOP *** [Js 8c 2c]
RaisemyNut$: checks
ToDaFelt joins the table at seat #3
Mastjox: bets $3
RaisemyNut$: calls $3
*** TURN *** [Js 8c 2c] [3d]
RaisemyNut$: checks
Mastjox: checks
*** RIVER *** [Js 8c 2c 3d] [8h]
RaisemyNut$: bets $6
Mastjox: calls $6
*** SHOW DOWN ***
RaisemyNut$: shows [Jc 2h] (two pair, Jacks and Eights)
Mastjox: mucks hand
RaisemyNut$ collected $29.50 from pot
*** SUMMARY ***
Total pot $30 | Rake $0.50
Board [Js 8c 2c 3d 8h]
Seat 1: Mastjox (button) (small blind) mucked
Seat 2: RaisemyNut$ (big blind) showed [Jc 2h] and won ($29.50) with two pair, Jacks and Eights


