PokerStars Hand #170708719169:  Hold'em Limit ($3/$6 USD) - 2017/05/21 5:55:46 ET
Table 'Bellatrix' 10-max Seat #10 is the button
Seat 4: partyalex92 ($40.64 in chips)
Seat 10: MTails ($120 in chips)
MTails: posts small blind $1
partyalex92: posts big blind $3
*** HOLE CARDS ***
MTails: raises $3 to $6
partyalex92: calls $3
*** FLOP *** [Jh Tc 4h]
partyalex92: checks
MTails: bets $3
Whatze Phuck joins the table at seat #5
partyalex92: folds
Uncalled bet ($3) returned to MTails
MTails collected $11.76 from pot
*** SUMMARY ***
Total pot $12 | Rake $0.24
Board [Jh Tc 4h]
Seat 4: partyalex92 (big blind) folded on the Flop
Seat 10: MTails (button) (small blind) collected ($11.76)


PokerStars Hand #170708799852:  Hold'em Limit ($3/$6 USD) - 2017/05/21 5:59:23 ET
Table 'Bellatrix' 10-max Seat #6 is the button
Seat 5: Whatze Phuck ($91.19 in chips)
Seat 6: RockKillerTY ($116 in chips)
RockKillerTY: posts small blind $1
Whatze Phuck: posts big blind $3
*** HOLE CARDS ***
RockKillerTY: raises $3 to $6
Whatze Phuck: folds
Uncalled bet ($3) returned to RockKillerTY
RockKillerTY collected $6 from pot
RockKillerTY: doesn't show hand
*** SUMMARY ***
Total pot $6 | Rake $0
Seat 5: Whatze Phuck (big blind) folded before Flop
Seat 6: RockKillerTY (button) (small blind) collected ($6)


