PokerStars Hand #159459501835:  Hold'em Limit ($3/$6 USD) - 2016/10/04 8:25:35 ET
Table 'Bellerophon' 6-max Seat #4 is the button
Seat 1: AAnuts93 ($146.50 in chips)
Seat 4: Agrotait ($72 in chips)
Agrotait: posts small blind $1
AAnuts93: posts big blind $3
*** HOLE CARDS ***
Agrotait: raises $3 to $6
AAnuts93: folds
Uncalled bet ($3) returned to Agrotait
Agrotait collected $6 from pot
Agrotait: doesn't show hand
*** SUMMARY ***
Total pot $6 | Rake $0
Seat 1: AAnuts93 (big blind) folded before Flop
Seat 4: Agrotait (button) (small blind) collected ($6)


PokerStars Hand #159459471427:  Hold'em Limit ($3/$6 USD) - 2016/10/04 8:24:33 ET
Table 'Bellerophon' 6-max Seat #1 is the button
Seat 1: AAnuts93 ($120 in chips)
Seat 4: Agrotait ($72 in chips)
AAnuts93: posts small blind $1
Agrotait: posts big blind $3
*** HOLE CARDS ***
AAnuts93: calls $2
Agrotait: raises $3 to $6
AAnuts93: calls $3
*** FLOP *** [3s 2c 9s]
Agrotait: bets $3
AAnuts93: calls $3
*** TURN *** [3s 2c 9s] [Qd]
Agrotait: bets $6
AAnuts93: calls $6
*** RIVER *** [3s 2c 9s Qd] [5d]
Agrotait: bets $6
AAnuts93: raises $6 to $12
Agrotait: calls $6
*** SHOW DOWN ***
AAnuts93: shows [4s Ac] (a straight, Ace to Five)
Agrotait: mucks hand
AAnuts93 collected $53.50 from pot
*** SUMMARY ***
Total pot $54 | Rake $0.50
Board [3s 2c 9s Qd 5d]
Seat 1: AAnuts93 (button) (small blind) showed [4s Ac] and won ($53.50) with a straight, Ace to Five
Seat 4: Agrotait (big blind) mucked


PokerStars Hand #159480892306:  Hold'em Limit ($3/$6 USD) - 2016/10/04 16:44:03 ET
Table 'Bellerophon' 6-max Seat #6 is the button
Seat 4: Actionni13 ($153 in chips)
Seat 6: NiktheDon ($131.50 in chips)
NiktheDon: posts small blind $1
Actionni13: posts big blind $3
*** HOLE CARDS ***
NiktheDon: calls $2
Actionni13: raises $3 to $6
NiktheDon: calls $3
*** FLOP *** [3c Td 9d]
Actionni13: bets $3
NiktheDon: raises $3 to $6
Luanto 14 joins the table at seat #1
Actionni13: raises $3 to $9
NiktheDon: calls $3
*** TURN *** [3c Td 9d] [Kd]
Actionni13: bets $6
NiktheDon: calls $6
*** RIVER *** [3c Td 9d Kd] [Kc]
Actionni13: bets $6
NiktheDon: calls $6
*** SHOW DOWN ***
Actionni13: shows [Qh Js] (a straight, Nine to King)
NiktheDon: mucks hand
Actionni13 collected $53.50 from pot
*** SUMMARY ***
Total pot $54 | Rake $0.50
Board [3c Td 9d Kd Kc]
Seat 4: Actionni13 (big blind) showed [Qh Js] and won ($53.50) with a straight, Nine to King
Seat 6: NiktheDon (button) (small blind) mucked


PokerStars Hand #159480921267:  Hold'em Limit ($3/$6 USD) - 2016/10/04 16:44:37 ET
Table 'Bellerophon' 6-max Seat #4 is the button
Seat 4: Actionni13 ($179.50 in chips)
Seat 6: NiktheDon ($104.50 in chips)
Actionni13: posts small blind $1
NiktheDon: posts big blind $3
*** HOLE CARDS ***
Actionni13: folds
Uncalled bet ($2) returned to NiktheDon
NiktheDon collected $2 from pot
NiktheDon: doesn't show hand
*** SUMMARY ***
Total pot $2 | Rake $0
Seat 4: Actionni13 (button) (small blind) folded before Flop
Seat 6: NiktheDon (big blind) collected ($2)


PokerStars Hand #159480878451:  Hold'em Limit ($3/$6 USD) - 2016/10/04 16:43:47 ET
Table 'Bellerophon' 6-max Seat #4 is the button
Seat 4: Actionni13 ($154 in chips)
Seat 6: NiktheDon ($130.50 in chips)
Actionni13: posts small blind $1
NiktheDon: posts big blind $3
*** HOLE CARDS ***
Actionni13: folds
Uncalled bet ($2) returned to NiktheDon
NiktheDon collected $2 from pot
NiktheDon: doesn't show hand
*** SUMMARY ***
Total pot $2 | Rake $0
Seat 4: Actionni13 (button) (small blind) folded before Flop
Seat 6: NiktheDon (big blind) collected ($2)


