PokerStars Hand #145693797524:  Hold'em Limit ($3/$6 USD) - 2015/12/21 12:26:38 ET
Table 'Bellatrix III' 2-max Seat #2 is the button
Seat 1: Alex119387 ($233.52 in chips)
Seat 2: Zubasa07 ($440 in chips)
Zubasa07: posts small blind $1
Alex119387: posts big blind $3
*** HOLE CARDS ***
Zubasa07: raises $3 to $6
Alex119387: raises $3 to $9
Zubasa07: calls $3
*** FLOP *** [8h 7h 8s]
Alex119387: bets $3
Zubasa07: calls $3
*** TURN *** [8h 7h 8s] [3d]
Alex119387: checks
Zubasa07: checks
*** RIVER *** [8h 7h 8s 3d] [5h]
Alex119387: bets $6
Zubasa07: folds
Uncalled bet ($6) returned to Alex119387
Alex119387 collected $23.52 from pot
Alex119387: doesn't show hand
*** SUMMARY ***
Total pot $24 | Rake $0.48
Board [8h 7h 8s 3d 5h]
Seat 1: Alex119387 (big blind) collected ($23.52)
Seat 2: Zubasa07 (button) (small blind) folded on the River


PokerStars Hand #145693768271:  Hold'em Limit ($3/$6 USD) - 2015/12/21 12:26:04 ET
Table 'Bellatrix III' 2-max Seat #1 is the button
Seat 1: Alex119387 ($207.02 in chips)
Seat 2: Zubasa07 ($467 in chips)
Alex119387: posts small blind $1
Zubasa07: posts big blind $3
*** HOLE CARDS ***
Alex119387: raises $3 to $6
Zubasa07: raises $3 to $9
Alex119387: calls $3
*** FLOP *** [4d Tc 3s]
Zubasa07: bets $3
Alex119387: raises $3 to $6
Zubasa07: calls $3
*** TURN *** [4d Tc 3s] [9d]
Zubasa07: checks
Alex119387: bets $6
Zubasa07: calls $6
*** RIVER *** [4d Tc 3s 9d] [4c]
Zubasa07: checks
Alex119387: bets $6
Zubasa07: calls $6
*** SHOW DOWN ***
Alex119387: shows [3d Ah] (two pair, Fours and Threes)
Zubasa07: mucks hand
Alex119387 collected $53.50 from pot
*** SUMMARY ***
Total pot $54 | Rake $0.50
Board [4d Tc 3s 9d 4c]
Seat 1: Alex119387 (button) (small blind) showed [3d Ah] and won ($53.50) with two pair, Fours and Threes
Seat 2: Zubasa07 (big blind) mucked


PokerStars Hand #145693857155:  Hold'em Limit ($3/$6 USD) - 2015/12/21 12:27:49 ET
Table 'Bellatrix III' 2-max Seat #2 is the button
Seat 1: Alex119387 ($246.80 in chips)
Seat 2: Zubasa07 ($426 in chips)
Zubasa07: posts small blind $1
Alex119387: posts big blind $3
*** HOLE CARDS ***
Zubasa07: raises $3 to $6
Alex119387: calls $3
*** FLOP *** [5h 6c 4d]
Alex119387: checks
Zubasa07: bets $3
Alex119387: raises $3 to $6
Zubasa07: calls $3
*** TURN *** [5h 6c 4d] [Td]
Alex119387: checks
Zubasa07: bets $6
Alex119387: calls $6
*** RIVER *** [5h 6c 4d Td] [9h]
Alex119387: checks
Zubasa07: checks
*** SHOW DOWN ***
Alex119387: shows [7c 4c] (a pair of Fours)
Zubasa07: shows [5s 7s] (a pair of Fives)
Zubasa07 collected $35.50 from pot
*** SUMMARY ***
Total pot $36 | Rake $0.50
Board [5h 6c 4d Td 9h]
Seat 1: Alex119387 (big blind) showed [7c 4c] and lost with a pair of Fours
Seat 2: Zubasa07 (button) (small blind) showed [5s 7s] and won ($35.50) with a pair of Fives


PokerStars Hand #145693852784:  Hold'em Limit ($3/$6 USD) - 2015/12/21 12:27:44 ET
Table 'Bellatrix III' 2-max Seat #1 is the button
Seat 1: Alex119387 ($247.80 in chips)
Seat 2: Zubasa07 ($425 in chips)
Alex119387: posts small blind $1
Zubasa07: posts big blind $3
*** HOLE CARDS ***
Alex119387: folds
Uncalled bet ($2) returned to Zubasa07
Zubasa07 collected $2 from pot
Zubasa07: doesn't show hand
*** SUMMARY ***
Total pot $2 | Rake $0
Seat 1: Alex119387 (button) (small blind) folded before Flop
Seat 2: Zubasa07 (big blind) collected ($2)


PokerStars Hand #145693846799:  Hold'em Limit ($3/$6 USD) - 2015/12/21 12:27:37 ET
Table 'Bellatrix III' 2-max Seat #2 is the button
Seat 1: Alex119387 ($250.80 in chips)
Seat 2: Zubasa07 ($422 in chips)
Zubasa07: posts small blind $1
Alex119387: posts big blind $3
*** HOLE CARDS ***
Zubasa07: raises $3 to $6
Alex119387: folds
Uncalled bet ($3) returned to Zubasa07
Zubasa07 collected $6 from pot
Zubasa07: doesn't show hand
*** SUMMARY ***
Total pot $6 | Rake $0
Seat 1: Alex119387 (big blind) folded before Flop
Seat 2: Zubasa07 (button) (small blind) collected ($6)


PokerStars Hand #145693824859:  Hold'em Limit ($3/$6 USD) - 2015/12/21 12:27:11 ET
Table 'Bellatrix III' 2-max Seat #1 is the button
Seat 1: Alex119387 ($245.04 in chips)
Seat 2: Zubasa07 ($428 in chips)
Alex119387: posts small blind $1
Zubasa07: posts big blind $3
*** HOLE CARDS ***
Alex119387: raises $3 to $6
Zubasa07: calls $3
*** FLOP *** [Kc 7s 5c]
Zubasa07: checks
Alex119387: bets $3
Zubasa07: folds
Uncalled bet ($3) returned to Alex119387
Alex119387 collected $11.76 from pot
Alex119387: doesn't show hand
*** SUMMARY ***
Total pot $12 | Rake $0.24
Board [Kc 7s 5c]
Seat 1: Alex119387 (button) (small blind) collected ($11.76)
Seat 2: Zubasa07 (big blind) folded on the Flop


PokerStars Hand #145693879241:  Hold'em Limit ($3/$6 USD) - 2015/12/21 12:28:15 ET
Table 'Bellatrix III' 2-max Seat #1 is the button
Seat 1: Alex119387 ($228.80 in chips)
Seat 2: Zubasa07 ($443.50 in chips)
Alex119387: posts small blind $1
Zubasa07: posts big blind $3
*** HOLE CARDS ***
Alex119387: raises $3 to $6
Zubasa07: calls $3
*** FLOP *** [3h Qs Jc]
Zubasa07: checks
Alex119387: bets $3
Zubasa07: folds
Uncalled bet ($3) returned to Alex119387
Alex119387 collected $11.76 from pot
Alex119387: doesn't show hand
*** SUMMARY ***
Total pot $12 | Rake $0.24
Board [3h Qs Jc]
Seat 1: Alex119387 (button) (small blind) collected ($11.76)
Seat 2: Zubasa07 (big blind) folded on the Flop


PokerStars Hand #145693893052:  Hold'em Limit ($3/$6 USD) - 2015/12/21 12:28:32 ET
Table 'Bellatrix III' 2-max Seat #1 is the button
Seat 1: Alex119387 ($235.56 in chips)
Seat 2: Zubasa07 ($436.50 in chips)
Alex119387: posts small blind $1
Zubasa07: posts big blind $3
*** HOLE CARDS ***
Alex119387: raises $3 to $6
Zubasa07: calls $3
*** FLOP *** [6c Kd Ks]
Zubasa07: checks
Alex119387: bets $3
Zubasa07: raises $3 to $6
Alex119387: calls $3
*** TURN *** [6c Kd Ks] [9s]
Zubasa07: bets $6
Alex119387: folds
Uncalled bet ($6) returned to Zubasa07
Zubasa07 collected $23.52 from pot
Zubasa07: doesn't show hand
*** SUMMARY ***
Total pot $24 | Rake $0.48
Board [6c Kd Ks 9s]
Seat 1: Alex119387 (button) (small blind) folded on the Turn
Seat 2: Zubasa07 (big blind) collected ($23.52)


PokerStars Hand #145693888524:  Hold'em Limit ($3/$6 USD) - 2015/12/21 12:28:26 ET
Table 'Bellatrix III' 2-max Seat #2 is the button
Seat 1: Alex119387 ($234.56 in chips)
Seat 2: Zubasa07 ($437.50 in chips)
Zubasa07: posts small blind $1
Alex119387: posts big blind $3
*** HOLE CARDS ***
Zubasa07: folds
Uncalled bet ($2) returned to Alex119387
Alex119387 collected $2 from pot
Alex119387: doesn't show hand
*** SUMMARY ***
Total pot $2 | Rake $0
Seat 1: Alex119387 (big blind) collected ($2)
Seat 2: Zubasa07 (button) (small blind) folded before Flop


PokerStars Hand #145693944592:  Hold'em Limit ($3/$6 USD) - 2015/12/21 12:29:33 ET
Table 'Bellatrix III' 2-max Seat #2 is the button
Seat 1: Alex119387 ($198.56 in chips)
Seat 2: Zubasa07 ($472.52 in chips)
Zubasa07: posts small blind $1
Alex119387: posts big blind $3
*** HOLE CARDS ***
Zubasa07: raises $3 to $6
Alex119387: calls $3
*** FLOP *** [Kh Ac Qh]
Alex119387: bets $3
Zubasa07: calls $3
*** TURN *** [Kh Ac Qh] [4s]
Alex119387: checks
Zubasa07: bets $6
Alex119387: calls $6
*** RIVER *** [Kh Ac Qh 4s] [Kd]
Alex119387: checks
Zubasa07: bets $6
Alex119387: calls $6
*** SHOW DOWN ***
Zubasa07: shows [Jd Kc] (three of a kind, Kings)
Alex119387: mucks hand
Zubasa07 collected $41.50 from pot
*** SUMMARY ***
Total pot $42 | Rake $0.50
Board [Kh Ac Qh 4s Kd]
Seat 1: Alex119387 (big blind) mucked
Seat 2: Zubasa07 (button) (small blind) showed [Jd Kc] and won ($41.50) with three of a kind, Kings


PokerStars Hand #145693940740:  Hold'em Limit ($3/$6 USD) - 2015/12/21 12:29:28 ET
Table 'Bellatrix III' 2-max Seat #1 is the button
Seat 1: Alex119387 ($199.56 in chips)
Seat 2: Zubasa07 ($471.52 in chips)
Alex119387: posts small blind $1
Zubasa07: posts big blind $3
*** HOLE CARDS ***
Alex119387: folds
Uncalled bet ($2) returned to Zubasa07
Zubasa07 collected $2 from pot
Zubasa07: doesn't show hand
*** SUMMARY ***
Total pot $2 | Rake $0
Seat 1: Alex119387 (button) (small blind) folded before Flop
Seat 2: Zubasa07 (big blind) collected ($2)


PokerStars Hand #145693910136:  Hold'em Limit ($3/$6 USD) - 2015/12/21 12:28:52 ET
Table 'Bellatrix III' 2-max Seat #2 is the button
Seat 1: Alex119387 ($223.56 in chips)
Seat 2: Zubasa07 ($448.02 in chips)
Zubasa07: posts small blind $1
Alex119387: posts big blind $3
*** HOLE CARDS ***
Zubasa07: raises $3 to $6
Alex119387: raises $3 to $9
Zubasa07: calls $3
*** FLOP *** [8c 4h 9h]
Alex119387: bets $3
Zubasa07: calls $3
*** TURN *** [8c 4h 9h] [Jc]
Alex119387: bets $6
Zubasa07: calls $6
*** RIVER *** [8c 4h 9h Jc] [7h]
Alex119387: checks
Zubasa07: bets $6
Alex119387: calls $6
*** SHOW DOWN ***
Zubasa07: shows [Kc Jh] (a pair of Jacks)
Alex119387: mucks hand
Zubasa07 collected $47.50 from pot
*** SUMMARY ***
Total pot $48 | Rake $0.50
Board [8c 4h 9h Jc 7h]
Seat 1: Alex119387 (big blind) mucked
Seat 2: Zubasa07 (button) (small blind) showed [Kc Jh] and won ($47.50) with a pair of Jacks


PokerStars Hand #145693977251:  Hold'em Limit ($3/$6 USD) - 2015/12/21 12:30:11 ET
Table 'Bellatrix III' 2-max Seat #1 is the button
Seat 1: Alex119387 ($177.56 in chips)
Seat 2: Zubasa07 ($493.02 in chips)
Alex119387: posts small blind $1
Zubasa07: posts big blind $3
*** HOLE CARDS ***
Alex119387: raises $3 to $6
Zubasa07: folds
Uncalled bet ($3) returned to Alex119387
Alex119387 collected $6 from pot
Alex119387: doesn't show hand
*** SUMMARY ***
Total pot $6 | Rake $0
Seat 1: Alex119387 (button) (small blind) collected ($6)
Seat 2: Zubasa07 (big blind) folded before Flop


PokerStars Hand #145693990418:  Hold'em Limit ($3/$6 USD) - 2015/12/21 12:30:27 ET
Table 'Bellatrix III' 2-max Seat #2 is the button
Seat 1: Alex119387 ($180.56 in chips)
Seat 2: Zubasa07 ($490.02 in chips)
Zubasa07: posts small blind $1
Alex119387: posts big blind $3
*** HOLE CARDS ***
Zubasa07: folds
Uncalled bet ($2) returned to Alex119387
Alex119387 collected $2 from pot
Alex119387: doesn't show hand
*** SUMMARY ***
Total pot $2 | Rake $0
Seat 1: Alex119387 (big blind) collected ($2)
Seat 2: Zubasa07 (button) (small blind) folded before Flop


PokerStars Hand #145694008208:  Hold'em Limit ($3/$6 USD) - 2015/12/21 12:30:47 ET
Table 'Bellatrix III' 2-max Seat #2 is the button
Seat 1: Alex119387 ($187.32 in chips)
Seat 2: Zubasa07 ($483.02 in chips)
Zubasa07: posts small blind $1
Alex119387: posts big blind $3
*** HOLE CARDS ***
Zubasa07: raises $3 to $6
Alex119387: raises $3 to $9
Zubasa07: calls $3
*** FLOP *** [Ah Jd 9d]
Alex119387: bets $3
Zubasa07: calls $3
*** TURN *** [Ah Jd 9d] [8d]
Alex119387: bets $6
Zubasa07: raises $6 to $12
Alex119387: calls $6
*** RIVER *** [Ah Jd 9d 8d] [9h]
Alex119387: checks
Zubasa07: checks
*** SHOW DOWN ***
Alex119387: shows [Jh Kc] (two pair, Jacks and Nines)
Zubasa07: shows [Ac 8h] (two pair, Aces and Nines)
Zubasa07 collected $47.50 from pot
*** SUMMARY ***
Total pot $48 | Rake $0.50
Board [Ah Jd 9d 8d 9h]
Seat 1: Alex119387 (big blind) showed [Jh Kc] and lost with two pair, Jacks and Nines
Seat 2: Zubasa07 (button) (small blind) showed [Ac 8h] and won ($47.50) with two pair, Aces and Nines


PokerStars Hand #145693994753:  Hold'em Limit ($3/$6 USD) - 2015/12/21 12:30:31 ET
Table 'Bellatrix III' 2-max Seat #1 is the button
Seat 1: Alex119387 ($181.56 in chips)
Seat 2: Zubasa07 ($489.02 in chips)
Alex119387: posts small blind $1
Zubasa07: posts big blind $3
*** HOLE CARDS ***
Alex119387: raises $3 to $6
Zubasa07: calls $3
*** FLOP *** [Qc 7d Th]
Zubasa07: checks
Alex119387: bets $3
Zubasa07: folds
Uncalled bet ($3) returned to Alex119387
Alex119387 collected $11.76 from pot
Alex119387: doesn't show hand
*** SUMMARY ***
Total pot $12 | Rake $0.24
Board [Qc 7d Th]
Seat 1: Alex119387 (button) (small blind) collected ($11.76)
Seat 2: Zubasa07 (big blind) folded on the Flop


PokerStars Hand #145694032264:  Hold'em Limit ($3/$6 USD) - 2015/12/21 12:31:15 ET
Table 'Bellatrix III' 2-max Seat #1 is the button
Seat 1: Alex119387 ($163.32 in chips)
Seat 2: Zubasa07 ($506.52 in chips)
Alex119387: posts small blind $1
Zubasa07: posts big blind $3
*** HOLE CARDS ***
Alex119387: raises $3 to $6
Zubasa07: raises $3 to $9
Alex119387: raises $3 to $12
Betting is capped
Zubasa07: calls $3
*** FLOP *** [Jc 6c 6d]
Zubasa07: checks
Alex119387: bets $3
Zubasa07: raises $3 to $6
Alex119387: calls $3
*** TURN *** [Jc 6c 6d] [3s]
Zubasa07: bets $6
Alex119387: folds
Uncalled bet ($6) returned to Zubasa07
Zubasa07 collected $35.50 from pot
Zubasa07: doesn't show hand
*** SUMMARY ***
Total pot $36 | Rake $0.50
Board [Jc 6c 6d 3s]
Seat 1: Alex119387 (button) (small blind) folded on the Turn
Seat 2: Zubasa07 (big blind) collected ($35.50)


PokerStars Hand #145694067811:  Hold'em Limit ($3/$6 USD) - 2015/12/21 12:31:57 ET
Table 'Bellatrix III' 2-max Seat #1 is the button
Seat 1: Alex119387 ($127.32 in chips)
Seat 2: Zubasa07 ($541.52 in chips)
Alex119387: posts small blind $1
Zubasa07: posts big blind $3
*** HOLE CARDS ***
Alex119387: raises $3 to $6
Zubasa07: folds
Uncalled bet ($3) returned to Alex119387
Alex119387 collected $6 from pot
Alex119387: doesn't show hand
*** SUMMARY ***
Total pot $6 | Rake $0
Seat 1: Alex119387 (button) (small blind) collected ($6)
Seat 2: Zubasa07 (big blind) folded before Flop


PokerStars Hand #145694049926:  Hold'em Limit ($3/$6 USD) - 2015/12/21 12:31:36 ET
Table 'Bellatrix III' 2-max Seat #2 is the button
Seat 1: Alex119387 ($145.32 in chips)
Seat 2: Zubasa07 ($524.02 in chips)
Zubasa07: posts small blind $1
Alex119387: posts big blind $3
*** HOLE CARDS ***
Zubasa07: raises $3 to $6
Alex119387: raises $3 to $9
Zubasa07: calls $3
*** FLOP *** [Qd Jd Js]
Alex119387: bets $3
Zubasa07: calls $3
*** TURN *** [Qd Jd Js] [4c]
Alex119387: bets $6
Zubasa07: raises $6 to $12
Alex119387: folds
Uncalled bet ($6) returned to Zubasa07
Zubasa07 collected $35.50 from pot
Zubasa07: doesn't show hand
*** SUMMARY ***
Total pot $36 | Rake $0.50
Board [Qd Jd Js 4c]
Seat 1: Alex119387 (big blind) folded on the Turn
Seat 2: Zubasa07 (button) (small blind) collected ($35.50)


PokerStars Hand #145694074644:  Hold'em Limit ($3/$6 USD) - 2015/12/21 12:32:05 ET
Table 'Bellatrix III' 2-max Seat #2 is the button
Seat 1: Alex119387 ($130.32 in chips)
Seat 2: Zubasa07 ($538.52 in chips)
Zubasa07: posts small blind $1
Alex119387: posts big blind $3
*** HOLE CARDS ***
Zubasa07: raises $3 to $6
Alex119387: raises $3 to $9
Zubasa07: calls $3
*** FLOP *** [4c 6s Ad]
Alex119387: bets $3
Zubasa07: calls $3
*** TURN *** [4c 6s Ad] [Jc]
Alex119387: checks
Zubasa07: bets $6
Alex119387: raises $6 to $12
Zubasa07: raises $6 to $18
Alex119387: folds
Uncalled bet ($6) returned to Zubasa07
Zubasa07 collected $47.50 from pot
Zubasa07: doesn't show hand
*** SUMMARY ***
Total pot $48 | Rake $0.50
Board [4c 6s Ad Jc]
Seat 1: Alex119387 (big blind) folded on the Turn
Seat 2: Zubasa07 (button) (small blind) collected ($47.50)


PokerStars Hand #145694101621:  Hold'em Limit ($3/$6 USD) - 2015/12/21 12:32:37 ET
Table 'Bellatrix III' 2-max Seat #1 is the button
Seat 1: Alex119387 ($106.32 in chips)
Seat 2: Zubasa07 ($562.02 in chips)
Alex119387: posts small blind $1
Zubasa07: posts big blind $3
*** HOLE CARDS ***
Alex119387: raises $3 to $6
Zubasa07: calls $3
*** FLOP *** [7h 6h Kc]
Zubasa07: checks
Alex119387: bets $3
Zubasa07: folds
Uncalled bet ($3) returned to Alex119387
Alex119387 collected $11.76 from pot
Alex119387: doesn't show hand
*** SUMMARY ***
Total pot $12 | Rake $0.24
Board [7h 6h Kc]
Seat 1: Alex119387 (button) (small blind) collected ($11.76)
Seat 2: Zubasa07 (big blind) folded on the Flop


PokerStars Hand #145694122193:  Hold'em Limit ($3/$6 USD) - 2015/12/21 12:33:00 ET
Table 'Bellatrix III' 2-max Seat #2 is the button
Seat 1: Alex119387 ($112.08 in chips)
Seat 2: Zubasa07 ($556.02 in chips)
Zubasa07: posts small blind $1
Alex119387: posts big blind $3
*** HOLE CARDS ***
Zubasa07: raises $3 to $6
Alex119387: raises $3 to $9
Zubasa07: calls $3
*** FLOP *** [6h 9h Ad]
Alex119387: bets $3
Zubasa07: calls $3
*** TURN *** [6h 9h Ad] [9d]
Alex119387: checks
Zubasa07: bets $6
Alex119387: calls $6
*** RIVER *** [6h 9h Ad 9d] [Td]
Alex119387: checks
Zubasa07: checks
*** SHOW DOWN ***
Alex119387: shows [Kd 4h] (a pair of Nines)
Zubasa07: mucks hand
Alex119387 collected $35.50 from pot
*** SUMMARY ***
Total pot $36 | Rake $0.50
Board [6h 9h Ad 9d Td]
Seat 1: Alex119387 (big blind) showed [Kd 4h] and won ($35.50) with a pair of Nines
Seat 2: Zubasa07 (button) (small blind) mucked


