PokerStars Hand #166585464440:  Hold'em Limit ($3/$6 USD) - 2017/02/21 23:07:52 ET
Table 'Bellerophon' 6-max Seat #6 is the button
Seat 3: Francc ($209.72 in chips)
Seat 6: Zooshark ($62.20 in chips)
Zooshark: posts small blind $1
Francc: posts big blind $3
*** HOLE CARDS ***
Zooshark: raises $3 to $6
Francc: calls $3
*** FLOP *** [As Jh Jd]
Francc: checks
Zooshark: checks
*** TURN *** [As Jh Jd] [5h]
Francc: checks
Zooshark: bets $6
Francc: folds
Uncalled bet ($6) returned to Zooshark
Zooshark collected $11.76 from pot
Zooshark: doesn't show hand
*** SUMMARY ***
Total pot $12 | Rake $0.24
Board [As Jh Jd 5h]
Seat 3: Francc (big blind) folded on the Turn
Seat 6: Zooshark (button) (small blind) collected ($11.76)


PokerStars Hand #166585452336:  Hold'em Limit ($3/$6 USD) - 2017/02/21 23:07:13 ET
Table 'Bellerophon' 6-max Seat #6 is the button
Seat 3: Francc ($205.08 in chips)
Seat 6: Zooshark ($67.44 in chips)
Zooshark: posts small blind $1
samurai.ru: is sitting out
Francc: posts big blind $3
*** HOLE CARDS ***
Zooshark: folds
Uncalled bet ($2) returned to Francc
Francc collected $2 from pot
Francc: doesn't show hand
*** SUMMARY ***
Total pot $2 | Rake $0
Seat 3: Francc (big blind) collected ($2)
Seat 6: Zooshark (button) (small blind) folded before Flop


PokerStars Hand #166585458056:  Hold'em Limit ($3/$6 USD) - 2017/02/21 23:07:31 ET
Table 'Bellerophon' 6-max Seat #6 is the button
Seat 3: Francc ($200.08 in chips)
Seat 6: Zooshark ($72.20 in chips)
Zooshark: posts small blind $1
Francc: posts big blind $3
*** HOLE CARDS ***
Zooshark: folds
Uncalled bet ($2) returned to Francc
Francc collected $2 from pot
Francc: doesn't show hand
*** SUMMARY ***
Total pot $2 | Rake $0
Seat 3: Francc (big blind) collected ($2)
Seat 6: Zooshark (button) (small blind) folded before Flop


PokerStars Hand #166585459639:  Hold'em Limit ($3/$6 USD) - 2017/02/21 23:07:36 ET
Table 'Bellerophon' 6-max Seat #3 is the button
Seat 3: Francc ($201.08 in chips)
Seat 6: Zooshark ($71.20 in chips)
Francc: posts small blind $1
Zooshark: posts big blind $3
*** HOLE CARDS ***
Francc: calls $2
Zooshark: raises $3 to $6
Francc: calls $3
*** FLOP *** [Jd Ks 8d]
Zooshark: bets $3
Francc: calls $3
*** TURN *** [Jd Ks 8d] [4s]
Zooshark: checks
Francc: bets $6
Zooshark: folds
Uncalled bet ($6) returned to Francc
Francc collected $17.64 from pot
Francc: doesn't show hand
*** SUMMARY ***
Total pot $18 | Rake $0.36
Board [Jd Ks 8d 4s]
Seat 3: Francc (button) (small blind) collected ($17.64)
Seat 6: Zooshark (big blind) folded on the Turn


PokerStars Hand #166585489280:  Hold'em Limit ($3/$6 USD) - 2017/02/21 23:09:09 ET
Table 'Bellerophon' 6-max Seat #6 is the button
Seat 3: Francc ($194.22 in chips)
Seat 6: Zooshark ($76.34 in chips)
Zooshark: posts small blind $1
Francc: posts big blind $3
*** HOLE CARDS ***
Zooshark: folds
Uncalled bet ($2) returned to Francc
Francc collected $2 from pot
Francc: doesn't show hand
*** SUMMARY ***
Total pot $2 | Rake $0
Seat 3: Francc (big blind) collected ($2)
Seat 6: Zooshark (button) (small blind) folded before Flop


PokerStars Hand #166585487609:  Hold'em Limit ($3/$6 USD) - 2017/02/21 23:09:04 ET
Table 'Bellerophon' 6-max Seat #3 is the button
Seat 3: Francc ($195.22 in chips)
Seat 6: Zooshark ($75.34 in chips)
Francc: posts small blind $1
Zooshark: posts big blind $3
*** HOLE CARDS ***
Francc: folds
Uncalled bet ($2) returned to Zooshark
Zooshark collected $2 from pot
Zooshark: doesn't show hand
*** SUMMARY ***
Total pot $2 | Rake $0
Seat 3: Francc (button) (small blind) folded before Flop
Seat 6: Zooshark (big blind) collected ($2)


PokerStars Hand #166585474561:  Hold'em Limit ($3/$6 USD) - 2017/02/21 23:08:23 ET
Table 'Bellerophon' 6-max Seat #3 is the button
Seat 3: Francc ($201.72 in chips)
Seat 6: Zooshark ($69.84 in chips)
Francc: posts small blind $1
Zooshark: posts big blind $3
*** HOLE CARDS ***
Francc: raises $3 to $6
Zooshark: calls $3
*** FLOP *** [Td Js Ac]
Zooshark: checks
Francc: bets $3
Zooshark: calls $3
*** TURN *** [Td Js Ac] [3s]
Zooshark: checks
Francc: bets $6
Zooshark: calls $6
*** RIVER *** [Td Js Ac 3s] [Kh]
Zooshark: checks
Francc: checks
*** SHOW DOWN ***
Zooshark: shows [8c 9c] (high card Ace)
Francc: shows [Tc Ks] (two pair, Kings and Tens)
Francc collected $29.50 from pot
*** SUMMARY ***
Total pot $30 | Rake $0.50
Board [Td Js Ac 3s Kh]
Seat 3: Francc (button) (small blind) showed [Tc Ks] and won ($29.50) with two pair, Kings and Tens
Seat 6: Zooshark (big blind) showed [8c 9c] and lost with high card Ace


PokerStars Hand #166585481740:  Hold'em Limit ($3/$6 USD) - 2017/02/21 23:08:46 ET
Table 'Bellerophon' 6-max Seat #6 is the button
Seat 3: Francc ($216.22 in chips)
Seat 6: Zooshark ($54.84 in chips)
Zooshark: posts small blind $1
Francc: posts big blind $3
*** HOLE CARDS ***
Zooshark: raises $3 to $6
Francc: calls $3
*** FLOP *** [5s 5d Kd]
Francc: checks
Zooshark: bets $3
Francc: calls $3
*** TURN *** [5s 5d Kd] [9c]
Francc: checks
Zooshark: checks
*** RIVER *** [5s 5d Kd 9c] [8d]
Francc: bets $6
Zooshark: raises $6 to $12
Francc: calls $6
*** SHOW DOWN ***
Zooshark: shows [Ad 2d] (a flush, Ace high)
Francc: mucks hand
Zooshark collected $41.50 from pot
*** SUMMARY ***
Total pot $42 | Rake $0.50
Board [5s 5d Kd 9c 8d]
Seat 3: Francc (big blind) mucked
Seat 6: Zooshark (button) (small blind) showed [Ad 2d] and won ($41.50) with a flush, Ace high


PokerStars Hand #166585472708:  Hold'em Limit ($3/$6 USD) - 2017/02/21 23:08:18 ET
Table 'Bellerophon' 6-max Seat #6 is the button
Seat 3: Francc ($200.72 in chips)
Seat 6: Zooshark ($70.84 in chips)
Zooshark: posts small blind $1
Francc: posts big blind $3
*** HOLE CARDS ***
Zooshark: folds
Uncalled bet ($2) returned to Francc
Francc collected $2 from pot
Francc: doesn't show hand
*** SUMMARY ***
Total pot $2 | Rake $0
Seat 3: Francc (big blind) collected ($2)
Seat 6: Zooshark (button) (small blind) folded before Flop


PokerStars Hand #166585501543:  Hold'em Limit ($3/$6 USD) - 2017/02/21 23:09:48 ET
Table 'Bellerophon' 6-max Seat #3 is the button
Seat 3: Francc ($212.72 in chips)
Seat 6: Zooshark ($57.10 in chips)
Francc: posts small blind $1
Zooshark: posts big blind $3
*** HOLE CARDS ***
Francc: raises $3 to $6
Zooshark: folds
Uncalled bet ($3) returned to Francc
Francc collected $6 from pot
Francc: doesn't show hand
*** SUMMARY ***
Total pot $6 | Rake $0
Seat 3: Francc (button) (small blind) collected ($6)
Seat 6: Zooshark (big blind) folded before Flop


PokerStars Hand #166585497546:  Hold'em Limit ($3/$6 USD) - 2017/02/21 23:09:35 ET
Table 'Bellerophon' 6-max Seat #6 is the button
Seat 3: Francc ($218.72 in chips)
Seat 6: Zooshark ($51.34 in chips)
Zooshark: posts small blind $1
Francc: posts big blind $3
*** HOLE CARDS ***
Zooshark: raises $3 to $6
Francc: calls $3
*** FLOP *** [2h 9c 3d]
Francc: checks
Zooshark: checks
*** TURN *** [2h 9c 3d] [6s]
Francc: checks
Zooshark: bets $6
Francc: folds
Uncalled bet ($6) returned to Zooshark
Zooshark collected $11.76 from pot
Zooshark: doesn't show hand
*** SUMMARY ***
Total pot $12 | Rake $0.24
Board [2h 9c 3d 6s]
Seat 3: Francc (big blind) folded on the Turn
Seat 6: Zooshark (button) (small blind) collected ($11.76)


PokerStars Hand #166585491041:  Hold'em Limit ($3/$6 USD) - 2017/02/21 23:09:15 ET
Table 'Bellerophon' 6-max Seat #3 is the button
Seat 3: Francc ($195.22 in chips)
Seat 6: Zooshark ($75.34 in chips)
Francc: posts small blind $1
Zooshark: posts big blind $3
*** HOLE CARDS ***
Francc: raises $3 to $6
Zooshark: raises $3 to $9
Francc: calls $3
*** FLOP *** [3d 3s 4d]
Zooshark: bets $3
Francc: calls $3
*** TURN *** [3d 3s 4d] [As]
Zooshark: checks
Francc: bets $6
Zooshark: calls $6
*** RIVER *** [3d 3s 4d As] [5s]
Zooshark: checks
Francc: bets $6
Zooshark: calls $6
*** SHOW DOWN ***
Francc: shows [Ah Kd] (two pair, Aces and Threes)
Zooshark: mucks hand
Francc collected $47.50 from pot
*** SUMMARY ***
Total pot $48 | Rake $0.50
Board [3d 3s 4d As 5s]
Seat 3: Francc (button) (small blind) showed [Ah Kd] and won ($47.50) with two pair, Aces and Threes
Seat 6: Zooshark (big blind) mucked


PokerStars Hand #166585503698:  Hold'em Limit ($3/$6 USD) - 2017/02/21 23:09:55 ET
Table 'Bellerophon' 6-max Seat #6 is the button
Seat 3: Francc ($215.72 in chips)
Seat 6: Zooshark ($54.10 in chips)
Zooshark: posts small blind $1
Francc: posts big blind $3
*** HOLE CARDS ***
Zooshark: folds
Uncalled bet ($2) returned to Francc
Francc collected $2 from pot
Francc: doesn't show hand
*** SUMMARY ***
Total pot $2 | Rake $0
Seat 3: Francc (big blind) collected ($2)
Seat 6: Zooshark (button) (small blind) folded before Flop


PokerStars Hand #166585505367:  Hold'em Limit ($3/$6 USD) - 2017/02/21 23:10:00 ET
Table 'Bellerophon' 6-max Seat #3 is the button
Seat 3: Francc ($216.72 in chips)
Seat 6: Zooshark ($53.10 in chips)
Francc: posts small blind $1
Zooshark: posts big blind $3
*** HOLE CARDS ***
Francc: calls $2
Zooshark: checks
*** FLOP *** [8d Kd 8c]
Zooshark: checks
Francc: bets $3
Zooshark: folds
Uncalled bet ($3) returned to Francc
Francc collected $5.88 from pot
Francc: doesn't show hand
*** SUMMARY ***
Total pot $6 | Rake $0.12
Board [8d Kd 8c]
Seat 3: Francc (button) (small blind) collected ($5.88)
Seat 6: Zooshark (big blind) folded on the Flop


PokerStars Hand #166585513115:  Hold'em Limit ($3/$6 USD) - 2017/02/21 23:10:25 ET
Table 'Bellerophon' 6-max Seat #3 is the button
Seat 3: Francc ($213.60 in chips)
Seat 6: Zooshark ($55.86 in chips)
Francc: posts small blind $1
Zooshark: posts big blind $3
*** HOLE CARDS ***
Francc: folds
Uncalled bet ($2) returned to Zooshark
Zooshark collected $2 from pot
Zooshark: doesn't show hand
*** SUMMARY ***
Total pot $2 | Rake $0
Seat 3: Francc (button) (small blind) folded before Flop
Seat 6: Zooshark (big blind) collected ($2)


PokerStars Hand #166585508961:  Hold'em Limit ($3/$6 USD) - 2017/02/21 23:10:12 ET
Table 'Bellerophon' 6-max Seat #6 is the button
Seat 3: Francc ($219.60 in chips)
Seat 6: Zooshark ($50.10 in chips)
Zooshark: posts small blind $1
Francc: posts big blind $3
*** HOLE CARDS ***
Zooshark: raises $3 to $6
Francc: calls $3
*** FLOP *** [5d Ad 7h]
Francc: checks
Zooshark: checks
*** TURN *** [5d Ad 7h] [2s]
Francc: checks
Zooshark: bets $6
Francc: folds
Uncalled bet ($6) returned to Zooshark
Zooshark collected $11.76 from pot
Zooshark: doesn't show hand
*** SUMMARY ***
Total pot $12 | Rake $0.24
Board [5d Ad 7h 2s]
Seat 3: Francc (big blind) folded on the Turn
Seat 6: Zooshark (button) (small blind) collected ($11.76)


PokerStars Hand #166585514655:  Hold'em Limit ($3/$6 USD) - 2017/02/21 23:10:29 ET
Table 'Bellerophon' 6-max Seat #6 is the button
Seat 3: Francc ($212.60 in chips)
Seat 6: Zooshark ($56.86 in chips)
Zooshark: posts small blind $1
Francc: posts big blind $3
*** HOLE CARDS ***
Zooshark: raises $3 to $6
Francc: calls $3
*** FLOP *** [Kc 7d 5s]
samurai.ru leaves the table
Francc: checks
Zooshark: bets $3
Francc: folds
Uncalled bet ($3) returned to Zooshark
Zooshark collected $11.76 from pot
Zooshark: doesn't show hand
*** SUMMARY ***
Total pot $12 | Rake $0.24
Board [Kc 7d 5s]
Seat 3: Francc (big blind) folded on the Flop
Seat 6: Zooshark (button) (small blind) collected ($11.76)


PokerStars Hand #166585523675:  Hold'em Limit ($3/$6 USD) - 2017/02/21 23:10:58 ET
Table 'Bellerophon' 6-max Seat #6 is the button
Seat 3: Francc ($191.60 in chips)
Seat 6: Zooshark ($77.12 in chips)
Zooshark: posts small blind $1
Francc: posts big blind $3
*** HOLE CARDS ***
Zooshark: folds
Uncalled bet ($2) returned to Francc
Francc collected $2 from pot
Francc: doesn't show hand
*** SUMMARY ***
Total pot $2 | Rake $0
Seat 3: Francc (big blind) collected ($2)
Seat 6: Zooshark (button) (small blind) folded before Flop


PokerStars Hand #166585518047:  Hold'em Limit ($3/$6 USD) - 2017/02/21 23:10:40 ET
Table 'Bellerophon' 6-max Seat #3 is the button
Seat 3: Francc ($206.60 in chips)
Seat 6: Zooshark ($62.62 in chips)
Francc: posts small blind $1
Zooshark: posts big blind $3
*** HOLE CARDS ***
Francc: raises $3 to $6
Zooshark: calls $3
*** FLOP *** [9h 8h 7s]
Zooshark: checks
Francc: bets $3
Zooshark: calls $3
*** TURN *** [9h 8h 7s] [Ks]
Zooshark: checks
Francc: checks
*** RIVER *** [9h 8h 7s Ks] [Qc]
Zooshark: bets $6
Francc: calls $6
*** SHOW DOWN ***
Zooshark: shows [Jd Qs] (a pair of Queens)
Francc: mucks hand
Zooshark collected $29.50 from pot
*** SUMMARY ***
Total pot $30 | Rake $0.50
Board [9h 8h 7s Ks Qc]
Seat 3: Francc (button) (small blind) mucked
Seat 6: Zooshark (big blind) showed [Jd Qs] and won ($29.50) with a pair of Queens


PokerStars Hand #166585538594:  Hold'em Limit ($3/$6 USD) - 2017/02/21 23:11:45 ET
Table 'Bellerophon' 6-max Seat #6 is the button
Seat 3: Francc ($168.60 in chips)
Seat 6: Zooshark ($99.38 in chips)
Zooshark: posts small blind $1
Francc: posts big blind $3
*** HOLE CARDS ***
Zooshark: raises $3 to $6
Francc: calls $3
*** FLOP *** [Td 3d 4c]
Francc: checks
Zooshark: checks
*** TURN *** [Td 3d 4c] [Th]
Francc: checks
Zooshark: bets $6
Francc: folds
Uncalled bet ($6) returned to Zooshark
Zooshark collected $11.76 from pot
Zooshark: doesn't show hand
*** SUMMARY ***
Total pot $12 | Rake $0.24
Board [Td 3d 4c Th]
Seat 3: Francc (big blind) folded on the Turn
Seat 6: Zooshark (button) (small blind) collected ($11.76)


PokerStars Hand #166585525168:  Hold'em Limit ($3/$6 USD) - 2017/02/21 23:11:03 ET
Table 'Bellerophon' 6-max Seat #3 is the button
Seat 3: Francc ($192.60 in chips)
Seat 6: Zooshark ($76.12 in chips)
Francc: posts small blind $1
Zooshark: posts big blind $3
*** HOLE CARDS ***
Francc: raises $3 to $6
Zooshark: folds
Uncalled bet ($3) returned to Francc
Francc collected $6 from pot
Francc: doesn't show hand
*** SUMMARY ***
Total pot $6 | Rake $0
Seat 3: Francc (button) (small blind) collected ($6)
Seat 6: Zooshark (big blind) folded before Flop


PokerStars Hand #166585531061:  Hold'em Limit ($3/$6 USD) - 2017/02/21 23:11:21 ET
Table 'Bellerophon' 6-max Seat #3 is the button
Seat 3: Francc ($189.60 in chips)
Seat 6: Zooshark ($78.88 in chips)
Francc: posts small blind $1
Zooshark: posts big blind $3
*** HOLE CARDS ***
Francc: raises $3 to $6
Zooshark: calls $3
*** FLOP *** [Ts Qc 2s]
Zooshark: checks
Francc: bets $3
Zooshark: calls $3
*** TURN *** [Ts Qc 2s] [Ac]
Zooshark: checks
Francc: bets $6
Zooshark: calls $6
*** RIVER *** [Ts Qc 2s Ac] [3h]
Zooshark: checks
Francc: bets $6
Zooshark: calls $6
*** SHOW DOWN ***
Francc: shows [7h 4d] (high card Ace)
Zooshark: shows [8c Qd] (a pair of Queens)
Zooshark collected $41.50 from pot
*** SUMMARY ***
Total pot $42 | Rake $0.50
Board [Ts Qc 2s Ac 3h]
Seat 3: Francc (button) (small blind) showed [7h 4d] and lost with high card Ace
Seat 6: Zooshark (big blind) showed [8c Qd] and won ($41.50) with a pair of Queens


PokerStars Hand #166585527038:  Hold'em Limit ($3/$6 USD) - 2017/02/21 23:11:09 ET
Table 'Bellerophon' 6-max Seat #6 is the button
Seat 3: Francc ($195.60 in chips)
Seat 6: Zooshark ($73.12 in chips)
Zooshark: posts small blind $1
Francc: posts big blind $3
*** HOLE CARDS ***
Zooshark: raises $3 to $6
Francc: calls $3
*** FLOP *** [Kc 8c 8s]
Francc: checks
Zooshark: checks
*** TURN *** [Kc 8c 8s] [Qh]
Francc: checks
Zooshark: bets $6
Francc: folds
Uncalled bet ($6) returned to Zooshark
Zooshark collected $11.76 from pot
Zooshark: doesn't show hand
*** SUMMARY ***
Total pot $12 | Rake $0.24
Board [Kc 8c 8s Qh]
Seat 3: Francc (big blind) folded on the Turn
Seat 6: Zooshark (button) (small blind) collected ($11.76)


PokerStars Hand #166585992253:  Hold'em Limit ($3/$6 USD) - 2017/02/21 23:36:26 ET
Table 'Bellerophon' 6-max Seat #3 is the button
Seat 3: anubis.o ($120 in chips)
Seat 4: Agrotait ($72 in chips)
anubis.o: posts small blind $1
Agrotait: posts big blind $3
*** HOLE CARDS ***
anubis.o: raises $3 to $6
Agrotait: calls $3
*** FLOP *** [2c Kh Ad]
Agrotait: checks
anubis.o: bets $3
Agrotait: folds
Uncalled bet ($3) returned to anubis.o
anubis.o collected $11.76 from pot
anubis.o: doesn't show hand
*** SUMMARY ***
Total pot $12 | Rake $0.24
Board [2c Kh Ad]
Seat 3: anubis.o (button) (small blind) collected ($11.76)
Seat 4: Agrotait (big blind) folded on the Flop


PokerStars Hand #166586007441:  Hold'em Limit ($3/$6 USD) - 2017/02/21 23:37:16 ET
Table 'Bellerophon' 6-max Seat #4 is the button
Seat 3: anubis.o ($125.76 in chips)
Seat 4: Agrotait ($66 in chips)
Agrotait: posts small blind $1
anubis.o: posts big blind $3
*** HOLE CARDS ***
Agrotait: raises $3 to $6
anubis.o: calls $3
*** FLOP *** [Qc Ts Jh]
anubis.o: checks
Agrotait: bets $3
anubis.o: calls $3
*** TURN *** [Qc Ts Jh] [Ks]
anubis.o: checks
Agrotait: bets $6
anubis.o: raises $6 to $12
Agrotait: calls $6
*** RIVER *** [Qc Ts Jh Ks] [9c]
anubis.o: bets $6
Agrotait: calls $6
*** SHOW DOWN ***
anubis.o: shows [2c As] (a straight, Ten to Ace)
Agrotait: mucks hand
anubis.o collected $53.50 from pot
Francc joins the table at seat #2
*** SUMMARY ***
Total pot $54 | Rake $0.50
Board [Qc Ts Jh Ks 9c]
Seat 3: anubis.o (big blind) showed [2c As] and won ($53.50) with a straight, Ten to Ace
Seat 4: Agrotait (button) (small blind) mucked


PokerStars Hand #166586018971:  Hold'em Limit ($3/$6 USD) - 2017/02/21 23:37:55 ET
Table 'Bellerophon' 6-max Seat #3 is the button
Seat 3: anubis.o ($152.26 in chips)
Seat 4: Agrotait ($72 in chips)
anubis.o: posts small blind $1
Agrotait: posts big blind $3
*** HOLE CARDS ***
anubis.o: raises $3 to $6
Agrotait: calls $3
*** FLOP *** [4d 4h 6s]
Agrotait: checks
anubis.o: bets $3
Agrotait: raises $3 to $6
anubis.o: calls $3
*** TURN *** [4d 4h 6s] [Ac]
Agrotait: bets $6
anubis.o: folds
Uncalled bet ($6) returned to Agrotait
Agrotait collected $23.52 from pot
Agrotait: doesn't show hand
*** SUMMARY ***
Total pot $24 | Rake $0.48
Board [4d 4h 6s Ac]
Seat 3: anubis.o (button) (small blind) folded on the Turn
Seat 4: Agrotait (big blind) collected ($23.52)


PokerStars Hand #166587054069:  Hold'em Limit ($3/$6 USD) - 2017/02/22 0:39:00 ET
Table 'Bellerophon' 6-max Seat #5 is the button
Seat 2: hairy1961 ($21.61 in chips)
Seat 5: Fabulous108 ($138.35 in chips)
Fabulous108: posts small blind $1
alpha2777: is sitting out
hairy1961: posts big blind $3
*** HOLE CARDS ***
Fabulous108: folds
Uncalled bet ($2) returned to hairy1961
hairy1961 collected $2 from pot
*** SUMMARY ***
Total pot $2 | Rake $0
Seat 2: hairy1961 (big blind) collected ($2)
Seat 5: Fabulous108 (button) (small blind) folded before Flop


PokerStars Hand #166587055633:  Hold'em Limit ($3/$6 USD) - 2017/02/22 0:39:06 ET
Table 'Bellerophon' 6-max Seat #2 is the button
Seat 2: hairy1961 ($22.61 in chips)
Seat 5: Fabulous108 ($137.35 in chips)
alpha2777 leaves the table
hairy1961: posts small blind $1
Fabulous108: posts big blind $3
*** HOLE CARDS ***
hairy1961: folds
Uncalled bet ($2) returned to Fabulous108
Fabulous108 collected $2 from pot
Fabulous108: doesn't show hand
*** SUMMARY ***
Total pot $2 | Rake $0
Seat 2: hairy1961 (button) (small blind) folded before Flop
Seat 5: Fabulous108 (big blind) collected ($2)


PokerStars Hand #166587058136:  Hold'em Limit ($3/$6 USD) - 2017/02/22 0:39:15 ET
Table 'Bellerophon' 6-max Seat #5 is the button
Seat 2: hairy1961 ($21.61 in chips)
Seat 5: Fabulous108 ($138.35 in chips)
Fabulous108: posts small blind $1
hairy1961: posts big blind $3
*** HOLE CARDS ***
Fabulous108: folds
Uncalled bet ($2) returned to hairy1961
hairy1961 collected $2 from pot
*** SUMMARY ***
Total pot $2 | Rake $0
Seat 2: hairy1961 (big blind) collected ($2)
Seat 5: Fabulous108 (button) (small blind) folded before Flop


