PokerStars Hand #151149698001:  Hold'em Limit ($3/$6 USD) - 2016/03/30 0:22:18 ET
Table 'Bella II' 10-max Seat #5 is the button
Seat 5: I_LoVE_AvE ($66.54 in chips)
Seat 7: VolkovDmitri ($120 in chips)
I_LoVE_AvE: posts small blind $1
VolkovDmitri: posts big blind $3
*** HOLE CARDS ***
I_LoVE_AvE: folds
Uncalled bet ($2) returned to VolkovDmitri
VolkovDmitri collected $2 from pot
*** SUMMARY ***
Total pot $2 | Rake $0
Seat 5: I_LoVE_AvE (button) (small blind) folded before Flop
Seat 7: VolkovDmitri (big blind) collected ($2)


PokerStars Hand #151149700052:  Hold'em Limit ($3/$6 USD) - 2016/03/30 0:22:26 ET
Table 'Bella II' 10-max Seat #7 is the button
Seat 5: I_LoVE_AvE ($65.54 in chips)
Seat 7: VolkovDmitri ($121 in chips)
VolkovDmitri: posts small blind $1
I_LoVE_AvE: posts big blind $3
*** HOLE CARDS ***
VolkovDmitri: raises $3 to $6
I_LoVE_AvE: raises $3 to $9
VolkovDmitri: raises $3 to $12
Betting is capped
I_LoVE_AvE: calls $3
*** FLOP *** [Qd 6d Tc]
I_LoVE_AvE: bets $3
VolkovDmitri: calls $3
*** TURN *** [Qd 6d Tc] [Qs]
I_LoVE_AvE: bets $6
VolkovDmitri: calls $6
*** RIVER *** [Qd 6d Tc Qs] [9h]
I_LoVE_AvE: bets $6
VolkovDmitri: calls $6
*** SHOW DOWN ***
I_LoVE_AvE: shows [Kc 2s] (a pair of Queens)
VolkovDmitri: shows [Ac Js] (a pair of Queens - Ace kicker)
VolkovDmitri collected $53.50 from pot
*** SUMMARY ***
Total pot $54 | Rake $0.50
Board [Qd 6d Tc Qs 9h]
Seat 5: I_LoVE_AvE (big blind) showed [Kc 2s] and lost with a pair of Queens
Seat 7: VolkovDmitri (button) (small blind) showed [Ac Js] and won ($53.50) with a pair of Queens


PokerStars Hand #151149712662:  Hold'em Limit ($3/$6 USD) - 2016/03/30 0:23:13 ET
Table 'Bella II' 10-max Seat #5 is the button
Seat 5: I_LoVE_AvE ($38.54 in chips)
Seat 7: VolkovDmitri ($147.50 in chips)
I_LoVE_AvE: posts small blind $1
VolkovDmitri: posts big blind $3
*** HOLE CARDS ***
I_LoVE_AvE: calls $2
VolkovDmitri: raises $3 to $6
I_LoVE_AvE: calls $3
*** FLOP *** [5s 6h 3h]
VolkovDmitri: checks
I_LoVE_AvE: bets $3
VolkovDmitri: calls $3
*** TURN *** [5s 6h 3h] [Jh]
Darts joins the table at seat #10
VolkovDmitri: checks
I_LoVE_AvE: bets $6
VolkovDmitri: folds
Uncalled bet ($6) returned to I_LoVE_AvE
I_LoVE_AvE collected $17.64 from pot
I_LoVE_AvE: doesn't show hand
*** SUMMARY ***
Total pot $18 | Rake $0.36
Board [5s 6h 3h Jh]
Seat 5: I_LoVE_AvE (button) (small blind) collected ($17.64)
Seat 7: VolkovDmitri (big blind) folded on the Turn


PokerStars Hand #151149805176:  Hold'em Limit ($3/$6 USD) - 2016/03/30 0:28:59 ET
Table 'Bella II' 10-max Seat #10 is the button
Seat 7: VolkovDmitri ($220.02 in chips)
Seat 10: Darts ($67.74 in chips)
Darts: posts small blind $1
VolkovDmitri: posts big blind $3
*** HOLE CARDS ***
Darts: raises $3 to $6
VolkovDmitri: raises $3 to $9
Darts: calls $3
*** FLOP *** [9s Ah 7h]
VolkovDmitri: bets $3
Darts: calls $3
*** TURN *** [9s Ah 7h] [4d]
VolkovDmitri: checks
Darts: checks
*** RIVER *** [9s Ah 7h 4d] [2d]
VolkovDmitri: checks
Darts: bets $6
VolkovDmitri: calls $6
*** SHOW DOWN ***
Darts: shows [Kd 8h] (high card Ace)
VolkovDmitri: mucks hand
Darts collected $35.50 from pot
*** SUMMARY ***
Total pot $36 | Rake $0.50
Board [9s Ah 7h 4d 2d]
Seat 7: VolkovDmitri (big blind) mucked
Seat 10: Darts (button) (small blind) showed [Kd 8h] and won ($35.50) with high card Ace


PokerStars Hand #151149802690:  Hold'em Limit ($3/$6 USD) - 2016/03/30 0:28:50 ET
Table 'Bella II' 10-max Seat #7 is the button
Seat 7: VolkovDmitri ($221.02 in chips)
Seat 10: Darts ($66.74 in chips)
VolkovDmitri: posts small blind $1
Darts: posts big blind $3
*** HOLE CARDS ***
VolkovDmitri: folds
Uncalled bet ($2) returned to Darts
Darts collected $2 from pot
Darts: doesn't show hand
*** SUMMARY ***
Total pot $2 | Rake $0
Seat 7: VolkovDmitri (button) (small blind) folded before Flop
Seat 10: Darts (big blind) collected ($2)


PokerStars Hand #151149791822:  Hold'em Limit ($3/$6 USD) - 2016/03/30 0:28:09 ET
Table 'Bella II' 10-max Seat #10 is the button
Seat 7: VolkovDmitri ($203.52 in chips)
Seat 10: Darts ($84.74 in chips)
Darts: posts small blind $1
VolkovDmitri: posts big blind $3
*** HOLE CARDS ***
Darts: raises $3 to $6
VolkovDmitri: calls $3
*** FLOP *** [9h 2d Ac]
VolkovDmitri: checks
Darts: checks
*** TURN *** [9h 2d Ac] [5s]
VolkovDmitri: checks
Darts: bets $6
VolkovDmitri: calls $6
*** RIVER *** [9h 2d Ac 5s] [Qd]
VolkovDmitri: checks
Darts: bets $6
VolkovDmitri: calls $6
*** SHOW DOWN ***
Darts: shows [4h Jd] (high card Ace)
VolkovDmitri: shows [9s 6h] (a pair of Nines)
VolkovDmitri collected $35.50 from pot
*** SUMMARY ***
Total pot $36 | Rake $0.50
Board [9h 2d Ac 5s Qd]
Seat 7: VolkovDmitri (big blind) showed [9s 6h] and won ($35.50) with a pair of Nines
Seat 10: Darts (button) (small blind) showed [4h Jd] and lost with high card Ace


PokerStars Hand #151149840700:  Hold'em Limit ($3/$6 USD) - 2016/03/30 0:30:42 ET
Table 'Bella II' 10-max Seat #10 is the button
Seat 7: VolkovDmitri ($175.02 in chips)
Seat 10: Darts ($111.74 in chips)
Darts: posts small blind $1
VolkovDmitri: posts big blind $3
*** HOLE CARDS ***
Darts: folds
Uncalled bet ($2) returned to VolkovDmitri
VolkovDmitri collected $2 from pot
VolkovDmitri: doesn't show hand
*** SUMMARY ***
Total pot $2 | Rake $0
Seat 7: VolkovDmitri (big blind) collected ($2)
Seat 10: Darts (button) (small blind) folded before Flop


PokerStars Hand #151149817841:  Hold'em Limit ($3/$6 USD) - 2016/03/30 0:29:45 ET
Table 'Bella II' 10-max Seat #7 is the button
Seat 7: VolkovDmitri ($202.02 in chips)
Seat 10: Darts ($85.24 in chips)
VolkovDmitri: posts small blind $1
Darts: posts big blind $3
*** HOLE CARDS ***
VolkovDmitri: raises $3 to $6
Darts: calls $3
*** FLOP *** [2d 3c 5d]
Darts: checks
VolkovDmitri: bets $3
Darts: calls $3
*** TURN *** [2d 3c 5d] [8s]
Darts: checks
VolkovDmitri: bets $6
Darts: calls $6
*** RIVER *** [2d 3c 5d 8s] [Ad]
Darts: checks
VolkovDmitri: bets $6
Darts: raises $6 to $12
VolkovDmitri: calls $6
*** SHOW DOWN ***
Darts: shows [4d Kh] (a straight, Ace to Five)
VolkovDmitri: mucks hand
Darts collected $53.50 from pot
*** SUMMARY ***
Total pot $54 | Rake $0.50
Board [2d 3c 5d 8s Ad]
Seat 7: VolkovDmitri (button) (small blind) mucked
Seat 10: Darts (big blind) showed [4d Kh] and won ($53.50) with a straight, Ace to Five


