PokerStars Hand #166450520978:  Hold'em Limit ($3/$6 USD) - 2017/02/19 10:41:46 ET
Table 'Bellatrix III' 6-max Seat #4 is the button
Seat 4: AzureCaper ($72 in chips)
Seat 6: millchar ($122.88 in chips)
AzureCaper: posts small blind $1
millchar: posts big blind $3
*** HOLE CARDS ***
AzureCaper: raises $3 to $6
millchar: calls $3
*** FLOP *** [Th Qh 7s]
millchar: checks
AzureCaper: bets $3
millchar: calls $3
*** TURN *** [Th Qh 7s] [Kd]
millchar: checks
AzureCaper: checks
*** RIVER *** [Th Qh 7s Kd] [As]
millchar: checks
AzureCaper: checks
*** SHOW DOWN ***
millchar: shows [Kc Qd] (two pair, Kings and Queens)
AzureCaper: mucks hand
millchar collected $17.64 from pot
*** SUMMARY ***
Total pot $18 | Rake $0.36
Board [Th Qh 7s Kd As]
Seat 4: AzureCaper (button) (small blind) mucked
Seat 6: millchar (big blind) showed [Kc Qd] and won ($17.64) with two pair, Kings and Queens


PokerStars Hand #166450540349:  Hold'em Limit ($3/$6 USD) - 2017/02/19 10:42:09 ET
Table 'Bellatrix III' 6-max Seat #6 is the button
Seat 4: AzureCaper ($72 in chips)
Seat 6: millchar ($131.52 in chips)
millchar: posts small blind $1
AzureCaper: posts big blind $3
*** HOLE CARDS ***
millchar: calls $2
AzureCaper: raises $3 to $6
millchar: calls $3
*** FLOP *** [8c 7d Jc]
AzureCaper: bets $3
millchar: folds
Uncalled bet ($3) returned to AzureCaper
AzureCaper collected $11.76 from pot
AzureCaper: doesn't show hand
*** SUMMARY ***
Total pot $12 | Rake $0.24
Board [8c 7d Jc]
Seat 4: AzureCaper (big blind) collected ($11.76)
Seat 6: millchar (button) (small blind) folded on the Flop


PokerStars Hand #166450502435:  Hold'em Limit ($3/$6 USD) - 2017/02/19 10:41:24 ET
Table 'Bellatrix III' 6-max Seat #6 is the button
Seat 4: AzureCaper ($72 in chips)
Seat 6: millchar ($120 in chips)
millchar: posts small blind $1
AzureCaper: posts big blind $3
*** HOLE CARDS ***
millchar: calls $2
AzureCaper: checks
*** FLOP *** [3c Ts 6d]
AzureCaper: checks
millchar: checks
*** TURN *** [3c Ts 6d] [2d]
AzureCaper: checks
millchar: bets $6
AzureCaper: folds
Uncalled bet ($6) returned to millchar
millchar collected $5.88 from pot
millchar: doesn't show hand
*** SUMMARY ***
Total pot $6 | Rake $0.12
Board [3c Ts 6d 2d]
Seat 4: AzureCaper (big blind) folded on the Turn
Seat 6: millchar (button) (small blind) collected ($5.88)


PokerStars Hand #166451591039:  Hold'em Limit ($3/$6 USD) - 2017/02/19 11:04:15 ET
Table 'Bellatrix III' 6-max Seat #4 is the button
Seat 4: AzureCaper ($72 in chips)
Seat 6: HAOYUN88888 ($143.50 in chips)
AzureCaper: posts small blind $1
HAOYUN88888: posts big blind $3
*** HOLE CARDS ***
AzureCaper: raises $3 to $6
HAOYUN88888: calls $3
*** FLOP *** [4s 7s 7c]
HAOYUN88888: checks
AzureCaper: bets $3
HAOYUN88888: calls $3
*** TURN *** [4s 7s 7c] [8h]
HAOYUN88888: checks
AzureCaper: bets $6
HAOYUN88888: folds
Uncalled bet ($6) returned to AzureCaper
AzureCaper collected $17.64 from pot
AzureCaper: doesn't show hand
*** SUMMARY ***
Total pot $18 | Rake $0.36
Board [4s 7s 7c 8h]
Seat 4: AzureCaper (button) (small blind) collected ($17.64)
Seat 6: HAOYUN88888 (big blind) folded on the Turn


PokerStars Hand #166451655215:  Hold'em Limit ($3/$6 USD) - 2017/02/19 11:05:29 ET
Table 'Bellatrix III' 6-max Seat #4 is the button
Seat 4: AzureCaper ($88.16 in chips)
Seat 6: HAOYUN88888 ($126.50 in chips)
AzureCaper: posts small blind $1
HAOYUN88888: posts big blind $3
*** HOLE CARDS ***
AzureCaper: raises $3 to $6
HAOYUN88888: folds
Uncalled bet ($3) returned to AzureCaper
AzureCaper collected $6 from pot
AzureCaper: doesn't show hand
*** SUMMARY ***
Total pot $6 | Rake $0
Seat 4: AzureCaper (button) (small blind) collected ($6)
Seat 6: HAOYUN88888 (big blind) folded before Flop


PokerStars Hand #166451638978:  Hold'em Limit ($3/$6 USD) - 2017/02/19 11:05:10 ET
Table 'Bellatrix III' 6-max Seat #6 is the button
Seat 4: AzureCaper ($76.64 in chips)
Seat 6: HAOYUN88888 ($138.50 in chips)
HAOYUN88888: posts small blind $1
AzureCaper: posts big blind $3
*** HOLE CARDS ***
HAOYUN88888: raises $3 to $6
AzureCaper: raises $3 to $9
HAOYUN88888: calls $3
*** FLOP *** [Ts 6c 5c]
AzureCaper: bets $3
HAOYUN88888: calls $3
*** TURN *** [Ts 6c 5c] [Kh]
AzureCaper: bets $6
HAOYUN88888: folds
Uncalled bet ($6) returned to AzureCaper
AzureCaper collected $23.52 from pot
AzureCaper: doesn't show hand
*** SUMMARY ***
Total pot $24 | Rake $0.48
Board [Ts 6c 5c Kh]
Seat 4: AzureCaper (big blind) collected ($23.52)
Seat 6: HAOYUN88888 (button) (small blind) folded on the Turn


PokerStars Hand #166451633918:  Hold'em Limit ($3/$6 USD) - 2017/02/19 11:05:04 ET
Table 'Bellatrix III' 6-max Seat #4 is the button
Seat 4: AzureCaper ($77.64 in chips)
Seat 6: HAOYUN88888 ($137.50 in chips)
AzureCaper: posts small blind $1
HAOYUN88888: posts big blind $3
*** HOLE CARDS ***
AzureCaper: folds
Uncalled bet ($2) returned to HAOYUN88888
HAOYUN88888 collected $2 from pot
HAOYUN88888: doesn't show hand
*** SUMMARY ***
Total pot $2 | Rake $0
Seat 4: AzureCaper (button) (small blind) folded before Flop
Seat 6: HAOYUN88888 (big blind) collected ($2)


PokerStars Hand #166451629418:  Hold'em Limit ($3/$6 USD) - 2017/02/19 11:04:59 ET
Table 'Bellatrix III' 6-max Seat #6 is the button
Seat 4: AzureCaper ($76.64 in chips)
Seat 6: HAOYUN88888 ($138.50 in chips)
HAOYUN88888: posts small blind $1
AzureCaper: posts big blind $3
*** HOLE CARDS ***
HAOYUN88888: folds
Uncalled bet ($2) returned to AzureCaper
AzureCaper collected $2 from pot
AzureCaper: doesn't show hand
*** SUMMARY ***
Total pot $2 | Rake $0
Seat 4: AzureCaper (big blind) collected ($2)
Seat 6: HAOYUN88888 (button) (small blind) folded before Flop


PokerStars Hand #166451624070:  Hold'em Limit ($3/$6 USD) - 2017/02/19 11:04:53 ET
Table 'Bellatrix III' 6-max Seat #4 is the button
Seat 4: AzureCaper ($77.64 in chips)
Seat 6: HAOYUN88888 ($137.50 in chips)
AzureCaper: posts small blind $1
HAOYUN88888: posts big blind $3
*** HOLE CARDS ***
AzureCaper: folds
Uncalled bet ($2) returned to HAOYUN88888
HAOYUN88888 collected $2 from pot
HAOYUN88888: doesn't show hand
*** SUMMARY ***
Total pot $2 | Rake $0
Seat 4: AzureCaper (button) (small blind) folded before Flop
Seat 6: HAOYUN88888 (big blind) collected ($2)


PokerStars Hand #166451617078:  Hold'em Limit ($3/$6 USD) - 2017/02/19 11:04:45 ET
Table 'Bellatrix III' 6-max Seat #6 is the button
Seat 4: AzureCaper ($80.64 in chips)
Seat 6: HAOYUN88888 ($134.50 in chips)
HAOYUN88888: posts small blind $1
AzureCaper: posts big blind $3
*** HOLE CARDS ***
HAOYUN88888: raises $3 to $6
AzureCaper: folds
Uncalled bet ($3) returned to HAOYUN88888
HAOYUN88888 collected $6 from pot
HAOYUN88888: doesn't show hand
*** SUMMARY ***
Total pot $6 | Rake $0
Seat 4: AzureCaper (big blind) folded before Flop
Seat 6: HAOYUN88888 (button) (small blind) collected ($6)


PokerStars Hand #166451611086:  Hold'em Limit ($3/$6 USD) - 2017/02/19 11:04:38 ET
Table 'Bellatrix III' 6-max Seat #4 is the button
Seat 4: AzureCaper ($81.64 in chips)
Seat 6: HAOYUN88888 ($133.50 in chips)
AzureCaper: posts small blind $1
HAOYUN88888: posts big blind $3
*** HOLE CARDS ***
AzureCaper: folds
Uncalled bet ($2) returned to HAOYUN88888
HAOYUN88888 collected $2 from pot
HAOYUN88888: doesn't show hand
*** SUMMARY ***
Total pot $2 | Rake $0
Seat 4: AzureCaper (button) (small blind) folded before Flop
Seat 6: HAOYUN88888 (big blind) collected ($2)


PokerStars Hand #166451606827:  Hold'em Limit ($3/$6 USD) - 2017/02/19 11:04:33 ET
Table 'Bellatrix III' 6-max Seat #6 is the button
Seat 4: AzureCaper ($80.64 in chips)
Seat 6: HAOYUN88888 ($134.50 in chips)
HAOYUN88888: posts small blind $1
AzureCaper: posts big blind $3
*** HOLE CARDS ***
HAOYUN88888: folds
Uncalled bet ($2) returned to AzureCaper
AzureCaper collected $2 from pot
AzureCaper: doesn't show hand
*** SUMMARY ***
Total pot $2 | Rake $0
Seat 4: AzureCaper (big blind) collected ($2)
Seat 6: HAOYUN88888 (button) (small blind) folded before Flop


PokerStars Hand #166451706850:  Hold'em Limit ($3/$6 USD) - 2017/02/19 11:06:28 ET
Table 'Bellatrix III' 6-max Seat #6 is the button
Seat 4: AzureCaper ($146.16 in chips)
Seat 6: HAOYUN88888 ($67.50 in chips)
HAOYUN88888: posts small blind $1
AzureCaper: posts big blind $3
*** HOLE CARDS ***
HAOYUN88888: folds
Uncalled bet ($2) returned to AzureCaper
AzureCaper collected $2 from pot
AzureCaper: doesn't show hand
*** SUMMARY ***
Total pot $2 | Rake $0
Seat 4: AzureCaper (big blind) collected ($2)
Seat 6: HAOYUN88888 (button) (small blind) folded before Flop


PokerStars Hand #166451702112:  Hold'em Limit ($3/$6 USD) - 2017/02/19 11:06:22 ET
Table 'Bellatrix III' 6-max Seat #4 is the button
Seat 4: AzureCaper ($147.16 in chips)
Seat 6: HAOYUN88888 ($66.50 in chips)
AzureCaper: posts small blind $1
HAOYUN88888: posts big blind $3
*** HOLE CARDS ***
AzureCaper: folds
Uncalled bet ($2) returned to HAOYUN88888
HAOYUN88888 collected $2 from pot
HAOYUN88888: doesn't show hand
*** SUMMARY ***
Total pot $2 | Rake $0
Seat 4: AzureCaper (button) (small blind) folded before Flop
Seat 6: HAOYUN88888 (big blind) collected ($2)


PokerStars Hand #166451696667:  Hold'em Limit ($3/$6 USD) - 2017/02/19 11:06:16 ET
Table 'Bellatrix III' 6-max Seat #6 is the button
Seat 4: AzureCaper ($150.16 in chips)
Seat 6: HAOYUN88888 ($63.50 in chips)
HAOYUN88888: posts small blind $1
AzureCaper: posts big blind $3
*** HOLE CARDS ***
HAOYUN88888: raises $3 to $6
AzureCaper: folds
Uncalled bet ($3) returned to HAOYUN88888
HAOYUN88888 collected $6 from pot
HAOYUN88888: doesn't show hand
*** SUMMARY ***
Total pot $6 | Rake $0
Seat 4: AzureCaper (big blind) folded before Flop
Seat 6: HAOYUN88888 (button) (small blind) collected ($6)


PokerStars Hand #166451678552:  Hold'em Limit ($3/$6 USD) - 2017/02/19 11:05:55 ET
Table 'Bellatrix III' 6-max Seat #4 is the button
Seat 4: AzureCaper ($120.66 in chips)
Seat 6: HAOYUN88888 ($93.50 in chips)
AzureCaper: posts small blind $1
HAOYUN88888: posts big blind $3
*** HOLE CARDS ***
AzureCaper: raises $3 to $6
HAOYUN88888: raises $3 to $9
AzureCaper: calls $3
*** FLOP *** [Th 5c 3s]
HAOYUN88888: bets $3
AzureCaper: calls $3
*** TURN *** [Th 5c 3s] [Js]
HAOYUN88888: bets $6
AzureCaper: raises $6 to $12
HAOYUN88888: calls $6
*** RIVER *** [Th 5c 3s Js] [2h]
HAOYUN88888: checks
AzureCaper: bets $6
HAOYUN88888: calls $6
*** SHOW DOWN ***
AzureCaper: shows [Jd 3d] (two pair, Jacks and Threes)
HAOYUN88888: mucks hand
AzureCaper collected $59.50 from pot
*** SUMMARY ***
Total pot $60 | Rake $0.50
Board [Th 5c 3s Js 2h]
Seat 4: AzureCaper (button) (small blind) showed [Jd 3d] and won ($59.50) with two pair, Jacks and Threes
Seat 6: HAOYUN88888 (big blind) mucked


PokerStars Hand #166451730927:  Hold'em Limit ($3/$6 USD) - 2017/02/19 11:06:55 ET
Table 'Bellatrix III' 6-max Seat #4 is the button
Seat 4: AzureCaper ($141.16 in chips)
Seat 6: HAOYUN88888 ($72.14 in chips)
AzureCaper: posts small blind $1
HAOYUN88888: posts big blind $3
*** HOLE CARDS ***
AzureCaper: folds
Uncalled bet ($2) returned to HAOYUN88888
HAOYUN88888 collected $2 from pot
HAOYUN88888: doesn't show hand
*** SUMMARY ***
Total pot $2 | Rake $0
Seat 4: AzureCaper (button) (small blind) folded before Flop
Seat 6: HAOYUN88888 (big blind) collected ($2)


PokerStars Hand #166451716104:  Hold'em Limit ($3/$6 USD) - 2017/02/19 11:06:38 ET
Table 'Bellatrix III' 6-max Seat #6 is the button
Seat 4: AzureCaper ($150.16 in chips)
Seat 6: HAOYUN88888 ($63.50 in chips)
HAOYUN88888: posts small blind $1
AzureCaper: posts big blind $3
*** HOLE CARDS ***
HAOYUN88888: raises $3 to $6
AzureCaper: calls $3
*** FLOP *** [Ah 5c Jd]
AzureCaper: checks
HAOYUN88888: bets $3
AzureCaper: calls $3
*** TURN *** [Ah 5c Jd] [8h]
AzureCaper: checks
HAOYUN88888: bets $6
AzureCaper: folds
Uncalled bet ($6) returned to HAOYUN88888
HAOYUN88888 collected $17.64 from pot
HAOYUN88888: doesn't show hand
Fabulous108 joins the table at seat #1
*** SUMMARY ***
Total pot $18 | Rake $0.36
Board [Ah 5c Jd 8h]
Seat 4: AzureCaper (big blind) folded on the Turn
Seat 6: HAOYUN88888 (button) (small blind) collected ($17.64)


PokerStars Hand #166451711256:  Hold'em Limit ($3/$6 USD) - 2017/02/19 11:06:33 ET
Table 'Bellatrix III' 6-max Seat #4 is the button
Seat 4: AzureCaper ($147.16 in chips)
Seat 6: HAOYUN88888 ($66.50 in chips)
AzureCaper: posts small blind $1
HAOYUN88888: posts big blind $3
*** HOLE CARDS ***
AzureCaper: raises $3 to $6
HAOYUN88888: folds
Uncalled bet ($3) returned to AzureCaper
AzureCaper collected $6 from pot
AzureCaper: doesn't show hand
*** SUMMARY ***
Total pot $6 | Rake $0
Seat 4: AzureCaper (button) (small blind) collected ($6)
Seat 6: HAOYUN88888 (big blind) folded before Flop


PokerStars Hand #166453336173:  Hold'em Limit ($3/$6 USD) - 2017/02/19 11:37:02 ET
Table 'Bellatrix III' 6-max Seat #2 is the button
Seat 2: Krazy90 ($124 in chips)
Seat 3: parnishka11 ($35.15 in chips)
Krazy90: posts small blind $1
parnishka11: posts big blind $3
*** HOLE CARDS ***
Krazy90: raises $3 to $6
parnishka11: calls $3
*** FLOP *** [8s 7d Kh]
parnishka11: checks
Krazy90: checks
*** TURN *** [8s 7d Kh] [7h]
parnishka11: bets $6
Krazy90: calls $6
*** RIVER *** [8s 7d Kh 7h] [5c]
parnishka11: bets $6
Krazy90: raises $6 to $12
parnishka11: calls $6
*** SHOW DOWN ***
Krazy90: shows [Ks Kd] (a full house, Kings full of Sevens)
parnishka11: mucks hand
Krazy90 collected $47.50 from pot
*** SUMMARY ***
Total pot $48 | Rake $0.50
Board [8s 7d Kh 7h 5c]
Seat 2: Krazy90 (button) (small blind) showed [Ks Kd] and won ($47.50) with a full house, Kings full of Sevens
Seat 3: parnishka11 (big blind) mucked


PokerStars Hand #166453375320:  Hold'em Limit ($3/$6 USD) - 2017/02/19 11:37:45 ET
Table 'Bellatrix III' 6-max Seat #1 is the button
Seat 1: Fabulous108 ($130.48 in chips)
Seat 2: Krazy90 ($147.50 in chips)
Fabulous108: posts small blind $1
Krazy90: posts big blind $3
*** HOLE CARDS ***
Fabulous108: folds
Uncalled bet ($2) returned to Krazy90
Krazy90 collected $2 from pot
Krazy90: doesn't show hand
*** SUMMARY ***
Total pot $2 | Rake $0
Seat 1: Fabulous108 (button) (small blind) folded before Flop
Seat 2: Krazy90 (big blind) collected ($2)


