PokerStars Hand #146850412360:  Hold'em Limit ($3/$6 USD) - 2016/01/11 7:47:14 ET
Table 'Bellerophon' 2-max Seat #2 is the button
Seat 1: nedo1414 ($230 in chips)
Seat 2: MTails ($158.78 in chips)
MTails: posts small blind $1
nedo1414: posts big blind $3
*** HOLE CARDS ***
MTails: raises $3 to $6
nedo1414: raises $3 to $9
MTails: calls $3
*** FLOP *** [5c Kc 2c]
nedo1414: bets $3
MTails: calls $3
*** TURN *** [5c Kc 2c] [Ah]
nedo1414: bets $6
MTails: calls $6
*** RIVER *** [5c Kc 2c Ah] [3c]
nedo1414: bets $6
MTails: folds
Uncalled bet ($6) returned to nedo1414
nedo1414 collected $35.50 from pot
nedo1414: doesn't show hand
*** SUMMARY ***
Total pot $36 | Rake $0.50
Board [5c Kc 2c Ah 3c]
Seat 1: nedo1414 (big blind) collected ($35.50)
Seat 2: MTails (button) (small blind) folded on the River


PokerStars Hand #146850396559:  Hold'em Limit ($3/$6 USD) - 2016/01/11 7:46:54 ET
Table 'Bellerophon' 2-max Seat #1 is the button
Seat 1: nedo1414 ($242 in chips)
Seat 2: MTails ($147.26 in chips)
nedo1414: posts small blind $1
MTails: posts big blind $3
*** HOLE CARDS ***
nedo1414: raises $3 to $6
MTails: raises $3 to $9
nedo1414: calls $3
*** FLOP *** [3d 7h 5h]
MTails: bets $3
nedo1414: calls $3
*** TURN *** [3d 7h 5h] [7c]
MTails: bets $6
nedo1414: folds
Uncalled bet ($6) returned to MTails
MTails collected $23.52 from pot
*** SUMMARY ***
Total pot $24 | Rake $0.48
Board [3d 7h 5h 7c]
Seat 1: nedo1414 (button) (small blind) folded on the Turn
Seat 2: MTails (big blind) collected ($23.52)


PokerStars Hand #146850377113:  Hold'em Limit ($3/$6 USD) - 2016/01/11 7:46:22 ET
Table 'Bellerophon' 2-max Seat #2 is the button
Seat 1: nedo1414 ($263 in chips)
Seat 2: MTails ($126.76 in chips)
MTails: posts small blind $1
nedo1414: posts big blind $3
*** HOLE CARDS ***
MTails: raises $3 to $6
nedo1414: calls $3
*** FLOP *** [7c Ac 5s]
nedo1414: checks
MTails: bets $3
nedo1414: calls $3
*** TURN *** [7c Ac 5s] [6c]
nedo1414: checks
MTails: bets $6
nedo1414: calls $6
*** RIVER *** [7c Ac 5s 6c] [6s]
nedo1414: checks
MTails: bets $6
nedo1414: calls $6
*** SHOW DOWN ***
MTails: shows [Kc 6d] (three of a kind, Sixes)
nedo1414: mucks hand
MTails collected $41.50 from pot
*** SUMMARY ***
Total pot $42 | Rake $0.50
Board [7c Ac 5s 6c 6s]
Seat 1: nedo1414 (big blind) mucked
Seat 2: MTails (button) (small blind) showed [Kc 6d] and won ($41.50) with three of a kind, Sixes


PokerStars Hand #146850459876:  Hold'em Limit ($3/$6 USD) - 2016/01/11 7:48:17 ET
Table 'Bellerophon' 2-max Seat #1 is the button
Seat 1: nedo1414 ($276.50 in chips)
Seat 2: MTails ($110.54 in chips)
nedo1414: posts small blind $1
MTails: posts big blind $3
*** HOLE CARDS ***
nedo1414: raises $3 to $6
MTails: raises $3 to $9
nedo1414: calls $3
*** FLOP *** [Qs 8c 6h]
MTails: bets $3
nedo1414: calls $3
*** TURN *** [Qs 8c 6h] [Kd]
MTails: bets $6
nedo1414: calls $6
*** RIVER *** [Qs 8c 6h Kd] [5h]
MTails: checks
nedo1414: bets $6
MTails: raises $6 to $12
nedo1414: calls $6
*** SHOW DOWN ***
MTails: shows [4c 7c] (a straight, Four to Eight)
nedo1414: mucks hand
MTails collected $59.50 from pot
*** SUMMARY ***
Total pot $60 | Rake $0.50
Board [Qs 8c 6h Kd 5h]
Seat 1: nedo1414 (button) (small blind) mucked
Seat 2: MTails (big blind) showed [4c 7c] and won ($59.50) with a straight, Four to Eight


PokerStars Hand #146850457131:  Hold'em Limit ($3/$6 USD) - 2016/01/11 7:48:12 ET
Table 'Bellerophon' 2-max Seat #2 is the button
Seat 1: nedo1414 ($279.50 in chips)
Seat 2: MTails ($107.54 in chips)
MTails: posts small blind $1
nedo1414: posts big blind $3
*** HOLE CARDS ***
MTails: raises $3 to $6
nedo1414: folds
Uncalled bet ($3) returned to MTails
MTails collected $6 from pot
MTails: doesn't show hand
*** SUMMARY ***
Total pot $6 | Rake $0
Seat 1: nedo1414 (big blind) folded before Flop
Seat 2: MTails (button) (small blind) collected ($6)


PokerStars Hand #146850447068:  Hold'em Limit ($3/$6 USD) - 2016/01/11 7:47:56 ET
Table 'Bellerophon' 2-max Seat #1 is the button
Seat 1: nedo1414 ($256 in chips)
Seat 2: MTails ($131.54 in chips)
nedo1414: posts small blind $1
MTails: posts big blind $3
*** HOLE CARDS ***
nedo1414: raises $3 to $6
MTails: raises $3 to $9
nedo1414: calls $3
*** FLOP *** [4c 9s 7c]
MTails: bets $3
nedo1414: calls $3
*** TURN *** [4c 9s 7c] [5c]
MTails: checks
nedo1414: bets $6
MTails: calls $6
*** RIVER *** [4c 9s 7c 5c] [4h]
MTails: checks
nedo1414: bets $6
MTails: calls $6
*** SHOW DOWN ***
nedo1414: shows [7h Js] (two pair, Sevens and Fours)
MTails: mucks hand
nedo1414 collected $47.50 from pot
*** SUMMARY ***
Total pot $48 | Rake $0.50
Board [4c 9s 7c 5c 4h]
Seat 1: nedo1414 (button) (small blind) showed [7h Js] and won ($47.50) with two pair, Sevens and Fours
Seat 2: MTails (big blind) mucked


PokerStars Hand #146850430970:  Hold'em Limit ($3/$6 USD) - 2016/01/11 7:47:33 ET
Table 'Bellerophon' 2-max Seat #1 is the button
Seat 1: nedo1414 ($247.50 in chips)
Seat 2: MTails ($140.78 in chips)
nedo1414: posts small blind $1
MTails: posts big blind $3
*** HOLE CARDS ***
nedo1414: raises $3 to $6
MTails: calls $3
*** FLOP *** [Qh 3d 2c]
MTails: checks
nedo1414: bets $3
MTails: calls $3
*** TURN *** [Qh 3d 2c] [Js]
MTails: checks
nedo1414: checks
*** RIVER *** [Qh 3d 2c Js] [7s]
MTails: bets $6
nedo1414: calls $6
*** SHOW DOWN ***
MTails: shows [9h 5d] (high card Queen)
nedo1414: shows [Kc 8h] (high card King)
nedo1414 collected $29.50 from pot
*** SUMMARY ***
Total pot $30 | Rake $0.50
Board [Qh 3d 2c Js 7s]
Seat 1: nedo1414 (button) (small blind) showed [Kc 8h] and won ($29.50) with high card King
Seat 2: MTails (big blind) showed [9h 5d] and lost with high card Queen


PokerStars Hand #146850440945:  Hold'em Limit ($3/$6 USD) - 2016/01/11 7:47:47 ET
Table 'Bellerophon' 2-max Seat #2 is the button
Seat 1: nedo1414 ($262 in chips)
Seat 2: MTails ($125.78 in chips)
MTails: posts small blind $1
nedo1414: posts big blind $3
*** HOLE CARDS ***
MTails: raises $3 to $6
nedo1414: calls $3
*** FLOP *** [4d 7h 7d]
nedo1414: checks
MTails: bets $3
nedo1414: folds
Uncalled bet ($3) returned to MTails
MTails collected $11.76 from pot
*** SUMMARY ***
Total pot $12 | Rake $0.24
Board [4d 7h 7d]
Seat 1: nedo1414 (big blind) folded on the Flop
Seat 2: MTails (button) (small blind) collected ($11.76)


PokerStars Hand #146850503472:  Hold'em Limit ($3/$6 USD) - 2016/01/11 7:49:29 ET
Table 'Bellerophon' 2-max Seat #1 is the button
Seat 1: nedo1414 ($305 in chips)
Seat 2: MTails ($79.80 in chips)
nedo1414: posts small blind $1
MTails: posts big blind $3
*** HOLE CARDS ***
nedo1414: raises $3 to $6
MTails: calls $3
*** FLOP *** [8h 2c 5h]
MTails: checks
nedo1414: checks
*** TURN *** [8h 2c 5h] [4c]
MTails: bets $6
nedo1414: folds
Uncalled bet ($6) returned to MTails
MTails collected $11.76 from pot
*** SUMMARY ***
Total pot $12 | Rake $0.24
Board [8h 2c 5h 4c]
Seat 1: nedo1414 (button) (small blind) folded on the Turn
Seat 2: MTails (big blind) collected ($11.76)


PokerStars Hand #146850500531:  Hold'em Limit ($3/$6 USD) - 2016/01/11 7:49:25 ET
Table 'Bellerophon' 2-max Seat #2 is the button
Seat 1: nedo1414 ($308 in chips)
Seat 2: MTails ($76.80 in chips)
MTails: posts small blind $1
nedo1414: posts big blind $3
*** HOLE CARDS ***
MTails: raises $3 to $6
nedo1414: folds
Uncalled bet ($3) returned to MTails
MTails collected $6 from pot
*** SUMMARY ***
Total pot $6 | Rake $0
Seat 1: nedo1414 (big blind) folded before Flop
Seat 2: MTails (button) (small blind) collected ($6)


PokerStars Hand #146850491638:  Hold'em Limit ($3/$6 USD) - 2016/01/11 7:49:10 ET
Table 'Bellerophon' 2-max Seat #1 is the button
Seat 1: nedo1414 ($284.50 in chips)
Seat 2: MTails ($100.80 in chips)
nedo1414: posts small blind $1
MTails: posts big blind $3
*** HOLE CARDS ***
nedo1414: raises $3 to $6
MTails: raises $3 to $9
nedo1414: calls $3
*** FLOP *** [9c As 2s]
MTails: bets $3
nedo1414: calls $3
*** TURN *** [9c As 2s] [Qc]
MTails: bets $6
nedo1414: calls $6
*** RIVER *** [9c As 2s Qc] [Ac]
MTails: checks
nedo1414: bets $6
MTails: calls $6
*** SHOW DOWN ***
nedo1414: shows [Ad 3s] (three of a kind, Aces)
MTails: mucks hand
nedo1414 collected $47.50 from pot
*** SUMMARY ***
Total pot $48 | Rake $0.50
Board [9c As 2s Qc Ac]
Seat 1: nedo1414 (button) (small blind) showed [Ad 3s] and won ($47.50) with three of a kind, Aces
Seat 2: MTails (big blind) mucked


PokerStars Hand #146850485640:  Hold'em Limit ($3/$6 USD) - 2016/01/11 7:49:00 ET
Table 'Bellerophon' 2-max Seat #2 is the button
Seat 1: nedo1414 ($290.50 in chips)
Seat 2: MTails ($95.04 in chips)
MTails: posts small blind $1
nedo1414: posts big blind $3
*** HOLE CARDS ***
MTails: raises $3 to $6
nedo1414: calls $3
*** FLOP *** [Js 6s Ah]
nedo1414: checks
MTails: bets $3
nedo1414: folds
Uncalled bet ($3) returned to MTails
MTails collected $11.76 from pot
MTails: doesn't show hand
*** SUMMARY ***
Total pot $12 | Rake $0.24
Board [Js 6s Ah]
Seat 1: nedo1414 (big blind) folded on the Flop
Seat 2: MTails (button) (small blind) collected ($11.76)


PokerStars Hand #146850476603:  Hold'em Limit ($3/$6 USD) - 2016/01/11 7:48:44 ET
Table 'Bellerophon' 2-max Seat #1 is the button
Seat 1: nedo1414 ($264 in chips)
Seat 2: MTails ($122.04 in chips)
nedo1414: posts small blind $1
MTails: posts big blind $3
*** HOLE CARDS ***
nedo1414: raises $3 to $6
MTails: calls $3
*** FLOP *** [6s 6h 3c]
MTails: checks
nedo1414: bets $3
MTails: calls $3
*** TURN *** [6s 6h 3c] [2s]
MTails: checks
nedo1414: bets $6
MTails: calls $6
*** RIVER *** [6s 6h 3c 2s] [5d]
MTails: bets $6
nedo1414: raises $6 to $12
MTails: calls $6
*** SHOW DOWN ***
nedo1414: shows [6d Ac] (three of a kind, Sixes)
MTails: mucks hand
nedo1414 collected $53.50 from pot
*** SUMMARY ***
Total pot $54 | Rake $0.50
Board [6s 6h 3c 2s 5d]
Seat 1: nedo1414 (button) (small blind) showed [6d Ac] and won ($53.50) with three of a kind, Sixes
Seat 2: MTails (big blind) mucked


PokerStars Hand #146850469765:  Hold'em Limit ($3/$6 USD) - 2016/01/11 7:48:33 ET
Table 'Bellerophon' 2-max Seat #2 is the button
Seat 1: nedo1414 ($246.50 in chips)
Seat 2: MTails ($140.04 in chips)
MTails: posts small blind $1
nedo1414: posts big blind $3
*** HOLE CARDS ***
MTails: raises $3 to $6
nedo1414: calls $3
*** FLOP *** [5h 7s 6d]
nedo1414: checks
MTails: checks
*** TURN *** [5h 7s 6d] [4c]
nedo1414: bets $6
MTails: calls $6
*** RIVER *** [5h 7s 6d 4c] [6s]
nedo1414: bets $6
MTails: calls $6
*** SHOW DOWN ***
nedo1414: shows [8c 5s] (a straight, Four to Eight)
MTails: mucks hand
nedo1414 collected $35.50 from pot
*** SUMMARY ***
Total pot $36 | Rake $0.50
Board [5h 7s 6d 4c 6s]
Seat 1: nedo1414 (big blind) showed [8c 5s] and won ($35.50) with a straight, Four to Eight
Seat 2: MTails (button) (small blind) mucked


PokerStars Hand #146850523355:  Hold'em Limit ($3/$6 USD) - 2016/01/11 7:50:03 ET
Table 'Bellerophon' 2-max Seat #2 is the button
Seat 1: nedo1414 ($262.76 in chips)
Seat 2: MTails ($121.06 in chips)
MTails: posts small blind $1
nedo1414: posts big blind $3
*** HOLE CARDS ***
MTails: raises $3 to $6
nedo1414: calls $3
*** FLOP *** [Kc 4s 7d]
nedo1414: checks
MTails: bets $3
nedo1414: folds
Uncalled bet ($3) returned to MTails
MTails collected $11.76 from pot
MTails: doesn't show hand
*** SUMMARY ***
Total pot $12 | Rake $0.24
Board [Kc 4s 7d]
Seat 1: nedo1414 (big blind) folded on the Flop
Seat 2: MTails (button) (small blind) collected ($11.76)


PokerStars Hand #146850518707:  Hold'em Limit ($3/$6 USD) - 2016/01/11 7:49:55 ET
Table 'Bellerophon' 2-max Seat #1 is the button
Seat 1: nedo1414 ($257 in chips)
Seat 2: MTails ($127.06 in chips)
nedo1414: posts small blind $1
MTails: posts big blind $3
*** HOLE CARDS ***
nedo1414: raises $3 to $6
MTails: calls $3
*** FLOP *** [2h Qh Jc]
MTails: checks
nedo1414: bets $3
MTails: folds
Uncalled bet ($3) returned to nedo1414
nedo1414 collected $11.76 from pot
nedo1414: doesn't show hand
*** SUMMARY ***
Total pot $12 | Rake $0.24
Board [2h Qh Jc]
Seat 1: nedo1414 (button) (small blind) collected ($11.76)
Seat 2: MTails (big blind) folded on the Flop


PokerStars Hand #146850536665:  Hold'em Limit ($3/$6 USD) - 2016/01/11 7:50:25 ET
Table 'Bellerophon' 2-max Seat #2 is the button
Seat 1: nedo1414 ($286.26 in chips)
Seat 2: MTails ($96.82 in chips)
MTails: posts small blind $1
nedo1414: posts big blind $3
*** HOLE CARDS ***
MTails: raises $3 to $6
nedo1414: folds
Uncalled bet ($3) returned to MTails
MTails collected $6 from pot
*** SUMMARY ***
Total pot $6 | Rake $0
Seat 1: nedo1414 (big blind) folded before Flop
Seat 2: MTails (button) (small blind) collected ($6)


PokerStars Hand #146850528252:  Hold'em Limit ($3/$6 USD) - 2016/01/11 7:50:11 ET
Table 'Bellerophon' 2-max Seat #1 is the button
Seat 1: nedo1414 ($256.76 in chips)
Seat 2: MTails ($126.82 in chips)
nedo1414: posts small blind $1
MTails: posts big blind $3
*** HOLE CARDS ***
nedo1414: raises $3 to $6
MTails: raises $3 to $9
nedo1414: calls $3
*** FLOP *** [Js 5c 8s]
MTails: bets $3
nedo1414: calls $3
*** TURN *** [Js 5c 8s] [8h]
MTails: bets $6
nedo1414: calls $6
*** RIVER *** [Js 5c 8s 8h] [Kd]
MTails: bets $6
nedo1414: raises $6 to $12
MTails: calls $6
*** SHOW DOWN ***
nedo1414: shows [5h Kc] (two pair, Kings and Eights)
MTails: mucks hand
nedo1414 collected $59.50 from pot
*** SUMMARY ***
Total pot $60 | Rake $0.50
Board [Js 5c 8s 8h Kd]
Seat 1: nedo1414 (button) (small blind) showed [5h Kc] and won ($59.50) with two pair, Kings and Eights
Seat 2: MTails (big blind) mucked


PokerStars Hand #146850509278:  Hold'em Limit ($3/$6 USD) - 2016/01/11 7:49:39 ET
Table 'Bellerophon' 2-max Seat #2 is the button
Seat 1: nedo1414 ($299 in chips)
Seat 2: MTails ($85.56 in chips)
MTails: posts small blind $1
nedo1414: posts big blind $3
*** HOLE CARDS ***
MTails: raises $3 to $6
nedo1414: raises $3 to $9
MTails: calls $3
*** FLOP *** [9s 2d 2s]
nedo1414: bets $3
MTails: calls $3
*** TURN *** [9s 2d 2s] [6h]
nedo1414: bets $6
MTails: raises $6 to $12
nedo1414: raises $6 to $18
MTails: calls $6
*** RIVER *** [9s 2d 2s 6h] [As]
nedo1414: bets $6
MTails: raises $6 to $12
nedo1414: calls $6
*** SHOW DOWN ***
MTails: shows [7c Ah] (two pair, Aces and Deuces)
nedo1414: mucks hand
MTails collected $83.50 from pot
*** SUMMARY ***
Total pot $84 | Rake $0.50
Board [9s 2d 2s 6h As]
Seat 1: nedo1414 (big blind) mucked
Seat 2: MTails (button) (small blind) showed [7c Ah] and won ($83.50) with two pair, Aces and Deuces


PokerStars Hand #146850571916:  Hold'em Limit ($3/$6 USD) - 2016/01/11 7:51:24 ET
Table 'Bellerophon' 2-max Seat #1 is the button
Seat 1: nedo1414 ($271.76 in chips)
Seat 2: MTails ($109.82 in chips)
nedo1414: posts small blind $1
MTails: posts big blind $3
*** HOLE CARDS ***
nedo1414: folds
Uncalled bet ($2) returned to MTails
MTails collected $2 from pot
*** SUMMARY ***
Total pot $2 | Rake $0
Seat 1: nedo1414 (button) (small blind) folded before Flop
Seat 2: MTails (big blind) collected ($2)


PokerStars Hand #146850562783:  Hold'em Limit ($3/$6 USD) - 2016/01/11 7:51:09 ET
Table 'Bellerophon' 2-max Seat #2 is the button
Seat 1: nedo1414 ($242.26 in chips)
Seat 2: MTails ($139.82 in chips)
MTails: posts small blind $1
nedo1414: posts big blind $3
*** HOLE CARDS ***
MTails: raises $3 to $6
nedo1414: raises $3 to $9
MTails: calls $3
*** FLOP *** [6h 9c 7d]
nedo1414: bets $3
MTails: raises $3 to $6
nedo1414: raises $3 to $9
MTails: calls $3
*** TURN *** [6h 9c 7d] [5c]
nedo1414: bets $6
MTails: calls $6
*** RIVER *** [6h 9c 7d 5c] [Js]
nedo1414: bets $6
MTails: calls $6
*** SHOW DOWN ***
nedo1414: shows [8c Jd] (a straight, Five to Nine)
MTails: mucks hand
nedo1414 collected $59.50 from pot
*** SUMMARY ***
Total pot $60 | Rake $0.50
Board [6h 9c 7d 5c Js]
Seat 1: nedo1414 (big blind) showed [8c Jd] and won ($59.50) with a straight, Five to Nine
Seat 2: MTails (button) (small blind) mucked


PokerStars Hand #146850549296:  Hold'em Limit ($3/$6 USD) - 2016/01/11 7:50:47 ET
Table 'Bellerophon' 2-max Seat #2 is the button
Seat 1: nedo1414 ($259.26 in chips)
Seat 2: MTails ($123.32 in chips)
MTails: posts small blind $1
nedo1414: posts big blind $3
*** HOLE CARDS ***
MTails: folds
Uncalled bet ($2) returned to nedo1414
nedo1414 collected $2 from pot
nedo1414: doesn't show hand
*** SUMMARY ***
Total pot $2 | Rake $0
Seat 1: nedo1414 (big blind) collected ($2)
Seat 2: MTails (button) (small blind) folded before Flop


PokerStars Hand #146850541235:  Hold'em Limit ($3/$6 USD) - 2016/01/11 7:50:33 ET
Table 'Bellerophon' 2-max Seat #1 is the button
Seat 1: nedo1414 ($283.26 in chips)
Seat 2: MTails ($99.82 in chips)
nedo1414: posts small blind $1
MTails: posts big blind $3
*** HOLE CARDS ***
nedo1414: raises $3 to $6
MTails: calls $3
*** FLOP *** [Jc 5s Ah]
MTails: checks
nedo1414: bets $3
MTails: raises $3 to $6
nedo1414: calls $3
*** TURN *** [Jc 5s Ah] [4s]
MTails: bets $6
nedo1414: calls $6
*** RIVER *** [Jc 5s Ah 4s] [Qc]
MTails: bets $6
nedo1414: calls $6
*** SHOW DOWN ***
MTails: shows [2h Qh] (a pair of Queens)
nedo1414: mucks hand
MTails collected $47.50 from pot
*** SUMMARY ***
Total pot $48 | Rake $0.50
Board [Jc 5s Ah 4s Qc]
Seat 1: nedo1414 (button) (small blind) mucked
Seat 2: MTails (big blind) showed [2h Qh] and won ($47.50) with a pair of Queens


PokerStars Hand #146850610120:  Hold'em Limit ($3/$6 USD) - 2016/01/11 7:52:27 ET
Table 'Bellerophon' 2-max Seat #1 is the button
Seat 1: nedo1414 ($234.26 in chips)
Seat 2: MTails ($145.58 in chips)
nedo1414: posts small blind $1
MTails: posts big blind $3
*** HOLE CARDS ***
nedo1414: raises $3 to $6
MTails: calls $3
*** FLOP *** [3h Ad 8s]
MTails: checks
nedo1414: bets $3
MTails: calls $3
*** TURN *** [3h Ad 8s] [5s]
MTails: checks
nedo1414: bets $6
MTails: calls $6
*** RIVER *** [3h Ad 8s 5s] [2s]
MTails: checks
nedo1414: checks
*** SHOW DOWN ***
MTails: shows [6s Qd] (high card Ace)
nedo1414: shows [7c Ac] (a pair of Aces)
nedo1414 collected $29.50 from pot
*** SUMMARY ***
Total pot $30 | Rake $0.50
Board [3h Ad 8s 5s 2s]
Seat 1: nedo1414 (button) (small blind) showed [7c Ac] and won ($29.50) with a pair of Aces
Seat 2: MTails (big blind) showed [6s Qd] and lost with high card Ace


PokerStars Hand #146850601626:  Hold'em Limit ($3/$6 USD) - 2016/01/11 7:52:13 ET
Table 'Bellerophon' 2-max Seat #2 is the button
Seat 1: nedo1414 ($219.76 in chips)
Seat 2: MTails ($160.58 in chips)
MTails: posts small blind $1
nedo1414: posts big blind $3
*** HOLE CARDS ***
MTails: raises $3 to $6
nedo1414: calls $3
*** FLOP *** [Td Js Kd]
nedo1414: checks
MTails: bets $3
nedo1414: calls $3
*** TURN *** [Td Js Kd] [2d]
nedo1414: checks
MTails: checks
*** RIVER *** [Td Js Kd 2d] [7s]
nedo1414: bets $6
MTails: calls $6
*** SHOW DOWN ***
nedo1414: shows [6h Tc] (a pair of Tens)
MTails: mucks hand
nedo1414 collected $29.50 from pot
*** SUMMARY ***
Total pot $30 | Rake $0.50
Board [Td Js Kd 2d 7s]
Seat 1: nedo1414 (big blind) showed [6h Tc] and won ($29.50) with a pair of Tens
Seat 2: MTails (button) (small blind) mucked


PokerStars Hand #146850595787:  Hold'em Limit ($3/$6 USD) - 2016/01/11 7:52:04 ET
Table 'Bellerophon' 2-max Seat #1 is the button
Seat 1: nedo1414 ($225.76 in chips)
Seat 2: MTails ($154.82 in chips)
nedo1414: posts small blind $1
MTails: posts big blind $3
*** HOLE CARDS ***
nedo1414: raises $3 to $6
MTails: calls $3
*** FLOP *** [8d 2c Qs]
MTails: checks
nedo1414: checks
*** TURN *** [8d 2c Qs] [Tc]
MTails: bets $6
nedo1414: folds
Uncalled bet ($6) returned to MTails
MTails collected $11.76 from pot
*** SUMMARY ***
Total pot $12 | Rake $0.24
Board [8d 2c Qs Tc]
Seat 1: nedo1414 (button) (small blind) folded on the Turn
Seat 2: MTails (big blind) collected ($11.76)


PokerStars Hand #146850592876:  Hold'em Limit ($3/$6 USD) - 2016/01/11 7:51:59 ET
Table 'Bellerophon' 2-max Seat #2 is the button
Seat 1: nedo1414 ($228.76 in chips)
Seat 2: MTails ($151.82 in chips)
MTails: posts small blind $1
nedo1414: posts big blind $3
*** HOLE CARDS ***
MTails: raises $3 to $6
nedo1414: folds
Uncalled bet ($3) returned to MTails
MTails collected $6 from pot
MTails: doesn't show hand
*** SUMMARY ***
Total pot $6 | Rake $0
Seat 1: nedo1414 (big blind) folded before Flop
Seat 2: MTails (button) (small blind) collected ($6)


PokerStars Hand #146850585057:  Hold'em Limit ($3/$6 USD) - 2016/01/11 7:51:46 ET
Table 'Bellerophon' 2-max Seat #1 is the button
Seat 1: nedo1414 ($243.76 in chips)
Seat 2: MTails ($137.32 in chips)
nedo1414: posts small blind $1
MTails: posts big blind $3
*** HOLE CARDS ***
nedo1414: raises $3 to $6
MTails: calls $3
*** FLOP *** [6c Th 8d]
MTails: checks
nedo1414: bets $3
MTails: calls $3
*** TURN *** [6c Th 8d] [As]
MTails: checks
nedo1414: checks
*** RIVER *** [6c Th 8d As] [4d]
MTails: bets $6
nedo1414: calls $6
*** SHOW DOWN ***
MTails: shows [9h 4h] (a pair of Fours)
nedo1414: mucks hand
MTails collected $29.50 from pot
*** SUMMARY ***
Total pot $30 | Rake $0.50
Board [6c Th 8d As 4d]
Seat 1: nedo1414 (button) (small blind) mucked
Seat 2: MTails (big blind) showed [9h 4h] and won ($29.50) with a pair of Fours


PokerStars Hand #146850574763:  Hold'em Limit ($3/$6 USD) - 2016/01/11 7:51:29 ET
Table 'Bellerophon' 2-max Seat #2 is the button
Seat 1: nedo1414 ($270.76 in chips)
Seat 2: MTails ($110.82 in chips)
MTails: posts small blind $1
nedo1414: posts big blind $3
*** HOLE CARDS ***
MTails: raises $3 to $6
nedo1414: raises $3 to $9
MTails: calls $3
*** FLOP *** [5c 6c 8s]
nedo1414: bets $3
MTails: raises $3 to $6
nedo1414: calls $3
*** TURN *** [5c 6c 8s] [4d]
nedo1414: checks
MTails: bets $6
nedo1414: calls $6
*** RIVER *** [5c 6c 8s 4d] [Th]
nedo1414: checks
MTails: bets $6
nedo1414: calls $6
*** SHOW DOWN ***
MTails: shows [4c Td] (two pair, Tens and Fours)
nedo1414: mucks hand
MTails collected $53.50 from pot
*** SUMMARY ***
Total pot $54 | Rake $0.50
Board [5c 6c 8s 4d Th]
Seat 1: nedo1414 (big blind) mucked
Seat 2: MTails (button) (small blind) showed [4c Td] and won ($53.50) with two pair, Tens and Fours


PokerStars Hand #146850649825:  Hold'em Limit ($3/$6 USD) - 2016/01/11 7:53:33 ET
Table 'Bellerophon' 2-max Seat #1 is the button
Seat 1: nedo1414 ($277.76 in chips)
Seat 2: MTails ($100.08 in chips)
nedo1414: posts small blind $1
MTails: posts big blind $3
*** HOLE CARDS ***
nedo1414: folds
Uncalled bet ($2) returned to MTails
MTails collected $2 from pot
MTails: doesn't show hand
*** SUMMARY ***
Total pot $2 | Rake $0
Seat 1: nedo1414 (button) (small blind) folded before Flop
Seat 2: MTails (big blind) collected ($2)


PokerStars Hand #146850636561:  Hold'em Limit ($3/$6 USD) - 2016/01/11 7:53:12 ET
Table 'Bellerophon' 2-max Seat #2 is the button
Seat 1: nedo1414 ($245.26 in chips)
Seat 2: MTails ($133.08 in chips)
MTails: posts small blind $1
nedo1414: posts big blind $3
*** HOLE CARDS ***
MTails: raises $3 to $6
nedo1414: raises $3 to $9
MTails: calls $3
*** FLOP *** [Td Jc 8s]
nedo1414: bets $3
MTails: raises $3 to $6
nedo1414: calls $3
*** TURN *** [Td Jc 8s] [5c]
nedo1414: checks
MTails: bets $6
nedo1414: calls $6
*** RIVER *** [Td Jc 8s 5c] [4c]
nedo1414: checks
MTails: bets $6
nedo1414: raises $6 to $12
MTails: calls $6
*** SHOW DOWN ***
nedo1414: shows [Tc 7c] (a flush, Jack high)
MTails: mucks hand
nedo1414 collected $65.50 from pot
*** SUMMARY ***
Total pot $66 | Rake $0.50
Board [Td Jc 8s 5c 4c]
Seat 1: nedo1414 (big blind) showed [Tc 7c] and won ($65.50) with a flush, Jack high
Seat 2: MTails (button) (small blind) mucked


PokerStars Hand #146850626728:  Hold'em Limit ($3/$6 USD) - 2016/01/11 7:52:55 ET
Table 'Bellerophon' 2-max Seat #1 is the button
Seat 1: nedo1414 ($272.26 in chips)
Seat 2: MTails ($106.58 in chips)
nedo1414: posts small blind $1
MTails: posts big blind $3
*** HOLE CARDS ***
nedo1414: raises $3 to $6
MTails: raises $3 to $9
nedo1414: calls $3
*** FLOP *** [7c 4h 6h]
MTails: bets $3
nedo1414: raises $3 to $6
MTails: calls $3
*** TURN *** [7c 4h 6h] [Kd]
MTails: checks
nedo1414: bets $6
MTails: calls $6
*** RIVER *** [7c 4h 6h Kd] [7h]
MTails: checks
nedo1414: bets $6
MTails: calls $6
*** SHOW DOWN ***
nedo1414: shows [9c 8s] (a pair of Sevens)
MTails: shows [Ts Qs] (a pair of Sevens - King+Queen kicker)
MTails collected $53.50 from pot
*** SUMMARY ***
Total pot $54 | Rake $0.50
Board [7c 4h 6h Kd 7h]
Seat 1: nedo1414 (button) (small blind) showed [9c 8s] and lost with a pair of Sevens
Seat 2: MTails (big blind) showed [Ts Qs] and won ($53.50) with a pair of Sevens


PokerStars Hand #146850618935:  Hold'em Limit ($3/$6 USD) - 2016/01/11 7:52:42 ET
Table 'Bellerophon' 2-max Seat #2 is the button
Seat 1: nedo1414 ($248.76 in chips)
Seat 2: MTails ($130.58 in chips)
MTails: posts small blind $1
nedo1414: posts big blind $3
*** HOLE CARDS ***
MTails: raises $3 to $6
nedo1414: raises $3 to $9
MTails: calls $3
*** FLOP *** [Qc Jd Ks]
nedo1414: bets $3
MTails: calls $3
*** TURN *** [Qc Jd Ks] [8h]
nedo1414: bets $6
MTails: calls $6
*** RIVER *** [Qc Jd Ks 8h] [6h]
nedo1414: bets $6
MTails: calls $6
*** SHOW DOWN ***
nedo1414: shows [Td Jh] (a pair of Jacks)
MTails: mucks hand
nedo1414 collected $47.50 from pot
*** SUMMARY ***
Total pot $48 | Rake $0.50
Board [Qc Jd Ks 8h 6h]
Seat 1: nedo1414 (big blind) showed [Td Jh] and won ($47.50) with a pair of Jacks
Seat 2: MTails (button) (small blind) mucked


PokerStars Hand #146850683859:  Hold'em Limit ($3/$6 USD) - 2016/01/11 7:54:29 ET
Table 'Bellerophon' 2-max Seat #2 is the button
Seat 1: nedo1414 ($286.76 in chips)
Seat 2: MTails ($89.58 in chips)
MTails: posts small blind $1
nedo1414: posts big blind $3
*** HOLE CARDS ***
MTails: raises $3 to $6
nedo1414: calls $3
*** FLOP *** [Qh Ah 9c]
nedo1414: checks
MTails: bets $3
nedo1414: calls $3
*** TURN *** [Qh Ah 9c] [6d]
nedo1414: checks
MTails: bets $6
nedo1414: folds
Uncalled bet ($6) returned to MTails
MTails collected $17.64 from pot
*** SUMMARY ***
Total pot $18 | Rake $0.36
Board [Qh Ah 9c 6d]
Seat 1: nedo1414 (big blind) folded on the Turn
Seat 2: MTails (button) (small blind) collected ($17.64)


PokerStars Hand #146850672965:  Hold'em Limit ($3/$6 USD) - 2016/01/11 7:54:12 ET
Table 'Bellerophon' 2-max Seat #1 is the button
Seat 1: nedo1414 ($269.26 in chips)
Seat 2: MTails ($107.58 in chips)
nedo1414: posts small blind $1
MTails: posts big blind $3
*** HOLE CARDS ***
nedo1414: raises $3 to $6
MTails: calls $3
*** FLOP *** [3d Kd 3s]
MTails: checks
nedo1414: bets $3
MTails: raises $3 to $6
nedo1414: calls $3
*** TURN *** [3d Kd 3s] [6s]
MTails: checks
nedo1414: bets $6
MTails: calls $6
*** RIVER *** [3d Kd 3s 6s] [Jc]
MTails: checks
nedo1414: bets $6
MTails: folds
Uncalled bet ($6) returned to nedo1414
nedo1414 collected $35.50 from pot
nedo1414: doesn't show hand
*** SUMMARY ***
Total pot $36 | Rake $0.50
Board [3d Kd 3s 6s Jc]
Seat 1: nedo1414 (button) (small blind) collected ($35.50)
Seat 2: MTails (big blind) folded on the River


PokerStars Hand #146850664896:  Hold'em Limit ($3/$6 USD) - 2016/01/11 7:53:58 ET
Table 'Bellerophon' 2-max Seat #2 is the button
Seat 1: nedo1414 ($245.76 in chips)
Seat 2: MTails ($131.58 in chips)
MTails: posts small blind $1
nedo1414: posts big blind $3
*** HOLE CARDS ***
MTails: raises $3 to $6
nedo1414: calls $3
*** FLOP *** [Kc 5h 3c]
nedo1414: checks
MTails: bets $3
nedo1414: raises $3 to $6
MTails: calls $3
*** TURN *** [Kc 5h 3c] [Tc]
nedo1414: bets $6
MTails: raises $6 to $12
nedo1414: calls $6
*** RIVER *** [Kc 5h 3c Tc] [7h]
nedo1414: checks
MTails: checks
*** SHOW DOWN ***
nedo1414: shows [5d Jd] (a pair of Fives)
MTails: mucks hand
nedo1414 collected $47.50 from pot
*** SUMMARY ***
Total pot $48 | Rake $0.50
Board [Kc 5h 3c Tc 7h]
Seat 1: nedo1414 (big blind) showed [5d Jd] and won ($47.50) with a pair of Fives
Seat 2: MTails (button) (small blind) mucked


PokerStars Hand #146850662113:  Hold'em Limit ($3/$6 USD) - 2016/01/11 7:53:54 ET
Table 'Bellerophon' 2-max Seat #1 is the button
Seat 1: nedo1414 ($246.76 in chips)
Seat 2: MTails ($130.58 in chips)
nedo1414: posts small blind $1
MTails: posts big blind $3
*** HOLE CARDS ***
nedo1414: folds
Uncalled bet ($2) returned to MTails
MTails collected $2 from pot
*** SUMMARY ***
Total pot $2 | Rake $0
Seat 1: nedo1414 (button) (small blind) folded before Flop
Seat 2: MTails (big blind) collected ($2)


PokerStars Hand #146850653789:  Hold'em Limit ($3/$6 USD) - 2016/01/11 7:53:40 ET
Table 'Bellerophon' 2-max Seat #2 is the button
Seat 1: nedo1414 ($276.76 in chips)
Seat 2: MTails ($101.08 in chips)
MTails: posts small blind $1
nedo1414: posts big blind $3
*** HOLE CARDS ***
MTails: raises $3 to $6
nedo1414: raises $3 to $9
MTails: calls $3
*** FLOP *** [5d Qd 9d]
nedo1414: bets $3
MTails: calls $3
*** TURN *** [5d Qd 9d] [9s]
nedo1414: bets $6
MTails: raises $6 to $12
nedo1414: calls $6
*** RIVER *** [5d Qd 9d 9s] [Qs]
nedo1414: checks
MTails: bets $6
nedo1414: calls $6
*** SHOW DOWN ***
MTails: shows [7d 6d] (a flush, Queen high)
nedo1414: mucks hand
MTails collected $59.50 from pot
*** SUMMARY ***
Total pot $60 | Rake $0.50
Board [5d Qd 9d 9s Qs]
Seat 1: nedo1414 (big blind) mucked
Seat 2: MTails (button) (small blind) showed [7d 6d] and won ($59.50) with a flush, Queen high


PokerStars Hand #146850709181:  Hold'em Limit ($3/$6 USD) - 2016/01/11 7:55:11 ET
Table 'Bellerophon' 2-max Seat #1 is the button
Seat 1: nedo1414 ($271.28 in chips)
Seat 2: MTails ($103.72 in chips)
nedo1414: posts small blind $1
MTails: posts big blind $3
*** HOLE CARDS ***
nedo1414: folds
Uncalled bet ($2) returned to MTails
MTails collected $2 from pot
MTails: doesn't show hand
*** SUMMARY ***
Total pot $2 | Rake $0
Seat 1: nedo1414 (button) (small blind) folded before Flop
Seat 2: MTails (big blind) collected ($2)


PokerStars Hand #146850698409:  Hold'em Limit ($3/$6 USD) - 2016/01/11 7:54:53 ET
Table 'Bellerophon' 2-max Seat #2 is the button
Seat 1: nedo1414 ($259.76 in chips)
Seat 2: MTails ($115.72 in chips)
MTails: posts small blind $1
nedo1414: posts big blind $3
*** HOLE CARDS ***
MTails: raises $3 to $6
nedo1414: raises $3 to $9
MTails: calls $3
*** FLOP *** [2h 3d 3c]
nedo1414: bets $3
MTails: calls $3
*** TURN *** [2h 3d 3c] [Jc]
nedo1414: checks
MTails: checks
*** RIVER *** [2h 3d 3c Jc] [5c]
nedo1414: bets $6
MTails: folds
Uncalled bet ($6) returned to nedo1414
nedo1414 collected $23.52 from pot
nedo1414: doesn't show hand
*** SUMMARY ***
Total pot $24 | Rake $0.48
Board [2h 3d 3c Jc 5c]
Seat 1: nedo1414 (big blind) collected ($23.52)
Seat 2: MTails (button) (small blind) folded on the River


PokerStars Hand #146850690519:  Hold'em Limit ($3/$6 USD) - 2016/01/11 7:54:41 ET
Table 'Bellerophon' 2-max Seat #1 is the button
Seat 1: nedo1414 ($277.76 in chips)
Seat 2: MTails ($98.22 in chips)
nedo1414: posts small blind $1
MTails: posts big blind $3
*** HOLE CARDS ***
nedo1414: raises $3 to $6
MTails: calls $3
*** FLOP *** [7s 5d 6c]
MTails: checks
nedo1414: bets $3
MTails: raises $3 to $6
nedo1414: calls $3
*** TURN *** [7s 5d 6c] [3s]
MTails: bets $6
nedo1414: calls $6
*** RIVER *** [7s 5d 6c 3s] [Qd]
MTails: checks
nedo1414: checks
*** SHOW DOWN ***
MTails: shows [9d 5h] (a pair of Fives)
nedo1414: mucks hand
MTails collected $35.50 from pot
*** SUMMARY ***
Total pot $36 | Rake $0.50
Board [7s 5d 6c 3s Qd]
Seat 1: nedo1414 (button) (small blind) mucked
Seat 2: MTails (big blind) showed [9d 5h] and won ($35.50) with a pair of Fives


PokerStars Hand #146850711739:  Hold'em Limit ($3/$6 USD) - 2016/01/11 7:55:16 ET
Table 'Bellerophon' 2-max Seat #2 is the button
Seat 1: nedo1414 ($270.28 in chips)
Seat 2: MTails ($104.72 in chips)
MTails: posts small blind $1
nedo1414: posts big blind $3
*** HOLE CARDS ***
MTails: raises $3 to $6
nedo1414: calls $3
*** FLOP *** [5s 4h 6h]
nedo1414: checks
MTails: bets $3
nedo1414: raises $3 to $6
MTails: calls $3
*** TURN *** [5s 4h 6h] [9s]
nedo1414: bets $6
MTails: raises $6 to $12
nedo1414: calls $6
*** RIVER *** [5s 4h 6h 9s] [7d]
nedo1414: bets $6
MTails: calls $6
*** SHOW DOWN ***
nedo1414: shows [5h 8d] (a straight, Five to Nine)
MTails: mucks hand
nedo1414 collected $59.50 from pot
*** SUMMARY ***
Total pot $60 | Rake $0.50
Board [5s 4h 6h 9s 7d]
Seat 1: nedo1414 (big blind) showed [5h 8d] and won ($59.50) with a straight, Five to Nine
Seat 2: MTails (button) (small blind) mucked


PokerStars Hand #146850728657:  Hold'em Limit ($3/$6 USD) - 2016/01/11 7:55:48 ET
Table 'Bellerophon' 2-max Seat #2 is the button
Seat 1: nedo1414 ($302.78 in chips)
Seat 2: MTails ($71.72 in chips)
MTails: posts small blind $1
nedo1414: posts big blind $3
*** HOLE CARDS ***
MTails: folds
Uncalled bet ($2) returned to nedo1414
nedo1414 collected $2 from pot
nedo1414: doesn't show hand
*** SUMMARY ***
Total pot $2 | Rake $0
Seat 1: nedo1414 (big blind) collected ($2)
Seat 2: MTails (button) (small blind) folded before Flop


PokerStars Hand #146850723029:  Hold'em Limit ($3/$6 USD) - 2016/01/11 7:55:37 ET
Table 'Bellerophon' 2-max Seat #1 is the button
Seat 1: nedo1414 ($299.78 in chips)
Seat 2: MTails ($74.72 in chips)
nedo1414: posts small blind $1
MTails: posts big blind $3
*** HOLE CARDS ***
nedo1414: raises $3 to $6
MTails: folds
Uncalled bet ($3) returned to nedo1414
nedo1414 collected $6 from pot
nedo1414: doesn't show hand
*** SUMMARY ***
Total pot $6 | Rake $0
Seat 1: nedo1414 (button) (small blind) collected ($6)
Seat 2: MTails (big blind) folded before Flop


PokerStars Hand #146850731070:  Hold'em Limit ($3/$6 USD) - 2016/01/11 7:55:53 ET
Table 'Bellerophon' 2-max Seat #1 is the button
Seat 1: nedo1414 ($303.78 in chips)
Seat 2: MTails ($70.72 in chips)
nedo1414: posts small blind $1
MTails: posts big blind $3
*** HOLE CARDS ***
nedo1414: raises $3 to $6
MTails: calls $3
*** FLOP *** [2c 7d 4d]
MTails: checks
nedo1414: bets $3
MTails: raises $3 to $6
nedo1414: calls $3
*** TURN *** [2c 7d 4d] [Jh]
MTails: bets $6
nedo1414: raises $6 to $12
MTails: calls $6
*** RIVER *** [2c 7d 4d Jh] [Qs]
MTails: checks
nedo1414: bets $6
MTails: calls $6
*** SHOW DOWN ***
nedo1414: shows [8s 9s] (high card Queen)
MTails: shows [7h 3c] (a pair of Sevens)
MTails collected $59.50 from pot
*** SUMMARY ***
Total pot $60 | Rake $0.50
Board [2c 7d 4d Jh Qs]
Seat 1: nedo1414 (button) (small blind) showed [8s 9s] and lost with high card Queen
Seat 2: MTails (big blind) showed [7h 3c] and won ($59.50) with a pair of Sevens


PokerStars Hand #146850740127:  Hold'em Limit ($3/$6 USD) - 2016/01/11 7:56:10 ET
Table 'Bellerophon' 2-max Seat #2 is the button
Seat 1: nedo1414 ($273.78 in chips)
Seat 2: MTails ($100.22 in chips)
MTails: posts small blind $1
nedo1414: posts big blind $3
*** HOLE CARDS ***
MTails: raises $3 to $6
nedo1414: raises $3 to $9
MTails: calls $3
*** FLOP *** [9h 7c Kc]
nedo1414: bets $3
MTails: calls $3
*** TURN *** [9h 7c Kc] [5h]
nedo1414: bets $6
MTails: calls $6
*** RIVER *** [9h 7c Kc 5h] [4d]
nedo1414: bets $6
MTails: calls $6
*** SHOW DOWN ***
nedo1414: shows [Kh Qc] (a pair of Kings)
MTails: mucks hand
nedo1414 collected $47.50 from pot
*** SUMMARY ***
Total pot $48 | Rake $0.50
Board [9h 7c Kc 5h 4d]
Seat 1: nedo1414 (big blind) showed [Kh Qc] and won ($47.50) with a pair of Kings
Seat 2: MTails (button) (small blind) mucked


PokerStars Hand #146850747270:  Hold'em Limit ($3/$6 USD) - 2016/01/11 7:56:23 ET
Table 'Bellerophon' 2-max Seat #1 is the button
Seat 1: nedo1414 ($297.28 in chips)
Seat 2: MTails ($76.22 in chips)
nedo1414: posts small blind $1
MTails: posts big blind $3
*** HOLE CARDS ***
nedo1414: raises $3 to $6
MTails: calls $3
*** FLOP *** [Ts 5h 8d]
MTails: checks
nedo1414: checks
*** TURN *** [Ts 5h 8d] [9d]
MTails: bets $6
nedo1414: raises $6 to $12
MTails: calls $6
*** RIVER *** [Ts 5h 8d 9d] [4d]
MTails: checks
nedo1414: bets $6
MTails: calls $6
*** SHOW DOWN ***
nedo1414: shows [2s 7s] (high card Ten)
MTails: shows [8c 2c] (a pair of Eights)
MTails collected $47.50 from pot
*** SUMMARY ***
Total pot $48 | Rake $0.50
Board [Ts 5h 8d 9d 4d]
Seat 1: nedo1414 (button) (small blind) showed [2s 7s] and lost with high card Ten
Seat 2: MTails (big blind) showed [8c 2c] and won ($47.50) with a pair of Eights


PokerStars Hand #146850753646:  Hold'em Limit ($3/$6 USD) - 2016/01/11 7:56:35 ET
Table 'Bellerophon' 2-max Seat #2 is the button
Seat 1: nedo1414 ($273.28 in chips)
Seat 2: MTails ($99.72 in chips)
MTails: posts small blind $1
nedo1414: posts big blind $3
*** HOLE CARDS ***
MTails: raises $3 to $6
nedo1414: raises $3 to $9
MTails: calls $3
*** FLOP *** [4h 4s Jc]
nedo1414: bets $3
MTails: calls $3
*** TURN *** [4h 4s Jc] [7d]
nedo1414: bets $6
MTails: calls $6
*** RIVER *** [4h 4s Jc 7d] [8c]
nedo1414: checks
MTails: bets $6
nedo1414: calls $6
*** SHOW DOWN ***
MTails: shows [8d 9h] (two pair, Eights and Fours)
nedo1414: mucks hand
MTails collected $47.50 from pot
*** SUMMARY ***
Total pot $48 | Rake $0.50
Board [4h 4s Jc 7d 8c]
Seat 1: nedo1414 (big blind) mucked
Seat 2: MTails (button) (small blind) showed [8d 9h] and won ($47.50) with two pair, Eights and Fours


PokerStars Hand #146850760786:  Hold'em Limit ($3/$6 USD) - 2016/01/11 7:56:49 ET
Table 'Bellerophon' 2-max Seat #1 is the button
Seat 1: nedo1414 ($249.28 in chips)
Seat 2: MTails ($123.22 in chips)
nedo1414: posts small blind $1
MTails: posts big blind $3
*** HOLE CARDS ***
nedo1414: raises $3 to $6
MTails: calls $3
*** FLOP *** [3h 2d 2s]
MTails: checks
nedo1414: bets $3
MTails: calls $3
*** TURN *** [3h 2d 2s] [Kc]
MTails: checks
nedo1414: checks
*** RIVER *** [3h 2d 2s Kc] [6c]
MTails: bets $6
nedo1414: folds
Uncalled bet ($6) returned to MTails
MTails collected $17.64 from pot
*** SUMMARY ***
Total pot $18 | Rake $0.36
Board [3h 2d 2s Kc 6c]
Seat 1: nedo1414 (button) (small blind) folded on the River
Seat 2: MTails (big blind) collected ($17.64)


PokerStars Hand #146850767038:  Hold'em Limit ($3/$6 USD) - 2016/01/11 7:57:00 ET
Table 'Bellerophon' 2-max Seat #2 is the button
Seat 1: nedo1414 ($240.28 in chips)
Seat 2: MTails ($131.86 in chips)
MTails: posts small blind $1
nedo1414: posts big blind $3
*** HOLE CARDS ***
MTails: raises $3 to $6
nedo1414: folds
Uncalled bet ($3) returned to MTails
MTails collected $6 from pot
*** SUMMARY ***
Total pot $6 | Rake $0
Seat 1: nedo1414 (big blind) folded before Flop
Seat 2: MTails (button) (small blind) collected ($6)


PokerStars Hand #146850781559:  Hold'em Limit ($3/$6 USD) - 2016/01/11 7:57:27 ET
Table 'Bellerophon' 2-max Seat #2 is the button
Seat 1: nedo1414 ($263.78 in chips)
Seat 2: MTails ($107.86 in chips)
MTails: posts small blind $1
nedo1414: posts big blind $3
*** HOLE CARDS ***
MTails: folds
Uncalled bet ($2) returned to nedo1414
nedo1414 collected $2 from pot
nedo1414: doesn't show hand
*** SUMMARY ***
Total pot $2 | Rake $0
Seat 1: nedo1414 (big blind) collected ($2)
Seat 2: MTails (button) (small blind) folded before Flop


PokerStars Hand #146850769664:  Hold'em Limit ($3/$6 USD) - 2016/01/11 7:57:05 ET
Table 'Bellerophon' 2-max Seat #1 is the button
Seat 1: nedo1414 ($237.28 in chips)
Seat 2: MTails ($134.86 in chips)
nedo1414: posts small blind $1
MTails: posts big blind $3
*** HOLE CARDS ***
nedo1414: raises $3 to $6
MTails: calls $3
*** FLOP *** [2d 5d Qc]
MTails: checks
nedo1414: bets $3
MTails: calls $3
*** TURN *** [2d 5d Qc] [4h]
MTails: checks
nedo1414: bets $6
MTails: raises $6 to $12
nedo1414: raises $6 to $18
MTails: calls $6
*** RIVER *** [2d 5d Qc 4h] [5c]
MTails: checks
nedo1414: checks
*** SHOW DOWN ***
MTails: shows [9c 6s] (a pair of Fives)
nedo1414: shows [4c Qd] (two pair, Queens and Fives)
nedo1414 collected $53.50 from pot
*** SUMMARY ***
Total pot $54 | Rake $0.50
Board [2d 5d Qc 4h 5c]
Seat 1: nedo1414 (button) (small blind) showed [4c Qd] and won ($53.50) with two pair, Queens and Fives
Seat 2: MTails (big blind) showed [9c 6s] and lost with a pair of Fives


PokerStars Hand #146855533987:  Hold'em Limit ($3/$6 USD) - 2016/01/11 9:52:40 ET
Table 'Bellerophon' 2-max Seat #1 is the button
Seat 1: aremom4e ($99 in chips)
Seat 2: punkrott ($92.28 in chips)
aremom4e: posts small blind $1
punkrott: posts big blind $3
*** HOLE CARDS ***
aremom4e: raises $3 to $6
punkrott: raises $3 to $9
aremom4e: calls $3
*** FLOP *** [7h 4c Qc]
punkrott: bets $3
aremom4e: folds
Uncalled bet ($3) returned to punkrott
punkrott collected $17.64 from pot
punkrott: doesn't show hand
*** SUMMARY ***
Total pot $18 | Rake $0.36
Board [7h 4c Qc]
Seat 1: aremom4e (button) (small blind) folded on the Flop
Seat 2: punkrott (big blind) collected ($17.64)


PokerStars Hand #146855525800:  Hold'em Limit ($3/$6 USD) - 2016/01/11 9:52:31 ET
Table 'Bellerophon' 2-max Seat #2 is the button
Seat 1: aremom4e ($105 in chips)
Seat 2: punkrott ($86.52 in chips)
punkrott: posts small blind $1
aremom4e: posts big blind $3
*** HOLE CARDS ***
punkrott: raises $3 to $6
aremom4e: calls $3
*** FLOP *** [Ah Jh 2d]
aremom4e: checks
punkrott: bets $3
aremom4e: folds
Uncalled bet ($3) returned to punkrott
punkrott collected $11.76 from pot
punkrott: doesn't show hand
*** SUMMARY ***
Total pot $12 | Rake $0.24
Board [Ah Jh 2d]
Seat 1: aremom4e (big blind) folded on the Flop
Seat 2: punkrott (button) (small blind) collected ($11.76)


PokerStars Hand #146855522415:  Hold'em Limit ($3/$6 USD) - 2016/01/11 9:52:23 ET
Table 'Bellerophon' 2-max Seat #1 is the button
Seat 1: aremom4e ($106 in chips)
Seat 2: punkrott ($85.52 in chips)
aremom4e: posts small blind $1
punkrott: posts big blind $3
*** HOLE CARDS ***
aremom4e: folds
Uncalled bet ($2) returned to punkrott
punkrott collected $2 from pot
punkrott: doesn't show hand
*** SUMMARY ***
Total pot $2 | Rake $0
Seat 1: aremom4e (button) (small blind) folded before Flop
Seat 2: punkrott (big blind) collected ($2)


PokerStars Hand #146855584238:  Hold'em Limit ($3/$6 USD) - 2016/01/11 9:53:54 ET
Table 'Bellerophon' 2-max Seat #1 is the button
Seat 1: aremom4e ($76.50 in chips)
Seat 2: punkrott ($112.92 in chips)
aremom4e: posts small blind $1
punkrott: posts big blind $3
*** HOLE CARDS ***
aremom4e: raises $3 to $6
punkrott: raises $3 to $9
aremom4e: calls $3
*** FLOP *** [4h 3d 4c]
punkrott: bets $3
aremom4e: folds
Uncalled bet ($3) returned to punkrott
punkrott collected $17.64 from pot
punkrott: doesn't show hand
*** SUMMARY ***
Total pot $18 | Rake $0.36
Board [4h 3d 4c]
Seat 1: aremom4e (button) (small blind) folded on the Flop
Seat 2: punkrott (big blind) collected ($17.64)


PokerStars Hand #146855573487:  Hold'em Limit ($3/$6 USD) - 2016/01/11 9:53:38 ET
Table 'Bellerophon' 2-max Seat #2 is the button
Seat 1: aremom4e ($91.50 in chips)
Seat 2: punkrott ($98.42 in chips)
punkrott: posts small blind $1
aremom4e: posts big blind $3
*** HOLE CARDS ***
punkrott: raises $3 to $6
aremom4e: calls $3
*** FLOP *** [5s 2c 4c]
aremom4e: checks
punkrott: bets $3
aremom4e: calls $3
*** TURN *** [5s 2c 4c] [Kd]
aremom4e: checks
punkrott: bets $6
aremom4e: calls $6
*** RIVER *** [5s 2c 4c Kd] [Td]
aremom4e: checks
punkrott: bets $6
aremom4e: folds
Uncalled bet ($6) returned to punkrott
punkrott collected $29.50 from pot
punkrott: doesn't show hand
*** SUMMARY ***
Total pot $30 | Rake $0.50
Board [5s 2c 4c Kd Td]
Seat 1: aremom4e (big blind) folded on the River
Seat 2: punkrott (button) (small blind) collected ($29.50)


PokerStars Hand #146855569892:  Hold'em Limit ($3/$6 USD) - 2016/01/11 9:53:33 ET
Table 'Bellerophon' 2-max Seat #1 is the button
Seat 1: aremom4e ($92.50 in chips)
Seat 2: punkrott ($97.42 in chips)
aremom4e: posts small blind $1
punkrott: posts big blind $3
*** HOLE CARDS ***
aremom4e: folds
Uncalled bet ($2) returned to punkrott
punkrott collected $2 from pot
punkrott: doesn't show hand
*** SUMMARY ***
Total pot $2 | Rake $0
Seat 1: aremom4e (button) (small blind) folded before Flop
Seat 2: punkrott (big blind) collected ($2)


PokerStars Hand #146855560260:  Hold'em Limit ($3/$6 USD) - 2016/01/11 9:53:19 ET
Table 'Bellerophon' 2-max Seat #2 is the button
Seat 1: aremom4e ($75 in chips)
Seat 2: punkrott ($115.42 in chips)
punkrott: posts small blind $1
aremom4e: posts big blind $3
*** HOLE CARDS ***
punkrott: raises $3 to $6
aremom4e: calls $3
*** FLOP *** [Td Qd 6h]
aremom4e: checks
punkrott: checks
*** TURN *** [Td Qd 6h] [8d]
aremom4e: bets $6
punkrott: calls $6
*** RIVER *** [Td Qd 6h 8d] [3c]
aremom4e: checks
punkrott: bets $6
aremom4e: calls $6
*** SHOW DOWN ***
punkrott: shows [7h 8s] (a pair of Eights)
aremom4e: shows [Jc 8h] (a pair of Eights - Queen+Jack kicker)
aremom4e collected $35.50 from pot
*** SUMMARY ***
Total pot $36 | Rake $0.50
Board [Td Qd 6h 8d 3c]
Seat 1: aremom4e (big blind) showed [Jc 8h] and won ($35.50) with a pair of Eights
Seat 2: punkrott (button) (small blind) showed [7h 8s] and lost with a pair of Eights


PokerStars Hand #146855552982:  Hold'em Limit ($3/$6 USD) - 2016/01/11 9:53:13 ET
Table 'Bellerophon' 2-max Seat #1 is the button
Seat 1: aremom4e ($72 in chips)
Seat 2: punkrott ($118.42 in chips)
aremom4e: posts small blind $1
punkrott: posts big blind $3
*** HOLE CARDS ***
aremom4e: raises $3 to $6
punkrott: folds
Uncalled bet ($3) returned to aremom4e
aremom4e collected $6 from pot
aremom4e: doesn't show hand
*** SUMMARY ***
Total pot $6 | Rake $0
Seat 1: aremom4e (button) (small blind) collected ($6)
Seat 2: punkrott (big blind) folded before Flop


PokerStars Hand #146855539068:  Hold'em Limit ($3/$6 USD) - 2016/01/11 9:52:50 ET
Table 'Bellerophon' 2-max Seat #2 is the button
Seat 1: aremom4e ($90 in chips)
Seat 2: punkrott ($100.92 in chips)
punkrott: posts small blind $1
aremom4e: posts big blind $3
*** HOLE CARDS ***
punkrott: raises $3 to $6
aremom4e: calls $3
*** FLOP *** [7h Ks Ts]
aremom4e: checks
punkrott: bets $3
aremom4e: raises $3 to $6
punkrott: calls $3
*** TURN *** [7h Ks Ts] [Ad]
aremom4e: bets $6
punkrott: raises $6 to $12
aremom4e: folds
Uncalled bet ($6) returned to punkrott
punkrott collected $35.50 from pot
punkrott: doesn't show hand
*** SUMMARY ***
Total pot $36 | Rake $0.50
Board [7h Ks Ts Ad]
Seat 1: aremom4e (big blind) folded on the Turn
Seat 2: punkrott (button) (small blind) collected ($35.50)


PokerStars Hand #146855626331:  Hold'em Limit ($3/$6 USD) - 2016/01/11 9:54:52 ET
Table 'Bellerophon' 2-max Seat #1 is the button
Seat 1: aremom4e ($53.26 in chips)
Seat 2: punkrott ($134.84 in chips)
aremom4e: posts small blind $1
punkrott: posts big blind $3
*** HOLE CARDS ***
aremom4e: folds
Uncalled bet ($2) returned to punkrott
punkrott collected $2 from pot
punkrott: doesn't show hand
*** SUMMARY ***
Total pot $2 | Rake $0
Seat 1: aremom4e (button) (small blind) folded before Flop
Seat 2: punkrott (big blind) collected ($2)


PokerStars Hand #146855614676:  Hold'em Limit ($3/$6 USD) - 2016/01/11 9:54:36 ET
Table 'Bellerophon' 2-max Seat #2 is the button
Seat 1: aremom4e ($65.26 in chips)
Seat 2: punkrott ($123.32 in chips)
punkrott: posts small blind $1
aremom4e: posts big blind $3
*** HOLE CARDS ***
punkrott: raises $3 to $6
aremom4e: calls $3
*** FLOP *** [Ks 6s 7d]
aremom4e: checks
punkrott: checks
*** TURN *** [Ks 6s 7d] [6h]
aremom4e: checks
punkrott: bets $6
aremom4e: calls $6
*** RIVER *** [Ks 6s 7d 6h] [8c]
aremom4e: checks
punkrott: bets $6
aremom4e: folds
Uncalled bet ($6) returned to punkrott
punkrott collected $23.52 from pot
punkrott: doesn't show hand
*** SUMMARY ***
Total pot $24 | Rake $0.48
Board [Ks 6s 7d 6h 8c]
Seat 1: aremom4e (big blind) folded on the River
Seat 2: punkrott (button) (small blind) collected ($23.52)


PokerStars Hand #146855608901:  Hold'em Limit ($3/$6 USD) - 2016/01/11 9:54:28 ET
Table 'Bellerophon' 2-max Seat #1 is the button
Seat 1: aremom4e ($59.50 in chips)
Seat 2: punkrott ($129.32 in chips)
aremom4e: posts small blind $1
punkrott: posts big blind $3
*** HOLE CARDS ***
aremom4e: raises $3 to $6
punkrott: calls $3
*** FLOP *** [Ks As Jh]
punkrott: checks
aremom4e: bets $3
punkrott: folds
Uncalled bet ($3) returned to aremom4e
aremom4e collected $11.76 from pot
aremom4e: doesn't show hand
*** SUMMARY ***
Total pot $12 | Rake $0.24
Board [Ks As Jh]
Seat 1: aremom4e (button) (small blind) collected ($11.76)
Seat 2: punkrott (big blind) folded on the Flop


PokerStars Hand #146855604677:  Hold'em Limit ($3/$6 USD) - 2016/01/11 9:54:24 ET
Table 'Bellerophon' 2-max Seat #2 is the button
Seat 1: aremom4e ($58.50 in chips)
Seat 2: punkrott ($130.32 in chips)
punkrott: posts small blind $1
aremom4e: posts big blind $3
*** HOLE CARDS ***
punkrott: folds
Uncalled bet ($2) returned to aremom4e
aremom4e collected $2 from pot
aremom4e: doesn't show hand
*** SUMMARY ***
Total pot $2 | Rake $0
Seat 1: aremom4e (big blind) collected ($2)
Seat 2: punkrott (button) (small blind) folded before Flop


PokerStars Hand #146855596978:  Hold'em Limit ($3/$6 USD) - 2016/01/11 9:54:12 ET
Table 'Bellerophon' 2-max Seat #1 is the button
Seat 1: aremom4e ($64.50 in chips)
Seat 2: punkrott ($124.56 in chips)
aremom4e: posts small blind $1
punkrott: posts big blind $3
*** HOLE CARDS ***
aremom4e: raises $3 to $6
punkrott: calls $3
*** FLOP *** [4c Th Jd]
punkrott: checks
aremom4e: checks
*** TURN *** [4c Th Jd] [9d]
punkrott: bets $6
aremom4e: folds
Uncalled bet ($6) returned to punkrott
punkrott collected $11.76 from pot
punkrott: doesn't show hand
*** SUMMARY ***
Total pot $12 | Rake $0.24
Board [4c Th Jd 9d]
Seat 1: aremom4e (button) (small blind) folded on the Turn
Seat 2: punkrott (big blind) collected ($11.76)


PokerStars Hand #146855590911:  Hold'em Limit ($3/$6 USD) - 2016/01/11 9:54:07 ET
Table 'Bellerophon' 2-max Seat #2 is the button
Seat 1: aremom4e ($67.50 in chips)
Seat 2: punkrott ($121.56 in chips)
punkrott: posts small blind $1
aremom4e: posts big blind $3
*** HOLE CARDS ***
punkrott: raises $3 to $6
aremom4e: folds
Uncalled bet ($3) returned to punkrott
punkrott collected $6 from pot
punkrott: doesn't show hand
*** SUMMARY ***
Total pot $6 | Rake $0
Seat 1: aremom4e (big blind) folded before Flop
Seat 2: punkrott (button) (small blind) collected ($6)


PokerStars Hand #146855661290:  Hold'em Limit ($3/$6 USD) - 2016/01/11 9:55:45 ET
Table 'Bellerophon' 2-max Seat #2 is the button
Seat 1: aremom4e ($36.26 in chips)
Seat 2: punkrott ($151.12 in chips)
punkrott: posts small blind $1
aremom4e: posts big blind $3
*** HOLE CARDS ***
punkrott: raises $3 to $6
aremom4e: calls $3
*** FLOP *** [4h 3s 5h]
aremom4e: checks
punkrott: checks
*** TURN *** [4h 3s 5h] [9s]
aremom4e: bets $6
punkrott: raises $6 to $12
aremom4e: calls $6
*** RIVER *** [4h 3s 5h 9s] [Jh]
aremom4e: checks
punkrott: bets $6
aremom4e: raises $6 to $12
punkrott: folds
Uncalled bet ($6) returned to aremom4e
aremom4e collected $47.50 from pot
aremom4e: doesn't show hand
*** SUMMARY ***
Total pot $48 | Rake $0.50
Board [4h 3s 5h 9s Jh]
Seat 1: aremom4e (big blind) collected ($47.50)
Seat 2: punkrott (button) (small blind) folded on the River


PokerStars Hand #146855658207:  Hold'em Limit ($3/$6 USD) - 2016/01/11 9:55:40 ET
Table 'Bellerophon' 2-max Seat #1 is the button
Seat 1: aremom4e ($37.26 in chips)
Seat 2: punkrott ($150.12 in chips)
aremom4e: posts small blind $1
punkrott: posts big blind $3
*** HOLE CARDS ***
aremom4e: folds
Uncalled bet ($2) returned to punkrott
punkrott collected $2 from pot
punkrott: doesn't show hand
*** SUMMARY ***
Total pot $2 | Rake $0
Seat 1: aremom4e (button) (small blind) folded before Flop
Seat 2: punkrott (big blind) collected ($2)


PokerStars Hand #146855645144:  Hold'em Limit ($3/$6 USD) - 2016/01/11 9:55:19 ET
Table 'Bellerophon' 2-max Seat #2 is the button
Seat 1: aremom4e ($49.26 in chips)
Seat 2: punkrott ($138.60 in chips)
punkrott: posts small blind $1
aremom4e: posts big blind $3
*** HOLE CARDS ***
punkrott: raises $3 to $6
aremom4e: calls $3
*** FLOP *** [6c 3s Th]
aremom4e: checks
punkrott: checks
*** TURN *** [6c 3s Th] [5h]
aremom4e: bets $6
punkrott: calls $6
*** RIVER *** [6c 3s Th 5h] [Ad]
aremom4e: checks
punkrott: checks
*** SHOW DOWN ***
aremom4e: shows [9c 7h] (high card Ace)
punkrott: shows [7d Qd] (high card Ace - Queen kicker)
punkrott collected $23.52 from pot
*** SUMMARY ***
Total pot $24 | Rake $0.48
Board [6c 3s Th 5h Ad]
Seat 1: aremom4e (big blind) showed [9c 7h] and lost with high card Ace
Seat 2: punkrott (button) (small blind) showed [7d Qd] and won ($23.52) with high card Ace


PokerStars Hand #146855640978:  Hold'em Limit ($3/$6 USD) - 2016/01/11 9:55:14 ET
Table 'Bellerophon' 2-max Seat #1 is the button
Seat 1: aremom4e ($46.26 in chips)
Seat 2: punkrott ($141.60 in chips)
aremom4e: posts small blind $1
punkrott: posts big blind $3
*** HOLE CARDS ***
aremom4e: raises $3 to $6
punkrott: folds
Uncalled bet ($3) returned to aremom4e
aremom4e collected $6 from pot
aremom4e: doesn't show hand
*** SUMMARY ***
Total pot $6 | Rake $0
Seat 1: aremom4e (button) (small blind) collected ($6)
Seat 2: punkrott (big blind) folded before Flop


PokerStars Hand #146855629539:  Hold'em Limit ($3/$6 USD) - 2016/01/11 9:54:59 ET
Table 'Bellerophon' 2-max Seat #2 is the button
Seat 1: aremom4e ($52.26 in chips)
Seat 2: punkrott ($135.84 in chips)
punkrott: posts small blind $1
aremom4e: posts big blind $3
*** HOLE CARDS ***
punkrott: raises $3 to $6
aremom4e: calls $3
*** FLOP *** [4c 8c 9d]
aremom4e: checks
punkrott: checks
*** TURN *** [4c 8c 9d] [Js]
aremom4e: checks
punkrott: checks
*** RIVER *** [4c 8c 9d Js] [Ts]
aremom4e: checks
punkrott: checks
*** SHOW DOWN ***
aremom4e: shows [3d 5d] (high card Jack)
punkrott: shows [Kc 2d] (high card King)
punkrott collected $11.76 from pot
*** SUMMARY ***
Total pot $12 | Rake $0.24
Board [4c 8c 9d Js Ts]
Seat 1: aremom4e (big blind) showed [3d 5d] and lost with high card Jack
Seat 2: punkrott (button) (small blind) showed [Kc 2d] and won ($11.76) with high card King


PokerStars Hand #146855690984:  Hold'em Limit ($3/$6 USD) - 2016/01/11 9:56:34 ET
Table 'Bellerophon' 2-max Seat #1 is the button
Seat 1: aremom4e ($23.76 in chips)
Seat 2: punkrott ($162.38 in chips)
aremom4e: posts small blind $1
punkrott: posts big blind $3
*** HOLE CARDS ***
aremom4e: raises $3 to $6
punkrott: calls $3
*** FLOP *** [Ah 4s 8c]
punkrott: checks
aremom4e: checks
*** TURN *** [Ah 4s 8c] [5h]
punkrott: bets $6
aremom4e: calls $6
*** RIVER *** [Ah 4s 8c 5h] [7s]
punkrott: checks
aremom4e: checks
*** SHOW DOWN ***
punkrott: shows [5c Ts] (a pair of Fives)
aremom4e: shows [5d Kc] (a pair of Fives - Ace+King kicker)
aremom4e collected $23.52 from pot
*** SUMMARY ***
Total pot $24 | Rake $0.48
Board [Ah 4s 8c 5h 7s]
Seat 1: aremom4e (button) (small blind) showed [5d Kc] and won ($23.52) with a pair of Fives
Seat 2: punkrott (big blind) showed [5c Ts] and lost with a pair of Fives


PokerStars Hand #146855679465:  Hold'em Limit ($3/$6 USD) - 2016/01/11 9:56:17 ET
Table 'Bellerophon' 2-max Seat #2 is the button
Seat 1: aremom4e ($53.76 in chips)
Seat 2: punkrott ($132.88 in chips)
punkrott: posts small blind $1
aremom4e: posts big blind $3
*** HOLE CARDS ***
punkrott: raises $3 to $6
aremom4e: raises $3 to $9
punkrott: calls $3
*** FLOP *** [Td 7c 9h]
aremom4e: bets $3
punkrott: calls $3
*** TURN *** [Td 7c 9h] [Jc]
aremom4e: bets $6
punkrott: raises $6 to $12
aremom4e: calls $6
*** RIVER *** [Td 7c 9h Jc] [4d]
aremom4e: checks
punkrott: bets $6
aremom4e: calls $6
*** SHOW DOWN ***
punkrott: shows [Qd 8s] (a straight, Eight to Queen)
aremom4e: mucks hand
punkrott collected $59.50 from pot
*** SUMMARY ***
Total pot $60 | Rake $0.50
Board [Td 7c 9h Jc 4d]
Seat 1: aremom4e (big blind) mucked
Seat 2: punkrott (button) (small blind) showed [Qd 8s] and won ($59.50) with a straight, Eight to Queen


PokerStars Hand #146855670245:  Hold'em Limit ($3/$6 USD) - 2016/01/11 9:56:03 ET
Table 'Bellerophon' 2-max Seat #1 is the button
Seat 1: aremom4e ($59.76 in chips)
Seat 2: punkrott ($127.12 in chips)
aremom4e: posts small blind $1
punkrott: posts big blind $3
*** HOLE CARDS ***
aremom4e: raises $3 to $6
punkrott: calls $3
*** FLOP *** [7h 3s 2d]
punkrott: checks
aremom4e: checks
*** TURN *** [7h 3s 2d] [Ah]
punkrott: bets $6
aremom4e: folds
Uncalled bet ($6) returned to punkrott
punkrott collected $11.76 from pot
punkrott: doesn't show hand
*** SUMMARY ***
Total pot $12 | Rake $0.24
Board [7h 3s 2d Ah]
Seat 1: aremom4e (button) (small blind) folded on the Turn
Seat 2: punkrott (big blind) collected ($11.76)


PokerStars Hand #146855699938:  Hold'em Limit ($3/$6 USD) - 2016/01/11 9:56:48 ET
Table 'Bellerophon' 2-max Seat #2 is the button
Seat 1: aremom4e ($35.28 in chips)
Seat 2: punkrott ($150.38 in chips)
punkrott: posts small blind $1
aremom4e: posts big blind $3
*** HOLE CARDS ***
punkrott: raises $3 to $6
aremom4e: calls $3
*** FLOP *** [8d 2d 2s]
aremom4e: checks
punkrott: bets $3
aremom4e: calls $3
*** TURN *** [8d 2d 2s] [Th]
aremom4e: checks
punkrott: checks
*** RIVER *** [8d 2d 2s Th] [3c]
aremom4e: bets $6
punkrott: folds
Uncalled bet ($6) returned to aremom4e
aremom4e collected $17.64 from pot
aremom4e: doesn't show hand
*** SUMMARY ***
Total pot $18 | Rake $0.36
Board [8d 2d 2s Th 3c]
Seat 1: aremom4e (big blind) collected ($17.64)
Seat 2: punkrott (button) (small blind) folded on the River


PokerStars Hand #146855716781:  Hold'em Limit ($3/$6 USD) - 2016/01/11 9:57:14 ET
Table 'Bellerophon' 2-max Seat #2 is the button
Seat 1: aremom4e ($34.92 in chips)
Seat 2: punkrott ($150.02 in chips)
punkrott: posts small blind $1
aremom4e: posts big blind $3
*** HOLE CARDS ***
punkrott: folds
Uncalled bet ($2) returned to aremom4e
aremom4e collected $2 from pot
aremom4e: doesn't show hand
*** SUMMARY ***
Total pot $2 | Rake $0
Seat 1: aremom4e (big blind) collected ($2)
Seat 2: punkrott (button) (small blind) folded before Flop


PokerStars Hand #146855710305:  Hold'em Limit ($3/$6 USD) - 2016/01/11 9:57:04 ET
Table 'Bellerophon' 2-max Seat #1 is the button
Seat 1: aremom4e ($43.92 in chips)
Seat 2: punkrott ($141.38 in chips)
aremom4e: posts small blind $1
punkrott: posts big blind $3
*** HOLE CARDS ***
aremom4e: raises $3 to $6
punkrott: calls $3
*** FLOP *** [Qd 2s Jh]
punkrott: checks
aremom4e: bets $3
punkrott: raises $3 to $6
aremom4e: folds
Uncalled bet ($3) returned to punkrott
punkrott collected $17.64 from pot
punkrott: doesn't show hand
*** SUMMARY ***
Total pot $18 | Rake $0.36
Board [Qd 2s Jh]
Seat 1: aremom4e (button) (small blind) folded on the Flop
Seat 2: punkrott (big blind) collected ($17.64)


PokerStars Hand #146855723019:  Hold'em Limit ($3/$6 USD) - 2016/01/11 9:57:24 ET
Table 'Bellerophon' 2-max Seat #2 is the button
Seat 1: aremom4e ($38.92 in chips)
Seat 2: punkrott ($146.02 in chips)
punkrott: posts small blind $1
aremom4e: posts big blind $3
*** HOLE CARDS ***
punkrott: raises $3 to $6
aremom4e: folds
Uncalled bet ($3) returned to punkrott
punkrott collected $6 from pot
punkrott: doesn't show hand
*** SUMMARY ***
Total pot $6 | Rake $0
Seat 1: aremom4e (big blind) folded before Flop
Seat 2: punkrott (button) (small blind) collected ($6)


PokerStars Hand #146855719570:  Hold'em Limit ($3/$6 USD) - 2016/01/11 9:57:19 ET
Table 'Bellerophon' 2-max Seat #1 is the button
Seat 1: aremom4e ($35.92 in chips)
Seat 2: punkrott ($149.02 in chips)
aremom4e: posts small blind $1
punkrott: posts big blind $3
*** HOLE CARDS ***
aremom4e: raises $3 to $6
punkrott: folds
Uncalled bet ($3) returned to aremom4e
aremom4e collected $6 from pot
aremom4e: doesn't show hand
*** SUMMARY ***
Total pot $6 | Rake $0
Seat 1: aremom4e (button) (small blind) collected ($6)
Seat 2: punkrott (big blind) folded before Flop


PokerStars Hand #146855726284:  Hold'em Limit ($3/$6 USD) - 2016/01/11 9:57:29 ET
Table 'Bellerophon' 2-max Seat #1 is the button
Seat 1: aremom4e ($35.92 in chips)
Seat 2: punkrott ($149.02 in chips)
aremom4e: posts small blind $1
punkrott: posts big blind $3
*** HOLE CARDS ***
aremom4e: raises $3 to $6
punkrott: calls $3
*** FLOP *** [Ts Tc Ad]
punkrott: checks
aremom4e: bets $3
punkrott: folds
Uncalled bet ($3) returned to aremom4e
aremom4e collected $11.76 from pot
aremom4e: doesn't show hand
*** SUMMARY ***
Total pot $12 | Rake $0.24
Board [Ts Tc Ad]
Seat 1: aremom4e (button) (small blind) collected ($11.76)
Seat 2: punkrott (big blind) folded on the Flop


PokerStars Hand #146855731934:  Hold'em Limit ($3/$6 USD) - 2016/01/11 9:57:38 ET
Table 'Bellerophon' 2-max Seat #2 is the button
Seat 1: aremom4e ($41.68 in chips)
Seat 2: punkrott ($143.02 in chips)
punkrott: posts small blind $1
aremom4e: posts big blind $3
*** HOLE CARDS ***
punkrott: raises $3 to $6
aremom4e: calls $3
*** FLOP *** [8c 9s Ts]
aremom4e: checks
punkrott: bets $3
aremom4e: calls $3
*** TURN *** [8c 9s Ts] [3s]
aremom4e: checks
punkrott: bets $6
aremom4e: folds
Uncalled bet ($6) returned to punkrott
punkrott collected $17.64 from pot
punkrott: doesn't show hand
*** SUMMARY ***
Total pot $18 | Rake $0.36
Board [8c 9s Ts 3s]
Seat 1: aremom4e (big blind) folded on the Turn
Seat 2: punkrott (button) (small blind) collected ($17.64)


PokerStars Hand #146855743435:  Hold'em Limit ($3/$6 USD) - 2016/01/11 9:57:56 ET
Table 'Bellerophon' 2-max Seat #2 is the button
Seat 1: aremom4e ($35.68 in chips)
Seat 2: punkrott ($148.66 in chips)
punkrott: posts small blind $1
aremom4e: posts big blind $3
*** HOLE CARDS ***
punkrott: folds
Uncalled bet ($2) returned to aremom4e
aremom4e collected $2 from pot
aremom4e: doesn't show hand
*** SUMMARY ***
Total pot $2 | Rake $0
Seat 1: aremom4e (big blind) collected ($2)
Seat 2: punkrott (button) (small blind) folded before Flop


PokerStars Hand #146855739831:  Hold'em Limit ($3/$6 USD) - 2016/01/11 9:57:50 ET
Table 'Bellerophon' 2-max Seat #1 is the button
Seat 1: aremom4e ($32.68 in chips)
Seat 2: punkrott ($151.66 in chips)
aremom4e: posts small blind $1
punkrott: posts big blind $3
*** HOLE CARDS ***
aremom4e: raises $3 to $6
punkrott: folds
Uncalled bet ($3) returned to aremom4e
aremom4e collected $6 from pot
aremom4e: doesn't show hand
*** SUMMARY ***
Total pot $6 | Rake $0
Seat 1: aremom4e (button) (small blind) collected ($6)
Seat 2: punkrott (big blind) folded before Flop


PokerStars Hand #146855746181:  Hold'em Limit ($3/$6 USD) - 2016/01/11 9:58:00 ET
Table 'Bellerophon' 2-max Seat #1 is the button
Seat 1: aremom4e ($36.68 in chips)
Seat 2: punkrott ($147.66 in chips)
aremom4e: posts small blind $1
punkrott: posts big blind $3
*** HOLE CARDS ***
aremom4e: raises $3 to $6
punkrott: folds
Uncalled bet ($3) returned to aremom4e
aremom4e collected $6 from pot
aremom4e: doesn't show hand
*** SUMMARY ***
Total pot $6 | Rake $0
Seat 1: aremom4e (button) (small blind) collected ($6)
Seat 2: punkrott (big blind) folded before Flop


PokerStars Hand #146855749399:  Hold'em Limit ($3/$6 USD) - 2016/01/11 9:58:05 ET
Table 'Bellerophon' 2-max Seat #2 is the button
Seat 1: aremom4e ($39.68 in chips)
Seat 2: punkrott ($144.66 in chips)
punkrott: posts small blind $1
aremom4e: posts big blind $3
*** HOLE CARDS ***
punkrott: raises $3 to $6
aremom4e: calls $3
*** FLOP *** [3c 4h 4c]
aremom4e: checks
punkrott: bets $3
aremom4e: calls $3
*** TURN *** [3c 4h 4c] [4d]
aremom4e: checks
punkrott: bets $6
aremom4e: folds
Uncalled bet ($6) returned to punkrott
punkrott collected $17.64 from pot
punkrott: doesn't show hand
*** SUMMARY ***
Total pot $18 | Rake $0.36
Board [3c 4h 4c 4d]
Seat 1: aremom4e (big blind) folded on the Turn
Seat 2: punkrott (button) (small blind) collected ($17.64)


PokerStars Hand #146855757088:  Hold'em Limit ($3/$6 USD) - 2016/01/11 9:58:17 ET
Table 'Bellerophon' 2-max Seat #1 is the button
Seat 1: aremom4e ($30.68 in chips)
Seat 2: punkrott ($153.30 in chips)
aremom4e: posts small blind $1
punkrott: posts big blind $3
*** HOLE CARDS ***
aremom4e: raises $3 to $6
punkrott: calls $3
*** FLOP *** [9s 7c Qd]
punkrott: checks
aremom4e: bets $3
punkrott: calls $3
*** TURN *** [9s 7c Qd] [7h]
punkrott: checks
aremom4e: checks
*** RIVER *** [9s 7c Qd 7h] [8s]
punkrott: bets $6
aremom4e: calls $6
*** SHOW DOWN ***
punkrott: shows [5d 8c] (two pair, Eights and Sevens)
aremom4e: shows [8h Qs] (two pair, Queens and Eights)
aremom4e collected $29.50 from pot
*** SUMMARY ***
Total pot $30 | Rake $0.50
Board [9s 7c Qd 7h 8s]
Seat 1: aremom4e (button) (small blind) showed [8h Qs] and won ($29.50) with two pair, Queens and Eights
Seat 2: punkrott (big blind) showed [5d 8c] and lost with two pair, Eights and Sevens


PokerStars Hand #146855764920:  Hold'em Limit ($3/$6 USD) - 2016/01/11 9:58:30 ET
Table 'Bellerophon' 2-max Seat #2 is the button
Seat 1: aremom4e ($45.18 in chips)
Seat 2: punkrott ($138.30 in chips)
punkrott: posts small blind $1
aremom4e: posts big blind $3
*** HOLE CARDS ***
punkrott: raises $3 to $6
aremom4e: calls $3
*** FLOP *** [2c Qs 9c]
aremom4e: checks
punkrott: bets $3
aremom4e: raises $3 to $6
punkrott: calls $3
*** TURN *** [2c Qs 9c] [5h]
aremom4e: bets $6
punkrott: folds
Uncalled bet ($6) returned to aremom4e
aremom4e collected $23.52 from pot
aremom4e: doesn't show hand
*** SUMMARY ***
Total pot $24 | Rake $0.48
Board [2c Qs 9c 5h]
Seat 1: aremom4e (big blind) collected ($23.52)
Seat 2: punkrott (button) (small blind) folded on the Turn


PokerStars Hand #146855772500:  Hold'em Limit ($3/$6 USD) - 2016/01/11 9:58:41 ET
Table 'Bellerophon' 2-max Seat #1 is the button
Seat 1: aremom4e ($56.70 in chips)
Seat 2: punkrott ($126.30 in chips)
aremom4e: posts small blind $1
punkrott: posts big blind $3
*** HOLE CARDS ***
aremom4e: raises $3 to $6
punkrott: calls $3
*** FLOP *** [9h 6d 3c]
punkrott: checks
aremom4e: bets $3
punkrott: calls $3
*** TURN *** [9h 6d 3c] [Kh]
punkrott: checks
aremom4e: checks
*** RIVER *** [9h 6d 3c Kh] [9c]
punkrott: bets $6
aremom4e: folds
Uncalled bet ($6) returned to punkrott
punkrott collected $17.64 from pot
punkrott: doesn't show hand
*** SUMMARY ***
Total pot $18 | Rake $0.36
Board [9h 6d 3c Kh 9c]
Seat 1: aremom4e (button) (small blind) folded on the River
Seat 2: punkrott (big blind) collected ($17.64)


PokerStars Hand #146855780074:  Hold'em Limit ($3/$6 USD) - 2016/01/11 9:58:53 ET
Table 'Bellerophon' 2-max Seat #2 is the button
Seat 1: aremom4e ($47.70 in chips)
Seat 2: punkrott ($134.94 in chips)
punkrott: posts small blind $1
aremom4e: posts big blind $3
*** HOLE CARDS ***
punkrott: folds
Uncalled bet ($2) returned to aremom4e
aremom4e collected $2 from pot
aremom4e: doesn't show hand
*** SUMMARY ***
Total pot $2 | Rake $0
Seat 1: aremom4e (big blind) collected ($2)
Seat 2: punkrott (button) (small blind) folded before Flop


PokerStars Hand #146855782955:  Hold'em Limit ($3/$6 USD) - 2016/01/11 9:58:58 ET
Table 'Bellerophon' 2-max Seat #1 is the button
Seat 1: aremom4e ($48.70 in chips)
Seat 2: punkrott ($133.94 in chips)
aremom4e: posts small blind $1
punkrott: posts big blind $3
*** HOLE CARDS ***
aremom4e: raises $3 to $6
punkrott: raises $3 to $9
aremom4e: calls $3
*** FLOP *** [9s 4c Kh]
punkrott: bets $3
aremom4e: folds
Uncalled bet ($3) returned to punkrott
punkrott collected $17.64 from pot
punkrott: doesn't show hand
*** SUMMARY ***
Total pot $18 | Rake $0.36
Board [9s 4c Kh]
Seat 1: aremom4e (button) (small blind) folded on the Flop
Seat 2: punkrott (big blind) collected ($17.64)


PokerStars Hand #146855797071:  Hold'em Limit ($3/$6 USD) - 2016/01/11 9:59:25 ET
Table 'Bellerophon' 2-max Seat #1 is the button
Seat 1: aremom4e ($36.70 in chips)
Seat 2: punkrott ($145.58 in chips)
aremom4e: posts small blind $1
punkrott: posts big blind $3
*** HOLE CARDS ***
aremom4e: raises $3 to $6
punkrott: folds
Uncalled bet ($3) returned to aremom4e
aremom4e collected $6 from pot
aremom4e: doesn't show hand
*** SUMMARY ***
Total pot $6 | Rake $0
Seat 1: aremom4e (button) (small blind) collected ($6)
Seat 2: punkrott (big blind) folded before Flop


PokerStars Hand #146855790585:  Hold'em Limit ($3/$6 USD) - 2016/01/11 9:59:20 ET
Table 'Bellerophon' 2-max Seat #2 is the button
Seat 1: aremom4e ($39.70 in chips)
Seat 2: punkrott ($142.58 in chips)
punkrott: posts small blind $1
aremom4e: posts big blind $3
*** HOLE CARDS ***
punkrott: raises $3 to $6
aremom4e: folds
Uncalled bet ($3) returned to punkrott
punkrott collected $6 from pot
punkrott: doesn't show hand
*** SUMMARY ***
Total pot $6 | Rake $0
Seat 1: aremom4e (big blind) folded before Flop
Seat 2: punkrott (button) (small blind) collected ($6)


PokerStars Hand #146855803286:  Hold'em Limit ($3/$6 USD) - 2016/01/11 9:59:36 ET
Table 'Bellerophon' 2-max Seat #1 is the button
Seat 1: aremom4e ($36.70 in chips)
Seat 2: punkrott ($145.58 in chips)
aremom4e: posts small blind $1
punkrott: posts big blind $3
*** HOLE CARDS ***
aremom4e: folds
Uncalled bet ($2) returned to punkrott
punkrott collected $2 from pot
punkrott: doesn't show hand
*** SUMMARY ***
Total pot $2 | Rake $0
Seat 1: aremom4e (button) (small blind) folded before Flop
Seat 2: punkrott (big blind) collected ($2)


PokerStars Hand #146855799746:  Hold'em Limit ($3/$6 USD) - 2016/01/11 9:59:32 ET
Table 'Bellerophon' 2-max Seat #2 is the button
Seat 1: aremom4e ($39.70 in chips)
Seat 2: punkrott ($142.58 in chips)
punkrott: posts small blind $1
aremom4e: posts big blind $3
*** HOLE CARDS ***
punkrott: raises $3 to $6
aremom4e: folds
Uncalled bet ($3) returned to punkrott
punkrott collected $6 from pot
punkrott: doesn't show hand
*** SUMMARY ***
Total pot $6 | Rake $0
Seat 1: aremom4e (big blind) folded before Flop
Seat 2: punkrott (button) (small blind) collected ($6)


PokerStars Hand #146855811221:  Hold'em Limit ($3/$6 USD) - 2016/01/11 9:59:49 ET
Table 'Bellerophon' 2-max Seat #1 is the button
Seat 1: aremom4e ($29.70 in chips)
Seat 2: punkrott ($152.34 in chips)
aremom4e: posts small blind $1
punkrott: posts big blind $3
*** HOLE CARDS ***
aremom4e: folds
Uncalled bet ($2) returned to punkrott
punkrott collected $2 from pot
punkrott: doesn't show hand
*** SUMMARY ***
Total pot $2 | Rake $0
Seat 1: aremom4e (button) (small blind) folded before Flop
Seat 2: punkrott (big blind) collected ($2)


PokerStars Hand #146855806267:  Hold'em Limit ($3/$6 USD) - 2016/01/11 9:59:41 ET
Table 'Bellerophon' 2-max Seat #2 is the button
Seat 1: aremom4e ($35.70 in chips)
Seat 2: punkrott ($146.58 in chips)
punkrott: posts small blind $1
aremom4e: posts big blind $3
*** HOLE CARDS ***
punkrott: raises $3 to $6
aremom4e: calls $3
*** FLOP *** [2h Tc 4d]
aremom4e: checks
punkrott: bets $3
aremom4e: folds
Uncalled bet ($3) returned to punkrott
punkrott collected $11.76 from pot
punkrott: doesn't show hand
*** SUMMARY ***
Total pot $12 | Rake $0.24
Board [2h Tc 4d]
Seat 1: aremom4e (big blind) folded on the Flop
Seat 2: punkrott (button) (small blind) collected ($11.76)


PokerStars Hand #146855814345:  Hold'em Limit ($3/$6 USD) - 2016/01/11 9:59:54 ET
Table 'Bellerophon' 2-max Seat #2 is the button
Seat 1: aremom4e ($28.70 in chips)
Seat 2: punkrott ($153.34 in chips)
punkrott: posts small blind $1
aremom4e: posts big blind $3
*** HOLE CARDS ***
punkrott: raises $3 to $6
aremom4e: raises $3 to $9
punkrott: calls $3
*** FLOP *** [Ah 2h 7c]
aremom4e: bets $3
punkrott: calls $3
*** TURN *** [Ah 2h 7c] [4h]
aremom4e: bets $6
punkrott: calls $6
*** RIVER *** [Ah 2h 7c 4h] [3d]
aremom4e: checks
punkrott: checks
*** SHOW DOWN ***
aremom4e: shows [Js Qs] (high card Ace)
punkrott: shows [Kc Qh] (high card Ace - King kicker)
punkrott collected $35.50 from pot
*** SUMMARY ***
Total pot $36 | Rake $0.50
Board [Ah 2h 7c 4h 3d]
Seat 1: aremom4e (big blind) showed [Js Qs] and lost with high card Ace
Seat 2: punkrott (button) (small blind) showed [Kc Qh] and won ($35.50) with high card Ace


PokerStars Hand #146855828164:  Hold'em Limit ($3/$6 USD) - 2016/01/11 10:00:15 ET
Table 'Bellerophon' 2-max Seat #2 is the button
Seat 1: aremom4e ($90.90 in chips)
Seat 2: punkrott ($167.84 in chips)
punkrott: posts small blind $1
aremom4e: posts big blind $3
*** HOLE CARDS ***
punkrott: folds
Uncalled bet ($2) returned to aremom4e
aremom4e collected $2 from pot
aremom4e: doesn't show hand
*** SUMMARY ***
Total pot $2 | Rake $0
Seat 1: aremom4e (big blind) collected ($2)
Seat 2: punkrott (button) (small blind) folded before Flop


PokerStars Hand #146855824042:  Hold'em Limit ($3/$6 USD) - 2016/01/11 10:00:08 ET
Table 'Bellerophon' 2-max Seat #1 is the button
Seat 1: aremom4e ($10.70 in chips)
Seat 2: punkrott ($170.84 in chips)
aremom4e: posts small blind $1
punkrott: posts big blind $3
*** HOLE CARDS ***
aremom4e: raises $3 to $6
punkrott: folds
Uncalled bet ($3) returned to aremom4e
aremom4e collected $6 from pot
aremom4e: doesn't show hand
*** SUMMARY ***
Total pot $6 | Rake $0
Seat 1: aremom4e (button) (small blind) collected ($6)
Seat 2: punkrott (big blind) folded before Flop


PokerStars Hand #146855831692:  Hold'em Limit ($3/$6 USD) - 2016/01/11 10:00:19 ET
Table 'Bellerophon' 2-max Seat #1 is the button
Seat 1: aremom4e ($91.90 in chips)
Seat 2: punkrott ($166.84 in chips)
aremom4e: posts small blind $1
punkrott: posts big blind $3
*** HOLE CARDS ***
aremom4e: raises $3 to $6
punkrott: calls $3
*** FLOP *** [7d 7s Ad]
punkrott: checks
aremom4e: bets $3
punkrott: calls $3
*** TURN *** [7d 7s Ad] [3s]
punkrott: checks
aremom4e: bets $6
punkrott: calls $6
*** RIVER *** [7d 7s Ad 3s] [4c]
punkrott: checks
aremom4e: checks
*** SHOW DOWN ***
punkrott: shows [Kc Jd] (a pair of Sevens)
aremom4e: shows [As 9c] (two pair, Aces and Sevens)
aremom4e collected $29.50 from pot
*** SUMMARY ***
Total pot $30 | Rake $0.50
Board [7d 7s Ad 3s 4c]
Seat 1: aremom4e (button) (small blind) showed [As 9c] and won ($29.50) with two pair, Aces and Sevens
Seat 2: punkrott (big blind) showed [Kc Jd] and lost with a pair of Sevens


PokerStars Hand #146855839884:  Hold'em Limit ($3/$6 USD) - 2016/01/11 10:00:31 ET
Table 'Bellerophon' 2-max Seat #2 is the button
Seat 1: aremom4e ($106.40 in chips)
Seat 2: punkrott ($151.84 in chips)
punkrott: posts small blind $1
aremom4e: posts big blind $3
*** HOLE CARDS ***
punkrott: raises $3 to $6
aremom4e: calls $3
*** FLOP *** [9s Kh Qd]
aremom4e: checks
punkrott: bets $3
aremom4e: calls $3
*** TURN *** [9s Kh Qd] [9d]
aremom4e: checks
punkrott: bets $6
aremom4e: folds
Uncalled bet ($6) returned to punkrott
punkrott collected $17.64 from pot
punkrott: doesn't show hand
*** SUMMARY ***
Total pot $18 | Rake $0.36
Board [9s Kh Qd 9d]
Seat 1: aremom4e (big blind) folded on the Turn
Seat 2: punkrott (button) (small blind) collected ($17.64)


PokerStars Hand #146855848056:  Hold'em Limit ($3/$6 USD) - 2016/01/11 10:00:44 ET
Table 'Bellerophon' 2-max Seat #1 is the button
Seat 1: aremom4e ($97.40 in chips)
Seat 2: punkrott ($160.48 in chips)
aremom4e: posts small blind $1
punkrott: posts big blind $3
*** HOLE CARDS ***
aremom4e: folds
Uncalled bet ($2) returned to punkrott
punkrott collected $2 from pot
punkrott: doesn't show hand
*** SUMMARY ***
Total pot $2 | Rake $0
Seat 1: aremom4e (button) (small blind) folded before Flop
Seat 2: punkrott (big blind) collected ($2)


PokerStars Hand #146855851170:  Hold'em Limit ($3/$6 USD) - 2016/01/11 10:00:49 ET
Table 'Bellerophon' 2-max Seat #2 is the button
Seat 1: aremom4e ($96.40 in chips)
Seat 2: punkrott ($161.48 in chips)
punkrott: posts small blind $1
aremom4e: posts big blind $3
*** HOLE CARDS ***
punkrott: raises $3 to $6
aremom4e: calls $3
*** FLOP *** [9d 2d 9c]
aremom4e: checks
punkrott: bets $3
aremom4e: calls $3
*** TURN *** [9d 2d 9c] [4h]
aremom4e: checks
punkrott: bets $6
aremom4e: calls $6
*** RIVER *** [9d 2d 9c 4h] [9h]
aremom4e: checks
punkrott: bets $6
aremom4e: folds
Uncalled bet ($6) returned to punkrott
punkrott collected $29.50 from pot
punkrott: doesn't show hand
*** SUMMARY ***
Total pot $30 | Rake $0.50
Board [9d 2d 9c 4h 9h]
Seat 1: aremom4e (big blind) folded on the River
Seat 2: punkrott (button) (small blind) collected ($29.50)


PokerStars Hand #146855862328:  Hold'em Limit ($3/$6 USD) - 2016/01/11 10:01:05 ET
Table 'Bellerophon' 2-max Seat #1 is the button
Seat 1: aremom4e ($81.40 in chips)
Seat 2: punkrott ($175.98 in chips)
aremom4e: posts small blind $1
punkrott: posts big blind $3
*** HOLE CARDS ***
aremom4e: raises $3 to $6
punkrott: raises $3 to $9
aremom4e: calls $3
*** FLOP *** [Qc Kc Kh]
punkrott: bets $3
aremom4e: calls $3
*** TURN *** [Qc Kc Kh] [6s]
punkrott: checks
aremom4e: bets $6
punkrott: calls $6
*** RIVER *** [Qc Kc Kh 6s] [4s]
punkrott: checks
aremom4e: checks
*** SHOW DOWN ***
punkrott: shows [Ad Tc] (a pair of Kings)
aremom4e: shows [6h Qs] (two pair, Kings and Queens)
aremom4e collected $35.50 from pot
*** SUMMARY ***
Total pot $36 | Rake $0.50
Board [Qc Kc Kh 6s 4s]
Seat 1: aremom4e (button) (small blind) showed [6h Qs] and won ($35.50) with two pair, Kings and Queens
Seat 2: punkrott (big blind) showed [Ad Tc] and lost with a pair of Kings


PokerStars Hand #146855872504:  Hold'em Limit ($3/$6 USD) - 2016/01/11 10:01:19 ET
Table 'Bellerophon' 2-max Seat #2 is the button
Seat 1: aremom4e ($98.90 in chips)
Seat 2: punkrott ($157.98 in chips)
punkrott: posts small blind $1
aremom4e: posts big blind $3
*** HOLE CARDS ***
punkrott: raises $3 to $6
aremom4e: calls $3
*** FLOP *** [3d 2s 9h]
aremom4e: checks
punkrott: bets $3
aremom4e: folds
Uncalled bet ($3) returned to punkrott
punkrott collected $11.76 from pot
punkrott: doesn't show hand
*** SUMMARY ***
Total pot $12 | Rake $0.24
Board [3d 2s 9h]
Seat 1: aremom4e (big blind) folded on the Flop
Seat 2: punkrott (button) (small blind) collected ($11.76)


PokerStars Hand #146855884692:  Hold'em Limit ($3/$6 USD) - 2016/01/11 10:01:36 ET
Table 'Bellerophon' 2-max Seat #2 is the button
Seat 1: aremom4e ($98.66 in chips)
Seat 2: punkrott ($157.74 in chips)
punkrott: posts small blind $1
aremom4e: posts big blind $3
*** HOLE CARDS ***
punkrott: raises $3 to $6
aremom4e: folds
Uncalled bet ($3) returned to punkrott
punkrott collected $6 from pot
punkrott: doesn't show hand
*** SUMMARY ***
Total pot $6 | Rake $0
Seat 1: aremom4e (big blind) folded before Flop
Seat 2: punkrott (button) (small blind) collected ($6)


PokerStars Hand #146855878264:  Hold'em Limit ($3/$6 USD) - 2016/01/11 10:01:26 ET
Table 'Bellerophon' 2-max Seat #1 is the button
Seat 1: aremom4e ($92.90 in chips)
Seat 2: punkrott ($163.74 in chips)
aremom4e: posts small blind $1
punkrott: posts big blind $3
*** HOLE CARDS ***
aremom4e: raises $3 to $6
punkrott: calls $3
*** FLOP *** [8c 4d 7h]
punkrott: checks
aremom4e: bets $3
punkrott: folds
Uncalled bet ($3) returned to aremom4e
aremom4e collected $11.76 from pot
aremom4e: doesn't show hand
*** SUMMARY ***
Total pot $12 | Rake $0.24
Board [8c 4d 7h]
Seat 1: aremom4e (button) (small blind) collected ($11.76)
Seat 2: punkrott (big blind) folded on the Flop


PokerStars Hand #146855888814:  Hold'em Limit ($3/$6 USD) - 2016/01/11 10:01:41 ET
Table 'Bellerophon' 2-max Seat #1 is the button
Seat 1: aremom4e ($95.66 in chips)
Seat 2: punkrott ($160.74 in chips)
aremom4e: posts small blind $1
punkrott: posts big blind $3
*** HOLE CARDS ***
aremom4e: folds
Uncalled bet ($2) returned to punkrott
punkrott collected $2 from pot
punkrott: doesn't show hand
*** SUMMARY ***
Total pot $2 | Rake $0
Seat 1: aremom4e (button) (small blind) folded before Flop
Seat 2: punkrott (big blind) collected ($2)


PokerStars Hand #146855892410:  Hold'em Limit ($3/$6 USD) - 2016/01/11 10:01:46 ET
Table 'Bellerophon' 2-max Seat #2 is the button
Seat 1: aremom4e ($94.66 in chips)
Seat 2: punkrott ($161.74 in chips)
punkrott: posts small blind $1
aremom4e: posts big blind $3
*** HOLE CARDS ***
punkrott: raises $3 to $6
aremom4e: raises $3 to $9
punkrott: calls $3
*** FLOP *** [9h 2h Jc]
aremom4e: bets $3
punkrott: calls $3
*** TURN *** [9h 2h Jc] [Tc]
aremom4e: bets $6
punkrott: raises $6 to $12
aremom4e: calls $6
*** RIVER *** [9h 2h Jc Tc] [3d]
aremom4e: checks
punkrott: bets $6
aremom4e: calls $6
*** SHOW DOWN ***
punkrott: shows [Qd Jd] (a pair of Jacks)
aremom4e: shows [2d 2s] (three of a kind, Deuces)
aremom4e collected $59.50 from pot
*** SUMMARY ***
Total pot $60 | Rake $0.50
Board [9h 2h Jc Tc 3d]
Seat 1: aremom4e (big blind) showed [2d 2s] and won ($59.50) with three of a kind, Deuces
Seat 2: punkrott (button) (small blind) showed [Qd Jd] and lost with a pair of Jacks


PokerStars Hand #146855915344:  Hold'em Limit ($3/$6 USD) - 2016/01/11 10:02:16 ET
Table 'Bellerophon' 2-max Seat #2 is the button
Seat 1: aremom4e ($112.16 in chips)
Seat 2: punkrott ($143.26 in chips)
punkrott: posts small blind $1
aremom4e: posts big blind $3
*** HOLE CARDS ***
punkrott: raises $3 to $6
aremom4e: calls $3
*** FLOP *** [2d 2c 6h]
aremom4e: checks
punkrott: bets $3
aremom4e: folds
Uncalled bet ($3) returned to punkrott
punkrott collected $11.76 from pot
punkrott: doesn't show hand
*** SUMMARY ***
Total pot $12 | Rake $0.24
Board [2d 2c 6h]
Seat 1: aremom4e (big blind) folded on the Flop
Seat 2: punkrott (button) (small blind) collected ($11.76)


PokerStars Hand #146855905126:  Hold'em Limit ($3/$6 USD) - 2016/01/11 10:02:02 ET
Table 'Bellerophon' 2-max Seat #1 is the button
Seat 1: aremom4e ($124.16 in chips)
Seat 2: punkrott ($131.74 in chips)
aremom4e: posts small blind $1
punkrott: posts big blind $3
*** HOLE CARDS ***
aremom4e: raises $3 to $6
punkrott: calls $3
*** FLOP *** [8s 5d 6c]
punkrott: checks
aremom4e: bets $3
punkrott: raises $3 to $6
aremom4e: calls $3
*** TURN *** [8s 5d 6c] [As]
punkrott: bets $6
aremom4e: folds
Uncalled bet ($6) returned to punkrott
punkrott collected $23.52 from pot
punkrott: doesn't show hand
*** SUMMARY ***
Total pot $24 | Rake $0.48
Board [8s 5d 6c As]
Seat 1: aremom4e (button) (small blind) folded on the Turn
Seat 2: punkrott (big blind) collected ($23.52)


PokerStars Hand #146855924745:  Hold'em Limit ($3/$6 USD) - 2016/01/11 10:02:28 ET
Table 'Bellerophon' 2-max Seat #2 is the button
Seat 1: aremom4e ($105.16 in chips)
Seat 2: punkrott ($150.02 in chips)
punkrott: posts small blind $1
aremom4e: posts big blind $3
*** HOLE CARDS ***
punkrott: folds
Uncalled bet ($2) returned to aremom4e
aremom4e collected $2 from pot
aremom4e: doesn't show hand
*** SUMMARY ***
Total pot $2 | Rake $0
Seat 1: aremom4e (big blind) collected ($2)
Seat 2: punkrott (button) (small blind) folded before Flop


PokerStars Hand #146855921544:  Hold'em Limit ($3/$6 USD) - 2016/01/11 10:02:24 ET
Table 'Bellerophon' 2-max Seat #1 is the button
Seat 1: aremom4e ($106.16 in chips)
Seat 2: punkrott ($149.02 in chips)
aremom4e: posts small blind $1
punkrott: posts big blind $3
*** HOLE CARDS ***
aremom4e: folds
Uncalled bet ($2) returned to punkrott
punkrott collected $2 from pot
punkrott: doesn't show hand
*** SUMMARY ***
Total pot $2 | Rake $0
Seat 1: aremom4e (button) (small blind) folded before Flop
Seat 2: punkrott (big blind) collected ($2)


PokerStars Hand #146855931512:  Hold'em Limit ($3/$6 USD) - 2016/01/11 10:02:38 ET
Table 'Bellerophon' 2-max Seat #2 is the button
Seat 1: aremom4e ($105.16 in chips)
Seat 2: punkrott ($150.02 in chips)
punkrott: posts small blind $1
aremom4e: posts big blind $3
*** HOLE CARDS ***
punkrott: folds
Uncalled bet ($2) returned to aremom4e
aremom4e collected $2 from pot
aremom4e: doesn't show hand
*** SUMMARY ***
Total pot $2 | Rake $0
Seat 1: aremom4e (big blind) collected ($2)
Seat 2: punkrott (button) (small blind) folded before Flop


PokerStars Hand #146855927637:  Hold'em Limit ($3/$6 USD) - 2016/01/11 10:02:33 ET
Table 'Bellerophon' 2-max Seat #1 is the button
Seat 1: aremom4e ($106.16 in chips)
Seat 2: punkrott ($149.02 in chips)
aremom4e: posts small blind $1
punkrott: posts big blind $3
*** HOLE CARDS ***
aremom4e: folds
Uncalled bet ($2) returned to punkrott
punkrott collected $2 from pot
punkrott: doesn't show hand
*** SUMMARY ***
Total pot $2 | Rake $0
Seat 1: aremom4e (button) (small blind) folded before Flop
Seat 2: punkrott (big blind) collected ($2)


PokerStars Hand #146855934988:  Hold'em Limit ($3/$6 USD) - 2016/01/11 10:02:42 ET
Table 'Bellerophon' 2-max Seat #1 is the button
Seat 1: aremom4e ($106.16 in chips)
Seat 2: punkrott ($149.02 in chips)
aremom4e: posts small blind $1
punkrott: posts big blind $3
*** HOLE CARDS ***
aremom4e: raises $3 to $6
punkrott: raises $3 to $9
aremom4e: calls $3
*** FLOP *** [3s 4s 8d]
punkrott: bets $3
aremom4e: calls $3
*** TURN *** [3s 4s 8d] [Ks]
punkrott: bets $6
aremom4e: calls $6
*** RIVER *** [3s 4s 8d Ks] [Js]
punkrott: checks
aremom4e: bets $6
punkrott: folds
Uncalled bet ($6) returned to aremom4e
aremom4e collected $35.50 from pot
aremom4e: doesn't show hand
*** SUMMARY ***
Total pot $36 | Rake $0.50
Board [3s 4s 8d Ks Js]
Seat 1: aremom4e (button) (small blind) collected ($35.50)
Seat 2: punkrott (big blind) folded on the River


PokerStars Hand #146855946779:  Hold'em Limit ($3/$6 USD) - 2016/01/11 10:02:58 ET
Table 'Bellerophon' 2-max Seat #2 is the button
Seat 1: aremom4e ($123.66 in chips)
Seat 2: punkrott ($131.02 in chips)
punkrott: posts small blind $1
aremom4e: posts big blind $3
*** HOLE CARDS ***
punkrott: raises $3 to $6
aremom4e: raises $3 to $9
punkrott: calls $3
*** FLOP *** [5h 4h 8c]
aremom4e: bets $3
punkrott: calls $3
*** TURN *** [5h 4h 8c] [9d]
aremom4e: checks
punkrott: checks
*** RIVER *** [5h 4h 8c 9d] [7c]
aremom4e: bets $6
punkrott: calls $6
*** SHOW DOWN ***
aremom4e: shows [Ad Th] (high card Ace)
punkrott: shows [Ac 7d] (a pair of Sevens)
punkrott collected $35.50 from pot
*** SUMMARY ***
Total pot $36 | Rake $0.50
Board [5h 4h 8c 9d 7c]
Seat 1: aremom4e (big blind) showed [Ad Th] and lost with high card Ace
Seat 2: punkrott (button) (small blind) showed [Ac 7d] and won ($35.50) with a pair of Sevens


PokerStars Hand #146855956964:  Hold'em Limit ($3/$6 USD) - 2016/01/11 10:03:11 ET
Table 'Bellerophon' 2-max Seat #1 is the button
Seat 1: aremom4e ($105.66 in chips)
Seat 2: punkrott ($148.52 in chips)
aremom4e: posts small blind $1
punkrott: posts big blind $3
*** HOLE CARDS ***
aremom4e: raises $3 to $6
punkrott: calls $3
*** FLOP *** [2h 6c 3s]
punkrott: checks
aremom4e: checks
*** TURN *** [2h 6c 3s] [5d]
punkrott: bets $6
aremom4e: folds
Uncalled bet ($6) returned to punkrott
punkrott collected $11.76 from pot
punkrott: doesn't show hand
*** SUMMARY ***
Total pot $12 | Rake $0.24
Board [2h 6c 3s 5d]
Seat 1: aremom4e (button) (small blind) folded on the Turn
Seat 2: punkrott (big blind) collected ($11.76)


PokerStars Hand #146855968602:  Hold'em Limit ($3/$6 USD) - 2016/01/11 10:03:27 ET
Table 'Bellerophon' 2-max Seat #1 is the button
Seat 1: aremom4e ($96.66 in chips)
Seat 2: punkrott ($157.28 in chips)
aremom4e: posts small blind $1
punkrott: posts big blind $3
*** HOLE CARDS ***
aremom4e: folds
Uncalled bet ($2) returned to punkrott
punkrott collected $2 from pot
punkrott: doesn't show hand
*** SUMMARY ***
Total pot $2 | Rake $0
Seat 1: aremom4e (button) (small blind) folded before Flop
Seat 2: punkrott (big blind) collected ($2)


PokerStars Hand #146855964747:  Hold'em Limit ($3/$6 USD) - 2016/01/11 10:03:22 ET
Table 'Bellerophon' 2-max Seat #2 is the button
Seat 1: aremom4e ($99.66 in chips)
Seat 2: punkrott ($154.28 in chips)
punkrott: posts small blind $1
aremom4e: posts big blind $3
*** HOLE CARDS ***
punkrott: raises $3 to $6
aremom4e: folds
Uncalled bet ($3) returned to punkrott
punkrott collected $6 from pot
punkrott: doesn't show hand
*** SUMMARY ***
Total pot $6 | Rake $0
Seat 1: aremom4e (big blind) folded before Flop
Seat 2: punkrott (button) (small blind) collected ($6)


PokerStars Hand #146855984235:  Hold'em Limit ($3/$6 USD) - 2016/01/11 10:03:47 ET
Table 'Bellerophon' 2-max Seat #1 is the button
Seat 1: aremom4e ($107.18 in chips)
Seat 2: punkrott ($146.28 in chips)
aremom4e: posts small blind $1
punkrott: posts big blind $3
*** HOLE CARDS ***
aremom4e: folds
Uncalled bet ($2) returned to punkrott
punkrott collected $2 from pot
punkrott: doesn't show hand
*** SUMMARY ***
Total pot $2 | Rake $0
Seat 1: aremom4e (button) (small blind) folded before Flop
Seat 2: punkrott (big blind) collected ($2)


PokerStars Hand #146855972291:  Hold'em Limit ($3/$6 USD) - 2016/01/11 10:03:32 ET
Table 'Bellerophon' 2-max Seat #2 is the button
Seat 1: aremom4e ($95.66 in chips)
Seat 2: punkrott ($158.28 in chips)
punkrott: posts small blind $1
aremom4e: posts big blind $3
*** HOLE CARDS ***
punkrott: raises $3 to $6
aremom4e: calls $3
*** FLOP *** [8s 7d 2d]
aremom4e: checks
punkrott: checks
*** TURN *** [8s 7d 2d] [Qh]
aremom4e: bets $6
punkrott: calls $6
*** RIVER *** [8s 7d 2d Qh] [6c]
aremom4e: bets $6
punkrott: folds
Uncalled bet ($6) returned to aremom4e
aremom4e collected $23.52 from pot
aremom4e: doesn't show hand
*** SUMMARY ***
Total pot $24 | Rake $0.48
Board [8s 7d 2d Qh 6c]
Seat 1: aremom4e (big blind) collected ($23.52)
Seat 2: punkrott (button) (small blind) folded on the River


PokerStars Hand #146855987790:  Hold'em Limit ($3/$6 USD) - 2016/01/11 10:03:52 ET
Table 'Bellerophon' 2-max Seat #2 is the button
Seat 1: aremom4e ($106.18 in chips)
Seat 2: punkrott ($147.28 in chips)
punkrott: posts small blind $1
aremom4e: posts big blind $3
*** HOLE CARDS ***
punkrott: raises $3 to $6
aremom4e: calls $3
*** FLOP *** [Jd 9h 3s]
aremom4e: checks
punkrott: bets $3
aremom4e: folds
Uncalled bet ($3) returned to punkrott
punkrott collected $11.76 from pot
punkrott: doesn't show hand
*** SUMMARY ***
Total pot $12 | Rake $0.24
Board [Jd 9h 3s]
Seat 1: aremom4e (big blind) folded on the Flop
Seat 2: punkrott (button) (small blind) collected ($11.76)


PokerStars Hand #146855994267:  Hold'em Limit ($3/$6 USD) - 2016/01/11 10:04:00 ET
Table 'Bellerophon' 2-max Seat #1 is the button
Seat 1: aremom4e ($100.18 in chips)
Seat 2: punkrott ($153.04 in chips)
aremom4e: posts small blind $1
punkrott: posts big blind $3
*** HOLE CARDS ***
aremom4e: raises $3 to $6
punkrott: calls $3
*** FLOP *** [8s Kc Qd]
punkrott: checks
aremom4e: bets $3
punkrott: folds
Uncalled bet ($3) returned to aremom4e
aremom4e collected $11.76 from pot
aremom4e: doesn't show hand
*** SUMMARY ***
Total pot $12 | Rake $0.24
Board [8s Kc Qd]
Seat 1: aremom4e (button) (small blind) collected ($11.76)
Seat 2: punkrott (big blind) folded on the Flop


PokerStars Hand #146856000329:  Hold'em Limit ($3/$6 USD) - 2016/01/11 10:04:08 ET
Table 'Bellerophon' 2-max Seat #2 is the button
Seat 1: aremom4e ($105.94 in chips)
Seat 2: punkrott ($147.04 in chips)
punkrott: posts small blind $1
aremom4e: posts big blind $3
*** HOLE CARDS ***
punkrott: raises $3 to $6
aremom4e: raises $3 to $9
punkrott: calls $3
*** FLOP *** [6s Jc 7c]
aremom4e: bets $3
punkrott: calls $3
*** TURN *** [6s Jc 7c] [2c]
aremom4e: bets $6
punkrott: calls $6
*** RIVER *** [6s Jc 7c 2c] [Qd]
aremom4e: checks
punkrott: checks
*** SHOW DOWN ***
aremom4e: shows [Th Jh] (a pair of Jacks)
punkrott: mucks hand
aremom4e collected $35.50 from pot
*** SUMMARY ***
Total pot $36 | Rake $0.50
Board [6s Jc 7c 2c Qd]
Seat 1: aremom4e (big blind) showed [Th Jh] and won ($35.50) with a pair of Jacks
Seat 2: punkrott (button) (small blind) mucked


PokerStars Hand #146856011855:  Hold'em Limit ($3/$6 USD) - 2016/01/11 10:04:23 ET
Table 'Bellerophon' 2-max Seat #1 is the button
Seat 1: aremom4e ($123.44 in chips)
Seat 2: punkrott ($129.04 in chips)
aremom4e: posts small blind $1
punkrott: posts big blind $3
*** HOLE CARDS ***
aremom4e: raises $3 to $6
punkrott: raises $3 to $9
aremom4e: calls $3
*** FLOP *** [Js Ad Jh]
punkrott: bets $3
aremom4e: folds
Uncalled bet ($3) returned to punkrott
punkrott collected $17.64 from pot
punkrott: doesn't show hand
*** SUMMARY ***
Total pot $18 | Rake $0.36
Board [Js Ad Jh]
Seat 1: aremom4e (button) (small blind) folded on the Flop
Seat 2: punkrott (big blind) collected ($17.64)


PokerStars Hand #146856030383:  Hold'em Limit ($3/$6 USD) - 2016/01/11 10:04:47 ET
Table 'Bellerophon' 2-max Seat #1 is the button
Seat 1: aremom4e ($131.94 in chips)
Seat 2: punkrott ($119.68 in chips)
aremom4e: posts small blind $1
punkrott: posts big blind $3
*** HOLE CARDS ***
aremom4e: folds
Uncalled bet ($2) returned to punkrott
punkrott collected $2 from pot
punkrott: doesn't show hand
*** SUMMARY ***
Total pot $2 | Rake $0
Seat 1: aremom4e (button) (small blind) folded before Flop
Seat 2: punkrott (big blind) collected ($2)


PokerStars Hand #146856018325:  Hold'em Limit ($3/$6 USD) - 2016/01/11 10:04:32 ET
Table 'Bellerophon' 2-max Seat #2 is the button
Seat 1: aremom4e ($114.44 in chips)
Seat 2: punkrott ($137.68 in chips)
punkrott: posts small blind $1
aremom4e: posts big blind $3
*** HOLE CARDS ***
punkrott: raises $3 to $6
aremom4e: raises $3 to $9
punkrott: calls $3
*** FLOP *** [Qs Kc 6s]
aremom4e: bets $3
punkrott: calls $3
*** TURN *** [Qs Kc 6s] [9s]
aremom4e: bets $6
punkrott: calls $6
*** RIVER *** [Qs Kc 6s 9s] [Kd]
aremom4e: checks
punkrott: checks
*** SHOW DOWN ***
aremom4e: shows [9h Jh] (two pair, Kings and Nines)
punkrott: mucks hand
aremom4e collected $35.50 from pot
*** SUMMARY ***
Total pot $36 | Rake $0.50
Board [Qs Kc 6s 9s Kd]
Seat 1: aremom4e (big blind) showed [9h Jh] and won ($35.50) with two pair, Kings and Nines
Seat 2: punkrott (button) (small blind) mucked


PokerStars Hand #146856034237:  Hold'em Limit ($3/$6 USD) - 2016/01/11 10:04:52 ET
Table 'Bellerophon' 2-max Seat #2 is the button
Seat 1: aremom4e ($130.94 in chips)
Seat 2: punkrott ($120.68 in chips)
punkrott: posts small blind $1
aremom4e: posts big blind $3
*** HOLE CARDS ***
punkrott: raises $3 to $6
aremom4e: calls $3
*** FLOP *** [Kd 4d 3d]
aremom4e: checks
punkrott: bets $3
aremom4e: folds
Uncalled bet ($3) returned to punkrott
punkrott collected $11.76 from pot
punkrott: doesn't show hand
*** SUMMARY ***
Total pot $12 | Rake $0.24
Board [Kd 4d 3d]
Seat 1: aremom4e (big blind) folded on the Flop
Seat 2: punkrott (button) (small blind) collected ($11.76)


PokerStars Hand #146856041129:  Hold'em Limit ($3/$6 USD) - 2016/01/11 10:05:01 ET
Table 'Bellerophon' 2-max Seat #1 is the button
Seat 1: aremom4e ($124.94 in chips)
Seat 2: punkrott ($126.44 in chips)
aremom4e: posts small blind $1
punkrott: posts big blind $3
*** HOLE CARDS ***
aremom4e: raises $3 to $6
punkrott: calls $3
*** FLOP *** [4h 9h 4s]
punkrott: checks
aremom4e: bets $3
punkrott: calls $3
*** TURN *** [4h 9h 4s] [Kc]
punkrott: checks
aremom4e: checks
*** RIVER *** [4h 9h 4s Kc] [2c]
punkrott: checks
aremom4e: checks
*** SHOW DOWN ***
punkrott: shows [Qh Jd] (a pair of Fours)
aremom4e: shows [Qs Ah] (a pair of Fours - Ace kicker)
aremom4e collected $17.64 from pot
*** SUMMARY ***
Total pot $18 | Rake $0.36
Board [4h 9h 4s Kc 2c]
Seat 1: aremom4e (button) (small blind) showed [Qs Ah] and won ($17.64) with a pair of Fours
Seat 2: punkrott (big blind) showed [Qh Jd] and lost with a pair of Fours


PokerStars Hand #146856050629:  Hold'em Limit ($3/$6 USD) - 2016/01/11 10:05:13 ET
Table 'Bellerophon' 2-max Seat #2 is the button
Seat 1: aremom4e ($133.58 in chips)
Seat 2: punkrott ($117.44 in chips)
punkrott: posts small blind $1
aremom4e: posts big blind $3
*** HOLE CARDS ***
punkrott: raises $3 to $6
aremom4e: folds
Uncalled bet ($3) returned to punkrott
punkrott collected $6 from pot
punkrott: doesn't show hand
*** SUMMARY ***
Total pot $6 | Rake $0
Seat 1: aremom4e (big blind) folded before Flop
Seat 2: punkrott (button) (small blind) collected ($6)


PokerStars Hand #146856058258:  Hold'em Limit ($3/$6 USD) - 2016/01/11 10:05:23 ET
Table 'Bellerophon' 2-max Seat #2 is the button
Seat 1: aremom4e ($129.58 in chips)
Seat 2: punkrott ($121.44 in chips)
punkrott: posts small blind $1
aremom4e: posts big blind $3
*** HOLE CARDS ***
punkrott: raises $3 to $6
aremom4e: folds
Uncalled bet ($3) returned to punkrott
punkrott collected $6 from pot
punkrott: doesn't show hand
*** SUMMARY ***
Total pot $6 | Rake $0
Seat 1: aremom4e (big blind) folded before Flop
Seat 2: punkrott (button) (small blind) collected ($6)


PokerStars Hand #146856069213:  Hold'em Limit ($3/$6 USD) - 2016/01/11 10:05:38 ET
Table 'Bellerophon' 2-max Seat #2 is the button
Seat 1: aremom4e ($120.58 in chips)
Seat 2: punkrott ($130.20 in chips)
punkrott: posts small blind $1
aremom4e: posts big blind $3
*** HOLE CARDS ***
punkrott: folds
Uncalled bet ($2) returned to aremom4e
aremom4e collected $2 from pot
aremom4e: doesn't show hand
*** SUMMARY ***
Total pot $2 | Rake $0
Seat 1: aremom4e (big blind) collected ($2)
Seat 2: punkrott (button) (small blind) folded before Flop


PokerStars Hand #146856061926:  Hold'em Limit ($3/$6 USD) - 2016/01/11 10:05:28 ET
Table 'Bellerophon' 2-max Seat #1 is the button
Seat 1: aremom4e ($126.58 in chips)
Seat 2: punkrott ($124.44 in chips)
aremom4e: posts small blind $1
punkrott: posts big blind $3
*** HOLE CARDS ***
aremom4e: raises $3 to $6
punkrott: calls $3
*** FLOP *** [9s 7s 3s]
punkrott: checks
aremom4e: checks
*** TURN *** [9s 7s 3s] [Kh]
punkrott: bets $6
aremom4e: folds
Uncalled bet ($6) returned to punkrott
punkrott collected $11.76 from pot
punkrott: doesn't show hand
*** SUMMARY ***
Total pot $12 | Rake $0.24
Board [9s 7s 3s Kh]
Seat 1: aremom4e (button) (small blind) folded on the Turn
Seat 2: punkrott (big blind) collected ($11.76)


PokerStars Hand #146856076291:  Hold'em Limit ($3/$6 USD) - 2016/01/11 10:05:47 ET
Table 'Bellerophon' 2-max Seat #2 is the button
Seat 1: aremom4e ($124.58 in chips)
Seat 2: punkrott ($126.20 in chips)
punkrott: posts small blind $1
aremom4e: posts big blind $3
*** HOLE CARDS ***
punkrott: folds
Uncalled bet ($2) returned to aremom4e
aremom4e collected $2 from pot
aremom4e: doesn't show hand
*** SUMMARY ***
Total pot $2 | Rake $0
Seat 1: aremom4e (big blind) collected ($2)
Seat 2: punkrott (button) (small blind) folded before Flop


PokerStars Hand #146856072336:  Hold'em Limit ($3/$6 USD) - 2016/01/11 10:05:42 ET
Table 'Bellerophon' 2-max Seat #1 is the button
Seat 1: aremom4e ($121.58 in chips)
Seat 2: punkrott ($129.20 in chips)
aremom4e: posts small blind $1
punkrott: posts big blind $3
*** HOLE CARDS ***
aremom4e: raises $3 to $6
punkrott: folds
Uncalled bet ($3) returned to aremom4e
aremom4e collected $6 from pot
aremom4e: doesn't show hand
*** SUMMARY ***
Total pot $6 | Rake $0
Seat 1: aremom4e (button) (small blind) collected ($6)
Seat 2: punkrott (big blind) folded before Flop


PokerStars Hand #146856084534:  Hold'em Limit ($3/$6 USD) - 2016/01/11 10:05:57 ET
Table 'Bellerophon' 2-max Seat #2 is the button
Seat 1: aremom4e ($124.58 in chips)
Seat 2: punkrott ($126.20 in chips)
punkrott: posts small blind $1
aremom4e: posts big blind $3
*** HOLE CARDS ***
punkrott: raises $3 to $6
aremom4e: calls $3
*** FLOP *** [2h 8d As]
aremom4e: checks
punkrott: bets $3
aremom4e: folds
Uncalled bet ($3) returned to punkrott
punkrott collected $11.76 from pot
punkrott: doesn't show hand
*** SUMMARY ***
Total pot $12 | Rake $0.24
Board [2h 8d As]
Seat 1: aremom4e (big blind) folded on the Flop
Seat 2: punkrott (button) (small blind) collected ($11.76)


PokerStars Hand #146856079594:  Hold'em Limit ($3/$6 USD) - 2016/01/11 10:05:51 ET
Table 'Bellerophon' 2-max Seat #1 is the button
Seat 1: aremom4e ($125.58 in chips)
Seat 2: punkrott ($125.20 in chips)
aremom4e: posts small blind $1
punkrott: posts big blind $3
*** HOLE CARDS ***
aremom4e: folds
Uncalled bet ($2) returned to punkrott
punkrott collected $2 from pot
punkrott: doesn't show hand
*** SUMMARY ***
Total pot $2 | Rake $0
Seat 1: aremom4e (button) (small blind) folded before Flop
Seat 2: punkrott (big blind) collected ($2)


PokerStars Hand #146856091264:  Hold'em Limit ($3/$6 USD) - 2016/01/11 10:06:06 ET
Table 'Bellerophon' 2-max Seat #1 is the button
Seat 1: aremom4e ($118.58 in chips)
Seat 2: punkrott ($131.96 in chips)
aremom4e: posts small blind $1
punkrott: posts big blind $3
*** HOLE CARDS ***
aremom4e: folds
Uncalled bet ($2) returned to punkrott
punkrott collected $2 from pot
punkrott: doesn't show hand
*** SUMMARY ***
Total pot $2 | Rake $0
Seat 1: aremom4e (button) (small blind) folded before Flop
Seat 2: punkrott (big blind) collected ($2)


PokerStars Hand #146856094989:  Hold'em Limit ($3/$6 USD) - 2016/01/11 10:06:11 ET
Table 'Bellerophon' 2-max Seat #2 is the button
Seat 1: aremom4e ($117.58 in chips)
Seat 2: punkrott ($132.96 in chips)
punkrott: posts small blind $1
aremom4e: posts big blind $3
*** HOLE CARDS ***
punkrott: raises $3 to $6
aremom4e: calls $3
*** FLOP *** [5s 2c 3c]
aremom4e: checks
punkrott: bets $3
aremom4e: folds
Uncalled bet ($3) returned to punkrott
punkrott collected $11.76 from pot
punkrott: doesn't show hand
*** SUMMARY ***
Total pot $12 | Rake $0.24
Board [5s 2c 3c]
Seat 1: aremom4e (big blind) folded on the Flop
Seat 2: punkrott (button) (small blind) collected ($11.76)


PokerStars Hand #146856101729:  Hold'em Limit ($3/$6 USD) - 2016/01/11 10:06:19 ET
Table 'Bellerophon' 2-max Seat #1 is the button
Seat 1: aremom4e ($111.58 in chips)
Seat 2: punkrott ($138.72 in chips)
aremom4e: posts small blind $1
punkrott: posts big blind $3
*** HOLE CARDS ***
aremom4e: raises $3 to $6
punkrott: calls $3
*** FLOP *** [2d 4d 4h]
punkrott: checks
aremom4e: checks
*** TURN *** [2d 4d 4h] [6d]
punkrott: bets $6
aremom4e: folds
Uncalled bet ($6) returned to punkrott
punkrott collected $11.76 from pot
punkrott: doesn't show hand
*** SUMMARY ***
Total pot $12 | Rake $0.24
Board [2d 4d 4h 6d]
Seat 1: aremom4e (button) (small blind) folded on the Turn
Seat 2: punkrott (big blind) collected ($11.76)


PokerStars Hand #146856108862:  Hold'em Limit ($3/$6 USD) - 2016/01/11 10:06:29 ET
Table 'Bellerophon' 2-max Seat #2 is the button
Seat 1: aremom4e ($105.58 in chips)
Seat 2: punkrott ($144.48 in chips)
punkrott: posts small blind $1
aremom4e: posts big blind $3
*** HOLE CARDS ***
punkrott: raises $3 to $6
aremom4e: raises $3 to $9
punkrott: calls $3
*** FLOP *** [Js Qs 7h]
aremom4e: bets $3
punkrott: calls $3
*** TURN *** [Js Qs 7h] [Td]
aremom4e: bets $6
punkrott: folds
Uncalled bet ($6) returned to aremom4e
aremom4e collected $23.52 from pot
aremom4e: doesn't show hand
*** SUMMARY ***
Total pot $24 | Rake $0.48
Board [Js Qs 7h Td]
Seat 1: aremom4e (big blind) collected ($23.52)
Seat 2: punkrott (button) (small blind) folded on the Turn


PokerStars Hand #146856118624:  Hold'em Limit ($3/$6 USD) - 2016/01/11 10:06:41 ET
Table 'Bellerophon' 2-max Seat #1 is the button
Seat 1: aremom4e ($117.10 in chips)
Seat 2: punkrott ($132.48 in chips)
aremom4e: posts small blind $1
punkrott: posts big blind $3
*** HOLE CARDS ***
aremom4e: raises $3 to $6
punkrott: calls $3
*** FLOP *** [7s 3d 4h]
punkrott: checks
aremom4e: checks
*** TURN *** [7s 3d 4h] [Ac]
punkrott: bets $6
aremom4e: folds
Uncalled bet ($6) returned to punkrott
punkrott collected $11.76 from pot
punkrott: doesn't show hand
*** SUMMARY ***
Total pot $12 | Rake $0.24
Board [7s 3d 4h Ac]
Seat 1: aremom4e (button) (small blind) folded on the Turn
Seat 2: punkrott (big blind) collected ($11.76)


PokerStars Hand #146856126959:  Hold'em Limit ($3/$6 USD) - 2016/01/11 10:06:52 ET
Table 'Bellerophon' 2-max Seat #2 is the button
Seat 1: aremom4e ($111.10 in chips)
Seat 2: punkrott ($138.24 in chips)
punkrott: posts small blind $1
aremom4e: posts big blind $3
*** HOLE CARDS ***
punkrott: raises $3 to $6
aremom4e: calls $3
*** FLOP *** [7h 4h Jc]
aremom4e: checks
punkrott: checks
*** TURN *** [7h 4h Jc] [4d]
aremom4e: checks
punkrott: bets $6
aremom4e: folds
Uncalled bet ($6) returned to punkrott
punkrott collected $11.76 from pot
punkrott: doesn't show hand
*** SUMMARY ***
Total pot $12 | Rake $0.24
Board [7h 4h Jc 4d]
Seat 1: aremom4e (big blind) folded on the Turn
Seat 2: punkrott (button) (small blind) collected ($11.76)


PokerStars Hand #146856135037:  Hold'em Limit ($3/$6 USD) - 2016/01/11 10:07:03 ET
Table 'Bellerophon' 2-max Seat #1 is the button
Seat 1: aremom4e ($105.10 in chips)
Seat 2: punkrott ($144 in chips)
aremom4e: posts small blind $1
punkrott: posts big blind $3
*** HOLE CARDS ***
aremom4e: raises $3 to $6
punkrott: folds
Uncalled bet ($3) returned to aremom4e
aremom4e collected $6 from pot
aremom4e: doesn't show hand
*** SUMMARY ***
Total pot $6 | Rake $0
Seat 1: aremom4e (button) (small blind) collected ($6)
Seat 2: punkrott (big blind) folded before Flop


PokerStars Hand #146856146013:  Hold'em Limit ($3/$6 USD) - 2016/01/11 10:07:17 ET
Table 'Bellerophon' 2-max Seat #1 is the button
Seat 1: aremom4e ($102.10 in chips)
Seat 2: punkrott ($146.76 in chips)
aremom4e: posts small blind $1
punkrott: posts big blind $3
*** HOLE CARDS ***
aremom4e: raises $3 to $6
punkrott: folds
Uncalled bet ($3) returned to aremom4e
aremom4e collected $6 from pot
aremom4e: doesn't show hand
*** SUMMARY ***
Total pot $6 | Rake $0
Seat 1: aremom4e (button) (small blind) collected ($6)
Seat 2: punkrott (big blind) folded before Flop


PokerStars Hand #146856138978:  Hold'em Limit ($3/$6 USD) - 2016/01/11 10:07:08 ET
Table 'Bellerophon' 2-max Seat #2 is the button
Seat 1: aremom4e ($108.10 in chips)
Seat 2: punkrott ($141 in chips)
punkrott: posts small blind $1
aremom4e: posts big blind $3
*** HOLE CARDS ***
punkrott: raises $3 to $6
aremom4e: calls $3
*** FLOP *** [6c As 6h]
aremom4e: checks
punkrott: bets $3
aremom4e: folds
Uncalled bet ($3) returned to punkrott
punkrott collected $11.76 from pot
punkrott: doesn't show hand
*** SUMMARY ***
Total pot $12 | Rake $0.24
Board [6c As 6h]
Seat 1: aremom4e (big blind) folded on the Flop
Seat 2: punkrott (button) (small blind) collected ($11.76)


PokerStars Hand #146856153693:  Hold'em Limit ($3/$6 USD) - 2016/01/11 10:07:27 ET
Table 'Bellerophon' 2-max Seat #1 is the button
Seat 1: aremom4e ($106.10 in chips)
Seat 2: punkrott ($142.76 in chips)
aremom4e: posts small blind $1
punkrott: posts big blind $3
*** HOLE CARDS ***
aremom4e: raises $3 to $6
punkrott: raises $3 to $9
aremom4e: calls $3
*** FLOP *** [5c 5s Kh]
punkrott: bets $3
aremom4e: folds
Uncalled bet ($3) returned to punkrott
punkrott collected $17.64 from pot
punkrott: doesn't show hand
*** SUMMARY ***
Total pot $18 | Rake $0.36
Board [5c 5s Kh]
Seat 1: aremom4e (button) (small blind) folded on the Flop
Seat 2: punkrott (big blind) collected ($17.64)


PokerStars Hand #146856150291:  Hold'em Limit ($3/$6 USD) - 2016/01/11 10:07:23 ET
Table 'Bellerophon' 2-max Seat #2 is the button
Seat 1: aremom4e ($105.10 in chips)
Seat 2: punkrott ($143.76 in chips)
punkrott: posts small blind $1
aremom4e: posts big blind $3
*** HOLE CARDS ***
punkrott: folds
Uncalled bet ($2) returned to aremom4e
aremom4e collected $2 from pot
aremom4e: doesn't show hand
*** SUMMARY ***
Total pot $2 | Rake $0
Seat 1: aremom4e (big blind) collected ($2)
Seat 2: punkrott (button) (small blind) folded before Flop


PokerStars Hand #146856160278:  Hold'em Limit ($3/$6 USD) - 2016/01/11 10:07:36 ET
Table 'Bellerophon' 2-max Seat #2 is the button
Seat 1: aremom4e ($97.10 in chips)
Seat 2: punkrott ($151.40 in chips)
punkrott: posts small blind $1
aremom4e: posts big blind $3
*** HOLE CARDS ***
punkrott: raises $3 to $6
aremom4e: calls $3
*** FLOP *** [Tc 4s Ad]
aremom4e: checks
punkrott: bets $3
aremom4e: folds
Uncalled bet ($3) returned to punkrott
punkrott collected $11.76 from pot
punkrott: doesn't show hand
*** SUMMARY ***
Total pot $12 | Rake $0.24
Board [Tc 4s Ad]
Seat 1: aremom4e (big blind) folded on the Flop
Seat 2: punkrott (button) (small blind) collected ($11.76)


PokerStars Hand #146856166686:  Hold'em Limit ($3/$6 USD) - 2016/01/11 10:07:44 ET
Table 'Bellerophon' 2-max Seat #1 is the button
Seat 1: aremom4e ($91.10 in chips)
Seat 2: punkrott ($157.16 in chips)
aremom4e: posts small blind $1
punkrott: posts big blind $3
*** HOLE CARDS ***
aremom4e: raises $3 to $6
punkrott: calls $3
*** FLOP *** [6c 6s 3h]
punkrott: checks
aremom4e: bets $3
punkrott: folds
Uncalled bet ($3) returned to aremom4e
aremom4e collected $11.76 from pot
aremom4e: doesn't show hand
*** SUMMARY ***
Total pot $12 | Rake $0.24
Board [6c 6s 3h]
Seat 1: aremom4e (button) (small blind) collected ($11.76)
Seat 2: punkrott (big blind) folded on the Flop


PokerStars Hand #146856199912:  Hold'em Limit ($3/$6 USD) - 2016/01/11 10:08:28 ET
Table 'Bellerophon' 2-max Seat #2 is the button
Seat 1: aremom4e ($96.86 in chips)
Seat 2: punkrott ($151.16 in chips)
punkrott: posts small blind $1
aremom4e: posts big blind $3
*** HOLE CARDS ***
punkrott: raises $3 to $6
aremom4e: calls $3
*** FLOP *** [Ts 8s 3s]
aremom4e: checks
punkrott: bets $3
aremom4e: folds
Uncalled bet ($3) returned to punkrott
punkrott collected $11.76 from pot
punkrott: doesn't show hand
*** SUMMARY ***
Total pot $12 | Rake $0.24
Board [Ts 8s 3s]
Seat 1: aremom4e (big blind) folded on the Flop
Seat 2: punkrott (button) (small blind) collected ($11.76)


PokerStars Hand #146856207149:  Hold'em Limit ($3/$6 USD) - 2016/01/11 10:08:38 ET
Table 'Bellerophon' 2-max Seat #1 is the button
Seat 1: aremom4e ($90.86 in chips)
Seat 2: punkrott ($156.92 in chips)
aremom4e: posts small blind $1
punkrott: posts big blind $3
*** HOLE CARDS ***
aremom4e: raises $3 to $6
punkrott: calls $3
*** FLOP *** [Ac 9h Ts]
punkrott: checks
aremom4e: bets $3
punkrott: folds
Uncalled bet ($3) returned to aremom4e
aremom4e collected $11.76 from pot
aremom4e: doesn't show hand
*** SUMMARY ***
Total pot $12 | Rake $0.24
Board [Ac 9h Ts]
Seat 1: aremom4e (button) (small blind) collected ($11.76)
Seat 2: punkrott (big blind) folded on the Flop


PokerStars Hand #146856218179:  Hold'em Limit ($3/$6 USD) - 2016/01/11 10:08:53 ET
Table 'Bellerophon' 2-max Seat #2 is the button
Seat 1: aremom4e ($96.62 in chips)
Seat 2: punkrott ($150.92 in chips)
punkrott: posts small blind $1
aremom4e: posts big blind $3
*** HOLE CARDS ***
punkrott: raises $3 to $6
aremom4e: calls $3
*** FLOP *** [4d 9s 8s]
aremom4e: checks
punkrott: checks
*** TURN *** [4d 9s 8s] [Kh]
aremom4e: bets $6
punkrott: calls $6
*** RIVER *** [4d 9s 8s Kh] [7s]
aremom4e: checks
punkrott: checks
*** SHOW DOWN ***
aremom4e: shows [8h Jc] (a pair of Eights)
punkrott: mucks hand
aremom4e collected $23.52 from pot
*** SUMMARY ***
Total pot $24 | Rake $0.48
Board [4d 9s 8s Kh 7s]
Seat 1: aremom4e (big blind) showed [8h Jc] and won ($23.52) with a pair of Eights
Seat 2: punkrott (button) (small blind) mucked


PokerStars Hand #146856231010:  Hold'em Limit ($3/$6 USD) - 2016/01/11 10:09:09 ET
Table 'Bellerophon' 2-max Seat #1 is the button
Seat 1: aremom4e ($108.14 in chips)
Seat 2: punkrott ($138.92 in chips)
aremom4e: posts small blind $1
punkrott: posts big blind $3
*** HOLE CARDS ***
aremom4e: raises $3 to $6
punkrott: calls $3
*** FLOP *** [Qh Kc 2h]
punkrott: checks
aremom4e: bets $3
punkrott: raises $3 to $6
aremom4e: calls $3
*** TURN *** [Qh Kc 2h] [Ah]
punkrott: checks
aremom4e: checks
*** RIVER *** [Qh Kc 2h Ah] [6d]
punkrott: bets $6
aremom4e: calls $6
*** SHOW DOWN ***
punkrott: shows [7d Ks] (a pair of Kings)
aremom4e: shows [8c Kh] (a pair of Kings - Ace+Queen+Eight kicker)
aremom4e collected $35.50 from pot
*** SUMMARY ***
Total pot $36 | Rake $0.50
Board [Qh Kc 2h Ah 6d]
Seat 1: aremom4e (button) (small blind) showed [8c Kh] and won ($35.50) with a pair of Kings
Seat 2: punkrott (big blind) showed [7d Ks] and lost with a pair of Kings


PokerStars Hand #146856267317:  Hold'em Limit ($3/$6 USD) - 2016/01/11 10:09:58 ET
Table 'Bellerophon' 2-max Seat #2 is the button
Seat 1: aremom4e ($125.64 in chips)
Seat 2: punkrott ($120.92 in chips)
punkrott: posts small blind $1
aremom4e: posts big blind $3
*** HOLE CARDS ***
punkrott: raises $3 to $6
aremom4e: folds
Uncalled bet ($3) returned to punkrott
punkrott collected $6 from pot
punkrott: doesn't show hand
*** SUMMARY ***
Total pot $6 | Rake $0
Seat 1: aremom4e (big blind) folded before Flop
Seat 2: punkrott (button) (small blind) collected ($6)


PokerStars Hand #146856271247:  Hold'em Limit ($3/$6 USD) - 2016/01/11 10:10:03 ET
Table 'Bellerophon' 2-max Seat #1 is the button
Seat 1: aremom4e ($122.64 in chips)
Seat 2: punkrott ($123.92 in chips)
aremom4e: posts small blind $1
punkrott: posts big blind $3
*** HOLE CARDS ***
aremom4e: raises $3 to $6
punkrott: raises $3 to $9
aremom4e: calls $3
*** FLOP *** [5c 2h Kc]
punkrott: bets $3
aremom4e: calls $3
*** TURN *** [5c 2h Kc] [Qd]
punkrott: checks
aremom4e: bets $6
punkrott: calls $6
*** RIVER *** [5c 2h Kc Qd] [4h]
punkrott: checks
aremom4e: checks
*** SHOW DOWN ***
punkrott: shows [As Jh] (high card Ace)
aremom4e: shows [5s Ah] (a pair of Fives)
aremom4e collected $35.50 from pot
*** SUMMARY ***
Total pot $36 | Rake $0.50
Board [5c 2h Kc Qd 4h]
Seat 1: aremom4e (button) (small blind) showed [5s Ah] and won ($35.50) with a pair of Fives
Seat 2: punkrott (big blind) showed [As Jh] and lost with high card Ace


PokerStars Hand #146856294375:  Hold'em Limit ($3/$6 USD) - 2016/01/11 10:10:33 ET
Table 'Bellerophon' 2-max Seat #1 is the button
Seat 1: aremom4e ($141.14 in chips)
Seat 2: punkrott ($104.92 in chips)
aremom4e: posts small blind $1
punkrott: posts big blind $3
*** HOLE CARDS ***
aremom4e: folds
Uncalled bet ($2) returned to punkrott
punkrott collected $2 from pot
punkrott: doesn't show hand
*** SUMMARY ***
Total pot $2 | Rake $0
Seat 1: aremom4e (button) (small blind) folded before Flop
Seat 2: punkrott (big blind) collected ($2)


PokerStars Hand #146856290651:  Hold'em Limit ($3/$6 USD) - 2016/01/11 10:10:28 ET
Table 'Bellerophon' 2-max Seat #2 is the button
Seat 1: aremom4e ($144.14 in chips)
Seat 2: punkrott ($101.92 in chips)
punkrott: posts small blind $1
aremom4e: posts big blind $3
*** HOLE CARDS ***
punkrott: raises $3 to $6
aremom4e: folds
Uncalled bet ($3) returned to punkrott
punkrott collected $6 from pot
punkrott: doesn't show hand
*** SUMMARY ***
Total pot $6 | Rake $0
Seat 1: aremom4e (big blind) folded before Flop
Seat 2: punkrott (button) (small blind) collected ($6)


PokerStars Hand #146856286287:  Hold'em Limit ($3/$6 USD) - 2016/01/11 10:10:23 ET
Table 'Bellerophon' 2-max Seat #1 is the button
Seat 1: aremom4e ($141.14 in chips)
Seat 2: punkrott ($104.92 in chips)
aremom4e: posts small blind $1
punkrott: posts big blind $3
*** HOLE CARDS ***
aremom4e: raises $3 to $6
punkrott: folds
Uncalled bet ($3) returned to aremom4e
aremom4e collected $6 from pot
aremom4e: doesn't show hand
*** SUMMARY ***
Total pot $6 | Rake $0
Seat 1: aremom4e (button) (small blind) collected ($6)
Seat 2: punkrott (big blind) folded before Flop


PokerStars Hand #146856297759:  Hold'em Limit ($3/$6 USD) - 2016/01/11 10:10:38 ET
Table 'Bellerophon' 2-max Seat #2 is the button
Seat 1: aremom4e ($140.14 in chips)
Seat 2: punkrott ($105.92 in chips)
punkrott: posts small blind $1
aremom4e: posts big blind $3
*** HOLE CARDS ***
punkrott: raises $3 to $6
aremom4e: calls $3
*** FLOP *** [Ah Ts 2d]
aremom4e: checks
punkrott: bets $3
aremom4e: folds
Uncalled bet ($3) returned to punkrott
punkrott collected $11.76 from pot
punkrott: doesn't show hand
*** SUMMARY ***
Total pot $12 | Rake $0.24
Board [Ah Ts 2d]
Seat 1: aremom4e (big blind) folded on the Flop
Seat 2: punkrott (button) (small blind) collected ($11.76)


PokerStars Hand #146856303504:  Hold'em Limit ($3/$6 USD) - 2016/01/11 10:10:45 ET
Table 'Bellerophon' 2-max Seat #1 is the button
Seat 1: aremom4e ($134.14 in chips)
Seat 2: punkrott ($111.68 in chips)
aremom4e: posts small blind $1
punkrott: posts big blind $3
*** HOLE CARDS ***
aremom4e: raises $3 to $6
punkrott: calls $3
*** FLOP *** [6h Qh As]
punkrott: checks
aremom4e: bets $3
punkrott: raises $3 to $6
aremom4e: folds
Uncalled bet ($3) returned to punkrott
punkrott collected $17.64 from pot
punkrott: doesn't show hand
*** SUMMARY ***
Total pot $18 | Rake $0.36
Board [6h Qh As]
Seat 1: aremom4e (button) (small blind) folded on the Flop
Seat 2: punkrott (big blind) collected ($17.64)


PokerStars Hand #146856314075:  Hold'em Limit ($3/$6 USD) - 2016/01/11 10:10:59 ET
Table 'Bellerophon' 2-max Seat #1 is the button
Seat 1: aremom4e ($122.14 in chips)
Seat 2: punkrott ($123.32 in chips)
aremom4e: posts small blind $1
punkrott: posts big blind $3
*** HOLE CARDS ***
aremom4e: raises $3 to $6
punkrott: folds
Uncalled bet ($3) returned to aremom4e
aremom4e collected $6 from pot
aremom4e: doesn't show hand
*** SUMMARY ***
Total pot $6 | Rake $0
Seat 1: aremom4e (button) (small blind) collected ($6)
Seat 2: punkrott (big blind) folded before Flop


PokerStars Hand #146856310543:  Hold'em Limit ($3/$6 USD) - 2016/01/11 10:10:55 ET
Table 'Bellerophon' 2-max Seat #2 is the button
Seat 1: aremom4e ($125.14 in chips)
Seat 2: punkrott ($120.32 in chips)
punkrott: posts small blind $1
aremom4e: posts big blind $3
*** HOLE CARDS ***
punkrott: raises $3 to $6
aremom4e: folds
Uncalled bet ($3) returned to punkrott
punkrott collected $6 from pot
punkrott: doesn't show hand
*** SUMMARY ***
Total pot $6 | Rake $0
Seat 1: aremom4e (big blind) folded before Flop
Seat 2: punkrott (button) (small blind) collected ($6)


PokerStars Hand #146856321305:  Hold'em Limit ($3/$6 USD) - 2016/01/11 10:11:09 ET
Table 'Bellerophon' 2-max Seat #1 is the button
Seat 1: aremom4e ($126.14 in chips)
Seat 2: punkrott ($119.32 in chips)
aremom4e: posts small blind $1
punkrott: posts big blind $3
*** HOLE CARDS ***
aremom4e: raises $3 to $6
punkrott: folds
Uncalled bet ($3) returned to aremom4e
aremom4e collected $6 from pot
aremom4e: doesn't show hand
*** SUMMARY ***
Total pot $6 | Rake $0
Seat 1: aremom4e (button) (small blind) collected ($6)
Seat 2: punkrott (big blind) folded before Flop


PokerStars Hand #146856318275:  Hold'em Limit ($3/$6 USD) - 2016/01/11 10:11:05 ET
Table 'Bellerophon' 2-max Seat #2 is the button
Seat 1: aremom4e ($125.14 in chips)
Seat 2: punkrott ($120.32 in chips)
punkrott: posts small blind $1
aremom4e: posts big blind $3
*** HOLE CARDS ***
punkrott: folds
Uncalled bet ($2) returned to aremom4e
aremom4e collected $2 from pot
aremom4e: doesn't show hand
*** SUMMARY ***
Total pot $2 | Rake $0
Seat 1: aremom4e (big blind) collected ($2)
Seat 2: punkrott (button) (small blind) folded before Flop


PokerStars Hand #146856328840:  Hold'em Limit ($3/$6 USD) - 2016/01/11 10:11:19 ET
Table 'Bellerophon' 2-max Seat #1 is the button
Seat 1: aremom4e ($126.14 in chips)
Seat 2: punkrott ($119.32 in chips)
aremom4e: posts small blind $1
punkrott: posts big blind $3
*** HOLE CARDS ***
aremom4e: folds
Uncalled bet ($2) returned to punkrott
punkrott collected $2 from pot
punkrott: doesn't show hand
*** SUMMARY ***
Total pot $2 | Rake $0
Seat 1: aremom4e (button) (small blind) folded before Flop
Seat 2: punkrott (big blind) collected ($2)


PokerStars Hand #146856325045:  Hold'em Limit ($3/$6 USD) - 2016/01/11 10:11:14 ET
Table 'Bellerophon' 2-max Seat #2 is the button
Seat 1: aremom4e ($129.14 in chips)
Seat 2: punkrott ($116.32 in chips)
punkrott: posts small blind $1
aremom4e: posts big blind $3
*** HOLE CARDS ***
punkrott: raises $3 to $6
aremom4e: folds
Uncalled bet ($3) returned to punkrott
punkrott collected $6 from pot
punkrott: doesn't show hand
*** SUMMARY ***
Total pot $6 | Rake $0
Seat 1: aremom4e (big blind) folded before Flop
Seat 2: punkrott (button) (small blind) collected ($6)


PokerStars Hand #146856332529:  Hold'em Limit ($3/$6 USD) - 2016/01/11 10:11:24 ET
Table 'Bellerophon' 2-max Seat #2 is the button
Seat 1: aremom4e ($125.14 in chips)
Seat 2: punkrott ($120.32 in chips)
punkrott: posts small blind $1
aremom4e: posts big blind $3
*** HOLE CARDS ***
punkrott: raises $3 to $6
aremom4e: raises $3 to $9
punkrott: calls $3
*** FLOP *** [Qc Tc 6d]
aremom4e: bets $3
punkrott: calls $3
*** TURN *** [Qc Tc 6d] [3h]
aremom4e: bets $6
punkrott: calls $6
*** RIVER *** [Qc Tc 6d 3h] [2c]
aremom4e: bets $6
punkrott: calls $6
*** SHOW DOWN ***
aremom4e: shows [Jc 9c] (a flush, Queen high)
punkrott: mucks hand
aremom4e collected $47.50 from pot
*** SUMMARY ***
Total pot $48 | Rake $0.50
Board [Qc Tc 6d 3h 2c]
Seat 1: aremom4e (big blind) showed [Jc 9c] and won ($47.50) with a flush, Queen high
Seat 2: punkrott (button) (small blind) mucked


PokerStars Hand #146856342899:  Hold'em Limit ($3/$6 USD) - 2016/01/11 10:11:37 ET
Table 'Bellerophon' 2-max Seat #1 is the button
Seat 1: aremom4e ($148.64 in chips)
Seat 2: punkrott ($96.32 in chips)
aremom4e: posts small blind $1
punkrott: posts big blind $3
*** HOLE CARDS ***
aremom4e: raises $3 to $6
punkrott: calls $3
*** FLOP *** [8s 9s 6d]
punkrott: checks
aremom4e: checks
*** TURN *** [8s 9s 6d] [Kd]
punkrott: bets $6
aremom4e: raises $6 to $12
punkrott: calls $6
*** RIVER *** [8s 9s 6d Kd] [5s]
punkrott: checks
aremom4e: checks
*** SHOW DOWN ***
punkrott: shows [4c Kc] (a pair of Kings)
aremom4e: shows [2d Ks] (a pair of Kings)
punkrott collected $17.75 from pot
aremom4e collected $17.75 from pot
*** SUMMARY ***
Total pot $36 | Rake $0.50
Board [8s 9s 6d Kd 5s]
Seat 1: aremom4e (button) (small blind) showed [2d Ks] and won ($17.75) with a pair of Kings
Seat 2: punkrott (big blind) showed [4c Kc] and won ($17.75) with a pair of Kings


PokerStars Hand #146856378875:  Hold'em Limit ($3/$6 USD) - 2016/01/11 10:12:24 ET
Table 'Bellerophon' 2-max Seat #2 is the button
Seat 1: aremom4e ($167.53 in chips)
Seat 2: punkrott ($75.83 in chips)
punkrott: posts small blind $1
aremom4e: posts big blind $3
*** HOLE CARDS ***
punkrott: raises $3 to $6
aremom4e: calls $3
*** FLOP *** [2h 7s 4c]
aremom4e: checks
punkrott: bets $3
aremom4e: raises $3 to $6
punkrott: calls $3
*** TURN *** [2h 7s 4c] [Th]
aremom4e: bets $6
punkrott: raises $6 to $12
aremom4e: calls $6
*** RIVER *** [2h 7s 4c Th] [3d]
aremom4e: checks
punkrott: bets $6
aremom4e: calls $6
*** SHOW DOWN ***
punkrott: shows [6h 7d] (a pair of Sevens)
aremom4e: mucks hand
punkrott collected $59.50 from pot
*** SUMMARY ***
Total pot $60 | Rake $0.50
Board [2h 7s 4c Th 3d]
Seat 1: aremom4e (big blind) mucked
Seat 2: punkrott (button) (small blind) showed [6h 7d] and won ($59.50) with a pair of Sevens


PokerStars Hand #146856369430:  Hold'em Limit ($3/$6 USD) - 2016/01/11 10:12:12 ET
Table 'Bellerophon' 2-max Seat #1 is the button
Seat 1: aremom4e ($150.03 in chips)
Seat 2: punkrott ($93.83 in chips)
aremom4e: posts small blind $1
punkrott: posts big blind $3
*** HOLE CARDS ***
aremom4e: raises $3 to $6
punkrott: calls $3
*** FLOP *** [Jh 8h 6s]
punkrott: checks
aremom4e: checks
*** TURN *** [Jh 8h 6s] [7c]
punkrott: bets $6
aremom4e: calls $6
*** RIVER *** [Jh 8h 6s 7c] [Th]
punkrott: bets $6
aremom4e: raises $6 to $12
punkrott: folds
Uncalled bet ($6) returned to aremom4e
aremom4e collected $35.50 from pot
aremom4e: doesn't show hand
*** SUMMARY ***
Total pot $36 | Rake $0.50
Board [Jh 8h 6s 7c Th]
Seat 1: aremom4e (button) (small blind) collected ($35.50)
Seat 2: punkrott (big blind) folded on the River


PokerStars Hand #146856363397:  Hold'em Limit ($3/$6 USD) - 2016/01/11 10:12:04 ET
Table 'Bellerophon' 2-max Seat #2 is the button
Seat 1: aremom4e ($141.39 in chips)
Seat 2: punkrott ($102.83 in chips)
punkrott: posts small blind $1
aremom4e: posts big blind $3
*** HOLE CARDS ***
punkrott: raises $3 to $6
aremom4e: raises $3 to $9
punkrott: calls $3
*** FLOP *** [3c As Kh]
aremom4e: bets $3
punkrott: folds
Uncalled bet ($3) returned to aremom4e
aremom4e collected $17.64 from pot
aremom4e: doesn't show hand
*** SUMMARY ***
Total pot $18 | Rake $0.36
Board [3c As Kh]
Seat 1: aremom4e (big blind) collected ($17.64)
Seat 2: punkrott (button) (small blind) folded on the Flop


PokerStars Hand #146856359860:  Hold'em Limit ($3/$6 USD) - 2016/01/11 10:11:59 ET
Table 'Bellerophon' 2-max Seat #1 is the button
Seat 1: aremom4e ($142.39 in chips)
Seat 2: punkrott ($101.83 in chips)
aremom4e: posts small blind $1
punkrott: posts big blind $3
*** HOLE CARDS ***
aremom4e: folds
Uncalled bet ($2) returned to punkrott
punkrott collected $2 from pot
punkrott: doesn't show hand
*** SUMMARY ***
Total pot $2 | Rake $0
Seat 1: aremom4e (button) (small blind) folded before Flop
Seat 2: punkrott (big blind) collected ($2)


PokerStars Hand #146856353830:  Hold'em Limit ($3/$6 USD) - 2016/01/11 10:11:52 ET
Table 'Bellerophon' 2-max Seat #2 is the button
Seat 1: aremom4e ($148.39 in chips)
Seat 2: punkrott ($96.07 in chips)
punkrott: posts small blind $1
aremom4e: posts big blind $3
*** HOLE CARDS ***
punkrott: raises $3 to $6
aremom4e: calls $3
*** FLOP *** [Qc Kd 8s]
aremom4e: checks
punkrott: bets $3
aremom4e: folds
Uncalled bet ($3) returned to punkrott
punkrott collected $11.76 from pot
punkrott: doesn't show hand
*** SUMMARY ***
Total pot $12 | Rake $0.24
Board [Qc Kd 8s]
Seat 1: aremom4e (big blind) folded on the Flop
Seat 2: punkrott (button) (small blind) collected ($11.76)


PokerStars Hand #146856443583:  Hold'em Limit ($3/$6 USD) - 2016/01/11 10:13:48 ET
Table 'Bellerophon' 2-max Seat #2 is the button
Seat 1: aremom4e ($131.69 in chips)
Seat 2: punkrott ($109.47 in chips)
punkrott: posts small blind $1
aremom4e: posts big blind $3
*** HOLE CARDS ***
punkrott: raises $3 to $6
aremom4e: calls $3
*** FLOP *** [8c Jc 4h]
aremom4e: checks
punkrott: checks
*** TURN *** [8c Jc 4h] [Td]
aremom4e: checks
punkrott: bets $6
aremom4e: folds
Uncalled bet ($6) returned to punkrott
punkrott collected $11.76 from pot
punkrott: doesn't show hand
*** SUMMARY ***
Total pot $12 | Rake $0.24
Board [8c Jc 4h Td]
Seat 1: aremom4e (big blind) folded on the Turn
Seat 2: punkrott (button) (small blind) collected ($11.76)


PokerStars Hand #146856434953:  Hold'em Limit ($3/$6 USD) - 2016/01/11 10:13:37 ET
Table 'Bellerophon' 2-max Seat #1 is the button
Seat 1: aremom4e ($123.05 in chips)
Seat 2: punkrott ($118.47 in chips)
aremom4e: posts small blind $1
punkrott: posts big blind $3
*** HOLE CARDS ***
aremom4e: raises $3 to $6
punkrott: calls $3
*** FLOP *** [8d 6s 3h]
punkrott: checks
aremom4e: bets $3
punkrott: calls $3
*** TURN *** [8d 6s 3h] [9c]
punkrott: checks
aremom4e: bets $6
punkrott: folds
Uncalled bet ($6) returned to aremom4e
aremom4e collected $17.64 from pot
aremom4e: doesn't show hand
*** SUMMARY ***
Total pot $18 | Rake $0.36
Board [8d 6s 3h 9c]
Seat 1: aremom4e (button) (small blind) collected ($17.64)
Seat 2: punkrott (big blind) folded on the Turn


PokerStars Hand #146856425934:  Hold'em Limit ($3/$6 USD) - 2016/01/11 10:13:25 ET
Table 'Bellerophon' 2-max Seat #2 is the button
Seat 1: aremom4e ($141.05 in chips)
Seat 2: punkrott ($100.97 in chips)
punkrott: posts small blind $1
aremom4e: posts big blind $3
*** HOLE CARDS ***
punkrott: raises $3 to $6
aremom4e: calls $3
*** FLOP *** [7h 9c Js]
aremom4e: checks
punkrott: checks
*** TURN *** [7h 9c Js] [Kh]
aremom4e: bets $6
punkrott: calls $6
*** RIVER *** [7h 9c Js Kh] [2d]
aremom4e: bets $6
punkrott: calls $6
*** SHOW DOWN ***
aremom4e: shows [Ts 3s] (high card King)
punkrott: shows [6c 7d] (a pair of Sevens)
punkrott collected $35.50 from pot
*** SUMMARY ***
Total pot $36 | Rake $0.50
Board [7h 9c Js Kh 2d]
Seat 1: aremom4e (big blind) showed [Ts 3s] and lost with high card King
Seat 2: punkrott (button) (small blind) showed [6c 7d] and won ($35.50) with a pair of Sevens


PokerStars Hand #146856422186:  Hold'em Limit ($3/$6 USD) - 2016/01/11 10:13:21 ET
Table 'Bellerophon' 2-max Seat #1 is the button
Seat 1: aremom4e ($142.05 in chips)
Seat 2: punkrott ($99.97 in chips)
aremom4e: posts small blind $1
punkrott: posts big blind $3
*** HOLE CARDS ***
aremom4e: folds
Uncalled bet ($2) returned to punkrott
punkrott collected $2 from pot
punkrott: doesn't show hand
*** SUMMARY ***
Total pot $2 | Rake $0
Seat 1: aremom4e (button) (small blind) folded before Flop
Seat 2: punkrott (big blind) collected ($2)


PokerStars Hand #146856419105:  Hold'em Limit ($3/$6 USD) - 2016/01/11 10:13:17 ET
Table 'Bellerophon' 2-max Seat #2 is the button
Seat 1: aremom4e ($141.05 in chips)
Seat 2: punkrott ($100.97 in chips)
punkrott: posts small blind $1
aremom4e: posts big blind $3
*** HOLE CARDS ***
punkrott: folds
Uncalled bet ($2) returned to aremom4e
aremom4e collected $2 from pot
aremom4e: doesn't show hand
*** SUMMARY ***
Total pot $2 | Rake $0
Seat 1: aremom4e (big blind) collected ($2)
Seat 2: punkrott (button) (small blind) folded before Flop


PokerStars Hand #146856412822:  Hold'em Limit ($3/$6 USD) - 2016/01/11 10:13:08 ET
Table 'Bellerophon' 2-max Seat #1 is the button
Seat 1: aremom4e ($150.05 in chips)
Seat 2: punkrott ($92.33 in chips)
aremom4e: posts small blind $1
punkrott: posts big blind $3
*** HOLE CARDS ***
aremom4e: raises $3 to $6
punkrott: raises $3 to $9
aremom4e: calls $3
*** FLOP *** [Js Qs 2d]
punkrott: bets $3
aremom4e: folds
Uncalled bet ($3) returned to punkrott
punkrott collected $17.64 from pot
punkrott: doesn't show hand
*** SUMMARY ***
Total pot $18 | Rake $0.36
Board [Js Qs 2d]
Seat 1: aremom4e (button) (small blind) folded on the Flop
Seat 2: punkrott (big blind) collected ($17.64)


PokerStars Hand #146856409592:  Hold'em Limit ($3/$6 USD) - 2016/01/11 10:13:04 ET
Table 'Bellerophon' 2-max Seat #2 is the button
Seat 1: aremom4e ($149.05 in chips)
Seat 2: punkrott ($93.33 in chips)
punkrott: posts small blind $1
aremom4e: posts big blind $3
*** HOLE CARDS ***
punkrott: folds
Uncalled bet ($2) returned to aremom4e
aremom4e collected $2 from pot
aremom4e: doesn't show hand
*** SUMMARY ***
Total pot $2 | Rake $0
Seat 1: aremom4e (big blind) collected ($2)
Seat 2: punkrott (button) (small blind) folded before Flop


PokerStars Hand #146856396755:  Hold'em Limit ($3/$6 USD) - 2016/01/11 10:12:48 ET
Table 'Bellerophon' 2-max Seat #1 is the button
Seat 1: aremom4e ($137.53 in chips)
Seat 2: punkrott ($105.33 in chips)
aremom4e: posts small blind $1
punkrott: posts big blind $3
*** HOLE CARDS ***
aremom4e: raises $3 to $6
punkrott: raises $3 to $9
aremom4e: calls $3
*** FLOP *** [9h Qc Kc]
punkrott: bets $3
aremom4e: calls $3
*** TURN *** [9h Qc Kc] [Kh]
punkrott: checks
aremom4e: checks
*** RIVER *** [9h Qc Kc Kh] [6h]
punkrott: checks
aremom4e: checks
*** SHOW DOWN ***
punkrott: shows [Ac Jc] (a pair of Kings)
aremom4e: shows [7d 7c] (two pair, Kings and Sevens)
aremom4e collected $23.52 from pot
*** SUMMARY ***
Total pot $24 | Rake $0.48
Board [9h Qc Kc Kh 6h]
Seat 1: aremom4e (button) (small blind) showed [7d 7c] and won ($23.52) with two pair, Kings and Sevens
Seat 2: punkrott (big blind) showed [Ac Jc] and lost with a pair of Kings


PokerStars Hand #146856484035:  Hold'em Limit ($3/$6 USD) - 2016/01/11 10:14:41 ET
Table 'Bellerophon' 2-max Seat #1 is the button
Seat 1: aremom4e ($101.45 in chips)
Seat 2: punkrott ($138.37 in chips)
aremom4e: posts small blind $1
punkrott: posts big blind $3
*** HOLE CARDS ***
aremom4e: raises $3 to $6
punkrott: calls $3
*** FLOP *** [3c 5h 2d]
punkrott: checks
aremom4e: checks
*** TURN *** [3c 5h 2d] [4d]
punkrott: bets $6
aremom4e: folds
Uncalled bet ($6) returned to punkrott
punkrott collected $11.76 from pot
punkrott: doesn't show hand
*** SUMMARY ***
Total pot $12 | Rake $0.24
Board [3c 5h 2d 4d]
Seat 1: aremom4e (button) (small blind) folded on the Turn
Seat 2: punkrott (big blind) collected ($11.76)


PokerStars Hand #146856470363:  Hold'em Limit ($3/$6 USD) - 2016/01/11 10:14:24 ET
Table 'Bellerophon' 2-max Seat #2 is the button
Seat 1: aremom4e ($125.45 in chips)
Seat 2: punkrott ($114.87 in chips)
punkrott: posts small blind $1
aremom4e: posts big blind $3
*** HOLE CARDS ***
punkrott: raises $3 to $6
aremom4e: calls $3
*** FLOP *** [3s 2h Ah]
aremom4e: checks
punkrott: bets $3
aremom4e: raises $3 to $6
punkrott: calls $3
*** TURN *** [3s 2h Ah] [Kh]
aremom4e: bets $6
punkrott: calls $6
*** RIVER *** [3s 2h Ah Kh] [3h]
aremom4e: checks
punkrott: bets $6
aremom4e: calls $6
*** SHOW DOWN ***
punkrott: shows [3d Ac] (a full house, Threes full of Aces)
aremom4e: mucks hand
punkrott collected $47.50 from pot
*** SUMMARY ***
Total pot $48 | Rake $0.50
Board [3s 2h Ah Kh 3h]
Seat 1: aremom4e (big blind) mucked
Seat 2: punkrott (button) (small blind) showed [3d Ac] and won ($47.50) with a full house, Threes full of Aces


PokerStars Hand #146856464193:  Hold'em Limit ($3/$6 USD) - 2016/01/11 10:14:16 ET
Table 'Bellerophon' 2-max Seat #1 is the button
Seat 1: aremom4e ($119.69 in chips)
Seat 2: punkrott ($120.87 in chips)
aremom4e: posts small blind $1
punkrott: posts big blind $3
*** HOLE CARDS ***
aremom4e: raises $3 to $6
punkrott: calls $3
*** FLOP *** [2d 5c Kh]
punkrott: checks
aremom4e: bets $3
punkrott: folds
Uncalled bet ($3) returned to aremom4e
aremom4e collected $11.76 from pot
aremom4e: doesn't show hand
*** SUMMARY ***
Total pot $12 | Rake $0.24
Board [2d 5c Kh]
Seat 1: aremom4e (button) (small blind) collected ($11.76)
Seat 2: punkrott (big blind) folded on the Flop


PokerStars Hand #146856455224:  Hold'em Limit ($3/$6 USD) - 2016/01/11 10:14:04 ET
Table 'Bellerophon' 2-max Seat #2 is the button
Seat 1: aremom4e ($128.69 in chips)
Seat 2: punkrott ($112.23 in chips)
punkrott: posts small blind $1
aremom4e: posts big blind $3
*** HOLE CARDS ***
punkrott: raises $3 to $6
aremom4e: calls $3
*** FLOP *** [4d Ad 9c]
aremom4e: checks
punkrott: bets $3
aremom4e: calls $3
*** TURN *** [4d Ad 9c] [Jc]
aremom4e: checks
punkrott: bets $6
aremom4e: folds
Uncalled bet ($6) returned to punkrott
punkrott collected $17.64 from pot
punkrott: doesn't show hand
*** SUMMARY ***
Total pot $18 | Rake $0.36
Board [4d Ad 9c Jc]
Seat 1: aremom4e (big blind) folded on the Turn
Seat 2: punkrott (button) (small blind) collected ($17.64)


PokerStars Hand #146856451650:  Hold'em Limit ($3/$6 USD) - 2016/01/11 10:13:59 ET
Table 'Bellerophon' 2-max Seat #1 is the button
Seat 1: aremom4e ($125.69 in chips)
Seat 2: punkrott ($115.23 in chips)
aremom4e: posts small blind $1
punkrott: posts big blind $3
*** HOLE CARDS ***
aremom4e: raises $3 to $6
punkrott: folds
Uncalled bet ($3) returned to aremom4e
aremom4e collected $6 from pot
aremom4e: doesn't show hand
*** SUMMARY ***
Total pot $6 | Rake $0
Seat 1: aremom4e (button) (small blind) collected ($6)
Seat 2: punkrott (big blind) folded before Flop


PokerStars Hand #146856533226:  Hold'em Limit ($3/$6 USD) - 2016/01/11 10:15:45 ET
Table 'Bellerophon' 2-max Seat #1 is the button
Seat 1: aremom4e ($106.70 in chips)
Seat 2: punkrott ($131.40 in chips)
aremom4e: posts small blind $1
punkrott: posts big blind $3
*** HOLE CARDS ***
aremom4e: folds
Uncalled bet ($2) returned to punkrott
punkrott collected $2 from pot
punkrott: doesn't show hand
*** SUMMARY ***
Total pot $2 | Rake $0
Seat 1: aremom4e (button) (small blind) folded before Flop
Seat 2: punkrott (big blind) collected ($2)


PokerStars Hand #146856517145:  Hold'em Limit ($3/$6 USD) - 2016/01/11 10:15:24 ET
Table 'Bellerophon' 2-max Seat #2 is the button
Seat 1: aremom4e ($106.95 in chips)
Seat 2: punkrott ($131.65 in chips)
punkrott: posts small blind $1
aremom4e: posts big blind $3
*** HOLE CARDS ***
punkrott: raises $3 to $6
aremom4e: raises $3 to $9
punkrott: calls $3
*** FLOP *** [Tc 5d 3h]
aremom4e: bets $3
punkrott: calls $3
*** TURN *** [Tc 5d 3h] [4h]
aremom4e: checks
punkrott: bets $6
aremom4e: raises $6 to $12
punkrott: calls $6
*** RIVER *** [Tc 5d 3h 4h] [2s]
aremom4e: checks
punkrott: bets $6
aremom4e: calls $6
*** SHOW DOWN ***
punkrott: shows [4d Ad] (a straight, Ace to Five)
aremom4e: shows [Ac 2c] (a straight, Ace to Five)
aremom4e collected $29.75 from pot
punkrott collected $29.75 from pot
*** SUMMARY ***
Total pot $60 | Rake $0.50
Board [Tc 5d 3h 4h 2s]
Seat 1: aremom4e (big blind) showed [Ac 2c] and won ($29.75) with a straight, Ace to Five
Seat 2: punkrott (button) (small blind) showed [4d Ad] and won ($29.75) with a straight, Ace to Five


PokerStars Hand #146856513283:  Hold'em Limit ($3/$6 USD) - 2016/01/11 10:15:19 ET
Table 'Bellerophon' 2-max Seat #1 is the button
Seat 1: aremom4e ($107.95 in chips)
Seat 2: punkrott ($130.65 in chips)
aremom4e: posts small blind $1
punkrott: posts big blind $3
*** HOLE CARDS ***
aremom4e: folds
Uncalled bet ($2) returned to punkrott
punkrott collected $2 from pot
punkrott: doesn't show hand
*** SUMMARY ***
Total pot $2 | Rake $0
Seat 1: aremom4e (button) (small blind) folded before Flop
Seat 2: punkrott (big blind) collected ($2)


PokerStars Hand #146856510270:  Hold'em Limit ($3/$6 USD) - 2016/01/11 10:15:15 ET
Table 'Bellerophon' 2-max Seat #2 is the button
Seat 1: aremom4e ($106.95 in chips)
Seat 2: punkrott ($131.65 in chips)
punkrott: posts small blind $1
aremom4e: posts big blind $3
*** HOLE CARDS ***
punkrott: folds
Uncalled bet ($2) returned to aremom4e
aremom4e collected $2 from pot
aremom4e: doesn't show hand
*** SUMMARY ***
Total pot $2 | Rake $0
Seat 1: aremom4e (big blind) collected ($2)
Seat 2: punkrott (button) (small blind) folded before Flop


PokerStars Hand #146856501683:  Hold'em Limit ($3/$6 USD) - 2016/01/11 10:15:04 ET
Table 'Bellerophon' 2-max Seat #1 is the button
Seat 1: aremom4e ($118.95 in chips)
Seat 2: punkrott ($120.13 in chips)
aremom4e: posts small blind $1
punkrott: posts big blind $3
*** HOLE CARDS ***
aremom4e: raises $3 to $6
punkrott: calls $3
*** FLOP *** [2s 9d 4h]
punkrott: checks
aremom4e: checks
*** TURN *** [2s 9d 4h] [5c]
punkrott: bets $6
aremom4e: calls $6
*** RIVER *** [2s 9d 4h 5c] [9s]
punkrott: bets $6
aremom4e: folds
Uncalled bet ($6) returned to punkrott
punkrott collected $23.52 from pot
punkrott: doesn't show hand
*** SUMMARY ***
Total pot $24 | Rake $0.48
Board [2s 9d 4h 5c 9s]
Seat 1: aremom4e (button) (small blind) folded on the River
Seat 2: punkrott (big blind) collected ($23.52)


PokerStars Hand #146856491350:  Hold'em Limit ($3/$6 USD) - 2016/01/11 10:14:51 ET
Table 'Bellerophon' 2-max Seat #2 is the button
Seat 1: aremom4e ($95.45 in chips)
Seat 2: punkrott ($144.13 in chips)
punkrott: posts small blind $1
aremom4e: posts big blind $3
*** HOLE CARDS ***
punkrott: raises $3 to $6
aremom4e: raises $3 to $9
punkrott: calls $3
*** FLOP *** [7d 4d 7h]
aremom4e: bets $3
punkrott: calls $3
*** TURN *** [7d 4d 7h] [Kc]
aremom4e: bets $6
punkrott: calls $6
*** RIVER *** [7d 4d 7h Kc] [Qs]
aremom4e: bets $6
punkrott: calls $6
*** SHOW DOWN ***
aremom4e: shows [Kh Qd] (two pair, Kings and Queens)
punkrott: mucks hand
aremom4e collected $47.50 from pot
*** SUMMARY ***
Total pot $48 | Rake $0.50
Board [7d 4d 7h Kc Qs]
Seat 1: aremom4e (big blind) showed [Kh Qd] and won ($47.50) with two pair, Kings and Queens
Seat 2: punkrott (button) (small blind) mucked


PokerStars Hand #146856568797:  Hold'em Limit ($3/$6 USD) - 2016/01/11 10:16:32 ET
Table 'Bellerophon' 2-max Seat #1 is the button
Seat 1: aremom4e ($69.70 in chips)
Seat 2: punkrott ($167.54 in chips)
aremom4e: posts small blind $1
punkrott: posts big blind $3
*** HOLE CARDS ***
aremom4e: calls $2
punkrott: raises $3 to $6
aremom4e: calls $3
*** FLOP *** [7c Ac 5d]
punkrott: bets $3
aremom4e: calls $3
*** TURN *** [7c Ac 5d] [As]
punkrott: checks
aremom4e: checks
*** RIVER *** [7c Ac 5d As] [7h]
punkrott: checks
aremom4e: checks
*** SHOW DOWN ***
punkrott: shows [4s Kd] (two pair, Aces and Sevens)
aremom4e: shows [7s 9h] (a full house, Sevens full of Aces)
aremom4e collected $17.64 from pot
*** SUMMARY ***
Total pot $18 | Rake $0.36
Board [7c Ac 5d As 7h]
Seat 1: aremom4e (button) (small blind) showed [7s 9h] and won ($17.64) with a full house, Sevens full of Aces
Seat 2: punkrott (big blind) showed [4s Kd] and lost with two pair, Aces and Sevens


PokerStars Hand #146856565093:  Hold'em Limit ($3/$6 USD) - 2016/01/11 10:16:27 ET
Table 'Bellerophon' 2-max Seat #2 is the button
Seat 1: aremom4e ($72.70 in chips)
Seat 2: punkrott ($164.54 in chips)
punkrott: posts small blind $1
aremom4e: posts big blind $3
*** HOLE CARDS ***
punkrott: raises $3 to $6
aremom4e: folds
Uncalled bet ($3) returned to punkrott
punkrott collected $6 from pot
punkrott: doesn't show hand
*** SUMMARY ***
Total pot $6 | Rake $0
Seat 1: aremom4e (big blind) folded before Flop
Seat 2: punkrott (button) (small blind) collected ($6)


PokerStars Hand #146856559033:  Hold'em Limit ($3/$6 USD) - 2016/01/11 10:16:19 ET
Table 'Bellerophon' 2-max Seat #1 is the button
Seat 1: aremom4e ($81.70 in chips)
Seat 2: punkrott ($155.90 in chips)
aremom4e: posts small blind $1
punkrott: posts big blind $3
*** HOLE CARDS ***
aremom4e: raises $3 to $6
punkrott: raises $3 to $9
aremom4e: calls $3
*** FLOP *** [Jh 3s Ts]
punkrott: bets $3
aremom4e: folds
Uncalled bet ($3) returned to punkrott
punkrott collected $17.64 from pot
punkrott: doesn't show hand
*** SUMMARY ***
Total pot $18 | Rake $0.36
Board [Jh 3s Ts]
Seat 1: aremom4e (button) (small blind) folded on the Flop
Seat 2: punkrott (big blind) collected ($17.64)


PokerStars Hand #146856555863:  Hold'em Limit ($3/$6 USD) - 2016/01/11 10:16:15 ET
Table 'Bellerophon' 2-max Seat #2 is the button
Seat 1: aremom4e ($80.70 in chips)
Seat 2: punkrott ($156.90 in chips)
punkrott: posts small blind $1
aremom4e: posts big blind $3
*** HOLE CARDS ***
punkrott: folds
Uncalled bet ($2) returned to aremom4e
aremom4e collected $2 from pot
aremom4e: doesn't show hand
*** SUMMARY ***
Total pot $2 | Rake $0
Seat 1: aremom4e (big blind) collected ($2)
Seat 2: punkrott (button) (small blind) folded before Flop


PokerStars Hand #146856548705:  Hold'em Limit ($3/$6 USD) - 2016/01/11 10:16:05 ET
Table 'Bellerophon' 2-max Seat #1 is the button
Seat 1: aremom4e ($81.70 in chips)
Seat 2: punkrott ($155.90 in chips)
aremom4e: posts small blind $1
punkrott: posts big blind $3
*** HOLE CARDS ***
aremom4e: folds
Uncalled bet ($2) returned to punkrott
punkrott collected $2 from pot
punkrott: doesn't show hand
*** SUMMARY ***
Total pot $2 | Rake $0
Seat 1: aremom4e (button) (small blind) folded before Flop
Seat 2: punkrott (big blind) collected ($2)


PokerStars Hand #146856536685:  Hold'em Limit ($3/$6 USD) - 2016/01/11 10:15:50 ET
Table 'Bellerophon' 2-max Seat #2 is the button
Seat 1: aremom4e ($105.70 in chips)
Seat 2: punkrott ($132.40 in chips)
punkrott: posts small blind $1
aremom4e: posts big blind $3
*** HOLE CARDS ***
punkrott: raises $3 to $6
aremom4e: calls $3
*** FLOP *** [6s 9c 7h]
aremom4e: checks
punkrott: bets $3
aremom4e: raises $3 to $6
punkrott: calls $3
*** TURN *** [6s 9c 7h] [Th]
aremom4e: bets $6
punkrott: raises $6 to $12
aremom4e: calls $6
*** RIVER *** [6s 9c 7h Th] [Qd]
aremom4e: checks
punkrott: bets $6
aremom4e: folds
Uncalled bet ($6) returned to punkrott
punkrott collected $47.50 from pot
punkrott: doesn't show hand
*** SUMMARY ***
Total pot $48 | Rake $0.50
Board [6s 9c 7h Th Qd]
Seat 1: aremom4e (big blind) folded on the River
Seat 2: punkrott (button) (small blind) collected ($47.50)


PokerStars Hand #146856592368:  Hold'em Limit ($3/$6 USD) - 2016/01/11 10:17:02 ET
Table 'Bellerophon' 2-max Seat #1 is the button
Seat 1: aremom4e ($60.34 in chips)
Seat 2: punkrott ($176.04 in chips)
aremom4e: posts small blind $1
punkrott: posts big blind $3
*** HOLE CARDS ***
aremom4e: folds
Uncalled bet ($2) returned to punkrott
punkrott collected $2 from pot
punkrott: doesn't show hand
*** SUMMARY ***
Total pot $2 | Rake $0
Seat 1: aremom4e (button) (small blind) folded before Flop
Seat 2: punkrott (big blind) collected ($2)


PokerStars Hand #146856580881:  Hold'em Limit ($3/$6 USD) - 2016/01/11 10:16:47 ET
Table 'Bellerophon' 2-max Seat #2 is the button
Seat 1: aremom4e ($78.34 in chips)
Seat 2: punkrott ($158.54 in chips)
punkrott: posts small blind $1
aremom4e: posts big blind $3
*** HOLE CARDS ***
punkrott: raises $3 to $6
aremom4e: raises $3 to $9
punkrott: calls $3
*** FLOP *** [2h 2s 6s]
aremom4e: bets $3
punkrott: calls $3
*** TURN *** [2h 2s 6s] [Ad]
aremom4e: bets $6
punkrott: raises $6 to $12
aremom4e: folds
Uncalled bet ($6) returned to punkrott
punkrott collected $35.50 from pot
punkrott: doesn't show hand
*** SUMMARY ***
Total pot $36 | Rake $0.50
Board [2h 2s 6s Ad]
Seat 1: aremom4e (big blind) folded on the Turn
Seat 2: punkrott (button) (small blind) collected ($35.50)


PokerStars Hand #146856628528:  Hold'em Limit ($3/$6 USD) - 2016/01/11 10:17:49 ET
Table 'Bellerophon' 2-max Seat #2 is the button
Seat 1: aremom4e ($102 in chips)
Seat 2: punkrott ($133.04 in chips)
punkrott: posts small blind $1
aremom4e: posts big blind $3
*** HOLE CARDS ***
punkrott: raises $3 to $6
aremom4e: calls $3
*** FLOP *** [5d Jd 5h]
aremom4e: checks
punkrott: bets $3
aremom4e: folds
Uncalled bet ($3) returned to punkrott
punkrott collected $11.76 from pot
punkrott: doesn't show hand
*** SUMMARY ***
Total pot $12 | Rake $0.24
Board [5d Jd 5h]
Seat 1: aremom4e (big blind) folded on the Flop
Seat 2: punkrott (button) (small blind) collected ($11.76)


PokerStars Hand #146856625186:  Hold'em Limit ($3/$6 USD) - 2016/01/11 10:17:44 ET
Table 'Bellerophon' 2-max Seat #1 is the button
Seat 1: aremom4e ($103 in chips)
Seat 2: punkrott ($132.04 in chips)
aremom4e: posts small blind $1
punkrott: posts big blind $3
*** HOLE CARDS ***
aremom4e: folds
Uncalled bet ($2) returned to punkrott
punkrott collected $2 from pot
punkrott: doesn't show hand
*** SUMMARY ***
Total pot $2 | Rake $0
Seat 1: aremom4e (button) (small blind) folded before Flop
Seat 2: punkrott (big blind) collected ($2)


PokerStars Hand #146856614245:  Hold'em Limit ($3/$6 USD) - 2016/01/11 10:17:30 ET
Table 'Bellerophon' 2-max Seat #2 is the button
Seat 1: aremom4e ($79.50 in chips)
Seat 2: punkrott ($156.04 in chips)
punkrott: posts small blind $1
aremom4e: posts big blind $3
*** HOLE CARDS ***
punkrott: raises $3 to $6
aremom4e: raises $3 to $9
punkrott: calls $3
*** FLOP *** [Ac 2c 3h]
aremom4e: bets $3
punkrott: calls $3
*** TURN *** [Ac 2c 3h] [8c]
aremom4e: bets $6
punkrott: calls $6
*** RIVER *** [Ac 2c 3h 8c] [Ts]
aremom4e: bets $6
punkrott: calls $6
*** SHOW DOWN ***
aremom4e: shows [Kd Ah] (a pair of Aces)
punkrott: mucks hand
aremom4e collected $47.50 from pot
*** SUMMARY ***
Total pot $48 | Rake $0.50
Board [Ac 2c 3h 8c Ts]
Seat 1: aremom4e (big blind) showed [Kd Ah] and won ($47.50) with a pair of Aces
Seat 2: punkrott (button) (small blind) mucked


PokerStars Hand #146856596147:  Hold'em Limit ($3/$6 USD) - 2016/01/11 10:17:07 ET
Table 'Bellerophon' 2-max Seat #2 is the button
Seat 1: aremom4e ($59.34 in chips)
Seat 2: punkrott ($177.04 in chips)
punkrott: posts small blind $1
aremom4e: posts big blind $3
*** HOLE CARDS ***
punkrott: raises $3 to $6
aremom4e: raises $3 to $9
punkrott: calls $3
*** FLOP *** [9d Jc Kd]
aremom4e: bets $3
punkrott: calls $3
*** TURN *** [9d Jc Kd] [6s]
aremom4e: bets $6
punkrott: folds
Uncalled bet ($6) returned to aremom4e
aremom4e collected $23.52 from pot
aremom4e: doesn't show hand
*** SUMMARY ***
Total pot $24 | Rake $0.48
Board [9d Jc Kd 6s]
Seat 1: aremom4e (big blind) collected ($23.52)
Seat 2: punkrott (button) (small blind) folded on the Turn


PokerStars Hand #146856663827:  Hold'em Limit ($3/$6 USD) - 2016/01/11 10:18:34 ET
Table 'Bellerophon' 2-max Seat #1 is the button
Seat 1: aremom4e ($114.26 in chips)
Seat 2: punkrott ($119.56 in chips)
aremom4e: posts small blind $1
punkrott: posts big blind $3
*** HOLE CARDS ***
aremom4e: calls $2
punkrott: raises $3 to $6
aremom4e: calls $3
*** FLOP *** [9d 2c 3s]
punkrott: bets $3
aremom4e: calls $3
*** TURN *** [9d 2c 3s] [Th]
punkrott: checks
aremom4e: bets $6
punkrott: folds
Uncalled bet ($6) returned to aremom4e
aremom4e collected $17.64 from pot
aremom4e: doesn't show hand
*** SUMMARY ***
Total pot $18 | Rake $0.36
Board [9d 2c 3s Th]
Seat 1: aremom4e (button) (small blind) collected ($17.64)
Seat 2: punkrott (big blind) folded on the Turn


PokerStars Hand #146856660720:  Hold'em Limit ($3/$6 USD) - 2016/01/11 10:18:30 ET
Table 'Bellerophon' 2-max Seat #2 is the button
Seat 1: aremom4e ($113.26 in chips)
Seat 2: punkrott ($120.56 in chips)
punkrott: posts small blind $1
aremom4e: posts big blind $3
*** HOLE CARDS ***
punkrott: folds
Uncalled bet ($2) returned to aremom4e
aremom4e collected $2 from pot
aremom4e: doesn't show hand
*** SUMMARY ***
Total pot $2 | Rake $0
Seat 1: aremom4e (big blind) collected ($2)
Seat 2: punkrott (button) (small blind) folded before Flop


PokerStars Hand #146856650250:  Hold'em Limit ($3/$6 USD) - 2016/01/11 10:18:17 ET
Table 'Bellerophon' 2-max Seat #1 is the button
Seat 1: aremom4e ($95.76 in chips)
Seat 2: punkrott ($138.56 in chips)
aremom4e: posts small blind $1
punkrott: posts big blind $3
*** HOLE CARDS ***
aremom4e: raises $3 to $6
punkrott: calls $3
*** FLOP *** [Ts Kh 8d]
punkrott: checks
aremom4e: bets $3
punkrott: raises $3 to $6
aremom4e: calls $3
*** TURN *** [Ts Kh 8d] [3h]
punkrott: bets $6
aremom4e: calls $6
*** RIVER *** [Ts Kh 8d 3h] [5h]
punkrott: checks
aremom4e: checks
*** SHOW DOWN ***
punkrott: shows [Ad 8s] (a pair of Eights)
aremom4e: shows [Ks Td] (two pair, Kings and Tens)
aremom4e collected $35.50 from pot
*** SUMMARY ***
Total pot $36 | Rake $0.50
Board [Ts Kh 8d 3h 5h]
Seat 1: aremom4e (button) (small blind) showed [Ks Td] and won ($35.50) with two pair, Kings and Tens
Seat 2: punkrott (big blind) showed [Ad 8s] and lost with a pair of Eights


PokerStars Hand #146856642801:  Hold'em Limit ($3/$6 USD) - 2016/01/11 10:18:07 ET
Table 'Bellerophon' 2-max Seat #2 is the button
Seat 1: aremom4e ($101.76 in chips)
Seat 2: punkrott ($132.80 in chips)
punkrott: posts small blind $1
aremom4e: posts big blind $3
*** HOLE CARDS ***
punkrott: raises $3 to $6
aremom4e: calls $3
*** FLOP *** [3s Qd 2s]
aremom4e: checks
punkrott: bets $3
aremom4e: folds
Uncalled bet ($3) returned to punkrott
punkrott collected $11.76 from pot
punkrott: doesn't show hand
*** SUMMARY ***
Total pot $12 | Rake $0.24
Board [3s Qd 2s]
Seat 1: aremom4e (big blind) folded on the Flop
Seat 2: punkrott (button) (small blind) collected ($11.76)


PokerStars Hand #146856635526:  Hold'em Limit ($3/$6 USD) - 2016/01/11 10:17:58 ET
Table 'Bellerophon' 2-max Seat #1 is the button
Seat 1: aremom4e ($96 in chips)
Seat 2: punkrott ($138.80 in chips)
aremom4e: posts small blind $1
punkrott: posts big blind $3
*** HOLE CARDS ***
aremom4e: raises $3 to $6
punkrott: calls $3
*** FLOP *** [Qs Jc 2s]
punkrott: checks
aremom4e: bets $3
punkrott: folds
Uncalled bet ($3) returned to aremom4e
aremom4e collected $11.76 from pot
aremom4e: doesn't show hand
*** SUMMARY ***
Total pot $12 | Rake $0.24
Board [Qs Jc 2s]
Seat 1: aremom4e (button) (small blind) collected ($11.76)
Seat 2: punkrott (big blind) folded on the Flop


PokerStars Hand #146856716626:  Hold'em Limit ($3/$6 USD) - 2016/01/11 10:19:41 ET
Table 'Bellerophon' 2-max Seat #1 is the button
Seat 1: aremom4e ($97.54 in chips)
Seat 2: punkrott ($134.58 in chips)
aremom4e: posts small blind $1
punkrott: posts big blind $3
*** HOLE CARDS ***
aremom4e: raises $3 to $6
punkrott: calls $3
*** FLOP *** [8d 6h 8h]
punkrott: checks
aremom4e: checks
*** TURN *** [8d 6h 8h] [Jd]
punkrott: bets $6
aremom4e: folds
Uncalled bet ($6) returned to punkrott
punkrott collected $11.76 from pot
punkrott: doesn't show hand
*** SUMMARY ***
Total pot $12 | Rake $0.24
Board [8d 6h 8h Jd]
Seat 1: aremom4e (button) (small blind) folded on the Turn
Seat 2: punkrott (big blind) collected ($11.76)


PokerStars Hand #146856713099:  Hold'em Limit ($3/$6 USD) - 2016/01/11 10:19:37 ET
Table 'Bellerophon' 2-max Seat #2 is the button
Seat 1: aremom4e ($96.54 in chips)
Seat 2: punkrott ($135.58 in chips)
punkrott: posts small blind $1
aremom4e: posts big blind $3
*** HOLE CARDS ***
punkrott: folds
Uncalled bet ($2) returned to aremom4e
aremom4e collected $2 from pot
aremom4e: doesn't show hand
*** SUMMARY ***
Total pot $2 | Rake $0
Seat 1: aremom4e (big blind) collected ($2)
Seat 2: punkrott (button) (small blind) folded before Flop


PokerStars Hand #146856702756:  Hold'em Limit ($3/$6 USD) - 2016/01/11 10:19:24 ET
Table 'Bellerophon' 2-max Seat #1 is the button
Seat 1: aremom4e ($87.90 in chips)
Seat 2: punkrott ($144.58 in chips)
aremom4e: posts small blind $1
punkrott: posts big blind $3
*** HOLE CARDS ***
aremom4e: raises $3 to $6
punkrott: calls $3
*** FLOP *** [7c 6s 2h]
punkrott: checks
aremom4e: bets $3
punkrott: calls $3
*** TURN *** [7c 6s 2h] [7d]
punkrott: checks
aremom4e: checks
*** RIVER *** [7c 6s 2h 7d] [Qc]
punkrott: checks
aremom4e: checks
*** SHOW DOWN ***
punkrott: shows [Td 9h] (a pair of Sevens)
aremom4e: shows [Jh 8s] (a pair of Sevens - Queen+Jack kicker)
aremom4e collected $17.64 from pot
*** SUMMARY ***
Total pot $18 | Rake $0.36
Board [7c 6s 2h 7d Qc]
Seat 1: aremom4e (button) (small blind) showed [Jh 8s] and won ($17.64) with a pair of Sevens
Seat 2: punkrott (big blind) showed [Td 9h] and lost with a pair of Sevens


PokerStars Hand #146856699033:  Hold'em Limit ($3/$6 USD) - 2016/01/11 10:19:19 ET
Table 'Bellerophon' 2-max Seat #2 is the button
Seat 1: aremom4e ($86.90 in chips)
Seat 2: punkrott ($145.58 in chips)
punkrott: posts small blind $1
aremom4e: posts big blind $3
*** HOLE CARDS ***
punkrott: folds
Uncalled bet ($2) returned to aremom4e
aremom4e collected $2 from pot
aremom4e: doesn't show hand
*** SUMMARY ***
Total pot $2 | Rake $0
Seat 1: aremom4e (big blind) collected ($2)
Seat 2: punkrott (button) (small blind) folded before Flop


PokerStars Hand #146856685249:  Hold'em Limit ($3/$6 USD) - 2016/01/11 10:19:01 ET
Table 'Bellerophon' 2-max Seat #1 is the button
Seat 1: aremom4e ($110.90 in chips)
Seat 2: punkrott ($122.08 in chips)
aremom4e: posts small blind $1
punkrott: posts big blind $3
*** HOLE CARDS ***
aremom4e: raises $3 to $6
punkrott: raises $3 to $9
aremom4e: calls $3
*** FLOP *** [Ac Ts 5d]
punkrott: bets $3
aremom4e: calls $3
*** TURN *** [Ac Ts 5d] [8c]
punkrott: bets $6
aremom4e: calls $6
*** RIVER *** [Ac Ts 5d 8c] [Qh]
punkrott: bets $6
aremom4e: calls $6
*** SHOW DOWN ***
punkrott: shows [Ad 9c] (a pair of Aces)
aremom4e: mucks hand
punkrott collected $47.50 from pot
*** SUMMARY ***
Total pot $48 | Rake $0.50
Board [Ac Ts 5d 8c Qh]
Seat 1: aremom4e (button) (small blind) mucked
Seat 2: punkrott (big blind) showed [Ad 9c] and won ($47.50) with a pair of Aces


PokerStars Hand #146856673707:  Hold'em Limit ($3/$6 USD) - 2016/01/11 10:18:47 ET
Table 'Bellerophon' 2-max Seat #2 is the button
Seat 1: aremom4e ($122.90 in chips)
Seat 2: punkrott ($110.56 in chips)
punkrott: posts small blind $1
aremom4e: posts big blind $3
*** HOLE CARDS ***
punkrott: raises $3 to $6
aremom4e: raises $3 to $9
punkrott: calls $3
*** FLOP *** [8d 6d 7s]
aremom4e: bets $3
punkrott: calls $3
*** TURN *** [8d 6d 7s] [8h]
aremom4e: checks
punkrott: checks
*** RIVER *** [8d 6d 7s 8h] [4c]
aremom4e: checks
punkrott: bets $6
aremom4e: folds
Uncalled bet ($6) returned to punkrott
punkrott collected $23.52 from pot
punkrott: doesn't show hand
*** SUMMARY ***
Total pot $24 | Rake $0.48
Board [8d 6d 7s 8h 4c]
Seat 1: aremom4e (big blind) folded on the River
Seat 2: punkrott (button) (small blind) collected ($23.52)


PokerStars Hand #146856762727:  Hold'em Limit ($3/$6 USD) - 2016/01/11 10:20:40 ET
Table 'Bellerophon' 2-max Seat #1 is the button
Seat 1: aremom4e ($46.54 in chips)
Seat 2: punkrott ($184 in chips)
aremom4e: posts small blind $1
punkrott: posts big blind $3
*** HOLE CARDS ***
aremom4e: raises $3 to $6
punkrott: calls $3
*** FLOP *** [6h 5d Qh]
punkrott: checks
aremom4e: bets $3
punkrott: raises $3 to $6
aremom4e: calls $3
*** TURN *** [6h 5d Qh] [5c]
punkrott: bets $6
aremom4e: calls $6
*** RIVER *** [6h 5d Qh 5c] [6d]
punkrott: checks
aremom4e: bets $6
punkrott: folds
Uncalled bet ($6) returned to aremom4e
aremom4e collected $35.50 from pot
aremom4e: doesn't show hand
*** SUMMARY ***
Total pot $36 | Rake $0.50
Board [6h 5d Qh 5c 6d]
Seat 1: aremom4e (button) (small blind) collected ($35.50)
Seat 2: punkrott (big blind) folded on the River


PokerStars Hand #146856752496:  Hold'em Limit ($3/$6 USD) - 2016/01/11 10:20:27 ET
Table 'Bellerophon' 2-max Seat #2 is the button
Seat 1: aremom4e ($55.54 in chips)
Seat 2: punkrott ($175.36 in chips)
punkrott: posts small blind $1
aremom4e: posts big blind $3
*** HOLE CARDS ***
punkrott: raises $3 to $6
aremom4e: calls $3
*** FLOP *** [As Qc Ks]
aremom4e: checks
punkrott: bets $3
aremom4e: calls $3
*** TURN *** [As Qc Ks] [4h]
aremom4e: checks
punkrott: checks
*** RIVER *** [As Qc Ks 4h] [2d]
aremom4e: checks
punkrott: bets $6
aremom4e: folds
Uncalled bet ($6) returned to punkrott
punkrott collected $17.64 from pot
punkrott: doesn't show hand
*** SUMMARY ***
Total pot $18 | Rake $0.36
Board [As Qc Ks 4h 2d]
Seat 1: aremom4e (big blind) folded on the River
Seat 2: punkrott (button) (small blind) collected ($17.64)


PokerStars Hand #146856742091:  Hold'em Limit ($3/$6 USD) - 2016/01/11 10:20:14 ET
Table 'Bellerophon' 2-max Seat #1 is the button
Seat 1: aremom4e ($67.54 in chips)
Seat 2: punkrott ($163.84 in chips)
aremom4e: posts small blind $1
punkrott: posts big blind $3
*** HOLE CARDS ***
aremom4e: raises $3 to $6
punkrott: raises $3 to $9
aremom4e: calls $3
*** FLOP *** [6d 5h Jd]
punkrott: bets $3
aremom4e: calls $3
*** TURN *** [6d 5h Jd] [9s]
punkrott: checks
aremom4e: checks
*** RIVER *** [6d 5h Jd 9s] [9d]
punkrott: checks
aremom4e: checks
*** SHOW DOWN ***
punkrott: shows [As Qc] (a pair of Nines)
aremom4e: mucks hand
punkrott collected $23.52 from pot
*** SUMMARY ***
Total pot $24 | Rake $0.48
Board [6d 5h Jd 9s 9d]
Seat 1: aremom4e (button) (small blind) mucked
Seat 2: punkrott (big blind) showed [As Qc] and won ($23.52) with a pair of Nines


PokerStars Hand #146856738992:  Hold'em Limit ($3/$6 USD) - 2016/01/11 10:20:10 ET
Table 'Bellerophon' 2-max Seat #2 is the button
Seat 1: aremom4e ($66.54 in chips)
Seat 2: punkrott ($164.84 in chips)
punkrott: posts small blind $1
aremom4e: posts big blind $3
*** HOLE CARDS ***
punkrott: folds
Uncalled bet ($2) returned to aremom4e
aremom4e collected $2 from pot
aremom4e: doesn't show hand
*** SUMMARY ***
Total pot $2 | Rake $0
Seat 1: aremom4e (big blind) collected ($2)
Seat 2: punkrott (button) (small blind) folded before Flop


PokerStars Hand #146856735241:  Hold'em Limit ($3/$6 USD) - 2016/01/11 10:20:05 ET
Table 'Bellerophon' 2-max Seat #1 is the button
Seat 1: aremom4e ($67.54 in chips)
Seat 2: punkrott ($163.84 in chips)
aremom4e: posts small blind $1
punkrott: posts big blind $3
*** HOLE CARDS ***
aremom4e: folds
Uncalled bet ($2) returned to punkrott
punkrott collected $2 from pot
punkrott: doesn't show hand
*** SUMMARY ***
Total pot $2 | Rake $0
Seat 1: aremom4e (button) (small blind) folded before Flop
Seat 2: punkrott (big blind) collected ($2)


PokerStars Hand #146856724364:  Hold'em Limit ($3/$6 USD) - 2016/01/11 10:19:51 ET
Table 'Bellerophon' 2-max Seat #2 is the button
Seat 1: aremom4e ($91.54 in chips)
Seat 2: punkrott ($140.34 in chips)
punkrott: posts small blind $1
aremom4e: posts big blind $3
*** HOLE CARDS ***
punkrott: raises $3 to $6
aremom4e: raises $3 to $9
punkrott: calls $3
*** FLOP *** [Th Kc 9s]
aremom4e: bets $3
punkrott: calls $3
*** TURN *** [Th Kc 9s] [8c]
aremom4e: bets $6
punkrott: raises $6 to $12
aremom4e: calls $6
*** RIVER *** [Th Kc 9s 8c] [Ah]
aremom4e: checks
punkrott: checks
*** SHOW DOWN ***
aremom4e: shows [2s Qs] (high card Ace)
punkrott: shows [Qc Tc] (a pair of Tens)
punkrott collected $47.50 from pot
*** SUMMARY ***
Total pot $48 | Rake $0.50
Board [Th Kc 9s 8c Ah]
Seat 1: aremom4e (big blind) showed [2s Qs] and lost with high card Ace
Seat 2: punkrott (button) (small blind) showed [Qc Tc] and won ($47.50) with a pair of Tens


PokerStars Hand #146856814948:  Hold'em Limit ($3/$6 USD) - 2016/01/11 10:21:48 ET
Table 'Bellerophon' 2-max Seat #1 is the button
Seat 1: aremom4e ($66.30 in chips)
Seat 2: punkrott ($162.40 in chips)
aremom4e: posts small blind $1
punkrott: posts big blind $3
*** HOLE CARDS ***
aremom4e: raises $3 to $6
punkrott: calls $3
*** FLOP *** [9h Jh 7s]
punkrott: bets $3
aremom4e: calls $3
*** TURN *** [9h Jh 7s] [5s]
punkrott: bets $6
aremom4e: calls $6
*** RIVER *** [9h Jh 7s 5s] [9d]
punkrott: bets $6
aremom4e: folds
Uncalled bet ($6) returned to punkrott
punkrott collected $29.50 from pot
punkrott: doesn't show hand
*** SUMMARY ***
Total pot $30 | Rake $0.50
Board [9h Jh 7s 5s 9d]
Seat 1: aremom4e (button) (small blind) folded on the River
Seat 2: punkrott (big blind) collected ($29.50)


PokerStars Hand #146856808358:  Hold'em Limit ($3/$6 USD) - 2016/01/11 10:21:39 ET
Table 'Bellerophon' 2-max Seat #2 is the button
Seat 1: aremom4e ($72.30 in chips)
Seat 2: punkrott ($156.64 in chips)
punkrott: posts small blind $1
aremom4e: posts big blind $3
*** HOLE CARDS ***
punkrott: raises $3 to $6
aremom4e: calls $3
*** FLOP *** [9d 5h Ac]
aremom4e: checks
punkrott: bets $3
aremom4e: folds
Uncalled bet ($3) returned to punkrott
punkrott collected $11.76 from pot
punkrott: doesn't show hand
*** SUMMARY ***
Total pot $12 | Rake $0.24
Board [9d 5h Ac]
Seat 1: aremom4e (big blind) folded on the Flop
Seat 2: punkrott (button) (small blind) collected ($11.76)


PokerStars Hand #146856798202:  Hold'em Limit ($3/$6 USD) - 2016/01/11 10:21:26 ET
Table 'Bellerophon' 2-max Seat #2 is the button
Seat 1: aremom4e ($80.30 in chips)
Seat 2: punkrott ($149 in chips)
punkrott: posts small blind $1
aremom4e: posts big blind $3
*** HOLE CARDS ***
punkrott: folds
Uncalled bet ($2) returned to aremom4e
aremom4e collected $2 from pot
aremom4e: doesn't show hand
*** SUMMARY ***
Total pot $2 | Rake $0
Seat 1: aremom4e (big blind) collected ($2)
Seat 2: punkrott (button) (small blind) folded before Flop


PokerStars Hand #146856794547:  Hold'em Limit ($3/$6 USD) - 2016/01/11 10:21:21 ET
Table 'Bellerophon' 2-max Seat #1 is the button
Seat 1: aremom4e ($81.30 in chips)
Seat 2: punkrott ($148 in chips)
aremom4e: posts small blind $1
punkrott: posts big blind $3
*** HOLE CARDS ***
aremom4e: folds
Uncalled bet ($2) returned to punkrott
punkrott collected $2 from pot
punkrott: doesn't show hand
*** SUMMARY ***
Total pot $2 | Rake $0
Seat 1: aremom4e (button) (small blind) folded before Flop
Seat 2: punkrott (big blind) collected ($2)


PokerStars Hand #146856790694:  Hold'em Limit ($3/$6 USD) - 2016/01/11 10:21:16 ET
Table 'Bellerophon' 2-max Seat #2 is the button
Seat 1: aremom4e ($84.30 in chips)
Seat 2: punkrott ($145 in chips)
punkrott: posts small blind $1
aremom4e: posts big blind $3
*** HOLE CARDS ***
punkrott: raises $3 to $6
aremom4e: folds
Uncalled bet ($3) returned to punkrott
punkrott collected $6 from pot
punkrott: doesn't show hand
*** SUMMARY ***
Total pot $6 | Rake $0
Seat 1: aremom4e (big blind) folded before Flop
Seat 2: punkrott (button) (small blind) collected ($6)


PokerStars Hand #146856784215:  Hold'em Limit ($3/$6 USD) - 2016/01/11 10:21:08 ET
Table 'Bellerophon' 2-max Seat #1 is the button
Seat 1: aremom4e ($78.54 in chips)
Seat 2: punkrott ($151 in chips)
aremom4e: posts small blind $1
punkrott: posts big blind $3
*** HOLE CARDS ***
aremom4e: raises $3 to $6
punkrott: calls $3
*** FLOP *** [3h 6d 9c]
punkrott: checks
aremom4e: bets $3
punkrott: folds
Uncalled bet ($3) returned to aremom4e
aremom4e collected $11.76 from pot
aremom4e: doesn't show hand
*** SUMMARY ***
Total pot $12 | Rake $0.24
Board [3h 6d 9c]
Seat 1: aremom4e (button) (small blind) collected ($11.76)
Seat 2: punkrott (big blind) folded on the Flop


PokerStars Hand #146856774690:  Hold'em Limit ($3/$6 USD) - 2016/01/11 10:20:56 ET
Table 'Bellerophon' 2-max Seat #2 is the button
Seat 1: aremom4e ($64.04 in chips)
Seat 2: punkrott ($166 in chips)
punkrott: posts small blind $1
aremom4e: posts big blind $3
*** HOLE CARDS ***
punkrott: raises $3 to $6
aremom4e: calls $3
*** FLOP *** [Ac 8h 3h]
aremom4e: checks
punkrott: bets $3
aremom4e: calls $3
*** TURN *** [Ac 8h 3h] [2h]
aremom4e: checks
punkrott: checks
*** RIVER *** [Ac 8h 3h 2h] [Kh]
aremom4e: bets $6
punkrott: calls $6
*** SHOW DOWN ***
aremom4e: shows [8d 7h] (a flush, King high)
punkrott: mucks hand
aremom4e collected $29.50 from pot
*** SUMMARY ***
Total pot $30 | Rake $0.50
Board [Ac 8h 3h 2h Kh]
Seat 1: aremom4e (big blind) showed [8d 7h] and won ($29.50) with a flush, King high
Seat 2: punkrott (button) (small blind) mucked


PokerStars Hand #146856866073:  Hold'em Limit ($3/$6 USD) - 2016/01/11 10:22:53 ET
Table 'Bellerophon' 2-max Seat #1 is the button
Seat 1: aremom4e ($47.62 in chips)
Seat 2: punkrott ($179.10 in chips)
aremom4e: posts small blind $1
punkrott: posts big blind $3
*** HOLE CARDS ***
aremom4e: raises $3 to $6
punkrott: raises $3 to $9
aremom4e: calls $3
*** FLOP *** [8d Ac Td]
punkrott: bets $3
aremom4e: folds
Uncalled bet ($3) returned to punkrott
punkrott collected $17.64 from pot
punkrott: doesn't show hand
*** SUMMARY ***
Total pot $18 | Rake $0.36
Board [8d Ac Td]
Seat 1: aremom4e (button) (small blind) folded on the Flop
Seat 2: punkrott (big blind) collected ($17.64)


PokerStars Hand #146856851724:  Hold'em Limit ($3/$6 USD) - 2016/01/11 10:22:35 ET
Table 'Bellerophon' 2-max Seat #2 is the button
Seat 1: aremom4e ($24.06 in chips)
Seat 2: punkrott ($203.16 in chips)
punkrott: posts small blind $1
aremom4e: posts big blind $3
*** HOLE CARDS ***
punkrott: raises $3 to $6
aremom4e: calls $3
*** FLOP *** [6d Qc Ad]
aremom4e: checks
punkrott: bets $3
aremom4e: raises $3 to $6
punkrott: calls $3
*** TURN *** [6d Qc Ad] [Kd]
aremom4e: bets $6
punkrott: raises $6 to $12
aremom4e: calls $6
*** RIVER *** [6d Qc Ad Kd] [3h]
aremom4e: bets $0.06 and is all-in
punkrott: calls $0.06
*** SHOW DOWN ***
aremom4e: shows [4d 5d] (a flush, Ace high)
punkrott: shows [7d Ks] (a pair of Kings)
aremom4e collected $47.62 from pot
*** SUMMARY ***
Total pot $48.12 | Rake $0.50
Board [6d Qc Ad Kd 3h]
Seat 1: aremom4e (big blind) showed [4d 5d] and won ($47.62) with a flush, Ace high
Seat 2: punkrott (button) (small blind) showed [7d Ks] and lost with a pair of Kings


PokerStars Hand #146856845281:  Hold'em Limit ($3/$6 USD) - 2016/01/11 10:22:27 ET
Table 'Bellerophon' 2-max Seat #1 is the button
Seat 1: aremom4e ($18.30 in chips)
Seat 2: punkrott ($209.16 in chips)
aremom4e: posts small blind $1
punkrott: posts big blind $3
*** HOLE CARDS ***
aremom4e: raises $3 to $6
punkrott: calls $3
*** FLOP *** [As Ks 8d]
punkrott: checks
aremom4e: bets $3
punkrott: folds
Uncalled bet ($3) returned to aremom4e
aremom4e collected $11.76 from pot
aremom4e: doesn't show hand
*** SUMMARY ***
Total pot $12 | Rake $0.24
Board [As Ks 8d]
Seat 1: aremom4e (button) (small blind) collected ($11.76)
Seat 2: punkrott (big blind) folded on the Flop


PokerStars Hand #146856839156:  Hold'em Limit ($3/$6 USD) - 2016/01/11 10:22:19 ET
Table 'Bellerophon' 2-max Seat #2 is the button
Seat 1: aremom4e ($24.30 in chips)
Seat 2: punkrott ($203.40 in chips)
punkrott: posts small blind $1
aremom4e: posts big blind $3
*** HOLE CARDS ***
punkrott: raises $3 to $6
aremom4e: calls $3
*** FLOP *** [8c 3c Ts]
aremom4e: checks
punkrott: bets $3
aremom4e: folds
Uncalled bet ($3) returned to punkrott
punkrott collected $11.76 from pot
punkrott: doesn't show hand
*** SUMMARY ***
Total pot $12 | Rake $0.24
Board [8c 3c Ts]
Seat 1: aremom4e (big blind) folded on the Flop
Seat 2: punkrott (button) (small blind) collected ($11.76)


PokerStars Hand #146856828995:  Hold'em Limit ($3/$6 USD) - 2016/01/11 10:22:06 ET
Table 'Bellerophon' 2-max Seat #1 is the button
Seat 1: aremom4e ($48.30 in chips)
Seat 2: punkrott ($179.90 in chips)
aremom4e: posts small blind $1
punkrott: posts big blind $3
*** HOLE CARDS ***
aremom4e: raises $3 to $6
punkrott: calls $3
*** FLOP *** [Kd 3s Qs]
punkrott: checks
aremom4e: bets $3
punkrott: raises $3 to $6
aremom4e: calls $3
*** TURN *** [Kd 3s Qs] [Jc]
punkrott: bets $6
aremom4e: calls $6
*** RIVER *** [Kd 3s Qs Jc] [8s]
punkrott: bets $6
aremom4e: calls $6
*** SHOW DOWN ***
punkrott: shows [3h Qc] (two pair, Queens and Threes)
aremom4e: mucks hand
punkrott collected $47.50 from pot
*** SUMMARY ***
Total pot $48 | Rake $0.50
Board [Kd 3s Qs Jc 8s]
Seat 1: aremom4e (button) (small blind) mucked
Seat 2: punkrott (big blind) showed [3h Qc] and won ($47.50) with two pair, Queens and Threes


PokerStars Hand #146856825342:  Hold'em Limit ($3/$6 USD) - 2016/01/11 10:22:01 ET
Table 'Bellerophon' 2-max Seat #2 is the button
Seat 1: aremom4e ($51.30 in chips)
Seat 2: punkrott ($176.90 in chips)
punkrott: posts small blind $1
aremom4e: posts big blind $3
*** HOLE CARDS ***
punkrott: raises $3 to $6
aremom4e: folds
Uncalled bet ($3) returned to punkrott
punkrott collected $6 from pot
punkrott: doesn't show hand
*** SUMMARY ***
Total pot $6 | Rake $0
Seat 1: aremom4e (big blind) folded before Flop
Seat 2: punkrott (button) (small blind) collected ($6)


PokerStars Hand #146856905525:  Hold'em Limit ($3/$6 USD) - 2016/01/11 10:23:44 ET
Table 'Bellerophon' 2-max Seat #2 is the button
Seat 1: aremom4e ($30.26 in chips)
Seat 2: punkrott ($195.26 in chips)
punkrott: posts small blind $1
aremom4e: posts big blind $3
*** HOLE CARDS ***
punkrott: raises $3 to $6
aremom4e: raises $3 to $9
punkrott: calls $3
*** FLOP *** [8d Ac 2c]
aremom4e: bets $3
punkrott: calls $3
*** TURN *** [8d Ac 2c] [2d]
aremom4e: bets $6
punkrott: raises $6 to $12
aremom4e: calls $6
*** RIVER *** [8d Ac 2c 2d] [Jh]
aremom4e: checks
punkrott: bets $6
aremom4e: folds
Uncalled bet ($6) returned to punkrott
punkrott collected $47.50 from pot
punkrott: doesn't show hand
*** SUMMARY ***
Total pot $48 | Rake $0.50
Board [8d Ac 2c 2d Jh]
Seat 1: aremom4e (big blind) folded on the River
Seat 2: punkrott (button) (small blind) collected ($47.50)


PokerStars Hand #146856896647:  Hold'em Limit ($3/$6 USD) - 2016/01/11 10:23:33 ET
Table 'Bellerophon' 2-max Seat #1 is the button
Seat 1: aremom4e ($21.62 in chips)
Seat 2: punkrott ($204.26 in chips)
aremom4e: posts small blind $1
punkrott: posts big blind $3
*** HOLE CARDS ***
aremom4e: raises $3 to $6
punkrott: calls $3
*** FLOP *** [4c 4h 2d]
punkrott: checks
aremom4e: bets $3
punkrott: calls $3
*** TURN *** [4c 4h 2d] [Kc]
punkrott: checks
aremom4e: bets $6
punkrott: folds
Uncalled bet ($6) returned to aremom4e
aremom4e collected $17.64 from pot
aremom4e: doesn't show hand
*** SUMMARY ***
Total pot $18 | Rake $0.36
Board [4c 4h 2d Kc]
Seat 1: aremom4e (button) (small blind) collected ($17.64)
Seat 2: punkrott (big blind) folded on the Turn


PokerStars Hand #146856890280:  Hold'em Limit ($3/$6 USD) - 2016/01/11 10:23:24 ET
Table 'Bellerophon' 2-max Seat #2 is the button
Seat 1: aremom4e ($27.62 in chips)
Seat 2: punkrott ($198.50 in chips)
punkrott: posts small blind $1
aremom4e: posts big blind $3
*** HOLE CARDS ***
punkrott: raises $3 to $6
aremom4e: calls $3
*** FLOP *** [Th Ac Jd]
aremom4e: checks
punkrott: bets $3
aremom4e: folds
Uncalled bet ($3) returned to punkrott
punkrott collected $11.76 from pot
punkrott: doesn't show hand
*** SUMMARY ***
Total pot $12 | Rake $0.24
Board [Th Ac Jd]
Seat 1: aremom4e (big blind) folded on the Flop
Seat 2: punkrott (button) (small blind) collected ($11.76)


PokerStars Hand #146856886478:  Hold'em Limit ($3/$6 USD) - 2016/01/11 10:23:20 ET
Table 'Bellerophon' 2-max Seat #1 is the button
Seat 1: aremom4e ($28.62 in chips)
Seat 2: punkrott ($197.50 in chips)
aremom4e: posts small blind $1
punkrott: posts big blind $3
*** HOLE CARDS ***
aremom4e: folds
Uncalled bet ($2) returned to punkrott
punkrott collected $2 from pot
punkrott: doesn't show hand
*** SUMMARY ***
Total pot $2 | Rake $0
Seat 1: aremom4e (button) (small blind) folded before Flop
Seat 2: punkrott (big blind) collected ($2)


PokerStars Hand #146856879927:  Hold'em Limit ($3/$6 USD) - 2016/01/11 10:23:11 ET
Table 'Bellerophon' 2-max Seat #2 is the button
Seat 1: aremom4e ($34.62 in chips)
Seat 2: punkrott ($191.74 in chips)
punkrott: posts small blind $1
aremom4e: posts big blind $3
*** HOLE CARDS ***
punkrott: raises $3 to $6
aremom4e: calls $3
*** FLOP *** [2c Ah Td]
aremom4e: checks
punkrott: bets $3
aremom4e: folds
Uncalled bet ($3) returned to punkrott
punkrott collected $11.76 from pot
punkrott: doesn't show hand
*** SUMMARY ***
Total pot $12 | Rake $0.24
Board [2c Ah Td]
Seat 1: aremom4e (big blind) folded on the Flop
Seat 2: punkrott (button) (small blind) collected ($11.76)


PokerStars Hand #146856876194:  Hold'em Limit ($3/$6 USD) - 2016/01/11 10:23:06 ET
Table 'Bellerophon' 2-max Seat #1 is the button
Seat 1: aremom4e ($35.62 in chips)
Seat 2: punkrott ($190.74 in chips)
aremom4e: posts small blind $1
punkrott: posts big blind $3
*** HOLE CARDS ***
aremom4e: folds
Uncalled bet ($2) returned to punkrott
punkrott collected $2 from pot
punkrott: doesn't show hand
*** SUMMARY ***
Total pot $2 | Rake $0
Seat 1: aremom4e (button) (small blind) folded before Flop
Seat 2: punkrott (big blind) collected ($2)


PokerStars Hand #146856872319:  Hold'em Limit ($3/$6 USD) - 2016/01/11 10:23:01 ET
Table 'Bellerophon' 2-max Seat #2 is the button
Seat 1: aremom4e ($38.62 in chips)
Seat 2: punkrott ($187.74 in chips)
punkrott: posts small blind $1
aremom4e: posts big blind $3
*** HOLE CARDS ***
punkrott: raises $3 to $6
aremom4e: folds
Uncalled bet ($3) returned to punkrott
punkrott collected $6 from pot
punkrott: doesn't show hand
*** SUMMARY ***
Total pot $6 | Rake $0
Seat 1: aremom4e (big blind) folded before Flop
Seat 2: punkrott (button) (small blind) collected ($6)


PokerStars Hand #146856921791:  Hold'em Limit ($3/$6 USD) - 2016/01/11 10:24:05 ET
Table 'Bellerophon' 2-max Seat #2 is the button
Seat 1: aremom4e ($5.26 in chips)
Seat 2: punkrott ($219.76 in chips)
punkrott: posts small blind $1
aremom4e: posts big blind $3
*** HOLE CARDS ***
punkrott: raises $3 to $6
aremom4e: folds
Uncalled bet ($3) returned to punkrott
punkrott collected $6 from pot
punkrott: doesn't show hand
*** SUMMARY ***
Total pot $6 | Rake $0
Seat 1: aremom4e (big blind) folded before Flop
Seat 2: punkrott (button) (small blind) collected ($6)


PokerStars Hand #146856917379:  Hold'em Limit ($3/$6 USD) - 2016/01/11 10:24:00 ET
Table 'Bellerophon' 2-max Seat #1 is the button
Seat 1: aremom4e ($6.26 in chips)
Seat 2: punkrott ($218.76 in chips)
aremom4e: posts small blind $1
punkrott: posts big blind $3
*** HOLE CARDS ***
aremom4e: folds
Uncalled bet ($2) returned to punkrott
punkrott collected $2 from pot
punkrott: doesn't show hand
*** SUMMARY ***
Total pot $2 | Rake $0
Seat 1: aremom4e (button) (small blind) folded before Flop
Seat 2: punkrott (big blind) collected ($2)


