PokerStars Hand #158915821475:  Hold'em Limit ($3/$6 USD) - 2016/09/21 17:04:10 ET
Table 'Bellona II' 10-max Seat #3 is the button
Seat 3: TinaTurner72 ($120 in chips)
Seat 4: OOoo2000 ($120 in chips)
TinaTurner72: posts small blind $1
OOoo2000: posts big blind $3
*** HOLE CARDS ***
Zubasa07 joins the table at seat #5
TinaTurner72: raises $3 to $6
OOoo2000: raises $3 to $9
TinaTurner72: calls $3
*** FLOP *** [Jc 5s 3d]
OOoo2000: bets $3
TinaTurner72: calls $3
*** TURN *** [Jc 5s 3d] [Js]
OOoo2000: bets $6
TinaTurner72: folds
Uncalled bet ($6) returned to OOoo2000
OOoo2000 collected $23.52 from pot
OOoo2000: doesn't show hand
*** SUMMARY ***
Total pot $24 | Rake $0.48
Board [Jc 5s 3d Js]
Seat 3: TinaTurner72 (button) (small blind) folded on the Turn
Seat 4: OOoo2000 (big blind) collected ($23.52)


PokerStars Hand #158915937328:  Hold'em Limit ($3/$6 USD) - 2016/09/21 17:06:19 ET
Table 'Bellona II' 10-max Seat #5 is the button
Seat 4: OOoo2000 ($135.62 in chips)
Seat 5: Zubasa07 ($494.43 in chips)
Zubasa07: posts small blind $1
TinaTurner72: is sitting out
OOoo2000: posts big blind $3
*** HOLE CARDS ***
Zubasa07: raises $3 to $6
OOoo2000: calls $3
*** FLOP *** [Kh 3s Qd]
OOoo2000: checks
TinaTurner72 leaves the table
Zubasa07: bets $3
OOoo2000: calls $3
*** TURN *** [Kh 3s Qd] [Jh]
OOoo2000: checks
Zubasa07: bets $6
OOoo2000: calls $6
*** RIVER *** [Kh 3s Qd Jh] [Kc]
OOoo2000: checks
Zubasa07: bets $6
OOoo2000: calls $6
*** SHOW DOWN ***
Zubasa07: shows [Qs Jc] (two pair, Kings and Queens)
OOoo2000: shows [Qh 4h] (two pair, Kings and Queens)
OOoo2000 collected $20.75 from pot
Zubasa07 collected $20.75 from pot
*** SUMMARY ***
Total pot $42 | Rake $0.50
Board [Kh 3s Qd Jh Kc]
Seat 4: OOoo2000 (big blind) showed [Qh 4h] and won ($20.75) with two pair, Kings and Queens
Seat 5: Zubasa07 (button) (small blind) showed [Qs Jc] and won ($20.75) with two pair, Kings and Queens


PokerStars Hand #158916002093:  Hold'em Limit ($3/$6 USD) - 2016/09/21 17:07:38 ET
Table 'Bellona II' 10-max Seat #5 is the button
Seat 4: OOoo2000 ($119.37 in chips)
Seat 5: Zubasa07 ($509.58 in chips)
Zubasa07: posts small blind $1
OOoo2000: posts big blind $3
*** HOLE CARDS ***
Zubasa07: raises $3 to $6
OOoo2000: folds
Uncalled bet ($3) returned to Zubasa07
Zubasa07 collected $6 from pot
Zubasa07: doesn't show hand
*** SUMMARY ***
Total pot $6 | Rake $0
Seat 4: OOoo2000 (big blind) folded before Flop
Seat 5: Zubasa07 (button) (small blind) collected ($6)


PokerStars Hand #158915998192:  Hold'em Limit ($3/$6 USD) - 2016/09/21 17:07:33 ET
Table 'Bellona II' 10-max Seat #4 is the button
Seat 4: OOoo2000 ($120.37 in chips)
Seat 5: Zubasa07 ($508.58 in chips)
OOoo2000: posts small blind $1
Zubasa07: posts big blind $3
*** HOLE CARDS ***
OOoo2000: folds
Uncalled bet ($2) returned to Zubasa07
Zubasa07 collected $2 from pot
Zubasa07: doesn't show hand
*** SUMMARY ***
Total pot $2 | Rake $0
Seat 4: OOoo2000 (button) (small blind) folded before Flop
Seat 5: Zubasa07 (big blind) collected ($2)


PokerStars Hand #158915988322:  Hold'em Limit ($3/$6 USD) - 2016/09/21 17:07:21 ET
Table 'Bellona II' 10-max Seat #5 is the button
Seat 4: OOoo2000 ($126.37 in chips)
Seat 5: Zubasa07 ($502.82 in chips)
Zubasa07: posts small blind $1
OOoo2000: posts big blind $3
*** HOLE CARDS ***
Zubasa07: raises $3 to $6
OOoo2000: calls $3
*** FLOP *** [4s 3d 4c]
OOoo2000: checks
Zubasa07: bets $3
OOoo2000: folds
Uncalled bet ($3) returned to Zubasa07
Zubasa07 collected $11.76 from pot
Zubasa07: doesn't show hand
*** SUMMARY ***
Total pot $12 | Rake $0.24
Board [4s 3d 4c]
Seat 4: OOoo2000 (big blind) folded on the Flop
Seat 5: Zubasa07 (button) (small blind) collected ($11.76)


PokerStars Hand #158915958312:  Hold'em Limit ($3/$6 USD) - 2016/09/21 17:06:44 ET
Table 'Bellona II' 10-max Seat #4 is the button
Seat 4: OOoo2000 ($135.37 in chips)
Seat 5: Zubasa07 ($494.18 in chips)
OOoo2000: posts small blind $1
Zubasa07: posts big blind $3
*** HOLE CARDS ***
OOoo2000: raises $3 to $6
Zubasa07: calls $3
*** FLOP *** [4d Jc 2h]
Zubasa07: checks
OOoo2000: bets $3
Zubasa07: calls $3
*** TURN *** [4d Jc 2h] [9s]
Zubasa07: checks
OOoo2000: checks
*** RIVER *** [4d Jc 2h 9s] [9c]
Zubasa07: checks
OOoo2000: checks
*** SHOW DOWN ***
Zubasa07: shows [8h Qs] (a pair of Nines)
OOoo2000: mucks hand
Zubasa07 collected $17.64 from pot
*** SUMMARY ***
Total pot $18 | Rake $0.36
Board [4d Jc 2h 9s 9c]
Seat 4: OOoo2000 (button) (small blind) mucked
Seat 5: Zubasa07 (big blind) showed [8h Qs] and won ($17.64) with a pair of Nines


PokerStars Hand #158916036230:  Hold'em Limit ($3/$6 USD) - 2016/09/21 17:08:20 ET
Table 'Bellona II' 10-max Seat #5 is the button
Seat 4: OOoo2000 ($99.37 in chips)
Seat 5: Zubasa07 ($528.86 in chips)
Zubasa07: posts small blind $1
OOoo2000: posts big blind $3
*** HOLE CARDS ***
Zubasa07: raises $3 to $6
OOoo2000: folds
Uncalled bet ($3) returned to Zubasa07
Zubasa07 collected $6 from pot
Zubasa07: doesn't show hand
*** SUMMARY ***
Total pot $6 | Rake $0
Seat 4: OOoo2000 (big blind) folded before Flop
Seat 5: Zubasa07 (button) (small blind) collected ($6)


PokerStars Hand #158916024331:  Hold'em Limit ($3/$6 USD) - 2016/09/21 17:08:05 ET
Table 'Bellona II' 10-max Seat #4 is the button
Seat 4: OOoo2000 ($108.37 in chips)
Seat 5: Zubasa07 ($520.22 in chips)
OOoo2000: posts small blind $1
Zubasa07: posts big blind $3
*** HOLE CARDS ***
OOoo2000: raises $3 to $6
Zubasa07: raises $3 to $9
OOoo2000: calls $3
*** FLOP *** [6c Ks 2d]
Zubasa07: bets $3
OOoo2000: folds
Uncalled bet ($3) returned to Zubasa07
Zubasa07 collected $17.64 from pot
Zubasa07: doesn't show hand
*** SUMMARY ***
Total pot $18 | Rake $0.36
Board [6c Ks 2d]
Seat 4: OOoo2000 (button) (small blind) folded on the Flop
Seat 5: Zubasa07 (big blind) collected ($17.64)


PokerStars Hand #158916018206:  Hold'em Limit ($3/$6 USD) - 2016/09/21 17:07:58 ET
Table 'Bellona II' 10-max Seat #5 is the button
Seat 4: OOoo2000 ($107.37 in chips)
Seat 5: Zubasa07 ($521.22 in chips)
Zubasa07: posts small blind $1
OOoo2000: posts big blind $3
*** HOLE CARDS ***
Zubasa07: folds
Uncalled bet ($2) returned to OOoo2000
OOoo2000 collected $2 from pot
OOoo2000: doesn't show hand
*** SUMMARY ***
Total pot $2 | Rake $0
Seat 4: OOoo2000 (big blind) collected ($2)
Seat 5: Zubasa07 (button) (small blind) folded before Flop


PokerStars Hand #158916008046:  Hold'em Limit ($3/$6 USD) - 2016/09/21 17:07:45 ET
Table 'Bellona II' 10-max Seat #4 is the button
Seat 4: OOoo2000 ($116.37 in chips)
Seat 5: Zubasa07 ($512.58 in chips)
OOoo2000: posts small blind $1
Zubasa07: posts big blind $3
*** HOLE CARDS ***
vestimokrec joins the table at seat #6
OOoo2000: raises $3 to $6
Zubasa07: raises $3 to $9
OOoo2000: calls $3
*** FLOP *** [3s Ah 5c]
Zubasa07: bets $3
OOoo2000: folds
Uncalled bet ($3) returned to Zubasa07
Zubasa07 collected $17.64 from pot
Zubasa07: doesn't show hand
*** SUMMARY ***
Total pot $18 | Rake $0.36
Board [3s Ah 5c]
Seat 4: OOoo2000 (button) (small blind) folded on the Flop
Seat 5: Zubasa07 (big blind) collected ($17.64)


PokerStars Hand #158916075680:  Hold'em Limit ($3/$6 USD) - 2016/09/21 17:09:09 ET
Table 'Bellona II' 10-max Seat #4 is the button
Seat 4: OOoo2000 ($117.87 in chips)
Seat 5: Zubasa07 ($509.86 in chips)
OOoo2000: posts small blind $1
Zubasa07: posts big blind $3
*** HOLE CARDS ***
OOoo2000: raises $3 to $6
Zubasa07: calls $3
*** FLOP *** [Ts 7h 8s]
Zubasa07: checks
OOoo2000: checks
*** TURN *** [Ts 7h 8s] [8h]
Zubasa07: bets $6
OOoo2000: calls $6
*** RIVER *** [Ts 7h 8s 8h] [6d]
Zubasa07: bets $6
OOoo2000: folds
Uncalled bet ($6) returned to Zubasa07
Zubasa07 collected $23.52 from pot
Zubasa07: doesn't show hand
*** SUMMARY ***
Total pot $24 | Rake $0.48
Board [Ts 7h 8s 8h 6d]
Seat 4: OOoo2000 (button) (small blind) folded on the River
Seat 5: Zubasa07 (big blind) collected ($23.52)


PokerStars Hand #158916070472:  Hold'em Limit ($3/$6 USD) - 2016/09/21 17:09:02 ET
Table 'Bellona II' 10-max Seat #5 is the button
Seat 4: OOoo2000 ($116.87 in chips)
Seat 5: Zubasa07 ($510.86 in chips)
Zubasa07: posts small blind $1
OOoo2000: posts big blind $3
*** HOLE CARDS ***
Zubasa07: folds
Uncalled bet ($2) returned to OOoo2000
OOoo2000 collected $2 from pot
OOoo2000: doesn't show hand
*** SUMMARY ***
Total pot $2 | Rake $0
Seat 4: OOoo2000 (big blind) collected ($2)
Seat 5: Zubasa07 (button) (small blind) folded before Flop


PokerStars Hand #158916040493:  Hold'em Limit ($3/$6 USD) - 2016/09/21 17:08:25 ET
Table 'Bellona II' 10-max Seat #4 is the button
Seat 4: OOoo2000 ($96.37 in chips)
Seat 5: Zubasa07 ($531.86 in chips)
OOoo2000: posts small blind $1
Zubasa07: posts big blind $3
*** HOLE CARDS ***
OOoo2000: raises $3 to $6
Zubasa07: raises $3 to $9
OOoo2000: calls $3
*** FLOP *** [9s Ks 3d]
Zubasa07: bets $3
OOoo2000: raises $3 to $6
Zubasa07: calls $3
*** TURN *** [9s Ks 3d] [4c]
Zubasa07: checks
OOoo2000: bets $6
Zubasa07: calls $6
*** RIVER *** [9s Ks 3d 4c] [Ah]
Zubasa07: checks
OOoo2000: checks
*** SHOW DOWN ***
Zubasa07: shows [Jd Td] (high card Ace)
OOoo2000: shows [Kc 5h] (a pair of Kings)
OOoo2000 collected $41.50 from pot
*** SUMMARY ***
Total pot $42 | Rake $0.50
Board [9s Ks 3d 4c Ah]
Seat 4: OOoo2000 (button) (small blind) showed [Kc 5h] and won ($41.50) with a pair of Kings
Seat 5: Zubasa07 (big blind) showed [Jd Td] and lost with high card Ace


PokerStars Hand #158916132211:  Hold'em Limit ($3/$6 USD) - 2016/09/21 17:10:18 ET
Table 'Bellona II' 10-max Seat #4 is the button
Seat 4: OOoo2000 ($81.87 in chips)
Seat 5: Zubasa07 ($544.88 in chips)
OOoo2000: posts small blind $1
Zubasa07: posts big blind $3
*** HOLE CARDS ***
OOoo2000: folds
Uncalled bet ($2) returned to Zubasa07
Zubasa07 collected $2 from pot
Zubasa07: doesn't show hand
*** SUMMARY ***
Total pot $2 | Rake $0
Seat 4: OOoo2000 (button) (small blind) folded before Flop
Seat 5: Zubasa07 (big blind) collected ($2)


PokerStars Hand #158916105898:  Hold'em Limit ($3/$6 USD) - 2016/09/21 17:09:46 ET
Table 'Bellona II' 10-max Seat #5 is the button
Seat 4: OOoo2000 ($105.87 in chips)
Seat 5: Zubasa07 ($521.38 in chips)
Zubasa07: posts small blind $1
OOoo2000: posts big blind $3
*** HOLE CARDS ***
Zubasa07: raises $3 to $6
OOoo2000: raises $3 to $9
Zubasa07: calls $3
*** FLOP *** [2h 5h Ks]
OOoo2000: bets $3
Zubasa07: calls $3
*** TURN *** [2h 5h Ks] [4s]
OOoo2000: bets $6
Zubasa07: calls $6
*** RIVER *** [2h 5h Ks 4s] [Js]
OOoo2000: bets $6
Zubasa07: calls $6
*** SHOW DOWN ***
OOoo2000: shows [As Qd] (high card Ace)
Zubasa07: shows [6d 4d] (a pair of Fours)
Zubasa07 collected $47.50 from pot
*** SUMMARY ***
Total pot $48 | Rake $0.50
Board [2h 5h Ks 4s Js]
Seat 4: OOoo2000 (big blind) showed [As Qd] and lost with high card Ace
Seat 5: Zubasa07 (button) (small blind) showed [6d 4d] and won ($47.50) with a pair of Fours


