PokerStars Hand #171075224178:  Hold'em Limit ($3/$6 USD) - 2017/05/29 12:59:55 ET
Table 'Bellerophon' 10-max Seat #6 is the button
Seat 1: LifeisagameX ($89.76 in chips)
Seat 6: **Geka**555 ($34 in chips)
**Geka**555: posts small blind $1
LifeisagameX: posts big blind $3
*** HOLE CARDS ***
**Geka**555: folds
Uncalled bet ($2) returned to LifeisagameX
LifeisagameX collected $2 from pot
LifeisagameX: doesn't show hand
*** SUMMARY ***
Total pot $2 | Rake $0
Seat 1: LifeisagameX (big blind) collected ($2)
Seat 6: **Geka**555 (button) (small blind) folded before Flop


PokerStars Hand #171075215532:  Hold'em Limit ($3/$6 USD) - 2017/05/29 12:59:41 ET
Table 'Bellerophon' 10-max Seat #6 is the button
Seat 1: LifeisagameX ($89.76 in chips)
Seat 6: **Geka**555 ($34 in chips)
**Geka**555: posts small blind $1
LifeisagameX: posts big blind $3
*** HOLE CARDS ***
**Geka**555: folds
Uncalled bet ($2) returned to LifeisagameX
LifeisagameX collected $2 from pot
LifeisagameX: doesn't show hand
*** SUMMARY ***
Total pot $2 | Rake $0
Seat 1: LifeisagameX (big blind) collected ($2)
Seat 6: **Geka**555 (button) (small blind) folded before Flop


PokerStars Hand #171075198836:  Hold'em Limit ($3/$6 USD) - 2017/05/29 12:59:14 ET
Table 'Bellerophon' 10-max Seat #1 is the button
Seat 1: LifeisagameX ($84 in chips)
Seat 6: **Geka**555 ($40 in chips)
LifeisagameX: posts small blind $1
**Geka**555: posts big blind $3
*** HOLE CARDS ***
LifeisagameX: raises $3 to $6
**Geka**555: calls $3
*** FLOP *** [Ts Th 7h]
**Geka**555: checks
LifeisagameX: bets $3
**Geka**555: folds
Uncalled bet ($3) returned to LifeisagameX
LifeisagameX collected $11.76 from pot
LifeisagameX: doesn't show hand
*** SUMMARY ***
Total pot $12 | Rake $0.24
Board [Ts Th 7h]
Seat 1: LifeisagameX (button) (small blind) collected ($11.76)
Seat 6: **Geka**555 (big blind) folded on the Flop


PokerStars Hand #171075230100:  Hold'em Limit ($3/$6 USD) - 2017/05/29 13:00:05 ET
Table 'Bellerophon' 10-max Seat #1 is the button
Seat 1: LifeisagameX ($90.76 in chips)
Seat 6: **Geka**555 ($33 in chips)
LifeisagameX: posts small blind $1
**Geka**555: posts big blind $3
*** HOLE CARDS ***
LifeisagameX: raises $3 to $6
**Geka**555: calls $3
*** FLOP *** [8c Jh 5d]
**Geka**555: checks
LifeisagameX: bets $3
**Geka**555: raises $3 to $6
LifeisagameX: calls $3
*** TURN *** [8c Jh 5d] [Qs]
**Geka**555: bets $6
LifeisagameX: folds
Uncalled bet ($6) returned to **Geka**555
**Geka**555 collected $23.52 from pot
**Geka**555: doesn't show hand
*** SUMMARY ***
Total pot $24 | Rake $0.48
Board [8c Jh 5d Qs]
Seat 1: LifeisagameX (button) (small blind) folded on the Turn
Seat 6: **Geka**555 (big blind) collected ($23.52)


PokerStars Hand #171075260612:  Hold'em Limit ($3/$6 USD) - 2017/05/29 13:00:53 ET
Table 'Bellerophon' 10-max Seat #6 is the button
Seat 1: LifeisagameX ($84 in chips)
Seat 6: **Geka**555 ($44.52 in chips)
**Geka**555: posts small blind $1
LifeisagameX: posts big blind $3
*** HOLE CARDS ***
**Geka**555: raises $3 to $6
LifeisagameX: calls $3
*** FLOP *** [5c 7c 8s]
LifeisagameX: checks
**Geka**555: bets $3
LifeisagameX: calls $3
*** TURN *** [5c 7c 8s] [2h]
LifeisagameX: checks
**Geka**555: checks
*** RIVER *** [5c 7c 8s 2h] [2d]
LifeisagameX: bets $6
**Geka**555: calls $6
*** SHOW DOWN ***
LifeisagameX: shows [Ts 8h] (two pair, Eights and Deuces)
**Geka**555: mucks hand
LifeisagameX collected $29.50 from pot
*** SUMMARY ***
Total pot $30 | Rake $0.50
Board [5c 7c 8s 2h 2d]
Seat 1: LifeisagameX (big blind) showed [Ts 8h] and won ($29.50) with two pair, Eights and Deuces
Seat 6: **Geka**555 (button) (small blind) mucked


PokerStars Hand #171075311373:  Hold'em Limit ($3/$6 USD) - 2017/05/29 13:02:08 ET
Table 'Bellerophon' 10-max Seat #6 is the button
Seat 1: LifeisagameX ($84 in chips)
Seat 6: **Geka**555 ($53.02 in chips)
**Geka**555: posts small blind $1
LifeisagameX: posts big blind $3
*** HOLE CARDS ***
**Geka**555: folds
Uncalled bet ($2) returned to LifeisagameX
LifeisagameX collected $2 from pot
LifeisagameX: doesn't show hand
*** SUMMARY ***
Total pot $2 | Rake $0
Seat 1: LifeisagameX (big blind) collected ($2)
Seat 6: **Geka**555 (button) (small blind) folded before Flop


PokerStars Hand #171075290227:  Hold'em Limit ($3/$6 USD) - 2017/05/29 13:01:37 ET
Table 'Bellerophon' 10-max Seat #1 is the button
Seat 1: LifeisagameX ($98.50 in chips)
Seat 6: **Geka**555 ($29.52 in chips)
LifeisagameX: posts small blind $1
**Geka**555: posts big blind $3
*** HOLE CARDS ***
LifeisagameX: raises $3 to $6
**Geka**555: raises $3 to $9
LifeisagameX: calls $3
*** FLOP *** [4s 9h 3s]
**Geka**555: bets $3
LifeisagameX: calls $3
*** TURN *** [4s 9h 3s] [6c]
**Geka**555: bets $6
LifeisagameX: calls $6
*** RIVER *** [4s 9h 3s 6c] [2d]
**Geka**555: bets $6
LifeisagameX: calls $6
*** SHOW DOWN ***
**Geka**555: shows [5c Kc] (a straight, Deuce to Six)
LifeisagameX: mucks hand
**Geka**555 collected $47.50 from pot
*** SUMMARY ***
Total pot $48 | Rake $0.50
Board [4s 9h 3s 6c 2d]
Seat 1: LifeisagameX (button) (small blind) mucked
Seat 6: **Geka**555 (big blind) showed [5c Kc] and won ($47.50) with a straight, Deuce to Six


PokerStars Hand #171075388825:  Hold'em Limit ($3/$6 USD) - 2017/05/29 13:03:57 ET
Table 'Bellerophon' 10-max Seat #5 is the button
Seat 1: LifeisagameX ($84 in chips)
Seat 5: vad_hor ($110 in chips)
vad_hor: posts small blind $1
LifeisagameX: posts big blind $3
*** HOLE CARDS ***
vad_hor: folds
Uncalled bet ($2) returned to LifeisagameX
LifeisagameX collected $2 from pot
LifeisagameX: doesn't show hand
*** SUMMARY ***
Total pot $2 | Rake $0
Seat 1: LifeisagameX (big blind) collected ($2)
Seat 5: vad_hor (button) (small blind) folded before Flop


PokerStars Hand #171075426466:  Hold'em Limit ($3/$6 USD) - 2017/05/29 13:04:49 ET
Table 'Bellerophon' 10-max Seat #5 is the button
Seat 5: vad_hor ($116.64 in chips)
Seat 6: **Geka**555 ($45.02 in chips)
vad_hor: posts small blind $1
**Geka**555: posts big blind $3
*** HOLE CARDS ***
vad_hor: folds
Uncalled bet ($2) returned to **Geka**555
**Geka**555 collected $2 from pot
**Geka**555: doesn't show hand
*** SUMMARY ***
Total pot $2 | Rake $0
Seat 5: vad_hor (button) (small blind) folded before Flop
Seat 6: **Geka**555 (big blind) collected ($2)


PokerStars Hand #171075422301:  Hold'em Limit ($3/$6 USD) - 2017/05/29 13:04:43 ET
Table 'Bellerophon' 10-max Seat #6 is the button
Seat 5: vad_hor ($115.64 in chips)
Seat 6: **Geka**555 ($46.02 in chips)
**Geka**555: posts small blind $1
vad_hor: posts big blind $3
*** HOLE CARDS ***
LifeisagameX leaves the table
**Geka**555: folds
Uncalled bet ($2) returned to vad_hor
vad_hor collected $2 from pot
vad_hor: doesn't show hand
*** SUMMARY ***
Total pot $2 | Rake $0
Seat 5: vad_hor (big blind) collected ($2)
Seat 6: **Geka**555 (button) (small blind) folded before Flop


PokerStars Hand #171075430450:  Hold'em Limit ($3/$6 USD) - 2017/05/29 13:04:55 ET
Table 'Bellerophon' 10-max Seat #6 is the button
Seat 5: vad_hor ($115.64 in chips)
Seat 6: **Geka**555 ($46.02 in chips)
**Geka**555: posts small blind $1
vad_hor: posts big blind $3
*** HOLE CARDS ***
**Geka**555: folds
Uncalled bet ($2) returned to vad_hor
vad_hor collected $2 from pot
vad_hor: doesn't show hand
*** SUMMARY ***
Total pot $2 | Rake $0
Seat 5: vad_hor (big blind) collected ($2)
Seat 6: **Geka**555 (button) (small blind) folded before Flop


PokerStars Hand #171075457901:  Hold'em Limit ($3/$6 USD) - 2017/05/29 13:05:31 ET
Table 'Bellerophon' 10-max Seat #6 is the button
Seat 5: vad_hor ($101.64 in chips)
Seat 6: **Geka**555 ($59.52 in chips)
**Geka**555: posts small blind $1
vad_hor: posts big blind $3
*** HOLE CARDS ***
**Geka**555: calls $2
vad_hor: checks
*** FLOP *** [8h 7h 9h]
vad_hor: checks
**Geka**555: checks
*** TURN *** [8h 7h 9h] [As]
vad_hor: checks
**Geka**555: bets $6
vad_hor: folds
Uncalled bet ($6) returned to **Geka**555
**Geka**555 collected $5.88 from pot
**Geka**555: doesn't show hand
*** SUMMARY ***
Total pot $6 | Rake $0.12
Board [8h 7h 9h As]
Seat 5: vad_hor (big blind) folded on the Turn
Seat 6: **Geka**555 (button) (small blind) collected ($5.88)


PokerStars Hand #171075473739:  Hold'em Limit ($3/$6 USD) - 2017/05/29 13:05:53 ET
Table 'Bellerophon' 10-max Seat #5 is the button
Seat 5: vad_hor ($98.64 in chips)
Seat 6: **Geka**555 ($62.40 in chips)
vad_hor: posts small blind $1
**Geka**555: posts big blind $3
*** HOLE CARDS ***
vad_hor: raises $3 to $6
**Geka**555: folds
Uncalled bet ($3) returned to vad_hor
vad_hor collected $6 from pot
vad_hor: doesn't show hand
*** SUMMARY ***
Total pot $6 | Rake $0
Seat 5: vad_hor (button) (small blind) collected ($6)
Seat 6: **Geka**555 (big blind) folded before Flop


PokerStars Hand #171075434241:  Hold'em Limit ($3/$6 USD) - 2017/05/29 13:05:00 ET
Table 'Bellerophon' 10-max Seat #5 is the button
Seat 5: vad_hor ($116.64 in chips)
Seat 6: **Geka**555 ($45.02 in chips)
vad_hor: posts small blind $1
**Geka**555: posts big blind $3
*** HOLE CARDS ***
vad_hor: raises $3 to $6
**Geka**555: calls $3
*** FLOP *** [8d 6s Qc]
**Geka**555: checks
vad_hor: bets $3
**Geka**555: calls $3
*** TURN *** [8d 6s Qc] [Qd]
**Geka**555: checks
vad_hor: bets $6
**Geka**555: raises $6 to $12
vad_hor: folds
Uncalled bet ($6) returned to **Geka**555
**Geka**555 collected $29.50 from pot
**Geka**555: doesn't show hand
*** SUMMARY ***
Total pot $30 | Rake $0.50
Board [8d 6s Qc Qd]
Seat 5: vad_hor (button) (small blind) folded on the Turn
Seat 6: **Geka**555 (big blind) collected ($29.50)


PokerStars Hand #171075497551:  Hold'em Limit ($3/$6 USD) - 2017/05/29 13:06:24 ET
Table 'Bellerophon' 10-max Seat #5 is the button
Seat 5: vad_hor ($101.39 in chips)
Seat 6: **Geka**555 ($59.15 in chips)
vad_hor: posts small blind $1
**Geka**555: posts big blind $3
*** HOLE CARDS ***
vad_hor: folds
Uncalled bet ($2) returned to **Geka**555
**Geka**555 collected $2 from pot
**Geka**555: doesn't show hand
*** SUMMARY ***
Total pot $2 | Rake $0
Seat 5: vad_hor (button) (small blind) folded before Flop
Seat 6: **Geka**555 (big blind) collected ($2)


PokerStars Hand #171075481912:  Hold'em Limit ($3/$6 USD) - 2017/05/29 13:06:04 ET
Table 'Bellerophon' 10-max Seat #6 is the button
Seat 5: vad_hor ($101.64 in chips)
Seat 6: **Geka**555 ($59.40 in chips)
**Geka**555: posts small blind $1
vad_hor: posts big blind $3
*** HOLE CARDS ***
**Geka**555: raises $3 to $6
vad_hor: raises $3 to $9
**Geka**555: calls $3
*** FLOP *** [9d 6c 6h]
vad_hor: bets $3
**Geka**555: calls $3
*** TURN *** [9d 6c 6h] [6s]
vad_hor: bets $6
**Geka**555: calls $6
*** RIVER *** [9d 6c 6h 6s] [9s]
belik555 joins the table at seat #7
vad_hor: checks
**Geka**555: checks
*** SHOW DOWN ***
vad_hor: shows [Ah 7h] (a full house, Sixes full of Nines)
**Geka**555: shows [Ad 8d] (a full house, Sixes full of Nines)
vad_hor collected $17.75 from pot
**Geka**555 collected $17.75 from pot
*** SUMMARY ***
Total pot $36 | Rake $0.50
Board [9d 6c 6h 6s 9s]
Seat 5: vad_hor (big blind) showed [Ah 7h] and won ($17.75) with a full house, Sixes full of Nines
Seat 6: **Geka**555 (button) (small blind) showed [Ad 8d] and won ($17.75) with a full house, Sixes full of Nines


PokerStars Hand #171075819609:  Hold'em Limit ($3/$6 USD) - 2017/05/29 13:13:35 ET
Table 'Bellerophon' 10-max Seat #5 is the button
Seat 5: vad_hor ($55.92 in chips)
Seat 6: ABATAPP ($124 in chips)
vad_hor: posts small blind $1
ABATAPP: posts big blind $3
*** HOLE CARDS ***
vad_hor: folds
Uncalled bet ($2) returned to ABATAPP
ABATAPP collected $2 from pot
ABATAPP: doesn't show hand
*** SUMMARY ***
Total pot $2 | Rake $0
Seat 5: vad_hor (button) (small blind) folded before Flop
Seat 6: ABATAPP (big blind) collected ($2)


PokerStars Hand #171075810192:  Hold'em Limit ($3/$6 USD) - 2017/05/29 13:13:22 ET
Table 'Bellerophon' 10-max Seat #5 is the button
Seat 5: vad_hor ($59.92 in chips)
Seat 6: ABATAPP ($120 in chips)
vad_hor: posts small blind $1
ABATAPP: posts big blind $3
*** HOLE CARDS ***
vad_hor: folds
Uncalled bet ($2) returned to ABATAPP
ABATAPP collected $2 from pot
ABATAPP: doesn't show hand
*** SUMMARY ***
Total pot $2 | Rake $0
Seat 5: vad_hor (button) (small blind) folded before Flop
Seat 6: ABATAPP (big blind) collected ($2)


PokerStars Hand #171075798816:  Hold'em Limit ($3/$6 USD) - 2017/05/29 13:13:07 ET
Table 'Bellerophon' 10-max Seat #7 is the button
Seat 5: vad_hor ($51.28 in chips)
Seat 7: belik555 ($90 in chips)
belik555: posts small blind $1
vestimokrec: is sitting out
vad_hor: posts big blind $3
*** HOLE CARDS ***
belik555: raises $3 to $6
vestimokrec leaves the table
vad_hor: raises $3 to $9
Chrisgalo33 leaves the table
belik555: calls $3
*** FLOP *** [Kc 6s Ah]
vad_hor: bets $3
ABATAPP joins the table at seat #6
belik555: folds
Uncalled bet ($3) returned to vad_hor
vad_hor collected $17.64 from pot
vad_hor: doesn't show hand
*** SUMMARY ***
Total pot $18 | Rake $0.36
Board [Kc 6s Ah]
Seat 5: vad_hor (big blind) collected ($17.64)
Seat 7: belik555 (button) (small blind) folded on the Flop


PokerStars Hand #171075841264:  Hold'em Limit ($3/$6 USD) - 2017/05/29 13:14:03 ET
Table 'Bellerophon' 10-max Seat #5 is the button
Seat 5: vad_hor ($45.92 in chips)
Seat 6: ABATAPP ($133.64 in chips)
vad_hor: posts small blind $1
ABATAPP: posts big blind $3
*** HOLE CARDS ***
vad_hor: folds
Uncalled bet ($2) returned to ABATAPP
ABATAPP collected $2 from pot
ABATAPP: doesn't show hand
*** SUMMARY ***
Total pot $2 | Rake $0
Seat 5: vad_hor (button) (small blind) folded before Flop
Seat 6: ABATAPP (big blind) collected ($2)


PokerStars Hand #171075823868:  Hold'em Limit ($3/$6 USD) - 2017/05/29 13:13:40 ET
Table 'Bellerophon' 10-max Seat #6 is the button
Seat 5: vad_hor ($54.92 in chips)
Seat 6: ABATAPP ($125 in chips)
ABATAPP: posts small blind $1
vad_hor: posts big blind $3
*** HOLE CARDS ***
ABATAPP: raises $3 to $6
vad_hor: calls $3
*** FLOP *** [8c 7c 7h]
vad_hor: checks
ABATAPP: bets $3
vad_hor: calls $3
*** TURN *** [8c 7c 7h] [Jh]
vad_hor: checks
ABATAPP: bets $6
vad_hor: folds
Uncalled bet ($6) returned to ABATAPP
ABATAPP collected $17.64 from pot
ABATAPP: doesn't show hand
*** SUMMARY ***
Total pot $18 | Rake $0.36
Board [8c 7c 7h Jh]
Seat 5: vad_hor (big blind) folded on the Turn
Seat 6: ABATAPP (button) (small blind) collected ($17.64)


PokerStars Hand #171075845191:  Hold'em Limit ($3/$6 USD) - 2017/05/29 13:14:09 ET
Table 'Bellerophon' 10-max Seat #6 is the button
Seat 5: vad_hor ($44.92 in chips)
Seat 6: ABATAPP ($134.64 in chips)
ABATAPP: posts small blind $1
vad_hor: posts big blind $3
*** HOLE CARDS ***
ABATAPP: folds
Uncalled bet ($2) returned to vad_hor
vad_hor collected $2 from pot
vad_hor: doesn't show hand
*** SUMMARY ***
Total pot $2 | Rake $0
Seat 5: vad_hor (big blind) collected ($2)
Seat 6: ABATAPP (button) (small blind) folded before Flop


PokerStars Hand #171075870832:  Hold'em Limit ($3/$6 USD) - 2017/05/29 13:14:43 ET
Table 'Bellerophon' 10-max Seat #6 is the button
Seat 5: vad_hor ($54.56 in chips)
Seat 6: ABATAPP ($124.64 in chips)
ABATAPP: posts small blind $1
vad_hor: posts big blind $3
*** HOLE CARDS ***
ABATAPP: raises $3 to $6
vad_hor: calls $3
*** FLOP *** [Jd 7h Ks]
vad_hor: checks
ABATAPP: bets $3
vad_hor: folds
Uncalled bet ($3) returned to ABATAPP
ABATAPP collected $11.76 from pot
ABATAPP: doesn't show hand
*** SUMMARY ***
Total pot $12 | Rake $0.24
Board [Jd 7h Ks]
Seat 5: vad_hor (big blind) folded on the Flop
Seat 6: ABATAPP (button) (small blind) collected ($11.76)


PokerStars Hand #171075853443:  Hold'em Limit ($3/$6 USD) - 2017/05/29 13:14:20 ET
Table 'Bellerophon' 10-max Seat #5 is the button
Seat 5: vad_hor ($45.92 in chips)
Seat 6: ABATAPP ($133.64 in chips)
vad_hor: posts small blind $1
ABATAPP: posts big blind $3
*** HOLE CARDS ***
vad_hor: raises $3 to $6
ABATAPP: calls $3
*** FLOP *** [Qs Kh 5s]
ABATAPP: checks
vad_hor: bets $3
ABATAPP: calls $3
*** TURN *** [Qs Kh 5s] [As]
ABATAPP: checks
vad_hor: bets $6
ABATAPP: folds
Uncalled bet ($6) returned to vad_hor
vad_hor collected $17.64 from pot
vad_hor: doesn't show hand
*** SUMMARY ***
Total pot $18 | Rake $0.36
Board [Qs Kh 5s As]
Seat 5: vad_hor (button) (small blind) collected ($17.64)
Seat 6: ABATAPP (big blind) folded on the Turn


PokerStars Hand #171075910623:  Hold'em Limit ($3/$6 USD) - 2017/05/29 13:15:36 ET
Table 'Bellerophon' 10-max Seat #5 is the button
Seat 5: vad_hor ($34.56 in chips)
Seat 6: ABATAPP ($143.90 in chips)
vad_hor: posts small blind $1
ABATAPP: posts big blind $3
*** HOLE CARDS ***
vad_hor: calls $2
ABATAPP: checks
*** FLOP *** [Ts Ah Qc]
ABATAPP: checks
vad_hor: checks
*** TURN *** [Ts Ah Qc] [2h]
ABATAPP: bets $6
vad_hor: folds
Uncalled bet ($6) returned to ABATAPP
ABATAPP collected $5.88 from pot
ABATAPP: doesn't show hand
*** SUMMARY ***
Total pot $6 | Rake $0.12
Board [Ts Ah Qc 2h]
Seat 5: vad_hor (button) (small blind) folded on the Turn
Seat 6: ABATAPP (big blind) collected ($5.88)


PokerStars Hand #171075905362:  Hold'em Limit ($3/$6 USD) - 2017/05/29 13:15:29 ET
Table 'Bellerophon' 10-max Seat #6 is the button
Seat 5: vad_hor ($33.56 in chips)
Seat 6: ABATAPP ($144.90 in chips)
ABATAPP: posts small blind $1
vad_hor: posts big blind $3
*** HOLE CARDS ***
ABATAPP: folds
Uncalled bet ($2) returned to vad_hor
vad_hor collected $2 from pot
vad_hor: doesn't show hand
*** SUMMARY ***
Total pot $2 | Rake $0
Seat 5: vad_hor (big blind) collected ($2)
Seat 6: ABATAPP (button) (small blind) folded before Flop


PokerStars Hand #171075882296:  Hold'em Limit ($3/$6 USD) - 2017/05/29 13:14:58 ET
Table 'Bellerophon' 10-max Seat #5 is the button
Seat 5: vad_hor ($48.56 in chips)
Seat 6: ABATAPP ($130.40 in chips)
vad_hor: posts small blind $1
ABATAPP: posts big blind $3
*** HOLE CARDS ***
vad_hor: raises $3 to $6
ABATAPP: calls $3
*** FLOP *** [Qc 7s 9c]
ABATAPP: checks
vad_hor: bets $3
ABATAPP: calls $3
*** TURN *** [Qc 7s 9c] [Kh]
ABATAPP: checks
vad_hor: checks
*** RIVER *** [Qc 7s 9c Kh] [2d]
ABATAPP: checks
vad_hor: bets $6
ABATAPP: calls $6
*** SHOW DOWN ***
vad_hor: shows [4d 7c] (a pair of Sevens)
ABATAPP: shows [Jc Qh] (a pair of Queens)
ABATAPP collected $29.50 from pot
*** SUMMARY ***
Total pot $30 | Rake $0.50
Board [Qc 7s 9c Kh 2d]
Seat 5: vad_hor (button) (small blind) showed [4d 7c] and lost with a pair of Sevens
Seat 6: ABATAPP (big blind) showed [Jc Qh] and won ($29.50) with a pair of Queens


PokerStars Hand #171075927487:  Hold'em Limit ($3/$6 USD) - 2017/05/29 13:15:58 ET
Table 'Bellerophon' 10-max Seat #6 is the button
Seat 5: vad_hor ($31.56 in chips)
Seat 6: ABATAPP ($146.78 in chips)
ABATAPP: posts small blind $1
vad_hor: posts big blind $3
*** HOLE CARDS ***
ABATAPP: folds
Uncalled bet ($2) returned to vad_hor
vad_hor collected $2 from pot
vad_hor: doesn't show hand
*** SUMMARY ***
Total pot $2 | Rake $0
Seat 5: vad_hor (big blind) collected ($2)
Seat 6: ABATAPP (button) (small blind) folded before Flop


PokerStars Hand #171075954769:  Hold'em Limit ($3/$6 USD) - 2017/05/29 13:16:34 ET
Table 'Bellerophon' 10-max Seat #5 is the button
Seat 5: vad_hor ($31.31 in chips)
Seat 6: ABATAPP ($146.53 in chips)
vad_hor: posts small blind $1
ABATAPP: posts big blind $3
*** HOLE CARDS ***
vad_hor: raises $3 to $6
ABATAPP: calls $3
*** FLOP *** [9d 2s 3s]
ABATAPP: checks
vad_hor: bets $3
ABATAPP: folds
Uncalled bet ($3) returned to vad_hor
vad_hor collected $11.76 from pot
vad_hor: doesn't show hand
*** SUMMARY ***
Total pot $12 | Rake $0.24
Board [9d 2s 3s]
Seat 5: vad_hor (button) (small blind) collected ($11.76)
Seat 6: ABATAPP (big blind) folded on the Flop


PokerStars Hand #171075936469:  Hold'em Limit ($3/$6 USD) - 2017/05/29 13:16:10 ET
Table 'Bellerophon' 10-max Seat #6 is the button
Seat 5: vad_hor ($31.56 in chips)
Seat 6: ABATAPP ($146.78 in chips)
ABATAPP: posts small blind $1
vad_hor: posts big blind $3
*** HOLE CARDS ***
ABATAPP: raises $3 to $6
vad_hor: raises $3 to $9
ABATAPP: calls $3
*** FLOP *** [8c 5s 8d]
vad_hor: bets $3
ABATAPP: calls $3
*** TURN *** [8c 5s 8d] [5d]
vad_hor: bets $6
ABATAPP: calls $6
*** RIVER *** [8c 5s 8d 5d] [4h]
vad_hor: bets $6
ABATAPP: calls $6
*** SHOW DOWN ***
vad_hor: shows [Ah Qs] (two pair, Eights and Fives)
ABATAPP: shows [As Kc] (two pair, Eights and Fives)
vad_hor collected $23.75 from pot
ABATAPP collected $23.75 from pot
*** SUMMARY ***
Total pot $48 | Rake $0.50
Board [8c 5s 8d 5d 4h]
Seat 5: vad_hor (big blind) showed [Ah Qs] and won ($23.75) with two pair, Eights and Fives
Seat 6: ABATAPP (button) (small blind) showed [As Kc] and won ($23.75) with two pair, Eights and Fives


PokerStars Hand #171075999490:  Hold'em Limit ($3/$6 USD) - 2017/05/29 13:17:34 ET
Table 'Bellerophon' 10-max Seat #6 is the button
Seat 5: vad_hor ($21.07 in chips)
Seat 6: ABATAPP ($156.03 in chips)
ABATAPP: posts small blind $1
vad_hor: posts big blind $3
*** HOLE CARDS ***
ABATAPP: raises $3 to $6
vad_hor: raises $3 to $9
ABATAPP: calls $3
*** FLOP *** [5c Ac Qc]
vad_hor: bets $3
ABATAPP: folds
Uncalled bet ($3) returned to vad_hor
vad_hor collected $17.64 from pot
vad_hor: doesn't show hand
*** SUMMARY ***
Total pot $18 | Rake $0.36
Board [5c Ac Qc]
Seat 5: vad_hor (big blind) collected ($17.64)
Seat 6: ABATAPP (button) (small blind) folded on the Flop


PokerStars Hand #171075969047:  Hold'em Limit ($3/$6 USD) - 2017/05/29 13:16:53 ET
Table 'Bellerophon' 10-max Seat #6 is the button
Seat 5: vad_hor ($37.07 in chips)
Seat 6: ABATAPP ($140.53 in chips)
ABATAPP: posts small blind $1
vad_hor: posts big blind $3
*** HOLE CARDS ***
ABATAPP: raises $3 to $6
vad_hor: calls $3
*** FLOP *** [Qs 6d Ac]
vad_hor: checks
ABATAPP: bets $3
vad_hor: calls $3
*** TURN *** [Qs 6d Ac] [Js]
vad_hor: checks
ABATAPP: checks
*** RIVER *** [Qs 6d Ac Js] [5h]
vad_hor: bets $6
ABATAPP: calls $6
*** SHOW DOWN ***
vad_hor: shows [6h Td] (a pair of Sixes)
ABATAPP: shows [Jd Th] (a pair of Jacks)
ABATAPP collected $29.50 from pot
*** SUMMARY ***
Total pot $30 | Rake $0.50
Board [Qs 6d Ac Js 5h]
Seat 5: vad_hor (big blind) showed [6h Td] and lost with a pair of Sixes
Seat 6: ABATAPP (button) (small blind) showed [Jd Th] and won ($29.50) with a pair of Jacks


PokerStars Hand #171076013921:  Hold'em Limit ($3/$6 USD) - 2017/05/29 13:17:53 ET
Table 'Bellerophon' 10-max Seat #6 is the button
Seat 5: vad_hor ($28.71 in chips)
Seat 6: ABATAPP ($148.03 in chips)
ABATAPP: posts small blind $1
vad_hor: posts big blind $3
*** HOLE CARDS ***
ABATAPP: raises $3 to $6
vad_hor: calls $3
*** FLOP *** [As 6d Qs]
vad_hor: checks
ABATAPP: bets $3
vad_hor: calls $3
*** TURN *** [As 6d Qs] [2c]
vad_hor: checks
ABATAPP: bets $6
vad_hor: calls $6
*** RIVER *** [As 6d Qs 2c] [Ts]
MTails joins the table at seat #4
vad_hor is disconnected
vad_hor has timed out while disconnected
vad_hor: checks
ABATAPP: bets $6
MTails leaves the table
vad_hor is connected
vad_hor: folds
Uncalled bet ($6) returned to ABATAPP
ABATAPP collected $29.50 from pot
ABATAPP: doesn't show hand
*** SUMMARY ***
Total pot $30 | Rake $0.50
Board [As 6d Qs 2c Ts]
Seat 5: vad_hor (big blind) folded on the River
Seat 6: ABATAPP (button) (small blind) collected ($29.50)


PokerStars Hand #171076141440:  Hold'em Limit ($3/$6 USD) - 2017/05/29 13:20:42 ET
Table 'Bellerophon' 10-max Seat #6 is the button
Seat 5: vad_hor ($16.71 in chips)
Seat 6: ABATAPP ($159.53 in chips)
ABATAPP: posts small blind $1
vad_hor: posts big blind $3
*** HOLE CARDS ***
ABATAPP: folds
Uncalled bet ($2) returned to vad_hor
vad_hor collected $2 from pot
*** SUMMARY ***
Total pot $2 | Rake $0
Seat 5: vad_hor (big blind) collected ($2)
Seat 6: ABATAPP (button) (small blind) folded before Flop


PokerStars Hand #171076131717:  Hold'em Limit ($3/$6 USD) - 2017/05/29 13:20:30 ET
Table 'Bellerophon' 10-max Seat #5 is the button
Seat 5: vad_hor ($13.71 in chips)
Seat 6: ABATAPP ($162.53 in chips)
vad_hor: posts small blind $1
ABATAPP: posts big blind $3
*** HOLE CARDS ***
vad_hor: raises $3 to $6
ABATAPP: folds
Uncalled bet ($3) returned to vad_hor
vad_hor collected $6 from pot
*** SUMMARY ***
Total pot $6 | Rake $0
Seat 5: vad_hor (button) (small blind) collected ($6)
Seat 6: ABATAPP (big blind) folded before Flop


PokerStars Hand #171076146671:  Hold'em Limit ($3/$6 USD) - 2017/05/29 13:20:49 ET
Table 'Bellerophon' 10-max Seat #5 is the button
Seat 5: vad_hor ($17.71 in chips)
Seat 6: ABATAPP ($158.53 in chips)
vad_hor: posts small blind $1
ABATAPP: posts big blind $3
*** HOLE CARDS ***
vad_hor: folds
Uncalled bet ($2) returned to ABATAPP
ABATAPP collected $2 from pot
ABATAPP: doesn't show hand
*** SUMMARY ***
Total pot $2 | Rake $0
Seat 5: vad_hor (button) (small blind) folded before Flop
Seat 6: ABATAPP (big blind) collected ($2)


PokerStars Hand #171076157854:  Hold'em Limit ($3/$6 USD) - 2017/05/29 13:21:04 ET
Table 'Bellerophon' 10-max Seat #5 is the button
Seat 5: vad_hor ($17.71 in chips)
Seat 6: ABATAPP ($158.53 in chips)
vad_hor: posts small blind $1
ABATAPP: posts big blind $3
*** HOLE CARDS ***
vad_hor: folds
Uncalled bet ($2) returned to ABATAPP
ABATAPP collected $2 from pot
ABATAPP: doesn't show hand
*** SUMMARY ***
Total pot $2 | Rake $0
Seat 5: vad_hor (button) (small blind) folded before Flop
Seat 6: ABATAPP (big blind) collected ($2)


PokerStars Hand #171076201056:  Hold'em Limit ($3/$6 USD) - 2017/05/29 13:22:01 ET
Table 'Bellerophon' 10-max Seat #6 is the button
Seat 5: vad_hor ($16.71 in chips)
Seat 6: ABATAPP ($159.53 in chips)
ABATAPP: posts small blind $1
vad_hor: posts big blind $3
*** HOLE CARDS ***
ABATAPP: folds
Uncalled bet ($2) returned to vad_hor
vad_hor collected $2 from pot
*** SUMMARY ***
Total pot $2 | Rake $0
Seat 5: vad_hor (big blind) collected ($2)
Seat 6: ABATAPP (button) (small blind) folded before Flop


