PokerStars Hand #160312866068:  Hold'em Limit ($3/$6 USD) - 2016/10/23 3:09:02 ET
Table 'Bellona' 6-max Seat #3 is the button
Seat 3: habari786 ($60 in chips)
Seat 4: Agrotait ($72 in chips)
habari786: posts small blind $1
Agrotait: posts big blind $3
*** HOLE CARDS ***
habari786: folds
Uncalled bet ($2) returned to Agrotait
Agrotait collected $2 from pot
Agrotait: doesn't show hand
*** SUMMARY ***
Total pot $2 | Rake $0
Seat 3: habari786 (button) (small blind) folded before Flop
Seat 4: Agrotait (big blind) collected ($2)


PokerStars Hand #160312895601:  Hold'em Limit ($3/$6 USD) - 2016/10/23 3:10:50 ET
Table 'Bellona' 6-max Seat #3 is the button
Seat 3: habari786 ($70.52 in chips)
Seat 4: Agrotait ($75 in chips)
habari786: posts small blind $1
Agrotait: posts big blind $3
*** HOLE CARDS ***
habari786: raises $3 to $6
Agrotait: folds
Uncalled bet ($3) returned to habari786
habari786 collected $6 from pot
habari786: doesn't show hand
*** SUMMARY ***
Total pot $6 | Rake $0
Seat 3: habari786 (button) (small blind) collected ($6)
Seat 4: Agrotait (big blind) folded before Flop


PokerStars Hand #160312892176:  Hold'em Limit ($3/$6 USD) - 2016/10/23 3:10:38 ET
Table 'Bellona' 6-max Seat #4 is the button
Seat 3: habari786 ($69.52 in chips)
Seat 4: Agrotait ($76 in chips)
Agrotait: posts small blind $1
habari786: posts big blind $3
*** HOLE CARDS ***
Agrotait: folds
Uncalled bet ($2) returned to habari786
habari786 collected $2 from pot
habari786: doesn't show hand
*** SUMMARY ***
Total pot $2 | Rake $0
Seat 3: habari786 (big blind) collected ($2)
Seat 4: Agrotait (button) (small blind) folded before Flop


PokerStars Hand #160312889679:  Hold'em Limit ($3/$6 USD) - 2016/10/23 3:10:28 ET
Table 'Bellona' 6-max Seat #3 is the button
Seat 3: habari786 ($70.52 in chips)
Seat 4: Agrotait ($75 in chips)
habari786: posts small blind $1
Agrotait: posts big blind $3
*** HOLE CARDS ***
habari786: folds
Uncalled bet ($2) returned to Agrotait
Agrotait collected $2 from pot
Agrotait: doesn't show hand
*** SUMMARY ***
Total pot $2 | Rake $0
Seat 3: habari786 (button) (small blind) folded before Flop
Seat 4: Agrotait (big blind) collected ($2)


PokerStars Hand #160312888036:  Hold'em Limit ($3/$6 USD) - 2016/10/23 3:10:22 ET
Table 'Bellona' 6-max Seat #4 is the button
Seat 3: habari786 ($73.52 in chips)
Seat 4: Agrotait ($72 in chips)
Agrotait: posts small blind $1
habari786: posts big blind $3
*** HOLE CARDS ***
Agrotait: raises $3 to $6
habari786: folds
Uncalled bet ($3) returned to Agrotait
Agrotait collected $6 from pot
Agrotait: doesn't show hand
*** SUMMARY ***
Total pot $6 | Rake $0
Seat 3: habari786 (big blind) folded before Flop
Seat 4: Agrotait (button) (small blind) collected ($6)


PokerStars Hand #160312884807:  Hold'em Limit ($3/$6 USD) - 2016/10/23 3:10:10 ET
Table 'Bellona' 6-max Seat #3 is the button
Seat 3: habari786 ($70.52 in chips)
Seat 4: Agrotait ($61 in chips)
habari786: posts small blind $1
Agrotait: posts big blind $3
*** HOLE CARDS ***
habari786: raises $3 to $6
Agrotait: folds
Uncalled bet ($3) returned to habari786
habari786 collected $6 from pot
habari786: doesn't show hand
*** SUMMARY ***
Total pot $6 | Rake $0
Seat 3: habari786 (button) (small blind) collected ($6)
Seat 4: Agrotait (big blind) folded before Flop


PokerStars Hand #160312872785:  Hold'em Limit ($3/$6 USD) - 2016/10/23 3:09:26 ET
Table 'Bellona' 6-max Seat #4 is the button
Seat 3: habari786 ($59 in chips)
Seat 4: Agrotait ($73 in chips)
Agrotait: posts small blind $1
habari786: posts big blind $3
*** HOLE CARDS ***
Agrotait: raises $3 to $6
habari786: raises $3 to $9
Agrotait: calls $3
*** FLOP *** [6h 9d As]
habari786: bets $3
Agrotait: calls $3
*** TURN *** [6h 9d As] [4c]
habari786: bets $6
Agrotait: folds
Uncalled bet ($6) returned to habari786
habari786 collected $23.52 from pot
habari786: doesn't show hand
*** SUMMARY ***
Total pot $24 | Rake $0.48
Board [6h 9d As 4c]
Seat 3: habari786 (big blind) collected ($23.52)
Seat 4: Agrotait (button) (small blind) folded on the Turn


PokerStars Hand #160312909871:  Hold'em Limit ($3/$6 USD) - 2016/10/23 3:11:43 ET
Table 'Bellona' 6-max Seat #3 is the button
Seat 3: habari786 ($49.52 in chips)
Seat 4: Agrotait ($95.50 in chips)
habari786: posts small blind $1
Agrotait: posts big blind $3
*** HOLE CARDS ***
habari786: raises $3 to $6
Agrotait: calls $3
*** FLOP *** [9d Jc Jd]
Agrotait: checks
habari786: bets $3
Agrotait: folds
Uncalled bet ($3) returned to habari786
habari786 collected $11.76 from pot
habari786: doesn't show hand
*** SUMMARY ***
Total pot $12 | Rake $0.24
Board [9d Jc Jd]
Seat 3: habari786 (button) (small blind) collected ($11.76)
Seat 4: Agrotait (big blind) folded on the Flop


PokerStars Hand #160312897614:  Hold'em Limit ($3/$6 USD) - 2016/10/23 3:10:58 ET
Table 'Bellona' 6-max Seat #4 is the button
Seat 3: habari786 ($73.52 in chips)
Seat 4: Agrotait ($72 in chips)
Agrotait: posts small blind $1
habari786: posts big blind $3
*** HOLE CARDS ***
Agrotait: raises $3 to $6
habari786: raises $3 to $9
Agrotait: calls $3
*** FLOP *** [9c 4h 5s]
habari786: bets $3
Agrotait: calls $3
*** TURN *** [9c 4h 5s] [Ks]
habari786: bets $6
Agrotait: calls $6
*** RIVER *** [9c 4h 5s Ks] [4c]
habari786: bets $6
Agrotait: calls $6
*** SHOW DOWN ***
habari786: shows [Td Qc] (a pair of Fours)
Agrotait: shows [Ah Qd] (a pair of Fours - Ace kicker)
Agrotait collected $47.50 from pot
*** SUMMARY ***
Total pot $48 | Rake $0.50
Board [9c 4h 5s Ks 4c]
Seat 3: habari786 (big blind) showed [Td Qc] and lost with a pair of Fours
Seat 4: Agrotait (button) (small blind) showed [Ah Qd] and won ($47.50) with a pair of Fours


PokerStars Hand #160312919471:  Hold'em Limit ($3/$6 USD) - 2016/10/23 3:12:19 ET
Table 'Bellona' 6-max Seat #4 is the button
Seat 3: habari786 ($51.28 in chips)
Seat 4: Agrotait ($93.50 in chips)
Agrotait: posts small blind $1
habari786: posts big blind $3
*** HOLE CARDS ***
Agrotait: raises $3 to $6
habari786: raises $3 to $9
Agrotait: calls $3
*** FLOP *** [2d Jh Ts]
habari786: bets $3
Agrotait: calls $3
*** TURN *** [2d Jh Ts] [7c]
habari786: bets $6
Agrotait: calls $6
*** RIVER *** [2d Jh Ts 7c] [Ac]
habari786: checks
Agrotait: checks
*** SHOW DOWN ***
habari786: shows [6s 7h] (a pair of Sevens)
Agrotait: shows [Jd Qc] (a pair of Jacks)
Agrotait collected $35.50 from pot
*** SUMMARY ***
Total pot $36 | Rake $0.50
Board [2d Jh Ts 7c Ac]
Seat 3: habari786 (big blind) showed [6s 7h] and lost with a pair of Sevens
Seat 4: Agrotait (button) (small blind) showed [Jd Qc] and won ($35.50) with a pair of Jacks


PokerStars Hand #160312917637:  Hold'em Limit ($3/$6 USD) - 2016/10/23 3:12:12 ET
Table 'Bellona' 6-max Seat #3 is the button
Seat 3: habari786 ($52.28 in chips)
Seat 4: Agrotait ($92.50 in chips)
habari786: posts small blind $1
Agrotait: posts big blind $3
*** HOLE CARDS ***
habari786: folds
Uncalled bet ($2) returned to Agrotait
Agrotait collected $2 from pot
Agrotait: doesn't show hand
*** SUMMARY ***
Total pot $2 | Rake $0
Seat 3: habari786 (button) (small blind) folded before Flop
Seat 4: Agrotait (big blind) collected ($2)


PokerStars Hand #160312915044:  Hold'em Limit ($3/$6 USD) - 2016/10/23 3:12:02 ET
Table 'Bellona' 6-max Seat #4 is the button
Seat 3: habari786 ($55.28 in chips)
Seat 4: Agrotait ($89.50 in chips)
Agrotait: posts small blind $1
habari786: posts big blind $3
*** HOLE CARDS ***
Agrotait: raises $3 to $6
habari786: folds
Uncalled bet ($3) returned to Agrotait
Agrotait collected $6 from pot
Agrotait: doesn't show hand
*** SUMMARY ***
Total pot $6 | Rake $0
Seat 3: habari786 (big blind) folded before Flop
Seat 4: Agrotait (button) (small blind) collected ($6)


PokerStars Hand #160312933270:  Hold'em Limit ($3/$6 USD) - 2016/10/23 3:13:10 ET
Table 'Bellona' 6-max Seat #4 is the button
Seat 3: habari786 ($36.28 in chips)
Seat 4: Agrotait ($108 in chips)
Agrotait: posts small blind $1
habari786: posts big blind $3
*** HOLE CARDS ***
Agrotait: raises $3 to $6
habari786: raises $3 to $9
Agrotait: calls $3
*** FLOP *** [7d 6d 7c]
habari786: bets $3
Agrotait: folds
Uncalled bet ($3) returned to habari786
habari786 collected $17.64 from pot
habari786: doesn't show hand
*** SUMMARY ***
Total pot $18 | Rake $0.36
Board [7d 6d 7c]
Seat 3: habari786 (big blind) collected ($17.64)
Seat 4: Agrotait (button) (small blind) folded on the Flop


PokerStars Hand #160312928495:  Hold'em Limit ($3/$6 USD) - 2016/10/23 3:12:52 ET
Table 'Bellona' 6-max Seat #3 is the button
Seat 3: habari786 ($33.28 in chips)
Seat 4: Agrotait ($111 in chips)
habari786: posts small blind $1
Agrotait: posts big blind $3
*** HOLE CARDS ***
habari786: raises $3 to $6
Agrotait: folds
Uncalled bet ($3) returned to habari786
habari786 collected $6 from pot
habari786: doesn't show hand
*** SUMMARY ***
Total pot $6 | Rake $0
Seat 3: habari786 (button) (small blind) collected ($6)
Seat 4: Agrotait (big blind) folded before Flop


PokerStars Hand #160312963312:  Hold'em Limit ($3/$6 USD) - 2016/10/23 3:14:58 ET
Table 'Bellona' 6-max Seat #4 is the button
Seat 3: habari786 ($20.68 in chips)
Seat 4: Agrotait ($122.50 in chips)
Agrotait: posts small blind $1
habari786: posts big blind $3
*** HOLE CARDS ***
Agrotait: folds
Uncalled bet ($2) returned to habari786
habari786 collected $2 from pot
habari786: doesn't show hand
*** SUMMARY ***
Total pot $2 | Rake $0
Seat 3: habari786 (big blind) collected ($2)
Seat 4: Agrotait (button) (small blind) folded before Flop


PokerStars Hand #160312959781:  Hold'em Limit ($3/$6 USD) - 2016/10/23 3:14:46 ET
Table 'Bellona' 6-max Seat #3 is the button
Seat 3: habari786 ($17.68 in chips)
Seat 4: Agrotait ($125.50 in chips)
habari786: posts small blind $1
Agrotait: posts big blind $3
*** HOLE CARDS ***
habari786: raises $3 to $6
Agrotait: folds
Uncalled bet ($3) returned to habari786
habari786 collected $6 from pot
habari786: doesn't show hand
*** SUMMARY ***
Total pot $6 | Rake $0
Seat 3: habari786 (button) (small blind) collected ($6)
Seat 4: Agrotait (big blind) folded before Flop


PokerStars Hand #160312949531:  Hold'em Limit ($3/$6 USD) - 2016/10/23 3:14:09 ET
Table 'Bellona' 6-max Seat #4 is the button
Seat 3: habari786 ($50.68 in chips)
Seat 4: Agrotait ($93 in chips)
Agrotait: posts small blind $1
habari786: posts big blind $3
*** HOLE CARDS ***
Agrotait: raises $3 to $6
habari786: raises $3 to $9
Agrotait: calls $3
*** FLOP *** [Qd Ah Jh]
habari786: bets $3
Agrotait: raises $3 to $6
habari786: calls $3
*** TURN *** [Qd Ah Jh] [5d]
habari786: bets $6
Agrotait: raises $6 to $12
habari786: calls $6
*** RIVER *** [Qd Ah Jh 5d] [4c]
habari786: checks
Agrotait: bets $6
habari786: calls $6
*** SHOW DOWN ***
Agrotait: shows [Tc Kh] (a straight, Ten to Ace)
habari786: mucks hand
Agrotait collected $65.50 from pot
*** SUMMARY ***
Total pot $66 | Rake $0.50
Board [Qd Ah Jh 5d 4c]
Seat 3: habari786 (big blind) mucked
Seat 4: Agrotait (button) (small blind) showed [Tc Kh] and won ($65.50) with a straight, Ten to Ace


PokerStars Hand #160312937886:  Hold'em Limit ($3/$6 USD) - 2016/10/23 3:13:27 ET
Table 'Bellona' 6-max Seat #3 is the button
Seat 3: habari786 ($44.92 in chips)
Seat 4: Agrotait ($99 in chips)
habari786: posts small blind $1
Agrotait: posts big blind $3
*** HOLE CARDS ***
habari786: raises $3 to $6
Agrotait: calls $3
*** FLOP *** [Th 7d 6s]
Agrotait: checks
habari786: checks
*** TURN *** [Th 7d 6s] [Js]
Agrotait: checks
habari786: checks
*** RIVER *** [Th 7d 6s Js] [7h]
Agrotait: checks
habari786: checks
*** SHOW DOWN ***
Agrotait: shows [3d Qs] (a pair of Sevens)
habari786: shows [As 4h] (a pair of Sevens - Ace kicker)
habari786 collected $11.76 from pot
*** SUMMARY ***
Total pot $12 | Rake $0.24
Board [Th 7d 6s Js 7h]
Seat 3: habari786 (button) (small blind) showed [As 4h] and won ($11.76) with a pair of Sevens
Seat 4: Agrotait (big blind) showed [3d Qs] and lost with a pair of Sevens


PokerStars Hand #160312964681:  Hold'em Limit ($3/$6 USD) - 2016/10/23 3:15:03 ET
Table 'Bellona' 6-max Seat #3 is the button
Seat 3: habari786 ($21.68 in chips)
Seat 4: Agrotait ($121.50 in chips)
habari786: posts small blind $1
Agrotait: posts big blind $3
*** HOLE CARDS ***
habari786: raises $3 to $6
Agrotait: calls $3
*** FLOP *** [5h 6s 4s]
Agrotait: checks
habari786: bets $3
Agrotait: calls $3
*** TURN *** [5h 6s 4s] [2h]
Agrotait: checks
habari786: bets $6
Agrotait: raises $6 to $12
habari786: folds
Uncalled bet ($6) returned to Agrotait
Agrotait collected $29.50 from pot
Agrotait: doesn't show hand
*** SUMMARY ***
Total pot $30 | Rake $0.50
Board [5h 6s 4s 2h]
Seat 3: habari786 (button) (small blind) folded on the Turn
Seat 4: Agrotait (big blind) collected ($29.50)


PokerStars Hand #160312974955:  Hold'em Limit ($3/$6 USD) - 2016/10/23 3:15:41 ET
Table 'Bellona' 6-max Seat #4 is the button
Seat 3: habari786 ($6.68 in chips)
Seat 4: Agrotait ($136 in chips)
Agrotait: posts small blind $1
habari786: posts big blind $3
*** HOLE CARDS ***
Agrotait: raises $3 to $6
habari786: raises $0.68 to $6.68 and is all-in
Agrotait: calls $0.68
*** FLOP *** [9d 2c 5s]
*** TURN *** [9d 2c 5s] [7h]
*** RIVER *** [9d 2c 5s 7h] [9c]
*** SHOW DOWN ***
habari786: shows [Qh 9h] (three of a kind, Nines)
Agrotait: shows [Kh 4c] (a pair of Nines)
habari786 collected $13.09 from pot
*** SUMMARY ***
Total pot $13.36 | Rake $0.27
Board [9d 2c 5s 7h 9c]
Seat 3: habari786 (big blind) showed [Qh 9h] and won ($13.09) with three of a kind, Nines
Seat 4: Agrotait (button) (small blind) showed [Kh 4c] and lost with a pair of Nines


PokerStars Hand #160313006272:  Hold'em Limit ($3/$6 USD) - 2016/10/23 3:17:33 ET
Table 'Bellona' 6-max Seat #4 is the button
Seat 3: habari786 ($83.02 in chips)
Seat 4: Agrotait ($140.84 in chips)
Agrotait: posts small blind $1
habari786: posts big blind $3
*** HOLE CARDS ***
Agrotait: raises $3 to $6
habari786: folds
Uncalled bet ($3) returned to Agrotait
Agrotait collected $6 from pot
Agrotait: doesn't show hand
*** SUMMARY ***
Total pot $6 | Rake $0
Seat 3: habari786 (big blind) folded before Flop
Seat 4: Agrotait (button) (small blind) collected ($6)


PokerStars Hand #160312985976:  Hold'em Limit ($3/$6 USD) - 2016/10/23 3:16:20 ET
Table 'Bellona' 6-max Seat #3 is the button
Seat 3: habari786 ($13.09 in chips)
Seat 4: Agrotait ($129.32 in chips)
habari786: posts small blind $1
Agrotait: posts big blind $3
*** HOLE CARDS ***
habari786: raises $3 to $6
Agrotait: calls $3
*** FLOP *** [Kh 6h 4h]
Agrotait: checks
habari786: checks
*** TURN *** [Kh 6h 4h] [6s]
Agrotait: checks
habari786: checks
*** RIVER *** [Kh 6h 4h 6s] [4s]
Agrotait: bets $6
habari786: calls $6
*** SHOW DOWN ***
Agrotait: shows [2h Kc] (two pair, Kings and Sixes)
habari786: mucks hand
Agrotait collected $23.52 from pot
*** SUMMARY ***
Total pot $24 | Rake $0.48
Board [Kh 6h 4h 6s 4s]
Seat 3: habari786 (button) (small blind) mucked
Seat 4: Agrotait (big blind) showed [2h Kc] and won ($23.52) with two pair, Kings and Sixes


PokerStars Hand #160313009855:  Hold'em Limit ($3/$6 USD) - 2016/10/23 3:17:46 ET
Table 'Bellona' 6-max Seat #3 is the button
Seat 3: habari786 ($80.02 in chips)
Seat 4: Agrotait ($143.84 in chips)
habari786: posts small blind $1
Agrotait: posts big blind $3
*** HOLE CARDS ***
habari786: raises $3 to $6
Agrotait: calls $3
*** FLOP *** [5c Kd 5h]
Agrotait: checks
habari786: checks
*** TURN *** [5c Kd 5h] [Qh]
Agrotait: bets $6
habari786: folds
Uncalled bet ($6) returned to Agrotait
Agrotait collected $11.76 from pot
Agrotait: doesn't show hand
*** SUMMARY ***
Total pot $12 | Rake $0.24
Board [5c Kd 5h Qh]
Seat 3: habari786 (button) (small blind) folded on the Turn
Seat 4: Agrotait (big blind) collected ($11.76)


PokerStars Hand #160313023257:  Hold'em Limit ($3/$6 USD) - 2016/10/23 3:18:33 ET
Table 'Bellona' 6-max Seat #4 is the button
Seat 3: habari786 ($74.02 in chips)
Seat 4: Agrotait ($149.60 in chips)
Agrotait: posts small blind $1
habari786: posts big blind $3
*** HOLE CARDS ***
Agrotait: raises $3 to $6
habari786: raises $3 to $9
Agrotait: calls $3
*** FLOP *** [3h 9s 2h]
habari786: bets $3
Agrotait: calls $3
*** TURN *** [3h 9s 2h] [7d]
habari786: bets $6
Agrotait: calls $6
*** RIVER *** [3h 9s 2h 7d] [3s]
habari786: bets $6
Agrotait: raises $6 to $12
habari786: calls $6
*** SHOW DOWN ***
Agrotait: shows [3d Ac] (three of a kind, Threes)
habari786: mucks hand
Agrotait collected $59.50 from pot
*** SUMMARY ***
Total pot $60 | Rake $0.50
Board [3h 9s 2h 7d 3s]
Seat 3: habari786 (big blind) mucked
Seat 4: Agrotait (button) (small blind) showed [3d Ac] and won ($59.50) with three of a kind, Threes


PokerStars Hand #160313040754:  Hold'em Limit ($3/$6 USD) - 2016/10/23 3:19:36 ET
Table 'Bellona' 6-max Seat #3 is the button
Seat 3: habari786 ($44.02 in chips)
Seat 4: Agrotait ($179.10 in chips)
habari786: posts small blind $1
Agrotait: posts big blind $3
*** HOLE CARDS ***
habari786: folds
Uncalled bet ($2) returned to Agrotait
Agrotait collected $2 from pot
Agrotait: doesn't show hand
*** SUMMARY ***
Total pot $2 | Rake $0
Seat 3: habari786 (button) (small blind) folded before Flop
Seat 4: Agrotait (big blind) collected ($2)


PokerStars Hand #160313043076:  Hold'em Limit ($3/$6 USD) - 2016/10/23 3:19:44 ET
Table 'Bellona' 6-max Seat #4 is the button
Seat 3: habari786 ($43.02 in chips)
Seat 4: Agrotait ($180.10 in chips)
Agrotait: posts small blind $1
habari786: posts big blind $3
*** HOLE CARDS ***
Agrotait: raises $3 to $6
habari786: folds
Uncalled bet ($3) returned to Agrotait
Agrotait collected $6 from pot
Agrotait: doesn't show hand
*** SUMMARY ***
Total pot $6 | Rake $0
Seat 3: habari786 (big blind) folded before Flop
Seat 4: Agrotait (button) (small blind) collected ($6)


PokerStars Hand #160313046261:  Hold'em Limit ($3/$6 USD) - 2016/10/23 3:19:56 ET
Table 'Bellona' 6-max Seat #3 is the button
Seat 3: habari786 ($40.02 in chips)
Seat 4: Agrotait ($183.10 in chips)
habari786: posts small blind $1
Agrotait: posts big blind $3
*** HOLE CARDS ***
habari786: raises $3 to $6
Agrotait: calls $3
*** FLOP *** [9c Js 8h]
Agrotait: checks
habari786: bets $3
Agrotait: folds
Uncalled bet ($3) returned to habari786
habari786 collected $11.76 from pot
habari786: doesn't show hand
*** SUMMARY ***
Total pot $12 | Rake $0.24
Board [9c Js 8h]
Seat 3: habari786 (button) (small blind) collected ($11.76)
Seat 4: Agrotait (big blind) folded on the Flop


PokerStars Hand #160313059542:  Hold'em Limit ($3/$6 USD) - 2016/10/23 3:20:42 ET
Table 'Bellona' 6-max Seat #4 is the button
Seat 3: habari786 ($45.78 in chips)
Seat 4: Agrotait ($177.10 in chips)
Agrotait: posts small blind $1
habari786: posts big blind $3
*** HOLE CARDS ***
Agrotait: raises $3 to $6
habari786: raises $3 to $9
Agrotait: calls $3
*** FLOP *** [Qc Ks 4s]
habari786: bets $3
Agrotait: raises $3 to $6
habari786: calls $3
*** TURN *** [Qc Ks 4s] [Kd]
habari786: checks
Agrotait: bets $6
habari786: raises $6 to $12
Agrotait: calls $6
*** RIVER *** [Qc Ks 4s Kd] [7d]
habari786: checks
Agrotait: bets $6
habari786: folds
Uncalled bet ($6) returned to Agrotait
Agrotait collected $53.50 from pot
Agrotait: doesn't show hand
YseRussia joins the table at seat #2
*** SUMMARY ***
Total pot $54 | Rake $0.50
Board [Qc Ks 4s Kd 7d]
Seat 3: habari786 (big blind) folded on the River
Seat 4: Agrotait (button) (small blind) collected ($53.50)


PokerStars Hand #160313084522:  Hold'em Limit ($3/$6 USD) - 2016/10/23 3:22:10 ET
Table 'Bellona' 6-max Seat #3 is the button
Seat 2: YseRussia ($120 in chips)
Seat 3: habari786 ($18.78 in chips)
habari786: posts small blind $1
YseRussia: posts big blind $3
*** HOLE CARDS ***
habari786: raises $3 to $6
Agrotait leaves the table
YseRussia: calls $3
*** FLOP *** [4d Qh 7s]
YseRussia: checks
habari786: bets $3
YseRussia: calls $3
*** TURN *** [4d Qh 7s] [6c]
YseRussia: checks
habari786: bets $6
YseRussia: calls $6
*** RIVER *** [4d Qh 7s 6c] [Kd]
YseRussia: checks
habari786: bets $3.78 and is all-in
YseRussia: folds
Uncalled bet ($3.78) returned to habari786
habari786 collected $29.50 from pot
habari786: doesn't show hand
*** SUMMARY ***
Total pot $30 | Rake $0.50
Board [4d Qh 7s 6c Kd]
Seat 2: YseRussia (big blind) folded on the River
Seat 3: habari786 (button) (small blind) collected ($29.50)


PokerStars Hand #160313089232:  Hold'em Limit ($3/$6 USD) - 2016/10/23 3:22:26 ET
Table 'Bellona' 6-max Seat #2 is the button
Seat 2: YseRussia ($105 in chips)
Seat 3: habari786 ($33.28 in chips)
YseRussia: posts small blind $1
habari786: posts big blind $3
*** HOLE CARDS ***
YseRussia: raises $3 to $6
habari786: folds
Uncalled bet ($3) returned to YseRussia
YseRussia collected $6 from pot
YseRussia: doesn't show hand
*** SUMMARY ***
Total pot $6 | Rake $0
Seat 2: YseRussia (button) (small blind) collected ($6)
Seat 3: habari786 (big blind) folded before Flop


PokerStars Hand #160313091407:  Hold'em Limit ($3/$6 USD) - 2016/10/23 3:22:34 ET
Table 'Bellona' 6-max Seat #3 is the button
Seat 2: YseRussia ($108 in chips)
Seat 3: habari786 ($30.28 in chips)
habari786: posts small blind $1
YseRussia: posts big blind $3
*** HOLE CARDS ***
habari786: folds
Uncalled bet ($2) returned to YseRussia
YseRussia collected $2 from pot
YseRussia: doesn't show hand
*** SUMMARY ***
Total pot $2 | Rake $0
Seat 2: YseRussia (big blind) collected ($2)
Seat 3: habari786 (button) (small blind) folded before Flop


PokerStars Hand #160313112031:  Hold'em Limit ($3/$6 USD) - 2016/10/23 3:23:46 ET
Table 'Bellona' 6-max Seat #2 is the button
Seat 2: YseRussia ($127.22 in chips)
Seat 3: habari786 ($10.35 in chips)
YseRussia: posts small blind $1
habari786: posts big blind $3
*** HOLE CARDS ***
YseRussia: raises $3 to $6
habari786: folds
Uncalled bet ($3) returned to YseRussia
YseRussia collected $6 from pot
YseRussia: doesn't show hand
*** SUMMARY ***
Total pot $6 | Rake $0
Seat 2: YseRussia (button) (small blind) collected ($6)
Seat 3: habari786 (big blind) folded before Flop


PokerStars Hand #160313114256:  Hold'em Limit ($3/$6 USD) - 2016/10/23 3:23:54 ET
Table 'Bellona' 6-max Seat #3 is the button
Seat 2: YseRussia ($130.22 in chips)
Seat 3: habari786 ($7.35 in chips)
habari786: posts small blind $1
YseRussia: posts big blind $3
*** HOLE CARDS ***
habari786: folds
Uncalled bet ($2) returned to YseRussia
YseRussia collected $2 from pot
YseRussia: doesn't show hand
*** SUMMARY ***
Total pot $2 | Rake $0
Seat 2: YseRussia (big blind) collected ($2)
Seat 3: habari786 (button) (small blind) folded before Flop


PokerStars Hand #160313093852:  Hold'em Limit ($3/$6 USD) - 2016/10/23 3:22:42 ET
Table 'Bellona' 6-max Seat #2 is the button
Seat 2: YseRussia ($109 in chips)
Seat 3: habari786 ($29.28 in chips)
YseRussia: posts small blind $1
habari786: posts big blind $3
*** HOLE CARDS ***
YseRussia: raises $3 to $6
habari786: calls $3
*** FLOP *** [4s 6s 7c]
habari786: bets $3
YseRussia: raises $3 to $6
habari786: calls $3
*** TURN *** [4s 6s 7c] [8c]
habari786: bets $6
YseRussia: calls $6
*** RIVER *** [4s 6s 7c 8c] [Ad]
habari786: bets $6
YseRussia: calls $6
*** SHOW DOWN ***
habari786: shows [6h 3s] (a pair of Sixes)
YseRussia: shows [Jc 6c] (a pair of Sixes - Ace+Jack kicker)
YseRussia collected $47.50 from pot
*** SUMMARY ***
Total pot $48 | Rake $0.50
Board [4s 6s 7c 8c Ad]
Seat 2: YseRussia (button) (small blind) showed [Jc 6c] and won ($47.50) with a pair of Sixes
Seat 3: habari786 (big blind) showed [6h 3s] and lost with a pair of Sixes


PokerStars Hand #160313106368:  Hold'em Limit ($3/$6 USD) - 2016/10/23 3:23:26 ET
Table 'Bellona' 6-max Seat #3 is the button
Seat 2: YseRussia ($132.50 in chips)
Seat 3: habari786 ($5.28 in chips)
habari786: posts small blind $1
YseRussia: posts big blind $3
*** HOLE CARDS ***
habari786: raises $2.28 to $5.28 and is all-in
YseRussia: calls $2.28
*** FLOP *** [8d Js Qs]
*** TURN *** [8d Js Qs] [8c]
*** RIVER *** [8d Js Qs 8c] [4c]
*** SHOW DOWN ***
YseRussia: shows [9d 7h] (a pair of Eights)
habari786: shows [Ah 6c] (a pair of Eights - Ace kicker)
habari786 collected $10.35 from pot
*** SUMMARY ***
Total pot $10.56 | Rake $0.21
Board [8d Js Qs 8c 4c]
Seat 2: YseRussia (big blind) showed [9d 7h] and lost with a pair of Eights
Seat 3: habari786 (button) (small blind) showed [Ah 6c] and won ($10.35) with a pair of Eights


PokerStars Hand #160313127571:  Hold'em Limit ($3/$6 USD) - 2016/10/23 3:24:40 ET
Table 'Bellona' 6-max Seat #3 is the button
Seat 2: YseRussia ($115.42 in chips)
Seat 3: habari786 ($21.40 in chips)
habari786: posts small blind $1
YseRussia: posts big blind $3
*** HOLE CARDS ***
habari786: raises $3 to $6
YseRussia: calls $3
*** FLOP *** [As 5h 7s]
YseRussia: checks
habari786: bets $3
YseRussia: raises $3 to $6
habari786: raises $3 to $9
YseRussia: calls $3
*** TURN *** [As 5h 7s] [Jh]
YseRussia: checks
habari786: bets $6
YseRussia: calls $6
*** RIVER *** [As 5h 7s Jh] [Qh]
YseRussia: checks
habari786: bets $0.40 and is all-in
YseRussia: calls $0.40
*** SHOW DOWN ***
habari786: shows [Ah 9s] (a pair of Aces)
YseRussia: shows [Td 8h] (high card Ace)
habari786 collected $42.30 from pot
*** SUMMARY ***
Total pot $42.80 | Rake $0.50
Board [As 5h 7s Jh Qh]
Seat 2: YseRussia (big blind) showed [Td 8h] and lost with high card Ace
Seat 3: habari786 (button) (small blind) showed [Ah 9s] and won ($42.30) with a pair of Aces


PokerStars Hand #160313120833:  Hold'em Limit ($3/$6 USD) - 2016/10/23 3:24:17 ET
Table 'Bellona' 6-max Seat #3 is the button
Seat 2: YseRussia ($124.87 in chips)
Seat 3: habari786 ($12.45 in chips)
habari786: posts small blind $1
YseRussia: posts big blind $3
*** HOLE CARDS ***
habari786: raises $3 to $6
YseRussia: raises $3 to $9
habari786: raises $3 to $12
Betting is capped
YseRussia: calls $3
*** FLOP *** [Jd 6s 3d]
YseRussia: bets $3
habari786: calls $0.45 and is all-in
Uncalled bet ($2.55) returned to YseRussia
*** TURN *** [Jd 6s 3d] [9c]
*** RIVER *** [Jd 6s 3d 9c] [Tc]
*** SHOW DOWN ***
YseRussia: shows [5h Ac] (high card Ace)
habari786: shows [9s Qd] (a pair of Nines)
habari786 collected $24.40 from pot
*** SUMMARY ***
Total pot $24.90 | Rake $0.50
Board [Jd 6s 3d 9c Tc]
Seat 2: YseRussia (big blind) showed [5h Ac] and lost with high card Ace
Seat 3: habari786 (button) (small blind) showed [9s Qd] and won ($24.40) with a pair of Nines


PokerStars Hand #160313125222:  Hold'em Limit ($3/$6 USD) - 2016/10/23 3:24:32 ET
Table 'Bellona' 6-max Seat #2 is the button
Seat 2: YseRussia ($112.42 in chips)
Seat 3: habari786 ($24.40 in chips)
YseRussia: posts small blind $1
habari786: posts big blind $3
*** HOLE CARDS ***
YseRussia: raises $3 to $6
habari786: folds
Uncalled bet ($3) returned to YseRussia
YseRussia collected $6 from pot
YseRussia: doesn't show hand
*** SUMMARY ***
Total pot $6 | Rake $0
Seat 2: YseRussia (button) (small blind) collected ($6)
Seat 3: habari786 (big blind) folded before Flop


PokerStars Hand #160313117236:  Hold'em Limit ($3/$6 USD) - 2016/10/23 3:24:04 ET
Table 'Bellona' 6-max Seat #2 is the button
Seat 2: YseRussia ($131.22 in chips)
Seat 3: habari786 ($6.35 in chips)
YseRussia: posts small blind $1
habari786: posts big blind $3
*** HOLE CARDS ***
YseRussia: raises $3 to $6
habari786: raises $0.35 to $6.35 and is all-in
YseRussia: calls $0.35
*** FLOP *** [Ts Ad 3d]
*** TURN *** [Ts Ad 3d] [6d]
*** RIVER *** [Ts Ad 3d 6d] [7s]
*** SHOW DOWN ***
habari786: shows [Qh 9c] (high card Ace)
YseRussia: shows [4d Qc] (high card Ace - lower kicker)
habari786 collected $12.45 from pot
*** SUMMARY ***
Total pot $12.70 | Rake $0.25
Board [Ts Ad 3d 6d 7s]
Seat 2: YseRussia (button) (small blind) showed [4d Qc] and lost with high card Ace
Seat 3: habari786 (big blind) showed [Qh 9c] and won ($12.45) with high card Ace


PokerStars Hand #160313144392:  Hold'em Limit ($3/$6 USD) - 2016/10/23 3:25:39 ET
Table 'Bellona' 6-max Seat #3 is the button
Seat 2: YseRussia ($64.02 in chips)
Seat 3: habari786 ($71.80 in chips)
habari786: posts small blind $1
YseRussia: posts big blind $3
*** HOLE CARDS ***
habari786: raises $3 to $6
YseRussia: calls $3
*** FLOP *** [Td Ah Qh]
YseRussia: checks
habari786: bets $3
YseRussia: calls $3
*** TURN *** [Td Ah Qh] [2d]
YseRussia: checks
habari786: checks
*** RIVER *** [Td Ah Qh 2d] [3h]
YseRussia: bets $6
habari786: calls $6
*** SHOW DOWN ***
YseRussia: shows [Qc 9d] (a pair of Queens)
habari786: mucks hand
YseRussia collected $29.50 from pot
*** SUMMARY ***
Total pot $30 | Rake $0.50
Board [Td Ah Qh 2d 3h]
Seat 2: YseRussia (big blind) showed [Qc 9d] and won ($29.50) with a pair of Queens
Seat 3: habari786 (button) (small blind) mucked


PokerStars Hand #160313151397:  Hold'em Limit ($3/$6 USD) - 2016/10/23 3:26:03 ET
Table 'Bellona' 6-max Seat #2 is the button
Seat 2: YseRussia ($82.52 in chips)
Seat 3: habari786 ($52.80 in chips)
YseRussia: posts small blind $1
habari786: posts big blind $3
*** HOLE CARDS ***
YseRussia: folds
Uncalled bet ($2) returned to habari786
habari786 collected $2 from pot
habari786: doesn't show hand
*** SUMMARY ***
Total pot $2 | Rake $0
Seat 2: YseRussia (button) (small blind) folded before Flop
Seat 3: habari786 (big blind) collected ($2)


PokerStars Hand #160313149973:  Hold'em Limit ($3/$6 USD) - 2016/10/23 3:25:58 ET
Table 'Bellona' 6-max Seat #3 is the button
Seat 2: YseRussia ($81.52 in chips)
Seat 3: habari786 ($53.80 in chips)
habari786: posts small blind $1
YseRussia: posts big blind $3
*** HOLE CARDS ***
habari786: folds
Uncalled bet ($2) returned to YseRussia
YseRussia collected $2 from pot
YseRussia: doesn't show hand
*** SUMMARY ***
Total pot $2 | Rake $0
Seat 2: YseRussia (big blind) collected ($2)
Seat 3: habari786 (button) (small blind) folded before Flop


PokerStars Hand #160313148437:  Hold'em Limit ($3/$6 USD) - 2016/10/23 3:25:53 ET
Table 'Bellona' 6-max Seat #2 is the button
Seat 2: YseRussia ($78.52 in chips)
Seat 3: habari786 ($56.80 in chips)
YseRussia: posts small blind $1
habari786: posts big blind $3
*** HOLE CARDS ***
YseRussia: raises $3 to $6
habari786: folds
Uncalled bet ($3) returned to YseRussia
YseRussia collected $6 from pot
YseRussia: doesn't show hand
*** SUMMARY ***
Total pot $6 | Rake $0
Seat 2: YseRussia (button) (small blind) collected ($6)
Seat 3: habari786 (big blind) folded before Flop


PokerStars Hand #160313135402:  Hold'em Limit ($3/$6 USD) - 2016/10/23 3:25:08 ET
Table 'Bellona' 6-max Seat #3 is the button
Seat 2: YseRussia ($93.02 in chips)
Seat 3: habari786 ($43.30 in chips)
habari786: posts small blind $1
YseRussia: posts big blind $3
*** HOLE CARDS ***
habari786: folds
Uncalled bet ($2) returned to YseRussia
YseRussia collected $2 from pot
YseRussia: doesn't show hand
*** SUMMARY ***
Total pot $2 | Rake $0
Seat 2: YseRussia (big blind) collected ($2)
Seat 3: habari786 (button) (small blind) folded before Flop


PokerStars Hand #160313134213:  Hold'em Limit ($3/$6 USD) - 2016/10/23 3:25:03 ET
Table 'Bellona' 6-max Seat #2 is the button
Seat 2: YseRussia ($94.02 in chips)
Seat 3: habari786 ($42.30 in chips)
YseRussia: posts small blind $1
habari786: posts big blind $3
*** HOLE CARDS ***
YseRussia: folds
Uncalled bet ($2) returned to habari786
habari786 collected $2 from pot
habari786: doesn't show hand
*** SUMMARY ***
Total pot $2 | Rake $0
Seat 2: YseRussia (button) (small blind) folded before Flop
Seat 3: habari786 (big blind) collected ($2)


PokerStars Hand #160313152560:  Hold'em Limit ($3/$6 USD) - 2016/10/23 3:26:07 ET
Table 'Bellona' 6-max Seat #3 is the button
Seat 2: YseRussia ($81.52 in chips)
Seat 3: habari786 ($53.80 in chips)
habari786: posts small blind $1
YseRussia: posts big blind $3
*** HOLE CARDS ***
habari786: raises $3 to $6
YseRussia: calls $3
*** FLOP *** [5s 2h Ts]
YseRussia: checks
habari786: checks
*** TURN *** [5s 2h Ts] [7d]
YseRussia: bets $6
habari786: calls $6
*** RIVER *** [5s 2h Ts 7d] [8h]
YseRussia: bets $6
habari786: calls $6
*** SHOW DOWN ***
YseRussia: shows [5d 4s] (a pair of Fives)
habari786: mucks hand
YseRussia collected $35.50 from pot
*** SUMMARY ***
Total pot $36 | Rake $0.50
Board [5s 2h Ts 7d 8h]
Seat 2: YseRussia (big blind) showed [5d 4s] and won ($35.50) with a pair of Fives
Seat 3: habari786 (button) (small blind) mucked


PokerStars Hand #160313157850:  Hold'em Limit ($3/$6 USD) - 2016/10/23 3:26:25 ET
Table 'Bellona' 6-max Seat #2 is the button
Seat 2: YseRussia ($99.02 in chips)
Seat 3: habari786 ($35.80 in chips)
YseRussia: posts small blind $1
habari786: posts big blind $3
*** HOLE CARDS ***
YseRussia: calls $2
habari786: checks
*** FLOP *** [Tc 5s Ts]
habari786: checks
YseRussia: bets $3
habari786: folds
Uncalled bet ($3) returned to YseRussia
YseRussia collected $5.88 from pot
YseRussia: doesn't show hand
*** SUMMARY ***
Total pot $6 | Rake $0.12
Board [Tc 5s Ts]
Seat 2: YseRussia (button) (small blind) collected ($5.88)
Seat 3: habari786 (big blind) folded on the Flop


PokerStars Hand #160313161111:  Hold'em Limit ($3/$6 USD) - 2016/10/23 3:26:36 ET
Table 'Bellona' 6-max Seat #3 is the button
Seat 2: YseRussia ($101.90 in chips)
Seat 3: habari786 ($32.80 in chips)
habari786: posts small blind $1
YseRussia: posts big blind $3
*** HOLE CARDS ***
habari786: calls $2
YseRussia: checks
*** FLOP *** [4s 5d 5c]
YseRussia: checks
habari786: checks
*** TURN *** [4s 5d 5c] [9c]
YseRussia: bets $6
habari786: folds
Uncalled bet ($6) returned to YseRussia
YseRussia collected $5.88 from pot
YseRussia: doesn't show hand
*** SUMMARY ***
Total pot $6 | Rake $0.12
Board [4s 5d 5c 9c]
Seat 2: YseRussia (big blind) collected ($5.88)
Seat 3: habari786 (button) (small blind) folded on the Turn


PokerStars Hand #160313178913:  Hold'em Limit ($3/$6 USD) - 2016/10/23 3:27:37 ET
Table 'Bellona' 6-max Seat #2 is the button
Seat 2: YseRussia ($110.48 in chips)
Seat 3: habari786 ($23.13 in chips)
YseRussia: posts small blind $1
habari786: posts big blind $3
*** HOLE CARDS ***
YseRussia: raises $3 to $6
habari786: raises $3 to $9
YseRussia: calls $3
*** FLOP *** [4c 3c Qh]
habari786: bets $3
YseRussia: calls $3
*** TURN *** [4c 3c Qh] [Jc]
habari786: bets $6
YseRussia: raises $6 to $12
habari786: folds
Uncalled bet ($6) returned to YseRussia
YseRussia collected $35.50 from pot
YseRussia: doesn't show hand
*** SUMMARY ***
Total pot $36 | Rake $0.50
Board [4c 3c Qh Jc]
Seat 2: YseRussia (button) (small blind) collected ($35.50)
Seat 3: habari786 (big blind) folded on the Turn


PokerStars Hand #160313164800:  Hold'em Limit ($3/$6 USD) - 2016/10/23 3:26:49 ET
Table 'Bellona' 6-max Seat #2 is the button
Seat 2: YseRussia ($104.78 in chips)
Seat 3: habari786 ($29.80 in chips)
YseRussia: posts small blind $1
habari786: posts big blind $3
*** HOLE CARDS ***
YseRussia: raises $3 to $6
habari786: raises $3 to $9
YseRussia: calls $3
*** FLOP *** [Ks 6h Qc]
habari786: bets $3
YseRussia: calls $3
*** TURN *** [Ks 6h Qc] [Ac]
habari786: bets $6
YseRussia: calls $6
*** RIVER *** [Ks 6h Qc Ac] [Jd]
habari786: checks
YseRussia: bets $6
habari786: folds
Uncalled bet ($6) returned to YseRussia
YseRussia collected $35.50 from pot
YseRussia: doesn't show hand
*** SUMMARY ***
Total pot $36 | Rake $0.50
Board [Ks 6h Qc Ac Jd]
Seat 2: YseRussia (button) (small blind) collected ($35.50)
Seat 3: habari786 (big blind) folded on the River


PokerStars Hand #160313202085:  Hold'em Limit ($3/$6 USD) - 2016/10/23 3:28:56 ET
Table 'Bellona' 6-max Seat #2 is the button
Seat 2: YseRussia ($93.10 in chips)
Seat 3: habari786 ($38.90 in chips)
YseRussia: posts small blind $1
habari786: posts big blind $3
*** HOLE CARDS ***
YseRussia: raises $3 to $6
habari786: folds
Uncalled bet ($3) returned to YseRussia
YseRussia collected $6 from pot
YseRussia: doesn't show hand
*** SUMMARY ***
Total pot $6 | Rake $0
Seat 2: YseRussia (button) (small blind) collected ($6)
Seat 3: habari786 (big blind) folded before Flop


PokerStars Hand #160313190349:  Hold'em Limit ($3/$6 USD) - 2016/10/23 3:28:16 ET
Table 'Bellona' 6-max Seat #2 is the button
Seat 2: YseRussia ($122.85 in chips)
Seat 3: habari786 ($10.05 in chips)
YseRussia: posts small blind $1
habari786: posts big blind $3
*** HOLE CARDS ***
YseRussia: raises $3 to $6
habari786: raises $3 to $9
YseRussia: raises $3 to $12
Betting is capped
habari786: calls $1.05 and is all-in
Uncalled bet ($1.95) returned to YseRussia
*** FLOP *** [5c 9s Kc]
*** TURN *** [5c 9s Kc] [3s]
*** RIVER *** [5c 9s Kc 3s] [Kd]
*** SHOW DOWN ***
habari786: shows [Js Ac] (a pair of Kings)
YseRussia: shows [2h Ah] (a pair of Kings - lower kicker)
habari786 collected $19.70 from pot
*** SUMMARY ***
Total pot $20.10 | Rake $0.40
Board [5c 9s Kc 3s Kd]
Seat 2: YseRussia (button) (small blind) showed [2h Ah] and lost with a pair of Kings
Seat 3: habari786 (big blind) showed [Js Ac] and won ($19.70) with a pair of Kings


PokerStars Hand #160313184295:  Hold'em Limit ($3/$6 USD) - 2016/10/23 3:27:55 ET
Table 'Bellona' 6-max Seat #3 is the button
Seat 2: YseRussia ($127.98 in chips)
Seat 3: habari786 ($5.13 in chips)
habari786: posts small blind $1
YseRussia: posts big blind $3
*** HOLE CARDS ***
habari786: raises $2.13 to $5.13 and is all-in
YseRussia: calls $2.13
*** FLOP *** [Ac Qs 6s]
*** TURN *** [Ac Qs 6s] [Kc]
*** RIVER *** [Ac Qs 6s Kc] [8s]
*** SHOW DOWN ***
YseRussia: shows [5h 4s] (high card Ace)
habari786: shows [2c Ad] (a pair of Aces)
habari786 collected $10.05 from pot
*** SUMMARY ***
Total pot $10.26 | Rake $0.21
Board [Ac Qs 6s Kc 8s]
Seat 2: YseRussia (big blind) showed [5h 4s] and lost with high card Ace
Seat 3: habari786 (button) (small blind) showed [2c Ad] and won ($10.05) with a pair of Aces


PokerStars Hand #160313210484:  Hold'em Limit ($3/$6 USD) - 2016/10/23 3:29:25 ET
Table 'Bellona' 6-max Seat #2 is the button
Seat 2: YseRussia ($97.10 in chips)
Seat 3: habari786 ($34.90 in chips)
YseRussia: posts small blind $1
habari786: posts big blind $3
*** HOLE CARDS ***
YseRussia: folds
Uncalled bet ($2) returned to habari786
habari786 collected $2 from pot
habari786: doesn't show hand
*** SUMMARY ***
Total pot $2 | Rake $0
Seat 2: YseRussia (button) (small blind) folded before Flop
Seat 3: habari786 (big blind) collected ($2)


PokerStars Hand #160313211673:  Hold'em Limit ($3/$6 USD) - 2016/10/23 3:29:29 ET
Table 'Bellona' 6-max Seat #3 is the button
Seat 2: YseRussia ($96.10 in chips)
Seat 3: habari786 ($35.90 in chips)
habari786: posts small blind $1
YseRussia: posts big blind $3
*** HOLE CARDS ***
habari786: folds
Uncalled bet ($2) returned to YseRussia
YseRussia collected $2 from pot
YseRussia: doesn't show hand
*** SUMMARY ***
Total pot $2 | Rake $0
Seat 2: YseRussia (big blind) collected ($2)
Seat 3: habari786 (button) (small blind) folded before Flop


PokerStars Hand #160313215884:  Hold'em Limit ($3/$6 USD) - 2016/10/23 3:29:43 ET
Table 'Bellona' 6-max Seat #2 is the button
Seat 2: YseRussia ($97.10 in chips)
Seat 3: habari786 ($34.90 in chips)
YseRussia: posts small blind $1
habari786: posts big blind $3
*** HOLE CARDS ***
YseRussia: raises $3 to $6
habari786: calls $3
*** FLOP *** [4s 3s 8s]
habari786: checks
YseRussia: bets $3
habari786: calls $3
*** TURN *** [4s 3s 8s] [Js]
habari786: checks
YseRussia: bets $6
habari786: raises $6 to $12
YseRussia: folds
Uncalled bet ($6) returned to habari786
habari786 collected $29.50 from pot
habari786: doesn't show hand
*** SUMMARY ***
Total pot $30 | Rake $0.50
Board [4s 3s 8s Js]
Seat 2: YseRussia (button) (small blind) folded on the Turn
Seat 3: habari786 (big blind) collected ($29.50)


PokerStars Hand #160313204363:  Hold'em Limit ($3/$6 USD) - 2016/10/23 3:29:04 ET
Table 'Bellona' 6-max Seat #3 is the button
Seat 2: YseRussia ($96.10 in chips)
Seat 3: habari786 ($35.90 in chips)
habari786: posts small blind $1
YseRussia: posts big blind $3
*** HOLE CARDS ***
habari786: folds
Uncalled bet ($2) returned to YseRussia
YseRussia collected $2 from pot
YseRussia: doesn't show hand
*** SUMMARY ***
Total pot $2 | Rake $0
Seat 2: YseRussia (big blind) collected ($2)
Seat 3: habari786 (button) (small blind) folded before Flop


PokerStars Hand #160313224486:  Hold'em Limit ($3/$6 USD) - 2016/10/23 3:30:12 ET
Table 'Bellona' 6-max Seat #2 is the button
Seat 2: YseRussia ($83.10 in chips)
Seat 3: habari786 ($48.40 in chips)
YseRussia: posts small blind $1
habari786: posts big blind $3
*** HOLE CARDS ***
YseRussia: raises $3 to $6
habari786: calls $3
*** FLOP *** [7h Ad 3d]
habari786: bets $3
YseRussia: raises $3 to $6
habari786: calls $3
*** TURN *** [7h Ad 3d] [Kh]
habari786: bets $6
YseRussia: raises $6 to $12
habari786: calls $6
*** RIVER *** [7h Ad 3d Kh] [4h]
habari786: checks
YseRussia: bets $6
habari786: calls $6
*** SHOW DOWN ***
YseRussia: shows [Qd Ts] (high card Ace)
habari786: shows [Ah 2d] (a pair of Aces)
habari786 collected $59.50 from pot
*** SUMMARY ***
Total pot $60 | Rake $0.50
Board [7h Ad 3d Kh 4h]
Seat 2: YseRussia (button) (small blind) showed [Qd Ts] and lost with high card Ace
Seat 3: habari786 (big blind) showed [Ah 2d] and won ($59.50) with a pair of Aces


PokerStars Hand #160313221151:  Hold'em Limit ($3/$6 USD) - 2016/10/23 3:30:01 ET
Table 'Bellona' 6-max Seat #3 is the button
Seat 2: YseRussia ($82.10 in chips)
Seat 3: habari786 ($49.40 in chips)
habari786: posts small blind $1
YseRussia: posts big blind $3
*** HOLE CARDS ***
habari786: folds
Uncalled bet ($2) returned to YseRussia
YseRussia collected $2 from pot
YseRussia: doesn't show hand
*** SUMMARY ***
Total pot $2 | Rake $0
Seat 2: YseRussia (big blind) collected ($2)
Seat 3: habari786 (button) (small blind) folded before Flop


PokerStars Hand #160313230816:  Hold'em Limit ($3/$6 USD) - 2016/10/23 3:30:34 ET
Table 'Bellona' 6-max Seat #3 is the button
Seat 2: YseRussia ($53.10 in chips)
Seat 3: habari786 ($77.90 in chips)
habari786: posts small blind $1
YseRussia: posts big blind $3
*** HOLE CARDS ***
habari786: raises $3 to $6
YseRussia: calls $3
*** FLOP *** [Ts 2d 2h]
YseRussia: checks
habari786: bets $3
YseRussia: calls $3
*** TURN *** [Ts 2d 2h] [Jd]
YseRussia: checks
habari786: bets $6
YseRussia: calls $6
*** RIVER *** [Ts 2d 2h Jd] [Kh]
YseRussia: checks
habari786: bets $6
YseRussia: folds
Uncalled bet ($6) returned to habari786
habari786 collected $29.50 from pot
habari786: doesn't show hand
*** SUMMARY ***
Total pot $30 | Rake $0.50
Board [Ts 2d 2h Jd Kh]
Seat 2: YseRussia (big blind) folded on the River
Seat 3: habari786 (button) (small blind) collected ($29.50)


PokerStars Hand #160313236008:  Hold'em Limit ($3/$6 USD) - 2016/10/23 3:30:52 ET
Table 'Bellona' 6-max Seat #2 is the button
Seat 2: YseRussia ($38.10 in chips)
Seat 3: habari786 ($92.40 in chips)
YseRussia: posts small blind $1
habari786: posts big blind $3
*** HOLE CARDS ***
YseRussia: raises $3 to $6
habari786: folds
Uncalled bet ($3) returned to YseRussia
YseRussia collected $6 from pot
YseRussia: doesn't show hand
*** SUMMARY ***
Total pot $6 | Rake $0
Seat 2: YseRussia (button) (small blind) collected ($6)
Seat 3: habari786 (big blind) folded before Flop


PokerStars Hand #160313238176:  Hold'em Limit ($3/$6 USD) - 2016/10/23 3:30:59 ET
Table 'Bellona' 6-max Seat #3 is the button
Seat 2: YseRussia ($101.10 in chips)
Seat 3: habari786 ($89.40 in chips)
habari786: posts small blind $1
YseRussia: posts big blind $3
*** HOLE CARDS ***
habari786: raises $3 to $6
YseRussia: calls $3
*** FLOP *** [Jh 2d Ah]
YseRussia: checks
habari786: bets $3
YseRussia: calls $3
*** TURN *** [Jh 2d Ah] [Ac]
YseRussia: checks
habari786: bets $6
YseRussia: raises $6 to $12
habari786: calls $6
*** RIVER *** [Jh 2d Ah Ac] [Ad]
YseRussia: checks
habari786: bets $6
YseRussia: calls $6
*** SHOW DOWN ***
habari786: shows [Jd Qc] (a full house, Aces full of Jacks)
YseRussia: mucks hand
habari786 collected $53.50 from pot
*** SUMMARY ***
Total pot $54 | Rake $0.50
Board [Jh 2d Ah Ac Ad]
Seat 2: YseRussia (big blind) mucked
Seat 3: habari786 (button) (small blind) showed [Jd Qc] and won ($53.50) with a full house, Aces full of Jacks


PokerStars Hand #160313248705:  Hold'em Limit ($3/$6 USD) - 2016/10/23 3:31:35 ET
Table 'Bellona' 6-max Seat #2 is the button
Seat 2: YseRussia ($74.10 in chips)
Seat 3: habari786 ($115.90 in chips)
YseRussia: posts small blind $1
habari786: posts big blind $3
*** HOLE CARDS ***
YseRussia: folds
Uncalled bet ($2) returned to habari786
habari786 collected $2 from pot
habari786: doesn't show hand
*** SUMMARY ***
Total pot $2 | Rake $0
Seat 2: YseRussia (button) (small blind) folded before Flop
Seat 3: habari786 (big blind) collected ($2)


PokerStars Hand #160313256281:  Hold'em Limit ($3/$6 USD) - 2016/10/23 3:32:01 ET
Table 'Bellona' 6-max Seat #2 is the button
Seat 2: YseRussia ($55.10 in chips)
Seat 3: habari786 ($134.40 in chips)
YseRussia: posts small blind $1
habari786: posts big blind $3
*** HOLE CARDS ***
YseRussia: raises $3 to $6
habari786: folds
Uncalled bet ($3) returned to YseRussia
YseRussia collected $6 from pot
YseRussia: doesn't show hand
*** SUMMARY ***
Total pot $6 | Rake $0
Seat 2: YseRussia (button) (small blind) collected ($6)
Seat 3: habari786 (big blind) folded before Flop


PokerStars Hand #160313250089:  Hold'em Limit ($3/$6 USD) - 2016/10/23 3:31:40 ET
Table 'Bellona' 6-max Seat #3 is the button
Seat 2: YseRussia ($73.10 in chips)
Seat 3: habari786 ($116.90 in chips)
habari786: posts small blind $1
YseRussia: posts big blind $3
*** HOLE CARDS ***
habari786: raises $3 to $6
YseRussia: calls $3
*** FLOP *** [As 6h 7s]
YseRussia: checks
habari786: checks
*** TURN *** [As 6h 7s] [3d]
YseRussia: bets $6
habari786: calls $6
*** RIVER *** [As 6h 7s 3d] [9s]
YseRussia: bets $6
habari786: calls $6
*** SHOW DOWN ***
YseRussia: shows [2s Kd] (high card Ace)
habari786: shows [Jd Kc] (high card Ace - King+Jack kicker)
habari786 collected $35.50 from pot
*** SUMMARY ***
Total pot $36 | Rake $0.50
Board [As 6h 7s 3d 9s]
Seat 2: YseRussia (big blind) showed [2s Kd] and lost with high card Ace
Seat 3: habari786 (button) (small blind) showed [Jd Kc] and won ($35.50) with high card Ace


PokerStars Hand #160313258377:  Hold'em Limit ($3/$6 USD) - 2016/10/23 3:32:08 ET
Table 'Bellona' 6-max Seat #3 is the button
Seat 2: YseRussia ($58.10 in chips)
Seat 3: habari786 ($131.40 in chips)
habari786: posts small blind $1
YseRussia: posts big blind $3
*** HOLE CARDS ***
habari786: folds
Uncalled bet ($2) returned to YseRussia
YseRussia collected $2 from pot
YseRussia: doesn't show hand
*** SUMMARY ***
Total pot $2 | Rake $0
Seat 2: YseRussia (big blind) collected ($2)
Seat 3: habari786 (button) (small blind) folded before Flop


PokerStars Hand #160313267326:  Hold'em Limit ($3/$6 USD) - 2016/10/23 3:32:38 ET
Table 'Bellona' 6-max Seat #2 is the button
Seat 2: YseRussia ($59.10 in chips)
Seat 3: habari786 ($130.40 in chips)
YseRussia: posts small blind $1
habari786: posts big blind $3
*** HOLE CARDS ***
YseRussia: raises $3 to $6
habari786: raises $3 to $9
YseRussia: calls $3
*** FLOP *** [Ts 9d Td]
habari786: bets $3
YseRussia: calls $3
*** TURN *** [Ts 9d Td] [Ks]
habari786: checks
YseRussia: bets $6
habari786: calls $6
*** RIVER *** [Ts 9d Td Ks] [7h]
habari786: checks
YseRussia: bets $6
habari786: calls $6
*** SHOW DOWN ***
YseRussia: shows [Tc 5s] (three of a kind, Tens)
habari786: mucks hand
YseRussia collected $47.50 from pot
*** SUMMARY ***
Total pot $48 | Rake $0.50
Board [Ts 9d Td Ks 7h]
Seat 2: YseRussia (button) (small blind) showed [Tc 5s] and won ($47.50) with three of a kind, Tens
Seat 3: habari786 (big blind) mucked


PokerStars Hand #160313273217:  Hold'em Limit ($3/$6 USD) - 2016/10/23 3:32:58 ET
Table 'Bellona' 6-max Seat #3 is the button
Seat 2: YseRussia ($82.60 in chips)
Seat 3: habari786 ($106.40 in chips)
habari786: posts small blind $1
YseRussia: posts big blind $3
*** HOLE CARDS ***
habari786: raises $3 to $6
YseRussia: calls $3
*** FLOP *** [2c 9h Ts]
YseRussia: checks
habari786: checks
*** TURN *** [2c 9h Ts] [9d]
YseRussia: checks
habari786: checks
*** RIVER *** [2c 9h Ts 9d] [4c]
YseRussia: checks
habari786: checks
*** SHOW DOWN ***
YseRussia: shows [Qh 5h] (a pair of Nines)
habari786: mucks hand
YseRussia collected $11.76 from pot
*** SUMMARY ***
Total pot $12 | Rake $0.24
Board [2c 9h Ts 9d 4c]
Seat 2: YseRussia (big blind) showed [Qh 5h] and won ($11.76) with a pair of Nines
Seat 3: habari786 (button) (small blind) mucked


PokerStars Hand #160313278915:  Hold'em Limit ($3/$6 USD) - 2016/10/23 3:33:18 ET
Table 'Bellona' 6-max Seat #2 is the button
Seat 2: YseRussia ($88.36 in chips)
Seat 3: habari786 ($100.40 in chips)
YseRussia: posts small blind $1
habari786: posts big blind $3
*** HOLE CARDS ***
YseRussia: raises $3 to $6
habari786: raises $3 to $9
YseRussia: calls $3
*** FLOP *** [4d 7s 4c]
habari786: checks
YseRussia: checks
*** TURN *** [4d 7s 4c] [6s]
habari786: checks
YseRussia: bets $6
habari786: folds
Uncalled bet ($6) returned to YseRussia
YseRussia collected $17.64 from pot
YseRussia: doesn't show hand
*** SUMMARY ***
Total pot $18 | Rake $0.36
Board [4d 7s 4c 6s]
Seat 2: YseRussia (button) (small blind) collected ($17.64)
Seat 3: habari786 (big blind) folded on the Turn


PokerStars Hand #160313284938:  Hold'em Limit ($3/$6 USD) - 2016/10/23 3:33:39 ET
Table 'Bellona' 6-max Seat #3 is the button
Seat 2: YseRussia ($97 in chips)
Seat 3: habari786 ($91.40 in chips)
habari786: posts small blind $1
YseRussia: posts big blind $3
*** HOLE CARDS ***
habari786: raises $3 to $6
YseRussia: raises $3 to $9
habari786: calls $3
*** FLOP *** [Td 6h 9h]
YseRussia: bets $3
habari786: calls $3
*** TURN *** [Td 6h 9h] [5s]
YseRussia: bets $6
habari786: calls $6
*** RIVER *** [Td 6h 9h 5s] [5h]
YseRussia: bets $6
habari786: calls $6
*** SHOW DOWN ***
YseRussia: shows [8s 8d] (two pair, Eights and Fives)
habari786: mucks hand
YseRussia collected $47.50 from pot
*** SUMMARY ***
Total pot $48 | Rake $0.50
Board [Td 6h 9h 5s 5h]
Seat 2: YseRussia (big blind) showed [8s 8d] and won ($47.50) with two pair, Eights and Fives
Seat 3: habari786 (button) (small blind) mucked


PokerStars Hand #160313289502:  Hold'em Limit ($3/$6 USD) - 2016/10/23 3:33:54 ET
Table 'Bellona' 6-max Seat #2 is the button
Seat 2: YseRussia ($120.50 in chips)
Seat 3: habari786 ($67.40 in chips)
YseRussia: posts small blind $1
habari786: posts big blind $3
*** HOLE CARDS ***
YseRussia: raises $3 to $6
habari786: calls $3
*** FLOP *** [7h 5d 5s]
habari786: checks
YseRussia: bets $3
habari786: folds
Uncalled bet ($3) returned to YseRussia
YseRussia collected $11.76 from pot
YseRussia: doesn't show hand
*** SUMMARY ***
Total pot $12 | Rake $0.24
Board [7h 5d 5s]
Seat 2: YseRussia (button) (small blind) collected ($11.76)
Seat 3: habari786 (big blind) folded on the Flop


PokerStars Hand #160313297859:  Hold'em Limit ($3/$6 USD) - 2016/10/23 3:34:23 ET
Table 'Bellona' 6-max Seat #2 is the button
Seat 2: YseRussia ($120.26 in chips)
Seat 3: habari786 ($67.16 in chips)
YseRussia: posts small blind $1
habari786: posts big blind $3
*** HOLE CARDS ***
YseRussia: raises $3 to $6
habari786: raises $3 to $9
YseRussia: calls $3
*** FLOP *** [2d 5s Th]
habari786: bets $3
YseRussia: calls $3
*** TURN *** [2d 5s Th] [7s]
habari786: checks
YseRussia: bets $6
habari786: calls $6
*** RIVER *** [2d 5s Th 7s] [2s]
habari786: checks
YseRussia: bets $6
habari786: calls $6
*** SHOW DOWN ***
YseRussia: shows [3h 3s] (two pair, Threes and Deuces)
habari786: mucks hand
YseRussia collected $47.50 from pot
*** SUMMARY ***
Total pot $48 | Rake $0.50
Board [2d 5s Th 7s 2s]
Seat 2: YseRussia (button) (small blind) showed [3h 3s] and won ($47.50) with two pair, Threes and Deuces
Seat 3: habari786 (big blind) mucked


PokerStars Hand #160313295376:  Hold'em Limit ($3/$6 USD) - 2016/10/23 3:34:15 ET
Table 'Bellona' 6-max Seat #3 is the button
Seat 2: YseRussia ($126.26 in chips)
Seat 3: habari786 ($61.40 in chips)
habari786: posts small blind $1
YseRussia: posts big blind $3
*** HOLE CARDS ***
habari786: raises $3 to $6
YseRussia: calls $3
*** FLOP *** [2c 9d Td]
YseRussia: checks
habari786: bets $3
YseRussia: folds
Uncalled bet ($3) returned to habari786
habari786 collected $11.76 from pot
habari786: doesn't show hand
*** SUMMARY ***
Total pot $12 | Rake $0.24
Board [2c 9d Td]
Seat 2: YseRussia (big blind) folded on the Flop
Seat 3: habari786 (button) (small blind) collected ($11.76)


PokerStars Hand #160313309310:  Hold'em Limit ($3/$6 USD) - 2016/10/23 3:35:02 ET
Table 'Bellona' 6-max Seat #2 is the button
Seat 2: YseRussia ($152.40 in chips)
Seat 3: habari786 ($34.16 in chips)
YseRussia: posts small blind $1
habari786: posts big blind $3
*** HOLE CARDS ***
YseRussia: raises $3 to $6
habari786: folds
Uncalled bet ($3) returned to YseRussia
YseRussia collected $6 from pot
YseRussia: doesn't show hand
*** SUMMARY ***
Total pot $6 | Rake $0
Seat 2: YseRussia (button) (small blind) collected ($6)
Seat 3: habari786 (big blind) folded before Flop


PokerStars Hand #160313303867:  Hold'em Limit ($3/$6 USD) - 2016/10/23 3:34:44 ET
Table 'Bellona' 6-max Seat #3 is the button
Seat 2: YseRussia ($143.76 in chips)
Seat 3: habari786 ($43.16 in chips)
habari786: posts small blind $1
YseRussia: posts big blind $3
*** HOLE CARDS ***
habari786: raises $3 to $6
YseRussia: calls $3
*** FLOP *** [9s Ad 8s]
YseRussia: checks
habari786: bets $3
YseRussia: calls $3
*** TURN *** [9s Ad 8s] [Jc]
YseRussia: checks
habari786: checks
*** RIVER *** [9s Ad 8s Jc] [7c]
YseRussia: bets $6
habari786: folds
Uncalled bet ($6) returned to YseRussia
YseRussia collected $17.64 from pot
YseRussia: doesn't show hand
*** SUMMARY ***
Total pot $18 | Rake $0.36
Board [9s Ad 8s Jc 7c]
Seat 2: YseRussia (big blind) collected ($17.64)
Seat 3: habari786 (button) (small blind) folded on the River


PokerStars Hand #160313312557:  Hold'em Limit ($3/$6 USD) - 2016/10/23 3:35:13 ET
Table 'Bellona' 6-max Seat #2 is the button
Seat 2: YseRussia ($156.40 in chips)
Seat 3: habari786 ($30.16 in chips)
YseRussia: posts small blind $1
habari786: posts big blind $3
*** HOLE CARDS ***
YseRussia: folds
Uncalled bet ($2) returned to habari786
habari786 collected $2 from pot
habari786: doesn't show hand
*** SUMMARY ***
Total pot $2 | Rake $0
Seat 2: YseRussia (button) (small blind) folded before Flop
Seat 3: habari786 (big blind) collected ($2)


PokerStars Hand #160313310697:  Hold'em Limit ($3/$6 USD) - 2016/10/23 3:35:07 ET
Table 'Bellona' 6-max Seat #3 is the button
Seat 2: YseRussia ($155.40 in chips)
Seat 3: habari786 ($31.16 in chips)
habari786: posts small blind $1
YseRussia: posts big blind $3
*** HOLE CARDS ***
habari786: folds
Uncalled bet ($2) returned to YseRussia
YseRussia collected $2 from pot
YseRussia: doesn't show hand
*** SUMMARY ***
Total pot $2 | Rake $0
Seat 2: YseRussia (big blind) collected ($2)
Seat 3: habari786 (button) (small blind) folded before Flop


PokerStars Hand #160313319432:  Hold'em Limit ($3/$6 USD) - 2016/10/23 3:35:37 ET
Table 'Bellona' 6-max Seat #2 is the button
Seat 2: YseRussia ($172.90 in chips)
Seat 3: habari786 ($13.16 in chips)
YseRussia: posts small blind $1
habari786: posts big blind $3
*** HOLE CARDS ***
YseRussia: raises $3 to $6
habari786: raises $3 to $9
YseRussia: calls $3
*** FLOP *** [6c 3h 2h]
habari786: bets $3
YseRussia: raises $3 to $6
habari786: calls $1.16 and is all-in
Uncalled bet ($1.84) returned to YseRussia
Apanage joins the table at seat #4
*** TURN *** [6c 3h 2h] [Kc]
*** RIVER *** [6c 3h 2h Kc] [Ts]
*** SHOW DOWN ***
habari786: shows [8d 5d] (high card King)
YseRussia: shows [Js 8c] (high card King - Jack kicker)
YseRussia collected $25.82 from pot
*** SUMMARY ***
Total pot $26.32 | Rake $0.50
Board [6c 3h 2h Kc Ts]
Seat 2: YseRussia (button) (small blind) showed [Js 8c] and won ($25.82) with high card King
Seat 3: habari786 (big blind) showed [8d 5d] and lost with high card King


PokerStars Hand #160313313684:  Hold'em Limit ($3/$6 USD) - 2016/10/23 3:35:17 ET
Table 'Bellona' 6-max Seat #3 is the button
Seat 2: YseRussia ($155.40 in chips)
Seat 3: habari786 ($31.16 in chips)
habari786: posts small blind $1
YseRussia: posts big blind $3
*** HOLE CARDS ***
habari786: raises $3 to $6
YseRussia: calls $3
*** FLOP *** [Qs 6c 2s]
YseRussia: checks
habari786: checks
*** TURN *** [Qs 6c 2s] [9s]
YseRussia: bets $6
habari786: raises $6 to $12
YseRussia: calls $6
*** RIVER *** [Qs 6c 2s 9s] [Kc]
YseRussia: checks
habari786: checks
*** SHOW DOWN ***
YseRussia: shows [4h Qc] (a pair of Queens)
habari786: mucks hand
YseRussia collected $35.50 from pot
*** SUMMARY ***
Total pot $36 | Rake $0.50
Board [Qs 6c 2s 9s Kc]
Seat 2: YseRussia (big blind) showed [4h Qc] and won ($35.50) with a pair of Queens
Seat 3: habari786 (button) (small blind) mucked


