PokerStars Hand #169225611366:  Hold'em Limit ($3/$6 USD) - 2017/04/18 14:41:18 ET
Table 'Bella' 6-max Seat #4 is the button
Seat 3: dariangelmar ($50 in chips)
Seat 4: vestimokrec ($120 in chips)
vestimokrec: posts small blind $1
GoliafUa: is sitting out
dariangelmar: posts big blind $3
*** HOLE CARDS ***
GoliafUa leaves the table
vestimokrec: raises $3 to $6
dariangelmar: folds
Uncalled bet ($3) returned to vestimokrec
vestimokrec collected $6 from pot
vestimokrec: doesn't show hand
*** SUMMARY ***
Total pot $6 | Rake $0
Seat 3: dariangelmar (big blind) folded before Flop
Seat 4: vestimokrec (button) (small blind) collected ($6)


PokerStars Hand #169225620856:  Hold'em Limit ($3/$6 USD) - 2017/04/18 14:41:29 ET
Table 'Bella' 6-max Seat #3 is the button
Seat 3: dariangelmar ($47 in chips)
Seat 4: vestimokrec ($123 in chips)
dariangelmar: posts small blind $1
vestimokrec: posts big blind $3
*** HOLE CARDS ***
dariangelmar: raises $3 to $6
vestimokrec: calls $3
*** FLOP *** [3d 5h As]
vestimokrec: checks
dariangelmar: bets $3
vestimokrec: calls $3
*** TURN *** [3d 5h As] [4s]
vestimokrec: checks
dariangelmar: bets $6
vestimokrec: calls $6
*** RIVER *** [3d 5h As 4s] [2c]
vestimokrec: checks
dariangelmar: checks
*** SHOW DOWN ***
vestimokrec: shows [Jd Ac] (a straight, Ace to Five)
dariangelmar: shows [Qs 5s] (a straight, Ace to Five)
vestimokrec collected $14.75 from pot
dariangelmar collected $14.75 from pot
*** SUMMARY ***
Total pot $30 | Rake $0.50
Board [3d 5h As 4s 2c]
Seat 3: dariangelmar (button) (small blind) showed [Qs 5s] and won ($14.75) with a straight, Ace to Five
Seat 4: vestimokrec (big blind) showed [Jd Ac] and won ($14.75) with a straight, Ace to Five


PokerStars Hand #169225651501:  Hold'em Limit ($3/$6 USD) - 2017/04/18 14:42:06 ET
Table 'Bella' 6-max Seat #4 is the button
Seat 3: dariangelmar ($46.75 in chips)
Seat 4: vestimokrec ($122.75 in chips)
vestimokrec: posts small blind $1
dariangelmar: posts big blind $3
*** HOLE CARDS ***
vestimokrec: folds
Uncalled bet ($2) returned to dariangelmar
dariangelmar collected $2 from pot
dariangelmar: doesn't show hand
*** SUMMARY ***
Total pot $2 | Rake $0
Seat 3: dariangelmar (big blind) collected ($2)
Seat 4: vestimokrec (button) (small blind) folded before Flop


