PokerStars Hand #155081896779:  Hold'em Limit ($3/$6 USD) - 2016/06/22 20:38:06 ET
Table 'Bellerophon' 6-max Seat #1 is the button
Seat 1: Eggs4dinner ($394.92 in chips)
Seat 2: dirtygame93 ($173.80 in chips)
Eggs4dinner: posts small blind $1
dirtygame93: posts big blind $3
*** HOLE CARDS ***
Eggs4dinner: raises $3 to $6
dirtygame93: folds
Uncalled bet ($3) returned to Eggs4dinner
Eggs4dinner collected $6 from pot
*** SUMMARY ***
Total pot $6 | Rake $0
Seat 1: Eggs4dinner (button) (small blind) collected ($6)
Seat 2: dirtygame93 (big blind) folded before Flop


PokerStars Hand #155081887200:  Hold'em Limit ($3/$6 USD) - 2016/06/22 20:37:42 ET
Table 'Bellerophon' 6-max Seat #2 is the button
Seat 1: Eggs4dinner ($371.42 in chips)
Seat 2: dirtygame93 ($197.80 in chips)
dirtygame93: posts small blind $1
ovnis: is sitting out
Eggs4dinner: posts big blind $3
*** HOLE CARDS ***
dirtygame93: raises $3 to $6
ovnis leaves the table
Eggs4dinner: raises $3 to $9
dirtygame93: calls $3
*** FLOP *** [2h Jh 5d]
Eggs4dinner: bets $3
dirtygame93: calls $3
*** TURN *** [2h Jh 5d] [7s]
Eggs4dinner: bets $6
dirtygame93: calls $6
*** RIVER *** [2h Jh 5d 7s] [Qh]
Eggs4dinner: bets $6
dirtygame93: calls $6
*** SHOW DOWN ***
Eggs4dinner: shows [5h 5c] (three of a kind, Fives)
dirtygame93: mucks hand
Eggs4dinner collected $47.50 from pot
*** SUMMARY ***
Total pot $48 | Rake $0.50
Board [2h Jh 5d 7s Qh]
Seat 1: Eggs4dinner (big blind) showed [5h 5c] and won ($47.50) with three of a kind, Fives
Seat 2: dirtygame93 (button) (small blind) mucked


PokerStars Hand #155081903876:  Hold'em Limit ($3/$6 USD) - 2016/06/22 20:38:24 ET
Table 'Bellerophon' 6-max Seat #2 is the button
Seat 1: Eggs4dinner ($397.92 in chips)
Seat 2: dirtygame93 ($170.80 in chips)
dirtygame93: posts small blind $1
Eggs4dinner: posts big blind $3
*** HOLE CARDS ***
dirtygame93: raises $3 to $6
Eggs4dinner: calls $3
*** FLOP *** [Kh 2s Qh]
Eggs4dinner: checks
dirtygame93: bets $3
Eggs4dinner: raises $3 to $6
dirtygame93: calls $3
*** TURN *** [Kh 2s Qh] [As]
Eggs4dinner: bets $6
dirtygame93: calls $6
*** RIVER *** [Kh 2s Qh As] [2c]
Eggs4dinner: bets $6
dirtygame93: folds
Uncalled bet ($6) returned to Eggs4dinner
Eggs4dinner collected $35.50 from pot
*** SUMMARY ***
Total pot $36 | Rake $0.50
Board [Kh 2s Qh As 2c]
Seat 1: Eggs4dinner (big blind) collected ($35.50)
Seat 2: dirtygame93 (button) (small blind) folded on the River


PokerStars Hand #155081942034:  Hold'em Limit ($3/$6 USD) - 2016/06/22 20:40:01 ET
Table 'Bellerophon' 6-max Seat #1 is the button
Seat 1: Eggs4dinner ($394.42 in chips)
Seat 2: dirtygame93 ($173.30 in chips)
Eggs4dinner: posts small blind $1
dirtygame93: posts big blind $3
*** HOLE CARDS ***
Eggs4dinner: raises $3 to $6
dirtygame93: calls $3
*** FLOP *** [Ks Th 6h]
dirtygame93: checks
Eggs4dinner: bets $3
dirtygame93: folds
Uncalled bet ($3) returned to Eggs4dinner
Eggs4dinner collected $11.76 from pot
*** SUMMARY ***
Total pot $12 | Rake $0.24
Board [Ks Th 6h]
Seat 1: Eggs4dinner (button) (small blind) collected ($11.76)
Seat 2: dirtygame93 (big blind) folded on the Flop


PokerStars Hand #155081928711:  Hold'em Limit ($3/$6 USD) - 2016/06/22 20:39:28 ET
Table 'Bellerophon' 6-max Seat #2 is the button
Seat 1: Eggs4dinner ($418.42 in chips)
Seat 2: dirtygame93 ($149.80 in chips)
dirtygame93: posts small blind $1
Eggs4dinner: posts big blind $3
*** HOLE CARDS ***
dirtygame93: raises $3 to $6
Eggs4dinner: raises $3 to $9
dirtygame93: calls $3
*** FLOP *** [7h Qd 8s]
Eggs4dinner: bets $3
dirtygame93: calls $3
*** TURN *** [7h Qd 8s] [2s]
Eggs4dinner: bets $6
dirtygame93: raises $6 to $12
Eggs4dinner: calls $6
*** RIVER *** [7h Qd 8s 2s] [4s]
Eggs4dinner: checks
dirtygame93: bets $6
Eggs4dinner: folds
Uncalled bet ($6) returned to dirtygame93
dirtygame93 collected $47.50 from pot
dirtygame93: doesn't show hand
*** SUMMARY ***
Total pot $48 | Rake $0.50
Board [7h Qd 8s 2s 4s]
Seat 1: Eggs4dinner (big blind) folded on the River
Seat 2: dirtygame93 (button) (small blind) collected ($47.50)


PokerStars Hand #155081912720:  Hold'em Limit ($3/$6 USD) - 2016/06/22 20:38:47 ET
Table 'Bellerophon' 6-max Seat #1 is the button
Seat 1: Eggs4dinner ($415.42 in chips)
Seat 2: dirtygame93 ($152.80 in chips)
Eggs4dinner: posts small blind $1
dirtygame93: posts big blind $3
*** HOLE CARDS ***
Eggs4dinner: raises $3 to $6
dirtygame93: folds
Uncalled bet ($3) returned to Eggs4dinner
Eggs4dinner collected $6 from pot
*** SUMMARY ***
Total pot $6 | Rake $0
Seat 1: Eggs4dinner (button) (small blind) collected ($6)
Seat 2: dirtygame93 (big blind) folded before Flop


PokerStars Hand #155081954292:  Hold'em Limit ($3/$6 USD) - 2016/06/22 20:40:33 ET
Table 'Bellerophon' 6-max Seat #1 is the button
Seat 1: Eggs4dinner ($397.18 in chips)
Seat 2: dirtygame93 ($170.30 in chips)
Eggs4dinner: posts small blind $1
dirtygame93: posts big blind $3
*** HOLE CARDS ***
Eggs4dinner: raises $3 to $6
dirtygame93: raises $3 to $9
Eggs4dinner: calls $3
*** FLOP *** [4c 5d 4d]
dirtygame93: bets $3
Eggs4dinner: raises $3 to $6
dirtygame93: calls $3
*** TURN *** [4c 5d 4d] [9s]
dirtygame93: checks
Eggs4dinner: bets $6
dirtygame93: calls $6
*** RIVER *** [4c 5d 4d 9s] [Ks]
dirtygame93: checks
Eggs4dinner: bets $6
dirtygame93: calls $6
*** SHOW DOWN ***
Eggs4dinner: shows [5s 9c] (two pair, Nines and Fives)
dirtygame93: mucks hand
Eggs4dinner collected $53.50 from pot
*** SUMMARY ***
Total pot $54 | Rake $0.50
Board [4c 5d 4d 9s Ks]
Seat 1: Eggs4dinner (button) (small blind) showed [5s 9c] and won ($53.50) with two pair, Nines and Fives
Seat 2: dirtygame93 (big blind) mucked


PokerStars Hand #155081951432:  Hold'em Limit ($3/$6 USD) - 2016/06/22 20:40:26 ET
Table 'Bellerophon' 6-max Seat #2 is the button
Seat 1: Eggs4dinner ($400.18 in chips)
Seat 2: dirtygame93 ($167.30 in chips)
dirtygame93: posts small blind $1
Eggs4dinner: posts big blind $3
*** HOLE CARDS ***
dirtygame93: raises $3 to $6
Eggs4dinner: folds
Uncalled bet ($3) returned to dirtygame93
dirtygame93 collected $6 from pot
dirtygame93: doesn't show hand
*** SUMMARY ***
Total pot $6 | Rake $0
Seat 1: Eggs4dinner (big blind) folded before Flop
Seat 2: dirtygame93 (button) (small blind) collected ($6)


PokerStars Hand #155081984477:  Hold'em Limit ($3/$6 USD) - 2016/06/22 20:41:52 ET
Table 'Bellerophon' 6-max Seat #2 is the button
Seat 1: Eggs4dinner ($452.82 in chips)
Seat 2: dirtygame93 ($113.30 in chips)
dirtygame93: posts small blind $1
Eggs4dinner: posts big blind $3
*** HOLE CARDS ***
dirtygame93: raises $3 to $6
Eggs4dinner: folds
Uncalled bet ($3) returned to dirtygame93
dirtygame93 collected $6 from pot
dirtygame93: doesn't show hand
*** SUMMARY ***
Total pot $6 | Rake $0
Seat 1: Eggs4dinner (big blind) folded before Flop
Seat 2: dirtygame93 (button) (small blind) collected ($6)


PokerStars Hand #155081975460:  Hold'em Limit ($3/$6 USD) - 2016/06/22 20:41:28 ET
Table 'Bellerophon' 6-max Seat #1 is the button
Seat 1: Eggs4dinner ($432.32 in chips)
Seat 2: dirtygame93 ($134.30 in chips)
Eggs4dinner: posts small blind $1
dirtygame93: posts big blind $3
*** HOLE CARDS ***
Eggs4dinner: raises $3 to $6
dirtygame93: calls $3
*** FLOP *** [7s Kc 3s]
dirtygame93: checks
Eggs4dinner: bets $3
dirtygame93: calls $3
*** TURN *** [7s Kc 3s] [4d]
dirtygame93: checks
Eggs4dinner: bets $6
dirtygame93: calls $6
*** RIVER *** [7s Kc 3s 4d] [6h]
dirtygame93: checks
Eggs4dinner: bets $6
dirtygame93: calls $6
*** SHOW DOWN ***
Eggs4dinner: shows [Qh Qd] (a pair of Queens)
dirtygame93: mucks hand
Eggs4dinner collected $41.50 from pot
*** SUMMARY ***
Total pot $42 | Rake $0.50
Board [7s Kc 3s 4d 6h]
Seat 1: Eggs4dinner (button) (small blind) showed [Qh Qd] and won ($41.50) with a pair of Queens
Seat 2: dirtygame93 (big blind) mucked


PokerStars Hand #155081971113:  Hold'em Limit ($3/$6 USD) - 2016/06/22 20:41:17 ET
Table 'Bellerophon' 6-max Seat #2 is the button
Seat 1: Eggs4dinner ($423.68 in chips)
Seat 2: dirtygame93 ($143.30 in chips)
dirtygame93: posts small blind $1
Eggs4dinner: posts big blind $3
*** HOLE CARDS ***
dirtygame93: raises $3 to $6
Eggs4dinner: raises $3 to $9
dirtygame93: calls $3
*** FLOP *** [2d 9c Ks]
Eggs4dinner: bets $3
dirtygame93: folds
Uncalled bet ($3) returned to Eggs4dinner
Eggs4dinner collected $17.64 from pot
*** SUMMARY ***
Total pot $18 | Rake $0.36
Board [2d 9c Ks]
Seat 1: Eggs4dinner (big blind) collected ($17.64)
Seat 2: dirtygame93 (button) (small blind) folded on the Flop


PokerStars Hand #155082014454:  Hold'em Limit ($3/$6 USD) - 2016/06/22 20:43:09 ET
Table 'Bellerophon' 6-max Seat #2 is the button
Seat 1: Eggs4dinner ($449.58 in chips)
Seat 2: dirtygame93 ($115.94 in chips)
dirtygame93: posts small blind $1
Eggs4dinner: posts big blind $3
*** HOLE CARDS ***
dirtygame93: raises $3 to $6
Eggs4dinner: calls $3
*** FLOP *** [7s 9s 2h]
Eggs4dinner: checks
dirtygame93: bets $3
Eggs4dinner: folds
Uncalled bet ($3) returned to dirtygame93
dirtygame93 collected $11.76 from pot
dirtygame93: doesn't show hand
*** SUMMARY ***
Total pot $12 | Rake $0.24
Board [7s 9s 2h]
Seat 1: Eggs4dinner (big blind) folded on the Flop
Seat 2: dirtygame93 (button) (small blind) collected ($11.76)


PokerStars Hand #155081986652:  Hold'em Limit ($3/$6 USD) - 2016/06/22 20:41:58 ET
Table 'Bellerophon' 6-max Seat #1 is the button
Seat 1: Eggs4dinner ($449.82 in chips)
Seat 2: dirtygame93 ($116.30 in chips)
Eggs4dinner: posts small blind $1
dirtygame93: posts big blind $3
*** HOLE CARDS ***
Eggs4dinner: raises $3 to $6
dirtygame93: calls $3
*** FLOP *** [Ac 5s 5d]
dirtygame93: checks
Eggs4dinner: checks
*** TURN *** [Ac 5s 5d] [9c]
dirtygame93: checks
Eggs4dinner: checks
*** RIVER *** [Ac 5s 5d 9c] [5c]
dirtygame93: checks
Eggs4dinner: checks
*** SHOW DOWN ***
dirtygame93: shows [Td 7h] (three of a kind, Fives)
Eggs4dinner: shows [Qd 6s] (three of a kind, Fives - Ace+Queen kicker)
Eggs4dinner collected $11.76 from pot
*** SUMMARY ***
Total pot $12 | Rake $0.24
Board [Ac 5s 5d 9c 5c]
Seat 1: Eggs4dinner (button) (small blind) showed [Qd 6s] and won ($11.76) with three of a kind, Fives
Seat 2: dirtygame93 (big blind) showed [Td 7h] and lost with three of a kind, Fives


PokerStars Hand #155082012054:  Hold'em Limit ($3/$6 USD) - 2016/06/22 20:43:03 ET
Table 'Bellerophon' 6-max Seat #1 is the button
Seat 1: Eggs4dinner ($446.58 in chips)
Seat 2: dirtygame93 ($118.94 in chips)
Eggs4dinner: posts small blind $1
dirtygame93: posts big blind $3
*** HOLE CARDS ***
Eggs4dinner: raises $3 to $6
dirtygame93: folds
Uncalled bet ($3) returned to Eggs4dinner
Eggs4dinner collected $6 from pot
*** SUMMARY ***
Total pot $6 | Rake $0
Seat 1: Eggs4dinner (button) (small blind) collected ($6)
Seat 2: dirtygame93 (big blind) folded before Flop


PokerStars Hand #155082002509:  Hold'em Limit ($3/$6 USD) - 2016/06/22 20:42:38 ET
Table 'Bellerophon' 6-max Seat #2 is the button
Seat 1: Eggs4dinner ($455.58 in chips)
Seat 2: dirtygame93 ($110.30 in chips)
dirtygame93: posts small blind $1
Eggs4dinner: posts big blind $3
*** HOLE CARDS ***
dirtygame93: raises $3 to $6
Eggs4dinner: calls $3
*** FLOP *** [2h Jh 7h]
Eggs4dinner: checks
dirtygame93: bets $3
Eggs4dinner: calls $3
*** TURN *** [2h Jh 7h] [Qh]
Eggs4dinner: checks
dirtygame93: bets $6
Eggs4dinner: folds
Uncalled bet ($6) returned to dirtygame93
dirtygame93 collected $17.64 from pot
dirtygame93: doesn't show hand
*** SUMMARY ***
Total pot $18 | Rake $0.36
Board [2h Jh 7h Qh]
Seat 1: Eggs4dinner (big blind) folded on the Turn
Seat 2: dirtygame93 (button) (small blind) collected ($17.64)


PokerStars Hand #155082021254:  Hold'em Limit ($3/$6 USD) - 2016/06/22 20:43:27 ET
Table 'Bellerophon' 6-max Seat #1 is the button
Seat 1: Eggs4dinner ($443.58 in chips)
Seat 2: dirtygame93 ($121.70 in chips)
Eggs4dinner: posts small blind $1
dirtygame93: posts big blind $3
*** HOLE CARDS ***
Eggs4dinner: raises $3 to $6
dirtygame93: calls $3
*** FLOP *** [Th 3c 6d]
dirtygame93: checks
Eggs4dinner: checks
*** TURN *** [Th 3c 6d] [7c]
dirtygame93: bets $6
Eggs4dinner: folds
Uncalled bet ($6) returned to dirtygame93
dirtygame93 collected $11.76 from pot
dirtygame93: doesn't show hand
*** SUMMARY ***
Total pot $12 | Rake $0.24
Board [Th 3c 6d 7c]
Seat 1: Eggs4dinner (button) (small blind) folded on the Turn
Seat 2: dirtygame93 (big blind) collected ($11.76)


PokerStars Hand #155082028763:  Hold'em Limit ($3/$6 USD) - 2016/06/22 20:43:47 ET
Table 'Bellerophon' 6-max Seat #2 is the button
Seat 1: Eggs4dinner ($437.58 in chips)
Seat 2: dirtygame93 ($127.46 in chips)
dirtygame93: posts small blind $1
Eggs4dinner: posts big blind $3
*** HOLE CARDS ***
dirtygame93: folds
Uncalled bet ($2) returned to Eggs4dinner
BrownieSpy joins the table at seat #3
Eggs4dinner collected $2 from pot
*** SUMMARY ***
Total pot $2 | Rake $0
Seat 1: Eggs4dinner (big blind) collected ($2)
Seat 2: dirtygame93 (button) (small blind) folded before Flop


PokerStars Hand #155082030778:  Hold'em Limit ($3/$6 USD) - 2016/06/22 20:43:52 ET
Table 'Bellerophon' 6-max Seat #1 is the button
Seat 1: Eggs4dinner ($438.58 in chips)
Seat 2: dirtygame93 ($126.46 in chips)
Eggs4dinner: posts small blind $1
dirtygame93: posts big blind $3
*** HOLE CARDS ***
Eggs4dinner: raises $3 to $6
dirtygame93: calls $3
*** FLOP *** [Ks Kc 2c]
dirtygame93: checks
Eggs4dinner: bets $3
dirtygame93: calls $3
*** TURN *** [Ks Kc 2c] [7s]
dirtygame93: checks
Eggs4dinner: bets $6
dirtygame93: raises $6 to $12
Eggs4dinner: folds
Uncalled bet ($6) returned to dirtygame93
dirtygame93 collected $29.50 from pot
dirtygame93: doesn't show hand
*** SUMMARY ***
Total pot $30 | Rake $0.50
Board [Ks Kc 2c 7s]
Seat 1: Eggs4dinner (button) (small blind) folded on the Turn
Seat 2: dirtygame93 (big blind) collected ($29.50)


PokerStars Hand #155082125238:  Hold'em Limit ($3/$6 USD) - 2016/06/22 20:47:39 ET
Table 'Bellerophon' 6-max Seat #2 is the button
Seat 1: Eggs4dinner ($434.30 in chips)
Seat 2: dirtygame93 ($160.74 in chips)
dirtygame93: posts small blind $1
BrownieSpy: is sitting out
Eggs4dinner: posts big blind $3
*** HOLE CARDS ***
BrownieSpy leaves the table
dirtygame93: raises $3 to $6
Eggs4dinner: calls $3
*** FLOP *** [2d 4h 7c]
Eggs4dinner: checks
dirtygame93: bets $3
Eggs4dinner: raises $3 to $6
dirtygame93: calls $3
*** TURN *** [2d 4h 7c] [Th]
Eggs4dinner: bets $6
dirtygame93: folds
Uncalled bet ($6) returned to Eggs4dinner
Eggs4dinner collected $23.52 from pot
*** SUMMARY ***
Total pot $24 | Rake $0.48
Board [2d 4h 7c Th]
Seat 1: Eggs4dinner (big blind) collected ($23.52)
Seat 2: dirtygame93 (button) (small blind) folded on the Turn


PokerStars Hand #155082138051:  Hold'em Limit ($3/$6 USD) - 2016/06/22 20:48:12 ET
Table 'Bellerophon' 6-max Seat #1 is the button
Seat 1: Eggs4dinner ($445.82 in chips)
Seat 2: dirtygame93 ($148.74 in chips)
Eggs4dinner: posts small blind $1
dirtygame93: posts big blind $3
*** HOLE CARDS ***
Eggs4dinner: raises $3 to $6
dirtygame93: calls $3
*** FLOP *** [6c Jd 8c]
dirtygame93: checks
Eggs4dinner: bets $3
dirtygame93: calls $3
*** TURN *** [6c Jd 8c] [6d]
dirtygame93: checks
Eggs4dinner: bets $6
dirtygame93: calls $6
*** RIVER *** [6c Jd 8c 6d] [5s]
dirtygame93: checks
Eggs4dinner: bets $6
dirtygame93: calls $6
*** SHOW DOWN ***
Eggs4dinner: shows [Ac Js] (two pair, Jacks and Sixes)
dirtygame93: mucks hand
Eggs4dinner collected $41.50 from pot
*** SUMMARY ***
Total pot $42 | Rake $0.50
Board [6c Jd 8c 6d 5s]
Seat 1: Eggs4dinner (button) (small blind) showed [Ac Js] and won ($41.50) with two pair, Jacks and Sixes
Seat 2: dirtygame93 (big blind) mucked


PokerStars Hand #155082149497:  Hold'em Limit ($3/$6 USD) - 2016/06/22 20:48:42 ET
Table 'Bellerophon' 6-max Seat #2 is the button
Seat 1: Eggs4dinner ($466.32 in chips)
Seat 2: dirtygame93 ($127.74 in chips)
dirtygame93: posts small blind $1
Eggs4dinner: posts big blind $3
*** HOLE CARDS ***
dirtygame93: raises $3 to $6
Eggs4dinner: raises $3 to $9
dirtygame93: calls $3
*** FLOP *** [8d Jh Td]
Eggs4dinner: bets $3
dirtygame93: raises $3 to $6
Eggs4dinner: calls $3
*** TURN *** [8d Jh Td] [6d]
Eggs4dinner: checks
dirtygame93: bets $6
Eggs4dinner: folds
Uncalled bet ($6) returned to dirtygame93
dirtygame93 collected $29.50 from pot
dirtygame93: doesn't show hand
*** SUMMARY ***
Total pot $30 | Rake $0.50
Board [8d Jh Td 6d]
Seat 1: Eggs4dinner (big blind) folded on the Turn
Seat 2: dirtygame93 (button) (small blind) collected ($29.50)


PokerStars Hand #155082177865:  Hold'em Limit ($3/$6 USD) - 2016/06/22 20:49:57 ET
Table 'Bellerophon' 6-max Seat #2 is the button
Seat 1: Eggs4dinner ($427.32 in chips)
Seat 2: dirtygame93 ($165.74 in chips)
dirtygame93: posts small blind $1
Eggs4dinner: posts big blind $3
*** HOLE CARDS ***
dirtygame93: raises $3 to $6
Eggs4dinner: calls $3
*** FLOP *** [Ks 2c 9c]
Eggs4dinner: checks
dirtygame93: bets $3
Eggs4dinner: folds
Uncalled bet ($3) returned to dirtygame93
dirtygame93 collected $11.76 from pot
dirtygame93: doesn't show hand
*** SUMMARY ***
Total pot $12 | Rake $0.24
Board [Ks 2c 9c]
Seat 1: Eggs4dinner (big blind) folded on the Flop
Seat 2: dirtygame93 (button) (small blind) collected ($11.76)


PokerStars Hand #155082163598:  Hold'em Limit ($3/$6 USD) - 2016/06/22 20:49:19 ET
Table 'Bellerophon' 6-max Seat #1 is the button
Seat 1: Eggs4dinner ($451.32 in chips)
Seat 2: dirtygame93 ($142.24 in chips)
Eggs4dinner: posts small blind $1
dirtygame93: posts big blind $3
*** HOLE CARDS ***
Eggs4dinner: raises $3 to $6
dirtygame93: raises $3 to $9
Eggs4dinner: calls $3
*** FLOP *** [8c Qs Kd]
dirtygame93: bets $3
Eggs4dinner: calls $3
*** TURN *** [8c Qs Kd] [Td]
dirtygame93: bets $6
Eggs4dinner: calls $6
*** RIVER *** [8c Qs Kd Td] [Qd]
dirtygame93: bets $6
Eggs4dinner: calls $6
*** SHOW DOWN ***
dirtygame93: shows [8d Jd] (a flush, King high)
Eggs4dinner: mucks hand
dirtygame93 collected $47.50 from pot
*** SUMMARY ***
Total pot $48 | Rake $0.50
Board [8c Qs Kd Td Qd]
Seat 1: Eggs4dinner (button) (small blind) mucked
Seat 2: dirtygame93 (big blind) showed [8d Jd] and won ($47.50) with a flush, King high


PokerStars Hand #155082186147:  Hold'em Limit ($3/$6 USD) - 2016/06/22 20:50:18 ET
Table 'Bellerophon' 6-max Seat #1 is the button
Seat 1: Eggs4dinner ($421.32 in chips)
Seat 2: dirtygame93 ($171.50 in chips)
Eggs4dinner: posts small blind $1
dirtygame93: posts big blind $3
*** HOLE CARDS ***
Eggs4dinner: raises $3 to $6
dirtygame93: calls $3
*** FLOP *** [Kh 2d Kd]
dirtygame93: checks
Eggs4dinner: bets $3
dirtygame93: calls $3
*** TURN *** [Kh 2d Kd] [Ac]
dirtygame93: checks
Eggs4dinner: bets $6
dirtygame93: folds
Uncalled bet ($6) returned to Eggs4dinner
Eggs4dinner collected $17.64 from pot
*** SUMMARY ***
Total pot $18 | Rake $0.36
Board [Kh 2d Kd Ac]
Seat 1: Eggs4dinner (button) (small blind) collected ($17.64)
Seat 2: dirtygame93 (big blind) folded on the Turn


PokerStars Hand #155082199328:  Hold'em Limit ($3/$6 USD) - 2016/06/22 20:50:54 ET
Table 'Bellerophon' 6-max Seat #2 is the button
Seat 1: Eggs4dinner ($429.96 in chips)
Seat 2: dirtygame93 ($162.50 in chips)
dirtygame93: posts small blind $1
Eggs4dinner: posts big blind $3
*** HOLE CARDS ***
dirtygame93: raises $3 to $6
Eggs4dinner: calls $3
*** FLOP *** [9h 3c Qd]
Eggs4dinner: checks
dirtygame93: bets $3
Eggs4dinner: folds
Uncalled bet ($3) returned to dirtygame93
dirtygame93 collected $11.76 from pot
dirtygame93: doesn't show hand
*** SUMMARY ***
Total pot $12 | Rake $0.24
Board [9h 3c Qd]
Seat 1: Eggs4dinner (big blind) folded on the Flop
Seat 2: dirtygame93 (button) (small blind) collected ($11.76)


PokerStars Hand #155082221803:  Hold'em Limit ($3/$6 USD) - 2016/06/22 20:51:53 ET
Table 'Bellerophon' 6-max Seat #2 is the button
Seat 1: Eggs4dinner ($432.60 in chips)
Seat 2: dirtygame93 ($159.26 in chips)
dirtygame93: posts small blind $1
Eggs4dinner: posts big blind $3
*** HOLE CARDS ***
dirtygame93: raises $3 to $6
Eggs4dinner: folds
Uncalled bet ($3) returned to dirtygame93
dirtygame93 collected $6 from pot
dirtygame93: doesn't show hand
*** SUMMARY ***
Total pot $6 | Rake $0
Seat 1: Eggs4dinner (big blind) folded before Flop
Seat 2: dirtygame93 (button) (small blind) collected ($6)


PokerStars Hand #155082211414:  Hold'em Limit ($3/$6 USD) - 2016/06/22 20:51:26 ET
Table 'Bellerophon' 6-max Seat #1 is the button
Seat 1: Eggs4dinner ($423.96 in chips)
Seat 2: dirtygame93 ($168.26 in chips)
Eggs4dinner: posts small blind $1
dirtygame93: posts big blind $3
*** HOLE CARDS ***
Eggs4dinner: raises $3 to $6
dirtygame93: calls $3
*** FLOP *** [9c 8c Jh]
dirtygame93: checks
Eggs4dinner: bets $3
dirtygame93: calls $3
*** TURN *** [9c 8c Jh] [Tc]
dirtygame93: checks
Eggs4dinner: bets $6
dirtygame93: folds
Uncalled bet ($6) returned to Eggs4dinner
Eggs4dinner collected $17.64 from pot
*** SUMMARY ***
Total pot $18 | Rake $0.36
Board [9c 8c Jh Tc]
Seat 1: Eggs4dinner (button) (small blind) collected ($17.64)
Seat 2: dirtygame93 (big blind) folded on the Turn


PokerStars Hand #155082225145:  Hold'em Limit ($3/$6 USD) - 2016/06/22 20:52:02 ET
Table 'Bellerophon' 6-max Seat #1 is the button
Seat 1: Eggs4dinner ($429.60 in chips)
Seat 2: dirtygame93 ($162.26 in chips)
Eggs4dinner: posts small blind $1
dirtygame93: posts big blind $3
*** HOLE CARDS ***
Eggs4dinner: raises $3 to $6
dirtygame93: calls $3
*** FLOP *** [Td 5s Qd]
dirtygame93: checks
Eggs4dinner: bets $3
dirtygame93: folds
Uncalled bet ($3) returned to Eggs4dinner
Eggs4dinner collected $11.76 from pot
*** SUMMARY ***
Total pot $12 | Rake $0.24
Board [Td 5s Qd]
Seat 1: Eggs4dinner (button) (small blind) collected ($11.76)
Seat 2: dirtygame93 (big blind) folded on the Flop


PokerStars Hand #155082231113:  Hold'em Limit ($3/$6 USD) - 2016/06/22 20:52:18 ET
Table 'Bellerophon' 6-max Seat #2 is the button
Seat 1: Eggs4dinner ($435.36 in chips)
Seat 2: dirtygame93 ($156.26 in chips)
dirtygame93: posts small blind $1
Eggs4dinner: posts big blind $3
*** HOLE CARDS ***
dirtygame93: raises $3 to $6
Eggs4dinner: raises $3 to $9
dirtygame93: calls $3
*** FLOP *** [Kc Tc 6c]
Eggs4dinner: checks
dirtygame93: checks
*** TURN *** [Kc Tc 6c] [4d]
Eggs4dinner: checks
dirtygame93: bets $6
Eggs4dinner: folds
Uncalled bet ($6) returned to dirtygame93
dirtygame93 collected $17.64 from pot
dirtygame93: doesn't show hand
*** SUMMARY ***
Total pot $18 | Rake $0.36
Board [Kc Tc 6c 4d]
Seat 1: Eggs4dinner (big blind) folded on the Turn
Seat 2: dirtygame93 (button) (small blind) collected ($17.64)


PokerStars Hand #155082242004:  Hold'em Limit ($3/$6 USD) - 2016/06/22 20:52:46 ET
Table 'Bellerophon' 6-max Seat #1 is the button
Seat 1: Eggs4dinner ($426.36 in chips)
Seat 2: dirtygame93 ($164.90 in chips)
Eggs4dinner: posts small blind $1
dirtygame93: posts big blind $3
*** HOLE CARDS ***
REZOLUTION84 joins the table at seat #3
dirtygame93 said, "hu please"
Eggs4dinner: raises $3 to $6
REZOLUTION84 leaves the table
BrownieSpy joins the table at seat #4
dirtygame93 said, "hu please"
dirtygame93: calls $3
*** FLOP *** [2h 8h Ts]
dirtygame93: checks
Eggs4dinner: bets $3
BrownieSpy leaves the table
dirtygame93: folds
Uncalled bet ($3) returned to Eggs4dinner
Eggs4dinner collected $11.76 from pot
*** SUMMARY ***
Total pot $12 | Rake $0.24
Board [2h 8h Ts]
Seat 1: Eggs4dinner (button) (small blind) collected ($11.76)
Seat 2: dirtygame93 (big blind) folded on the Flop


PokerStars Hand #155082257666:  Hold'em Limit ($3/$6 USD) - 2016/06/22 20:53:28 ET
Table 'Bellerophon' 6-max Seat #2 is the button
Seat 1: Eggs4dinner ($432.12 in chips)
Seat 2: dirtygame93 ($158.90 in chips)
dirtygame93: posts small blind $1
Eggs4dinner: posts big blind $3
*** HOLE CARDS ***
dirtygame93: raises $3 to $6
Eggs4dinner: raises $3 to $9
dirtygame93: calls $3
*** FLOP *** [4c Ah Qh]
Eggs4dinner: checks
dirtygame93: bets $3
Eggs4dinner: folds
Uncalled bet ($3) returned to dirtygame93
dirtygame93 collected $17.64 from pot
dirtygame93: doesn't show hand
*** SUMMARY ***
Total pot $18 | Rake $0.36
Board [4c Ah Qh]
Seat 1: Eggs4dinner (big blind) folded on the Flop
Seat 2: dirtygame93 (button) (small blind) collected ($17.64)


PokerStars Hand #155082277377:  Hold'em Limit ($3/$6 USD) - 2016/06/22 20:54:21 ET
Table 'Bellerophon' 6-max Seat #1 is the button
Seat 1: Eggs4dinner ($423.12 in chips)
Seat 2: dirtygame93 ($167.54 in chips)
Eggs4dinner: posts small blind $1
dirtygame93: posts big blind $3
*** HOLE CARDS ***
Eggs4dinner: raises $3 to $6
dirtygame93: calls $3
*** FLOP *** [Qd 8h Jh]
dirtygame93: checks
Eggs4dinner: bets $3
dirtygame93: calls $3
*** TURN *** [Qd 8h Jh] [Ah]
dirtygame93: checks
Eggs4dinner: bets $6
dirtygame93: calls $6
*** RIVER *** [Qd 8h Jh Ah] [2d]
dirtygame93: checks
Eggs4dinner: bets $6
dirtygame93: calls $6
*** SHOW DOWN ***
Eggs4dinner: shows [7h Jc] (a pair of Jacks)
dirtygame93: shows [3s Qh] (a pair of Queens)
dirtygame93 collected $41.50 from pot
*** SUMMARY ***
Total pot $42 | Rake $0.50
Board [Qd 8h Jh Ah 2d]
Seat 1: Eggs4dinner (button) (small blind) showed [7h Jc] and lost with a pair of Jacks
Seat 2: dirtygame93 (big blind) showed [3s Qh] and won ($41.50) with a pair of Queens


PokerStars Hand #155082287470:  Hold'em Limit ($3/$6 USD) - 2016/06/22 20:54:47 ET
Table 'Bellerophon' 6-max Seat #1 is the button
Seat 1: Eggs4dinner ($403.12 in chips)
Seat 2: dirtygame93 ($187.04 in chips)
Eggs4dinner: posts small blind $1
dirtygame93: posts big blind $3
*** HOLE CARDS ***
Eggs4dinner: raises $3 to $6
dirtygame93: calls $3
*** FLOP *** [As Ah Th]
dirtygame93: checks
Eggs4dinner: bets $3
dirtygame93: calls $3
*** TURN *** [As Ah Th] [Jd]
dirtygame93: checks
Eggs4dinner: bets $6
dirtygame93: raises $6 to $12
Eggs4dinner: raises $6 to $18
dirtygame93: raises $6 to $24
Betting is capped
Eggs4dinner: calls $6
*** RIVER *** [As Ah Th Jd] [8s]
dirtygame93: bets $6
Eggs4dinner: raises $6 to $12
dirtygame93: calls $6
*** SHOW DOWN ***
Eggs4dinner: shows [Kh Qh] (a straight, Ten to Ace)
dirtygame93: mucks hand
Eggs4dinner collected $89.50 from pot
*** SUMMARY ***
Total pot $90 | Rake $0.50
Board [As Ah Th Jd 8s]
Seat 1: Eggs4dinner (button) (small blind) showed [Kh Qh] and won ($89.50) with a straight, Ten to Ace
Seat 2: dirtygame93 (big blind) mucked


PokerStars Hand #155082284328:  Hold'em Limit ($3/$6 USD) - 2016/06/22 20:54:39 ET
Table 'Bellerophon' 6-max Seat #2 is the button
Seat 1: Eggs4dinner ($402.12 in chips)
Seat 2: dirtygame93 ($188.04 in chips)
dirtygame93: posts small blind $1
Eggs4dinner: posts big blind $3
*** HOLE CARDS ***
dirtygame93: folds
Uncalled bet ($2) returned to Eggs4dinner
Eggs4dinner collected $2 from pot
*** SUMMARY ***
Total pot $2 | Rake $0
Seat 1: Eggs4dinner (big blind) collected ($2)
Seat 2: dirtygame93 (button) (small blind) folded before Flop


PokerStars Hand #155082299160:  Hold'em Limit ($3/$6 USD) - 2016/06/22 20:55:19 ET
Table 'Bellerophon' 6-max Seat #2 is the button
Seat 1: Eggs4dinner ($447.62 in chips)
Seat 2: dirtygame93 ($142.04 in chips)
dirtygame93: posts small blind $1
Eggs4dinner: posts big blind $3
*** HOLE CARDS ***
dirtygame93: folds
Uncalled bet ($2) returned to Eggs4dinner
Eggs4dinner collected $2 from pot
*** SUMMARY ***
Total pot $2 | Rake $0
Seat 1: Eggs4dinner (big blind) collected ($2)
Seat 2: dirtygame93 (button) (small blind) folded before Flop


PokerStars Hand #155082300776:  Hold'em Limit ($3/$6 USD) - 2016/06/22 20:55:25 ET
Table 'Bellerophon' 6-max Seat #1 is the button
Seat 1: Eggs4dinner ($448.62 in chips)
Seat 2: dirtygame93 ($141.04 in chips)
Eggs4dinner: posts small blind $1
dirtygame93: posts big blind $3
*** HOLE CARDS ***
Eggs4dinner: raises $3 to $6
dirtygame93: raises $3 to $9
Eggs4dinner: calls $3
*** FLOP *** [Ah 2h 3h]
dirtygame93: bets $3
Eggs4dinner: folds
Uncalled bet ($3) returned to dirtygame93
dirtygame93 collected $17.64 from pot
dirtygame93: doesn't show hand
*** SUMMARY ***
Total pot $18 | Rake $0.36
Board [Ah 2h 3h]
Seat 1: Eggs4dinner (button) (small blind) folded on the Flop
Seat 2: dirtygame93 (big blind) collected ($17.64)


PokerStars Hand #155082305444:  Hold'em Limit ($3/$6 USD) - 2016/06/22 20:55:39 ET
Table 'Bellerophon' 6-max Seat #2 is the button
Seat 1: Eggs4dinner ($439.62 in chips)
Seat 2: dirtygame93 ($149.68 in chips)
dirtygame93: posts small blind $1
Eggs4dinner: posts big blind $3
*** HOLE CARDS ***
dirtygame93: raises $3 to $6
Eggs4dinner: raises $3 to $9
dirtygame93: calls $3
*** FLOP *** [3c 5c 6c]
Eggs4dinner: bets $3
dirtygame93: raises $3 to $6
Eggs4dinner: calls $3
*** TURN *** [3c 5c 6c] [6h]
Eggs4dinner: checks
dirtygame93: bets $6
Eggs4dinner: folds
Uncalled bet ($6) returned to dirtygame93
dirtygame93 collected $29.50 from pot
dirtygame93: doesn't show hand
*** SUMMARY ***
Total pot $30 | Rake $0.50
Board [3c 5c 6c 6h]
Seat 1: Eggs4dinner (big blind) folded on the Turn
Seat 2: dirtygame93 (button) (small blind) collected ($29.50)


PokerStars Hand #155082317694:  Hold'em Limit ($3/$6 USD) - 2016/06/22 20:56:19 ET
Table 'Bellerophon' 6-max Seat #2 is the button
Seat 1: Eggs4dinner ($439.12 in chips)
Seat 2: dirtygame93 ($149.18 in chips)
dirtygame93: posts small blind $1
Eggs4dinner: posts big blind $3
*** HOLE CARDS ***
dirtygame93: folds
Uncalled bet ($2) returned to Eggs4dinner
Eggs4dinner collected $2 from pot
*** SUMMARY ***
Total pot $2 | Rake $0
Seat 1: Eggs4dinner (big blind) collected ($2)
Seat 2: dirtygame93 (button) (small blind) folded before Flop


PokerStars Hand #155082319050:  Hold'em Limit ($3/$6 USD) - 2016/06/22 20:56:24 ET
Table 'Bellerophon' 6-max Seat #1 is the button
Seat 1: Eggs4dinner ($440.12 in chips)
Seat 2: dirtygame93 ($148.18 in chips)
Eggs4dinner: posts small blind $1
dirtygame93: posts big blind $3
*** HOLE CARDS ***
Eggs4dinner: raises $3 to $6
dirtygame93: calls $3
*** FLOP *** [Ts 3c 8h]
dirtygame93: checks
Eggs4dinner: bets $3
dirtygame93: folds
Uncalled bet ($3) returned to Eggs4dinner
Eggs4dinner collected $11.76 from pot
*** SUMMARY ***
Total pot $12 | Rake $0.24
Board [Ts 3c 8h]
Seat 1: Eggs4dinner (button) (small blind) collected ($11.76)
Seat 2: dirtygame93 (big blind) folded on the Flop


PokerStars Hand #155082327127:  Hold'em Limit ($3/$6 USD) - 2016/06/22 20:56:49 ET
Table 'Bellerophon' 6-max Seat #2 is the button
Seat 1: Eggs4dinner ($445.88 in chips)
Seat 2: dirtygame93 ($142.18 in chips)
dirtygame93: posts small blind $1
Eggs4dinner: posts big blind $3
*** HOLE CARDS ***
dirtygame93: raises $3 to $6
Eggs4dinner: calls $3
*** FLOP *** [6h As Jd]
Eggs4dinner: checks
dirtygame93: bets $3
Eggs4dinner: folds
Uncalled bet ($3) returned to dirtygame93
dirtygame93 collected $11.76 from pot
dirtygame93: doesn't show hand
*** SUMMARY ***
Total pot $12 | Rake $0.24
Board [6h As Jd]
Seat 1: Eggs4dinner (big blind) folded on the Flop
Seat 2: dirtygame93 (button) (small blind) collected ($11.76)


PokerStars Hand #155082356360:  Hold'em Limit ($3/$6 USD) - 2016/06/22 20:58:23 ET
Table 'Bellerophon' 6-max Seat #2 is the button
Seat 1: Eggs4dinner ($445.40 in chips)
Seat 2: dirtygame93 ($141.70 in chips)
dirtygame93: posts small blind $1
Eggs4dinner: posts big blind $3
*** HOLE CARDS ***
dirtygame93: raises $3 to $6
Eggs4dinner: folds
Uncalled bet ($3) returned to dirtygame93
dirtygame93 collected $6 from pot
dirtygame93: doesn't show hand
*** SUMMARY ***
Total pot $6 | Rake $0
Seat 1: Eggs4dinner (big blind) folded before Flop
Seat 2: dirtygame93 (button) (small blind) collected ($6)


PokerStars Hand #155082352014:  Hold'em Limit ($3/$6 USD) - 2016/06/22 20:58:09 ET
Table 'Bellerophon' 6-max Seat #1 is the button
Seat 1: Eggs4dinner ($439.64 in chips)
Seat 2: dirtygame93 ($147.70 in chips)
Eggs4dinner: posts small blind $1
dirtygame93: posts big blind $3
*** HOLE CARDS ***
Eggs4dinner: raises $3 to $6
dirtygame93: calls $3
*** FLOP *** [Jh Ah Kd]
dirtygame93: checks
Eggs4dinner: bets $3
dirtygame93: folds
Uncalled bet ($3) returned to Eggs4dinner
Eggs4dinner collected $11.76 from pot
*** SUMMARY ***
Total pot $12 | Rake $0.24
Board [Jh Ah Kd]
Seat 1: Eggs4dinner (button) (small blind) collected ($11.76)
Seat 2: dirtygame93 (big blind) folded on the Flop


PokerStars Hand #155082345094:  Hold'em Limit ($3/$6 USD) - 2016/06/22 20:57:47 ET
Table 'Bellerophon' 6-max Seat #2 is the button
Seat 1: Eggs4dinner ($445.64 in chips)
Seat 2: dirtygame93 ($141.94 in chips)
dirtygame93: posts small blind $1
Eggs4dinner: posts big blind $3
*** HOLE CARDS ***
dirtygame93: raises $3 to $6
Eggs4dinner: calls $3
*** FLOP *** [Qh Tc Qd]
Eggs4dinner: checks
dirtygame93: bets $3
Eggs4dinner: folds
Uncalled bet ($3) returned to dirtygame93
dirtygame93 collected $11.76 from pot
dirtygame93: doesn't show hand
*** SUMMARY ***
Total pot $12 | Rake $0.24
Board [Qh Tc Qd]
Seat 1: Eggs4dinner (big blind) folded on the Flop
Seat 2: dirtygame93 (button) (small blind) collected ($11.76)


PokerStars Hand #155082336305:  Hold'em Limit ($3/$6 USD) - 2016/06/22 20:57:19 ET
Table 'Bellerophon' 6-max Seat #1 is the button
Seat 1: Eggs4dinner ($439.88 in chips)
Seat 2: dirtygame93 ($147.94 in chips)
Eggs4dinner: posts small blind $1
dirtygame93: posts big blind $3
*** HOLE CARDS ***
Eggs4dinner: raises $3 to $6
dirtygame93: calls $3
*** FLOP *** [Kc Tc 2d]
dirtygame93: checks
Eggs4dinner: bets $3
dirtygame93: folds
Uncalled bet ($3) returned to Eggs4dinner
Eggs4dinner collected $11.76 from pot
*** SUMMARY ***
Total pot $12 | Rake $0.24
Board [Kc Tc 2d]
Seat 1: Eggs4dinner (button) (small blind) collected ($11.76)
Seat 2: dirtygame93 (big blind) folded on the Flop


PokerStars Hand #155082371032:  Hold'em Limit ($3/$6 USD) - 2016/06/22 20:59:10 ET
Table 'Bellerophon' 6-max Seat #1 is the button
Seat 1: Eggs4dinner ($456.90 in chips)
Seat 2: dirtygame93 ($129.34 in chips)
Eggs4dinner: posts small blind $1
dirtygame93: posts big blind $3
*** HOLE CARDS ***
Eggs4dinner: raises $3 to $6
dirtygame93: raises $3 to $9
Eggs4dinner: calls $3
*** FLOP *** [2c Ad Td]
dirtygame93: bets $3
Eggs4dinner: folds
Uncalled bet ($3) returned to dirtygame93
dirtygame93 collected $17.64 from pot
dirtygame93: doesn't show hand
*** SUMMARY ***
Total pot $18 | Rake $0.36
Board [2c Ad Td]
Seat 1: Eggs4dinner (button) (small blind) folded on the Flop
Seat 2: dirtygame93 (big blind) collected ($17.64)


PokerStars Hand #155082366062:  Hold'em Limit ($3/$6 USD) - 2016/06/22 20:58:54 ET
Table 'Bellerophon' 6-max Seat #2 is the button
Seat 1: Eggs4dinner ($465.90 in chips)
Seat 2: dirtygame93 ($120.70 in chips)
dirtygame93: posts small blind $1
Eggs4dinner: posts big blind $3
*** HOLE CARDS ***
dirtygame93: raises $3 to $6
Eggs4dinner: calls $3
*** FLOP *** [9d Qd 3h]
Eggs4dinner: checks
dirtygame93: bets $3
Eggs4dinner: calls $3
*** TURN *** [9d Qd 3h] [Ah]
Eggs4dinner: checks
dirtygame93: bets $6
Eggs4dinner: folds
Uncalled bet ($6) returned to dirtygame93
dirtygame93 collected $17.64 from pot
dirtygame93: doesn't show hand
*** SUMMARY ***
Total pot $18 | Rake $0.36
Board [9d Qd 3h Ah]
Seat 1: Eggs4dinner (big blind) folded on the Turn
Seat 2: dirtygame93 (button) (small blind) collected ($17.64)


PokerStars Hand #155082358454:  Hold'em Limit ($3/$6 USD) - 2016/06/22 20:58:30 ET
Table 'Bellerophon' 6-max Seat #1 is the button
Seat 1: Eggs4dinner ($442.40 in chips)
Seat 2: dirtygame93 ($144.70 in chips)
Eggs4dinner: posts small blind $1
dirtygame93: posts big blind $3
*** HOLE CARDS ***
Eggs4dinner: raises $3 to $6
dirtygame93: calls $3
*** FLOP *** [Kd Td 7s]
dirtygame93: checks
Eggs4dinner: bets $3
dirtygame93: raises $3 to $6
Eggs4dinner: calls $3
*** TURN *** [Kd Td 7s] [Ah]
dirtygame93: bets $6
Eggs4dinner: raises $6 to $12
dirtygame93: calls $6
*** RIVER *** [Kd Td 7s Ah] [7d]
dirtygame93: checks
Eggs4dinner: bets $6
dirtygame93: folds
Uncalled bet ($6) returned to Eggs4dinner
Eggs4dinner collected $47.50 from pot
*** SUMMARY ***
Total pot $48 | Rake $0.50
Board [Kd Td 7s Ah 7d]
Seat 1: Eggs4dinner (button) (small blind) collected ($47.50)
Seat 2: dirtygame93 (big blind) folded on the River


PokerStars Hand #155082382122:  Hold'em Limit ($3/$6 USD) - 2016/06/22 20:59:46 ET
Table 'Bellerophon' 6-max Seat #1 is the button
Seat 1: Eggs4dinner ($423.90 in chips)
Seat 2: dirtygame93 ($161.48 in chips)
Eggs4dinner: posts small blind $1
dirtygame93: posts big blind $3
*** HOLE CARDS ***
Eggs4dinner: raises $3 to $6
dirtygame93: calls $3
*** FLOP *** [4h 9h Ts]
dirtygame93: checks
Eggs4dinner: bets $3
dirtygame93: calls $3
*** TURN *** [4h 9h Ts] [Ad]
dirtygame93: checks
Eggs4dinner: bets $6
dirtygame93: calls $6
*** RIVER *** [4h 9h Ts Ad] [7c]
dirtygame93: checks
Eggs4dinner: bets $6
dirtygame93: folds
Uncalled bet ($6) returned to Eggs4dinner
Eggs4dinner collected $29.50 from pot
*** SUMMARY ***
Total pot $30 | Rake $0.50
Board [4h 9h Ts Ad 7c]
Seat 1: Eggs4dinner (button) (small blind) collected ($29.50)
Seat 2: dirtygame93 (big blind) folded on the River


PokerStars Hand #155082388164:  Hold'em Limit ($3/$6 USD) - 2016/06/22 21:00:05 ET
Table 'Bellerophon' 6-max Seat #2 is the button
Seat 1: Eggs4dinner ($438.40 in chips)
Seat 2: dirtygame93 ($146.48 in chips)
dirtygame93: posts small blind $1
Eggs4dinner: posts big blind $3
*** HOLE CARDS ***
dirtygame93: raises $3 to $6
Eggs4dinner: raises $3 to $9
dirtygame93: calls $3
*** FLOP *** [8s Ts 9c]
Eggs4dinner: bets $3
dirtygame93: folds
Uncalled bet ($3) returned to Eggs4dinner
Eggs4dinner collected $17.64 from pot
*** SUMMARY ***
Total pot $18 | Rake $0.36
Board [8s Ts 9c]
Seat 1: Eggs4dinner (big blind) collected ($17.64)
Seat 2: dirtygame93 (button) (small blind) folded on the Flop


PokerStars Hand #155082375290:  Hold'em Limit ($3/$6 USD) - 2016/06/22 20:59:23 ET
Table 'Bellerophon' 6-max Seat #2 is the button
Seat 1: Eggs4dinner ($447.90 in chips)
Seat 2: dirtygame93 ($137.98 in chips)
dirtygame93: posts small blind $1
Eggs4dinner: posts big blind $3
*** HOLE CARDS ***
dirtygame93: raises $3 to $6
Eggs4dinner: raises $3 to $9
dirtygame93: calls $3
*** FLOP *** [8h 7d 7c]
Eggs4dinner: bets $3
dirtygame93: calls $3
*** TURN *** [8h 7d 7c] [Qd]
Eggs4dinner: bets $6
dirtygame93: raises $6 to $12
Eggs4dinner: calls $6
*** RIVER *** [8h 7d 7c Qd] [Ks]
Eggs4dinner: checks
dirtygame93: bets $6
Eggs4dinner: folds
Uncalled bet ($6) returned to dirtygame93
dirtygame93 collected $47.50 from pot
dirtygame93: doesn't show hand
*** SUMMARY ***
Total pot $48 | Rake $0.50
Board [8h 7d 7c Qd Ks]
Seat 1: Eggs4dinner (big blind) folded on the River
Seat 2: dirtygame93 (button) (small blind) collected ($47.50)


PokerStars Hand #155082410575:  Hold'em Limit ($3/$6 USD) - 2016/06/22 21:01:11 ET
Table 'Bellerophon' 6-max Seat #2 is the button
Seat 1: Eggs4dinner ($467.32 in chips)
Seat 2: dirtygame93 ($116.48 in chips)
dirtygame93: posts small blind $1
Eggs4dinner: posts big blind $3
*** HOLE CARDS ***
dirtygame93: folds
Uncalled bet ($2) returned to Eggs4dinner
Eggs4dinner collected $2 from pot
*** SUMMARY ***
Total pot $2 | Rake $0
Seat 1: Eggs4dinner (big blind) collected ($2)
Seat 2: dirtygame93 (button) (small blind) folded before Flop


PokerStars Hand #155082395382:  Hold'em Limit ($3/$6 USD) - 2016/06/22 21:00:27 ET
Table 'Bellerophon' 6-max Seat #1 is the button
Seat 1: Eggs4dinner ($447.04 in chips)
Seat 2: dirtygame93 ($137.48 in chips)
Eggs4dinner: posts small blind $1
dirtygame93: posts big blind $3
*** HOLE CARDS ***
Eggs4dinner: raises $3 to $6
dirtygame93: folds
Uncalled bet ($3) returned to Eggs4dinner
Eggs4dinner collected $6 from pot
*** SUMMARY ***
Total pot $6 | Rake $0
Seat 1: Eggs4dinner (button) (small blind) collected ($6)
Seat 2: dirtygame93 (big blind) folded before Flop


PokerStars Hand #155082398301:  Hold'em Limit ($3/$6 USD) - 2016/06/22 21:00:36 ET
Table 'Bellerophon' 6-max Seat #2 is the button
Seat 1: Eggs4dinner ($450.04 in chips)
Seat 2: dirtygame93 ($134.48 in chips)
dirtygame93: posts small blind $1
Eggs4dinner: posts big blind $3
*** HOLE CARDS ***
dirtygame93: raises $3 to $6
Eggs4dinner: raises $3 to $9
dirtygame93: calls $3
*** FLOP *** [9c 5h Ks]
Eggs4dinner: bets $3
dirtygame93: calls $3
*** TURN *** [9c 5h Ks] [7s]
Eggs4dinner: bets $6
dirtygame93: folds
Uncalled bet ($6) returned to Eggs4dinner
Eggs4dinner collected $23.52 from pot
*** SUMMARY ***
Total pot $24 | Rake $0.48
Board [9c 5h Ks 7s]
Seat 1: Eggs4dinner (big blind) collected ($23.52)
Seat 2: dirtygame93 (button) (small blind) folded on the Turn


PokerStars Hand #155082403847:  Hold'em Limit ($3/$6 USD) - 2016/06/22 21:00:52 ET
Table 'Bellerophon' 6-max Seat #1 is the button
Seat 1: Eggs4dinner ($461.56 in chips)
Seat 2: dirtygame93 ($122.48 in chips)
Eggs4dinner: posts small blind $1
dirtygame93: posts big blind $3
*** HOLE CARDS ***
Eggs4dinner: raises $3 to $6
dirtygame93: calls $3
*** FLOP *** [Td 8s 3d]
dirtygame93: checks
Eggs4dinner: bets $3
dirtygame93: folds
Uncalled bet ($3) returned to Eggs4dinner
Eggs4dinner collected $11.76 from pot
*** SUMMARY ***
Total pot $12 | Rake $0.24
Board [Td 8s 3d]
Seat 1: Eggs4dinner (button) (small blind) collected ($11.76)
Seat 2: dirtygame93 (big blind) folded on the Flop


PokerStars Hand #155082419128:  Hold'em Limit ($3/$6 USD) - 2016/06/22 21:01:35 ET
Table 'Bellerophon' 6-max Seat #2 is the button
Seat 1: Eggs4dinner ($491.82 in chips)
Seat 2: dirtygame93 ($91.48 in chips)
dirtygame93: posts small blind $1
Eggs4dinner: posts big blind $3
*** HOLE CARDS ***
dirtygame93: folds
Uncalled bet ($2) returned to Eggs4dinner
Eggs4dinner collected $2 from pot
*** SUMMARY ***
Total pot $2 | Rake $0
Seat 1: Eggs4dinner (big blind) collected ($2)
Seat 2: dirtygame93 (button) (small blind) folded before Flop


PokerStars Hand #155082412064:  Hold'em Limit ($3/$6 USD) - 2016/06/22 21:01:15 ET
Table 'Bellerophon' 6-max Seat #1 is the button
Seat 1: Eggs4dinner ($468.32 in chips)
Seat 2: dirtygame93 ($115.48 in chips)
Eggs4dinner: posts small blind $1
dirtygame93: posts big blind $3
*** HOLE CARDS ***
Eggs4dinner: raises $3 to $6
dirtygame93: raises $3 to $9
Eggs4dinner: calls $3
*** FLOP *** [3c 5c 9c]
dirtygame93: bets $3
Eggs4dinner: calls $3
*** TURN *** [3c 5c 9c] [7s]
dirtygame93: bets $6
Eggs4dinner: calls $6
*** RIVER *** [3c 5c 9c 7s] [4c]
dirtygame93: checks
Eggs4dinner: bets $6
dirtygame93: calls $6
*** SHOW DOWN ***
Eggs4dinner: shows [6s Ac] (a flush, Ace high)
dirtygame93: mucks hand
Eggs4dinner collected $47.50 from pot
*** SUMMARY ***
Total pot $48 | Rake $0.50
Board [3c 5c 9c 7s 4c]
Seat 1: Eggs4dinner (button) (small blind) showed [6s Ac] and won ($47.50) with a flush, Ace high
Seat 2: dirtygame93 (big blind) mucked


PokerStars Hand #155082420734:  Hold'em Limit ($3/$6 USD) - 2016/06/22 21:01:39 ET
Table 'Bellerophon' 6-max Seat #1 is the button
Seat 1: Eggs4dinner ($492.82 in chips)
Seat 2: dirtygame93 ($90.48 in chips)
Eggs4dinner: posts small blind $1
dirtygame93: posts big blind $3
*** HOLE CARDS ***
Eggs4dinner: raises $3 to $6
dirtygame93: calls $3
*** FLOP *** [4d Kd 9c]
dirtygame93: checks
Eggs4dinner: bets $3
dirtygame93: calls $3
*** TURN *** [4d Kd 9c] [9d]
dirtygame93: checks
Eggs4dinner: checks
*** RIVER *** [4d Kd 9c 9d] [6c]
dirtygame93: bets $6
Eggs4dinner: folds
Uncalled bet ($6) returned to dirtygame93
dirtygame93 collected $17.64 from pot
dirtygame93: doesn't show hand
*** SUMMARY ***
Total pot $18 | Rake $0.36
Board [4d Kd 9c 9d 6c]
Seat 1: Eggs4dinner (button) (small blind) folded on the River
Seat 2: dirtygame93 (big blind) collected ($17.64)


PokerStars Hand #155082429156:  Hold'em Limit ($3/$6 USD) - 2016/06/22 21:02:03 ET
Table 'Bellerophon' 6-max Seat #2 is the button
Seat 1: Eggs4dinner ($483.82 in chips)
Seat 2: dirtygame93 ($99.12 in chips)
dirtygame93: posts small blind $1
Eggs4dinner: posts big blind $3
*** HOLE CARDS ***
dirtygame93: raises $3 to $6
Eggs4dinner: calls $3
*** FLOP *** [5d 5c Kc]
Eggs4dinner: bets $3
dirtygame93: calls $3
*** TURN *** [5d 5c Kc] [8d]
Eggs4dinner: bets $6
dirtygame93: raises $6 to $12
Eggs4dinner: folds
Uncalled bet ($6) returned to dirtygame93
dirtygame93 collected $29.50 from pot
dirtygame93: doesn't show hand
*** SUMMARY ***
Total pot $30 | Rake $0.50
Board [5d 5c Kc 8d]
Seat 1: Eggs4dinner (big blind) folded on the Turn
Seat 2: dirtygame93 (button) (small blind) collected ($29.50)


PokerStars Hand #155082442420:  Hold'em Limit ($3/$6 USD) - 2016/06/22 21:02:39 ET
Table 'Bellerophon' 6-max Seat #1 is the button
Seat 1: Eggs4dinner ($474.46 in chips)
Seat 2: dirtygame93 ($107.62 in chips)
Eggs4dinner: posts small blind $1
dirtygame93: posts big blind $3
*** HOLE CARDS ***
Eggs4dinner: raises $3 to $6
dirtygame93: calls $3
*** FLOP *** [8c Ah Jd]
dirtygame93: checks
Eggs4dinner: bets $3
dirtygame93: folds
Uncalled bet ($3) returned to Eggs4dinner
Eggs4dinner collected $11.76 from pot
*** SUMMARY ***
Total pot $12 | Rake $0.24
Board [8c Ah Jd]
Seat 1: Eggs4dinner (button) (small blind) collected ($11.76)
Seat 2: dirtygame93 (big blind) folded on the Flop


PokerStars Hand #155082440167:  Hold'em Limit ($3/$6 USD) - 2016/06/22 21:02:33 ET
Table 'Bellerophon' 6-max Seat #2 is the button
Seat 1: Eggs4dinner ($477.46 in chips)
Seat 2: dirtygame93 ($104.62 in chips)
dirtygame93: posts small blind $1
Eggs4dinner: posts big blind $3
*** HOLE CARDS ***
dirtygame93: raises $3 to $6
Eggs4dinner: folds
Uncalled bet ($3) returned to dirtygame93
dirtygame93 collected $6 from pot
dirtygame93: doesn't show hand
*** SUMMARY ***
Total pot $6 | Rake $0
Seat 1: Eggs4dinner (big blind) folded before Flop
Seat 2: dirtygame93 (button) (small blind) collected ($6)


PokerStars Hand #155082467221:  Hold'em Limit ($3/$6 USD) - 2016/06/22 21:03:47 ET
Table 'Bellerophon' 6-max Seat #2 is the button
Seat 1: Eggs4dinner ($483.98 in chips)
Seat 2: dirtygame93 ($97.38 in chips)
dirtygame93: posts small blind $1
Eggs4dinner: posts big blind $3
*** HOLE CARDS ***
dirtygame93: raises $3 to $6
Eggs4dinner: folds
Uncalled bet ($3) returned to dirtygame93
dirtygame93 collected $6 from pot
dirtygame93: doesn't show hand
*** SUMMARY ***
Total pot $6 | Rake $0
Seat 1: Eggs4dinner (big blind) folded before Flop
Seat 2: dirtygame93 (button) (small blind) collected ($6)


PokerStars Hand #155082464127:  Hold'em Limit ($3/$6 USD) - 2016/06/22 21:03:39 ET
Table 'Bellerophon' 6-max Seat #1 is the button
Seat 1: Eggs4dinner ($480.98 in chips)
Seat 2: dirtygame93 ($100.38 in chips)
Eggs4dinner: posts small blind $1
dirtygame93: posts big blind $3
*** HOLE CARDS ***
Eggs4dinner: raises $3 to $6
dirtygame93: folds
Uncalled bet ($3) returned to Eggs4dinner
Eggs4dinner collected $6 from pot
*** SUMMARY ***
Total pot $6 | Rake $0
Seat 1: Eggs4dinner (button) (small blind) collected ($6)
Seat 2: dirtygame93 (big blind) folded before Flop


PokerStars Hand #155082470057:  Hold'em Limit ($3/$6 USD) - 2016/06/22 21:03:55 ET
Table 'Bellerophon' 6-max Seat #1 is the button
Seat 1: Eggs4dinner ($480.98 in chips)
Seat 2: dirtygame93 ($100.38 in chips)
Eggs4dinner: posts small blind $1
dirtygame93: posts big blind $3
*** HOLE CARDS ***
Eggs4dinner: raises $3 to $6
dirtygame93: raises $3 to $9
Eggs4dinner: calls $3
*** FLOP *** [4c 8d Qc]
dirtygame93: bets $3
Eggs4dinner: folds
Uncalled bet ($3) returned to dirtygame93
dirtygame93 collected $17.64 from pot
dirtygame93: doesn't show hand
*** SUMMARY ***
Total pot $18 | Rake $0.36
Board [4c 8d Qc]
Seat 1: Eggs4dinner (button) (small blind) folded on the Flop
Seat 2: dirtygame93 (big blind) collected ($17.64)


PokerStars Hand #155082462465:  Hold'em Limit ($3/$6 USD) - 2016/06/22 21:03:34 ET
Table 'Bellerophon' 6-max Seat #2 is the button
Seat 1: Eggs4dinner ($479.98 in chips)
Seat 2: dirtygame93 ($101.38 in chips)
dirtygame93: posts small blind $1
Eggs4dinner: posts big blind $3
*** HOLE CARDS ***
dirtygame93: folds
Uncalled bet ($2) returned to Eggs4dinner
Eggs4dinner collected $2 from pot
*** SUMMARY ***
Total pot $2 | Rake $0
Seat 1: Eggs4dinner (big blind) collected ($2)
Seat 2: dirtygame93 (button) (small blind) folded before Flop


PokerStars Hand #155082491602:  Hold'em Limit ($3/$6 USD) - 2016/06/22 21:04:47 ET
Table 'Bellerophon' 6-max Seat #2 is the button
Seat 1: Eggs4dinner ($459.98 in chips)
Seat 2: dirtygame93 ($120.66 in chips)
dirtygame93: posts small blind $1
Eggs4dinner: posts big blind $3
*** HOLE CARDS ***
dirtygame93: raises $3 to $6
Eggs4dinner: raises $3 to $9
dirtygame93: calls $3
*** FLOP *** [8s 5c 5d]
Eggs4dinner: bets $3
dirtygame93: calls $3
*** TURN *** [8s 5c 5d] [Kc]
Eggs4dinner: bets $6
dirtygame93: raises $6 to $12
Eggs4dinner: calls $6
*** RIVER *** [8s 5c 5d Kc] [4d]
Eggs4dinner: checks
dirtygame93: bets $6
Eggs4dinner: calls $6
*** SHOW DOWN ***
dirtygame93: shows [Td Kd] (two pair, Kings and Fives)
Eggs4dinner: mucks hand
dirtygame93 collected $59.50 from pot
*** SUMMARY ***
Total pot $60 | Rake $0.50
Board [8s 5c 5d Kc 4d]
Seat 1: Eggs4dinner (big blind) mucked
Seat 2: dirtygame93 (button) (small blind) showed [Td Kd] and won ($59.50) with two pair, Kings and Fives


PokerStars Hand #155082476262:  Hold'em Limit ($3/$6 USD) - 2016/06/22 21:04:12 ET
Table 'Bellerophon' 6-max Seat #2 is the button
Seat 1: Eggs4dinner ($471.98 in chips)
Seat 2: dirtygame93 ($109.02 in chips)
dirtygame93: posts small blind $1
Eggs4dinner: posts big blind $3
*** HOLE CARDS ***
dirtygame93: raises $3 to $6
Eggs4dinner: folds
Uncalled bet ($3) returned to dirtygame93
dirtygame93 collected $6 from pot
dirtygame93: doesn't show hand
*** SUMMARY ***
Total pot $6 | Rake $0
Seat 1: Eggs4dinner (big blind) folded before Flop
Seat 2: dirtygame93 (button) (small blind) collected ($6)


PokerStars Hand #155082481323:  Hold'em Limit ($3/$6 USD) - 2016/06/22 21:04:26 ET
Table 'Bellerophon' 6-max Seat #1 is the button
Seat 1: Eggs4dinner ($468.98 in chips)
Seat 2: dirtygame93 ($112.02 in chips)
Eggs4dinner: posts small blind $1
dirtygame93: posts big blind $3
*** HOLE CARDS ***
Eggs4dinner: raises $3 to $6
dirtygame93: raises $3 to $9
Eggs4dinner: calls $3
*** FLOP *** [Qh 5s 6s]
dirtygame93: bets $3
Eggs4dinner: folds
Uncalled bet ($3) returned to dirtygame93
dirtygame93 collected $17.64 from pot
dirtygame93: doesn't show hand
*** SUMMARY ***
Total pot $18 | Rake $0.36
Board [Qh 5s 6s]
Seat 1: Eggs4dinner (button) (small blind) folded on the Flop
Seat 2: dirtygame93 (big blind) collected ($17.64)


PokerStars Hand #155082499724:  Hold'em Limit ($3/$6 USD) - 2016/06/22 21:05:08 ET
Table 'Bellerophon' 6-max Seat #1 is the button
Seat 1: Eggs4dinner ($429.98 in chips)
Seat 2: dirtygame93 ($150.16 in chips)
Eggs4dinner: posts small blind $1
dirtygame93: posts big blind $3
*** HOLE CARDS ***
Eggs4dinner: raises $3 to $6
dirtygame93: calls $3
*** FLOP *** [9d 3c Kd]
dirtygame93: checks
Eggs4dinner: bets $3
dirtygame93: calls $3
*** TURN *** [9d 3c Kd] [Ac]
dirtygame93: checks
Eggs4dinner: bets $6
dirtygame93: raises $6 to $12
Eggs4dinner: folds
Uncalled bet ($6) returned to dirtygame93
dirtygame93 collected $29.50 from pot
dirtygame93: doesn't show hand
lamine12 joins the table at seat #4
*** SUMMARY ***
Total pot $30 | Rake $0.50
Board [9d 3c Kd Ac]
Seat 1: Eggs4dinner (button) (small blind) folded on the Turn
Seat 2: dirtygame93 (big blind) collected ($29.50)


PokerStars Hand #155084387440:  Hold'em Limit ($3/$6 USD) - 2016/06/22 22:37:23 ET
Table 'Bellerophon' 6-max Seat #1 is the button
Seat 1: PopinChips13 ($90.65 in chips)
Seat 6: AzureCaper ($241.58 in chips)
PopinChips13: posts small blind $1
AzureCaper: posts big blind $3
*** HOLE CARDS ***
PopinChips13: folds
Uncalled bet ($2) returned to AzureCaper
AzureCaper collected $2 from pot
AzureCaper: doesn't show hand
*** SUMMARY ***
Total pot $2 | Rake $0
Seat 1: PopinChips13 (button) (small blind) folded before Flop
Seat 6: AzureCaper (big blind) collected ($2)


PokerStars Hand #155084381573:  Hold'em Limit ($3/$6 USD) - 2016/06/22 22:37:03 ET
Table 'Bellerophon' 6-max Seat #6 is the button
Seat 1: PopinChips13 ($76.15 in chips)
Seat 6: AzureCaper ($256.58 in chips)
AzureCaper: posts small blind $1
PopinChips13: posts big blind $3
*** HOLE CARDS ***
AzureCaper: raises $3 to $6
PopinChips13: calls $3
*** FLOP *** [6c 8c Jd]
PopinChips13: checks
AzureCaper: bets $3
PopinChips13: calls $3
*** TURN *** [6c 8c Jd] [9d]
PopinChips13: checks
AzureCaper: checks
*** RIVER *** [6c 8c Jd 9d] [7d]
PopinChips13: bets $6
AzureCaper: calls $6
*** SHOW DOWN ***
PopinChips13: shows [8s Th] (a straight, Seven to Jack)
AzureCaper: mucks hand
PopinChips13 collected $29.50 from pot
*** SUMMARY ***
Total pot $30 | Rake $0.50
Board [6c 8c Jd 9d 7d]
Seat 1: PopinChips13 (big blind) showed [8s Th] and won ($29.50) with a straight, Seven to Jack
Seat 6: AzureCaper (button) (small blind) mucked


PokerStars Hand #155084379667:  Hold'em Limit ($3/$6 USD) - 2016/06/22 22:36:57 ET
Table 'Bellerophon' 6-max Seat #1 is the button
Seat 1: PopinChips13 ($77.15 in chips)
Seat 6: AzureCaper ($255.58 in chips)
PopinChips13: posts small blind $1
BrownieSpy: is sitting out
AzureCaper: posts big blind $3
*** HOLE CARDS ***
BrownieSpy leaves the table
PopinChips13: folds
Uncalled bet ($2) returned to AzureCaper
AzureCaper collected $2 from pot
AzureCaper: doesn't show hand
*** SUMMARY ***
Total pot $2 | Rake $0
Seat 1: PopinChips13 (button) (small blind) folded before Flop
Seat 6: AzureCaper (big blind) collected ($2)


PokerStars Hand #155084403028:  Hold'em Limit ($3/$6 USD) - 2016/06/22 22:37:56 ET
Table 'Bellerophon' 6-max Seat #1 is the button
Seat 1: PopinChips13 ($65.65 in chips)
Seat 6: AzureCaper ($266.08 in chips)
PopinChips13: posts small blind $1
AzureCaper: posts big blind $3
*** HOLE CARDS ***
PopinChips13: raises $3 to $6
AzureCaper: calls $3
*** FLOP *** [7s 9h Ah]
AzureCaper: checks
PopinChips13 said, "sure"
PopinChips13 said, "greatcalls the whole way idiot"
PopinChips13: bets $3
AzureCaper: calls $3
*** TURN *** [7s 9h Ah] [7c]
AzureCaper: checks
PopinChips13: checks
*** RIVER *** [7s 9h Ah 7c] [Kc]
AzureCaper: bets $6
PopinChips13: folds
Uncalled bet ($6) returned to AzureCaper
AzureCaper collected $17.64 from pot
AzureCaper: doesn't show hand
*** SUMMARY ***
Total pot $18 | Rake $0.36
Board [7s 9h Ah 7c Kc]
Seat 1: PopinChips13 (button) (small blind) folded on the River
Seat 6: AzureCaper (big blind) collected ($17.64)


PokerStars Hand #155084389164:  Hold'em Limit ($3/$6 USD) - 2016/06/22 22:37:29 ET
Table 'Bellerophon' 6-max Seat #6 is the button
Seat 1: PopinChips13 ($89.65 in chips)
Seat 6: AzureCaper ($242.58 in chips)
AzureCaper: posts small blind $1
PopinChips13: posts big blind $3
*** HOLE CARDS ***
AzureCaper: raises $3 to $6
PopinChips13: raises $3 to $9
AzureCaper: calls $3
*** FLOP *** [6h 3s 3h]
PopinChips13: bets $3
AzureCaper: calls $3
*** TURN *** [6h 3s 3h] [Qs]
PopinChips13: bets $6
AzureCaper: calls $6
*** RIVER *** [6h 3s 3h Qs] [9d]
PopinChips13: bets $6
AzureCaper: calls $6
*** SHOW DOWN ***
PopinChips13: shows [5h 5d] (two pair, Fives and Threes)
AzureCaper: shows [7s 9s] (two pair, Nines and Threes)
AzureCaper collected $47.50 from pot
*** SUMMARY ***
Total pot $48 | Rake $0.50
Board [6h 3s 3h Qs 9d]
Seat 1: PopinChips13 (big blind) showed [5h 5d] and lost with two pair, Fives and Threes
Seat 6: AzureCaper (button) (small blind) showed [7s 9s] and won ($47.50) with two pair, Nines and Threes


PokerStars Hand #155084429857:  Hold'em Limit ($3/$6 USD) - 2016/06/22 22:39:25 ET
Table 'Bellerophon' 6-max Seat #6 is the button
Seat 1: PopinChips13 ($41.41 in chips)
Seat 6: AzureCaper ($289.22 in chips)
AzureCaper: posts small blind $1
PopinChips13: posts big blind $3
*** HOLE CARDS ***
AzureCaper: raises $3 to $6
PopinChips13: calls $3
*** FLOP *** [Ad 4d Qc]
PopinChips13: checks
AzureCaper: bets $3
PopinChips13: folds
Uncalled bet ($3) returned to AzureCaper
AzureCaper collected $11.76 from pot
*** SUMMARY ***
Total pot $12 | Rake $0.24
Board [Ad 4d Qc]
Seat 1: PopinChips13 (big blind) folded on the Flop
Seat 6: AzureCaper (button) (small blind) collected ($11.76)


PokerStars Hand #155084424711:  Hold'em Limit ($3/$6 USD) - 2016/06/22 22:39:08 ET
Table 'Bellerophon' 6-max Seat #6 is the button
Seat 1: PopinChips13 ($38.65 in chips)
Seat 6: AzureCaper ($292.22 in chips)
AzureCaper: posts small blind $1
PopinChips13: posts big blind $3
*** HOLE CARDS ***
AzureCaper: raises $3 to $6
PopinChips13: folds
Uncalled bet ($3) returned to AzureCaper
AzureCaper collected $6 from pot
AzureCaper: doesn't show hand
*** SUMMARY ***
Total pot $6 | Rake $0
Seat 1: PopinChips13 (big blind) folded before Flop
Seat 6: AzureCaper (button) (small blind) collected ($6)


PokerStars Hand #155084418924:  Hold'em Limit ($3/$6 USD) - 2016/06/22 22:38:49 ET
Table 'Bellerophon' 6-max Seat #1 is the button
Seat 1: PopinChips13 ($53.65 in chips)
Seat 6: AzureCaper ($277.72 in chips)
PopinChips13: posts small blind $1
AzureCaper: posts big blind $3
*** HOLE CARDS ***
PopinChips13: raises $3 to $6
AzureCaper: calls $3
*** FLOP *** [4h Ad 4s]
AzureCaper: checks
PopinChips13: bets $3
AzureCaper: calls $3
*** TURN *** [4h Ad 4s] [6c]
AzureCaper: checks
PopinChips13: bets $6
AzureCaper: calls $6
*** RIVER *** [4h Ad 4s 6c] [4c]
AzureCaper: checks
PopinChips13: checks
*** SHOW DOWN ***
AzureCaper: shows [7s 7h] (a full house, Fours full of Sevens)
PopinChips13: mucks hand
AzureCaper collected $29.50 from pot
*** SUMMARY ***
Total pot $30 | Rake $0.50
Board [4h Ad 4s 6c 4c]
Seat 1: PopinChips13 (button) (small blind) mucked
Seat 6: AzureCaper (big blind) showed [7s 7h] and won ($29.50) with a full house, Fours full of Sevens


PokerStars Hand #155084426671:  Hold'em Limit ($3/$6 USD) - 2016/06/22 22:39:14 ET
Table 'Bellerophon' 6-max Seat #1 is the button
Seat 1: PopinChips13 ($35.65 in chips)
Seat 6: AzureCaper ($295.22 in chips)
PopinChips13: posts small blind $1
AzureCaper: posts big blind $3
*** HOLE CARDS ***
PopinChips13: raises $3 to $6
AzureCaper: calls $3
*** FLOP *** [Qs 9s 2s]
AzureCaper: checks
PopinChips13: bets $3
AzureCaper: folds
Uncalled bet ($3) returned to PopinChips13
PopinChips13 collected $11.76 from pot
*** SUMMARY ***
Total pot $12 | Rake $0.24
Board [Qs 9s 2s]
Seat 1: PopinChips13 (button) (small blind) collected ($11.76)
Seat 6: AzureCaper (big blind) folded on the Flop


PokerStars Hand #155084413949:  Hold'em Limit ($3/$6 USD) - 2016/06/22 22:38:33 ET
Table 'Bellerophon' 6-max Seat #6 is the button
Seat 1: PopinChips13 ($56.65 in chips)
Seat 6: AzureCaper ($274.72 in chips)
AzureCaper: posts small blind $1
PopinChips13: posts big blind $3
*** HOLE CARDS ***
AzureCaper: raises $3 to $6
PopinChips13: folds
Uncalled bet ($3) returned to AzureCaper
AzureCaper collected $6 from pot
AzureCaper: doesn't show hand
*** SUMMARY ***
Total pot $6 | Rake $0
Seat 1: PopinChips13 (big blind) folded before Flop
Seat 6: AzureCaper (button) (small blind) collected ($6)


PokerStars Hand #155084440037:  Hold'em Limit ($3/$6 USD) - 2016/06/22 22:39:59 ET
Table 'Bellerophon' 6-max Seat #6 is the button
Seat 1: PopinChips13 ($42.41 in chips)
Seat 6: AzureCaper ($287.98 in chips)
AzureCaper: posts small blind $1
PopinChips13: posts big blind $3
*** HOLE CARDS ***
AzureCaper: raises $3 to $6
PopinChips13: calls $3
*** FLOP *** [4d Qs 4c]
PopinChips13: checks
AzureCaper: bets $3
MaShadowt joins the table at seat #2
PopinChips13: calls $3
*** TURN *** [4d Qs 4c] [6c]
PopinChips13: checks
AzureCaper: bets $6
PopinChips13: raises $6 to $12
AzureCaper: calls $6
*** RIVER *** [4d Qs 4c 6c] [2s]
PopinChips13: bets $6
AzureCaper: folds
Uncalled bet ($6) returned to PopinChips13
PopinChips13 collected $41.50 from pot
*** SUMMARY ***
Total pot $42 | Rake $0.50
Board [4d Qs 4c 6c 2s]
Seat 1: PopinChips13 (big blind) collected ($41.50)
Seat 6: AzureCaper (button) (small blind) folded on the River


PokerStars Hand #155084438074:  Hold'em Limit ($3/$6 USD) - 2016/06/22 22:39:52 ET
Table 'Bellerophon' 6-max Seat #1 is the button
Seat 1: PopinChips13 ($39.41 in chips)
Seat 6: AzureCaper ($290.98 in chips)
PopinChips13: posts small blind $1
AzureCaper: posts big blind $3
*** HOLE CARDS ***
PopinChips13: raises $3 to $6
AzureCaper: folds
Uncalled bet ($3) returned to PopinChips13
PopinChips13 collected $6 from pot
*** SUMMARY ***
Total pot $6 | Rake $0
Seat 1: PopinChips13 (button) (small blind) collected ($6)
Seat 6: AzureCaper (big blind) folded before Flop


PokerStars Hand #155084436773:  Hold'em Limit ($3/$6 USD) - 2016/06/22 22:39:48 ET
Table 'Bellerophon' 6-max Seat #6 is the button
Seat 1: PopinChips13 ($38.41 in chips)
Seat 6: AzureCaper ($291.98 in chips)
AzureCaper: posts small blind $1
PopinChips13: posts big blind $3
*** HOLE CARDS ***
AzureCaper: folds
Uncalled bet ($2) returned to PopinChips13
PopinChips13 collected $2 from pot
*** SUMMARY ***
Total pot $2 | Rake $0
Seat 1: PopinChips13 (big blind) collected ($2)
Seat 6: AzureCaper (button) (small blind) folded before Flop


PokerStars Hand #155084434239:  Hold'em Limit ($3/$6 USD) - 2016/06/22 22:39:39 ET
Table 'Bellerophon' 6-max Seat #1 is the button
Seat 1: PopinChips13 ($35.41 in chips)
Seat 6: AzureCaper ($294.98 in chips)
PopinChips13: posts small blind $1
AzureCaper: posts big blind $3
*** HOLE CARDS ***
PopinChips13: raises $3 to $6
AzureCaper: folds
Uncalled bet ($3) returned to PopinChips13
PopinChips13 collected $6 from pot
*** SUMMARY ***
Total pot $6 | Rake $0
Seat 1: PopinChips13 (button) (small blind) collected ($6)
Seat 6: AzureCaper (big blind) folded before Flop


PokerStars Hand #155085958973:  Hold'em Limit ($3/$6 USD) - 2016/06/23 0:14:14 ET
Table 'Bellerophon' 6-max Seat #4 is the button
Seat 1: miss kitty50 ($211.53 in chips)
Seat 4: Velbor107 ($237.66 in chips)
Velbor107: posts small blind $1
miss kitty50: posts big blind $3
*** HOLE CARDS ***
Velbor107: raises $3 to $6
miss kitty50: calls $3
*** FLOP *** [2c Jc 3h]
miss kitty50: bets $3
Velbor107: calls $3
*** TURN *** [2c Jc 3h] [3c]
miss kitty50: bets $6
Velbor107: raises $6 to $12
miss kitty50: calls $6
*** RIVER *** [2c Jc 3h 3c] [4s]
miss kitty50: checks
Velbor107: bets $6
miss kitty50: calls $6
*** SHOW DOWN ***
Velbor107: shows [Js Kc] (two pair, Jacks and Threes)
miss kitty50: shows [Ad Jh] (two pair, Jacks and Threes - Ace kicker)
miss kitty50 collected $53.50 from pot
*** SUMMARY ***
Total pot $54 | Rake $0.50
Board [2c Jc 3h 3c 4s]
Seat 1: miss kitty50 (big blind) showed [Ad Jh] and won ($53.50) with two pair, Jacks and Threes
Seat 4: Velbor107 (button) (small blind) showed [Js Kc] and lost with two pair, Jacks and Threes


PokerStars Hand #155085976010:  Hold'em Limit ($3/$6 USD) - 2016/06/23 0:15:26 ET
Table 'Bellerophon' 6-max Seat #1 is the button
Seat 1: miss kitty50 ($225.55 in chips)
Seat 4: Velbor107 ($222.16 in chips)
miss kitty50: posts small blind $1
Velbor107: posts big blind $3
*** HOLE CARDS ***
miss kitty50: folds
Uncalled bet ($2) returned to Velbor107
Velbor107 collected $2 from pot
*** SUMMARY ***
Total pot $2 | Rake $0
Seat 1: miss kitty50 (button) (small blind) folded before Flop
Seat 4: Velbor107 (big blind) collected ($2)


PokerStars Hand #155085970035:  Hold'em Limit ($3/$6 USD) - 2016/06/23 0:15:01 ET
Table 'Bellerophon' 6-max Seat #4 is the button
Seat 1: miss kitty50 ($214.03 in chips)
Seat 4: Velbor107 ($234.16 in chips)
Velbor107: posts small blind $1
miss kitty50: posts big blind $3
*** HOLE CARDS ***
Velbor107: raises $3 to $6
miss kitty50: raises $3 to $9
Velbor107: calls $3
*** FLOP *** [2s 5h 5c]
miss kitty50: bets $3
Velbor107: calls $3
*** TURN *** [2s 5h 5c] [6c]
miss kitty50: bets $6
Velbor107: folds
Uncalled bet ($6) returned to miss kitty50
miss kitty50 collected $23.52 from pot
miss kitty50: doesn't show hand
*** SUMMARY ***
Total pot $24 | Rake $0.48
Board [2s 5h 5c 6c]
Seat 1: miss kitty50 (big blind) collected ($23.52)
Seat 4: Velbor107 (button) (small blind) folded on the Turn


PokerStars Hand #155085965323:  Hold'em Limit ($3/$6 USD) - 2016/06/23 0:14:41 ET
Table 'Bellerophon' 6-max Seat #1 is the button
Seat 1: miss kitty50 ($238.03 in chips)
Seat 4: Velbor107 ($210.66 in chips)
miss kitty50: posts small blind $1
Velbor107: posts big blind $3
*** HOLE CARDS ***
miss kitty50: raises $3 to $6
Velbor107: raises $3 to $9
miss kitty50: calls $3
*** FLOP *** [Th Ac 9c]
Velbor107: bets $3
miss kitty50: calls $3
*** TURN *** [Th Ac 9c] [Kc]
Velbor107: bets $6
miss kitty50: calls $6
*** RIVER *** [Th Ac 9c Kc] [4d]
Velbor107: bets $6
miss kitty50: calls $6
*** SHOW DOWN ***
Velbor107: shows [Ad Qd] (a pair of Aces)
miss kitty50: mucks hand
Velbor107 collected $47.50 from pot
*** SUMMARY ***
Total pot $48 | Rake $0.50
Board [Th Ac 9c Kc 4d]
Seat 1: miss kitty50 (button) (small blind) mucked
Seat 4: Velbor107 (big blind) showed [Ad Qd] and won ($47.50) with a pair of Aces


PokerStars Hand #155085990356:  Hold'em Limit ($3/$6 USD) - 2016/06/23 0:16:26 ET
Table 'Bellerophon' 6-max Seat #4 is the button
Seat 1: miss kitty50 ($213.55 in chips)
Seat 4: Velbor107 ($233.56 in chips)
Velbor107: posts small blind $1
miss kitty50: posts big blind $3
*** HOLE CARDS ***
Velbor107: raises $3 to $6
miss kitty50: folds
Uncalled bet ($3) returned to Velbor107
Velbor107 collected $6 from pot
*** SUMMARY ***
Total pot $6 | Rake $0
Seat 1: miss kitty50 (big blind) folded before Flop
Seat 4: Velbor107 (button) (small blind) collected ($6)


PokerStars Hand #155085977429:  Hold'em Limit ($3/$6 USD) - 2016/06/23 0:15:31 ET
Table 'Bellerophon' 6-max Seat #4 is the button
Seat 1: miss kitty50 ($224.55 in chips)
Seat 4: Velbor107 ($223.16 in chips)
Velbor107: posts small blind $1
miss kitty50: posts big blind $3
*** HOLE CARDS ***
Velbor107: raises $3 to $6
miss kitty50: calls $3
*** FLOP *** [Jc 9s 7h]
miss kitty50: checks
Velbor107: bets $3
miss kitty50: calls $3
*** TURN *** [Jc 9s 7h] [3h]
miss kitty50: checks
Velbor107: bets $6
miss kitty50: folds
Uncalled bet ($6) returned to Velbor107
Velbor107 collected $17.64 from pot
*** SUMMARY ***
Total pot $18 | Rake $0.36
Board [Jc 9s 7h 3h]
Seat 1: miss kitty50 (big blind) folded on the Turn
Seat 4: Velbor107 (button) (small blind) collected ($17.64)


PokerStars Hand #155085987008:  Hold'em Limit ($3/$6 USD) - 2016/06/23 0:16:12 ET
Table 'Bellerophon' 6-max Seat #1 is the button
Seat 1: miss kitty50 ($219.55 in chips)
Seat 4: Velbor107 ($227.80 in chips)
miss kitty50: posts small blind $1
Velbor107: posts big blind $3
*** HOLE CARDS ***
miss kitty50: calls $2
Velbor107: raises $3 to $6
miss kitty50: calls $3
*** FLOP *** [Qs 5s 4s]
Velbor107: bets $3
miss kitty50: folds
Uncalled bet ($3) returned to Velbor107
Velbor107 collected $11.76 from pot
*** SUMMARY ***
Total pot $12 | Rake $0.24
Board [Qs 5s 4s]
Seat 1: miss kitty50 (button) (small blind) folded on the Flop
Seat 4: Velbor107 (big blind) collected ($11.76)


PokerStars Hand #155085985594:  Hold'em Limit ($3/$6 USD) - 2016/06/23 0:16:06 ET
Table 'Bellerophon' 6-max Seat #4 is the button
Seat 1: miss kitty50 ($218.55 in chips)
Seat 4: Velbor107 ($228.80 in chips)
Velbor107: posts small blind $1
miss kitty50: posts big blind $3
*** HOLE CARDS ***
Velbor107: folds
Uncalled bet ($2) returned to miss kitty50
miss kitty50 collected $2 from pot
miss kitty50: doesn't show hand
*** SUMMARY ***
Total pot $2 | Rake $0
Seat 1: miss kitty50 (big blind) collected ($2)
Seat 4: Velbor107 (button) (small blind) folded before Flop


PokerStars Hand #155085984067:  Hold'em Limit ($3/$6 USD) - 2016/06/23 0:15:59 ET
Table 'Bellerophon' 6-max Seat #1 is the button
Seat 1: miss kitty50 ($215.55 in chips)
Seat 4: Velbor107 ($231.80 in chips)
miss kitty50: posts small blind $1
Velbor107: posts big blind $3
*** HOLE CARDS ***
miss kitty50: raises $3 to $6
Velbor107: folds
Uncalled bet ($3) returned to miss kitty50
miss kitty50 collected $6 from pot
miss kitty50: doesn't show hand
*** SUMMARY ***
Total pot $6 | Rake $0
Seat 1: miss kitty50 (button) (small blind) collected ($6)
Seat 4: Velbor107 (big blind) folded before Flop


PokerStars Hand #155085993513:  Hold'em Limit ($3/$6 USD) - 2016/06/23 0:16:39 ET
Table 'Bellerophon' 6-max Seat #1 is the button
Seat 1: miss kitty50 ($210.55 in chips)
Seat 4: Velbor107 ($236.56 in chips)
miss kitty50: posts small blind $1
Velbor107: posts big blind $3
*** HOLE CARDS ***
miss kitty50: raises $3 to $6
Velbor107: calls $3
*** FLOP *** [9s Qs 3s]
Velbor107: checks
miss kitty50: bets $3
Velbor107: calls $3
*** TURN *** [9s Qs 3s] [8d]
Velbor107: checks
miss kitty50: bets $6
Velbor107: calls $6
*** RIVER *** [9s Qs 3s 8d] [Jc]
Velbor107: checks
miss kitty50: checks
*** SHOW DOWN ***
Velbor107: shows [5h As] (high card Ace)
miss kitty50: shows [Ad 5s] (high card Ace)
Velbor107 collected $14.75 from pot
miss kitty50 collected $14.75 from pot
*** SUMMARY ***
Total pot $30 | Rake $0.50
Board [9s Qs 3s 8d Jc]
Seat 1: miss kitty50 (button) (small blind) showed [Ad 5s] and won ($14.75) with high card Ace
Seat 4: Velbor107 (big blind) showed [5h As] and won ($14.75) with high card Ace


PokerStars Hand #155086007179:  Hold'em Limit ($3/$6 USD) - 2016/06/23 0:17:37 ET
Table 'Bellerophon' 6-max Seat #1 is the button
Seat 1: miss kitty50 ($218.94 in chips)
Seat 4: Velbor107 ($227.31 in chips)
miss kitty50: posts small blind $1
Velbor107: posts big blind $3
*** HOLE CARDS ***
miss kitty50: folds
Uncalled bet ($2) returned to Velbor107
Velbor107 collected $2 from pot
*** SUMMARY ***
Total pot $2 | Rake $0
Seat 1: miss kitty50 (button) (small blind) folded before Flop
Seat 4: Velbor107 (big blind) collected ($2)


PokerStars Hand #155086002227:  Hold'em Limit ($3/$6 USD) - 2016/06/23 0:17:16 ET
Table 'Bellerophon' 6-max Seat #4 is the button
Seat 1: miss kitty50 ($210.30 in chips)
Seat 4: Velbor107 ($236.31 in chips)
Velbor107: posts small blind $1
miss kitty50: posts big blind $3
*** HOLE CARDS ***
Velbor107: raises $3 to $6
miss kitty50: calls $3
*** FLOP *** [Ac 9d Td]
miss kitty50: checks
Velbor107: bets $3
miss kitty50: calls $3
*** TURN *** [Ac 9d Td] [Ad]
miss kitty50: checks
Velbor107: checks
*** RIVER *** [Ac 9d Td Ad] [7d]
miss kitty50: bets $6
Velbor107: folds
Uncalled bet ($6) returned to miss kitty50
miss kitty50 collected $17.64 from pot
miss kitty50: doesn't show hand
*** SUMMARY ***
Total pot $18 | Rake $0.36
Board [Ac 9d Td Ad 7d]
Seat 1: miss kitty50 (big blind) collected ($17.64)
Seat 4: Velbor107 (button) (small blind) folded on the River


PokerStars Hand #155086008483:  Hold'em Limit ($3/$6 USD) - 2016/06/23 0:17:42 ET
Table 'Bellerophon' 6-max Seat #4 is the button
Seat 1: miss kitty50 ($217.94 in chips)
Seat 4: Velbor107 ($228.31 in chips)
Velbor107: posts small blind $1
miss kitty50: posts big blind $3
*** HOLE CARDS ***
Velbor107: raises $3 to $6
miss kitty50: folds
Uncalled bet ($3) returned to Velbor107
Velbor107 collected $6 from pot
*** SUMMARY ***
Total pot $6 | Rake $0
Seat 1: miss kitty50 (big blind) folded before Flop
Seat 4: Velbor107 (button) (small blind) collected ($6)


PokerStars Hand #155086010529:  Hold'em Limit ($3/$6 USD) - 2016/06/23 0:17:51 ET
Table 'Bellerophon' 6-max Seat #1 is the button
Seat 1: miss kitty50 ($214.94 in chips)
Seat 4: Velbor107 ($231.31 in chips)
miss kitty50: posts small blind $1
Velbor107: posts big blind $3
*** HOLE CARDS ***
miss kitty50: folds
Uncalled bet ($2) returned to Velbor107
Velbor107 collected $2 from pot
*** SUMMARY ***
Total pot $2 | Rake $0
Seat 1: miss kitty50 (button) (small blind) folded before Flop
Seat 4: Velbor107 (big blind) collected ($2)


PokerStars Hand #155086019262:  Hold'em Limit ($3/$6 USD) - 2016/06/23 0:18:27 ET
Table 'Bellerophon' 6-max Seat #1 is the button
Seat 1: miss kitty50 ($207.94 in chips)
Seat 4: Velbor107 ($238.07 in chips)
miss kitty50: posts small blind $1
Velbor107: posts big blind $3
*** HOLE CARDS ***
miss kitty50: folds
Uncalled bet ($2) returned to Velbor107
Velbor107 collected $2 from pot
*** SUMMARY ***
Total pot $2 | Rake $0
Seat 1: miss kitty50 (button) (small blind) folded before Flop
Seat 4: Velbor107 (big blind) collected ($2)


PokerStars Hand #155086013381:  Hold'em Limit ($3/$6 USD) - 2016/06/23 0:18:02 ET
Table 'Bellerophon' 6-max Seat #4 is the button
Seat 1: miss kitty50 ($213.94 in chips)
Seat 4: Velbor107 ($232.31 in chips)
Velbor107: posts small blind $1
miss kitty50: posts big blind $3
*** HOLE CARDS ***
Velbor107: raises $3 to $6
miss kitty50: calls $3
*** FLOP *** [Qd 6s 7c]
miss kitty50: checks
Velbor107: bets $3
miss kitty50: folds
Uncalled bet ($3) returned to Velbor107
Velbor107 collected $11.76 from pot
*** SUMMARY ***
Total pot $12 | Rake $0.24
Board [Qd 6s 7c]
Seat 1: miss kitty50 (big blind) folded on the Flop
Seat 4: Velbor107 (button) (small blind) collected ($11.76)


PokerStars Hand #155086026099:  Hold'em Limit ($3/$6 USD) - 2016/06/23 0:18:56 ET
Table 'Bellerophon' 6-max Seat #1 is the button
Seat 1: miss kitty50 ($197.94 in chips)
Seat 4: Velbor107 ($247.71 in chips)
miss kitty50: posts small blind $1
Velbor107: posts big blind $3
*** HOLE CARDS ***
miss kitty50: folds
Uncalled bet ($2) returned to Velbor107
Velbor107 collected $2 from pot
*** SUMMARY ***
Total pot $2 | Rake $0
Seat 1: miss kitty50 (button) (small blind) folded before Flop
Seat 4: Velbor107 (big blind) collected ($2)


PokerStars Hand #155086020780:  Hold'em Limit ($3/$6 USD) - 2016/06/23 0:18:34 ET
Table 'Bellerophon' 6-max Seat #4 is the button
Seat 1: miss kitty50 ($206.94 in chips)
Seat 4: Velbor107 ($239.07 in chips)
Velbor107: posts small blind $1
miss kitty50: posts big blind $3
*** HOLE CARDS ***
Velbor107: raises $3 to $6
miss kitty50: calls $3
*** FLOP *** [6d 9d 5d]
miss kitty50: checks
Velbor107: bets $3
miss kitty50: calls $3
*** TURN *** [6d 9d 5d] [4d]
miss kitty50: checks
Velbor107: bets $6
miss kitty50: folds
Uncalled bet ($6) returned to Velbor107
Velbor107 collected $17.64 from pot
*** SUMMARY ***
Total pot $18 | Rake $0.36
Board [6d 9d 5d 4d]
Seat 1: miss kitty50 (big blind) folded on the Turn
Seat 4: Velbor107 (button) (small blind) collected ($17.64)


PokerStars Hand #155086027425:  Hold'em Limit ($3/$6 USD) - 2016/06/23 0:19:02 ET
Table 'Bellerophon' 6-max Seat #4 is the button
Seat 1: miss kitty50 ($196.94 in chips)
Seat 4: Velbor107 ($248.71 in chips)
Velbor107: posts small blind $1
miss kitty50: posts big blind $3
*** HOLE CARDS ***
Velbor107: raises $3 to $6
miss kitty50: calls $3
*** FLOP *** [7s 4s 6c]
miss kitty50: checks
Velbor107: bets $3
miss kitty50: calls $3
*** TURN *** [7s 4s 6c] [3d]
miss kitty50: checks
Velbor107: bets $6
miss kitty50: raises $6 to $12
Velbor107: folds
Uncalled bet ($6) returned to miss kitty50
miss kitty50 collected $29.50 from pot
miss kitty50: doesn't show hand
*** SUMMARY ***
Total pot $30 | Rake $0.50
Board [7s 4s 6c 3d]
Seat 1: miss kitty50 (big blind) collected ($29.50)
Seat 4: Velbor107 (button) (small blind) folded on the Turn


PokerStars Hand #155086052507:  Hold'em Limit ($3/$6 USD) - 2016/06/23 0:20:11 ET
Table 'Bellerophon' 6-max Seat #4 is the button
Seat 1: miss kitty50 ($205.44 in chips)
Seat 4: Velbor107 ($239.47 in chips)
Velbor107: posts small blind $1
miss kitty50: posts big blind $3
*** HOLE CARDS ***
Velbor107: raises $3 to $6
miss kitty50: calls $3
*** FLOP *** [Jc 2c Kh]
miss kitty50: checks
Velbor107: bets $3
miss kitty50: folds
Uncalled bet ($3) returned to Velbor107
Velbor107 collected $11.76 from pot
*** SUMMARY ***
Total pot $12 | Rake $0.24
Board [Jc 2c Kh]
Seat 1: miss kitty50 (big blind) folded on the Flop
Seat 4: Velbor107 (button) (small blind) collected ($11.76)


PokerStars Hand #155086057127:  Hold'em Limit ($3/$6 USD) - 2016/06/23 0:20:30 ET
Table 'Bellerophon' 6-max Seat #4 is the button
Seat 1: miss kitty50 ($198.44 in chips)
Seat 4: Velbor107 ($246.23 in chips)
Velbor107: posts small blind $1
miss kitty50: posts big blind $3
*** HOLE CARDS ***
Velbor107: raises $3 to $6
miss kitty50: raises $3 to $9
Velbor107: calls $3
*** FLOP *** [Ks 3d 9c]
miss kitty50: bets $3
Velbor107: folds
Uncalled bet ($3) returned to miss kitty50
miss kitty50 collected $17.64 from pot
miss kitty50: doesn't show hand
*** SUMMARY ***
Total pot $18 | Rake $0.36
Board [Ks 3d 9c]
Seat 1: miss kitty50 (big blind) collected ($17.64)
Seat 4: Velbor107 (button) (small blind) folded on the Flop


PokerStars Hand #155086041976:  Hold'em Limit ($3/$6 USD) - 2016/06/23 0:19:26 ET
Table 'Bellerophon' 6-max Seat #1 is the button
Seat 1: miss kitty50 ($211.44 in chips)
Seat 4: Velbor107 ($233.71 in chips)
miss kitty50: posts small blind $1
Velbor107: posts big blind $3
*** HOLE CARDS ***
miss kitty50: raises $3 to $6
Velbor107: calls $3
*** FLOP *** [Td 4c Ts]
Velbor107: checks
miss kitty50: checks
*** TURN *** [Td 4c Ts] [6h]
Velbor107: bets $6
miss kitty50: folds
Uncalled bet ($6) returned to Velbor107
Velbor107 collected $11.76 from pot
*** SUMMARY ***
Total pot $12 | Rake $0.24
Board [Td 4c Ts 6h]
Seat 1: miss kitty50 (button) (small blind) folded on the Turn
Seat 4: Velbor107 (big blind) collected ($11.76)


PokerStars Hand #155086055944:  Hold'em Limit ($3/$6 USD) - 2016/06/23 0:20:25 ET
Table 'Bellerophon' 6-max Seat #1 is the button
Seat 1: miss kitty50 ($199.44 in chips)
Seat 4: Velbor107 ($245.23 in chips)
miss kitty50: posts small blind $1
Velbor107: posts big blind $3
*** HOLE CARDS ***
miss kitty50: folds
Uncalled bet ($2) returned to Velbor107
Velbor107 collected $2 from pot
*** SUMMARY ***
Total pot $2 | Rake $0
Seat 1: miss kitty50 (button) (small blind) folded before Flop
Seat 4: Velbor107 (big blind) collected ($2)


PokerStars Hand #155086061109:  Hold'em Limit ($3/$6 USD) - 2016/06/23 0:20:48 ET
Table 'Bellerophon' 6-max Seat #1 is the button
Seat 1: miss kitty50 ($207.08 in chips)
Seat 4: Velbor107 ($237.23 in chips)
miss kitty50: posts small blind $1
Velbor107: posts big blind $3
*** HOLE CARDS ***
miss kitty50: raises $3 to $6
Velbor107: calls $3
*** FLOP *** [2h 8d Qh]
Velbor107: bets $3
miss kitty50: calls $3
*** TURN *** [2h 8d Qh] [Tc]
Velbor107: bets $6
miss kitty50: calls $6
*** RIVER *** [2h 8d Qh Tc] [Kc]
Velbor107: checks
miss kitty50: bets $6
Velbor107: folds
Uncalled bet ($6) returned to miss kitty50
miss kitty50 collected $29.50 from pot
miss kitty50: doesn't show hand
*** SUMMARY ***
Total pot $30 | Rake $0.50
Board [2h 8d Qh Tc Kc]
Seat 1: miss kitty50 (button) (small blind) collected ($29.50)
Seat 4: Velbor107 (big blind) folded on the River


PokerStars Hand #155086068360:  Hold'em Limit ($3/$6 USD) - 2016/06/23 0:21:19 ET
Table 'Bellerophon' 6-max Seat #4 is the button
Seat 1: miss kitty50 ($221.58 in chips)
Seat 4: Velbor107 ($222.23 in chips)
Velbor107: posts small blind $1
miss kitty50: posts big blind $3
*** HOLE CARDS ***
Velbor107: raises $3 to $6
miss kitty50: calls $3
*** FLOP *** [Kc 2s Jd]
miss kitty50: bets $3
Velbor107: calls $3
*** TURN *** [Kc 2s Jd] [As]
miss kitty50: checks
Velbor107: checks
*** RIVER *** [Kc 2s Jd As] [9s]
miss kitty50: checks
Velbor107: checks
*** SHOW DOWN ***
miss kitty50: shows [Kh Qh] (a pair of Kings)
Velbor107: mucks hand
miss kitty50 collected $17.64 from pot
*** SUMMARY ***
Total pot $18 | Rake $0.36
Board [Kc 2s Jd As 9s]
Seat 1: miss kitty50 (big blind) showed [Kh Qh] and won ($17.64) with a pair of Kings
Seat 4: Velbor107 (button) (small blind) mucked


PokerStars Hand #155086078455:  Hold'em Limit ($3/$6 USD) - 2016/06/23 0:22:03 ET
Table 'Bellerophon' 6-max Seat #4 is the button
Seat 1: miss kitty50 ($221.22 in chips)
Seat 4: Velbor107 ($221.87 in chips)
Velbor107: posts small blind $1
miss kitty50: posts big blind $3
*** HOLE CARDS ***
Velbor107: raises $3 to $6
miss kitty50: calls $3
*** FLOP *** [Th 8c 9c]
miss kitty50: checks
Velbor107: bets $3
miss kitty50: calls $3
*** TURN *** [Th 8c 9c] [Ad]
miss kitty50: checks
Velbor107: bets $6
miss kitty50: calls $6
*** RIVER *** [Th 8c 9c Ad] [3c]
miss kitty50: checks
Velbor107: checks
*** SHOW DOWN ***
miss kitty50: shows [Qc 6c] (a flush, Queen high)
Velbor107: mucks hand
miss kitty50 collected $29.50 from pot
*** SUMMARY ***
Total pot $30 | Rake $0.50
Board [Th 8c 9c Ad 3c]
Seat 1: miss kitty50 (big blind) showed [Qc 6c] and won ($29.50) with a flush, Queen high
Seat 4: Velbor107 (button) (small blind) mucked


PokerStars Hand #155086083974:  Hold'em Limit ($3/$6 USD) - 2016/06/23 0:22:26 ET
Table 'Bellerophon' 6-max Seat #1 is the button
Seat 1: miss kitty50 ($235.72 in chips)
Seat 4: Velbor107 ($206.87 in chips)
miss kitty50: posts small blind $1
Velbor107: posts big blind $3
*** HOLE CARDS ***
miss kitty50: calls $2
Velbor107: checks
*** FLOP *** [Jd 7d 4h]
Velbor107: bets $3
miss kitty50: calls $3
*** TURN *** [Jd 7d 4h] [3h]
Velbor107: bets $6
miss kitty50: folds
Uncalled bet ($6) returned to Velbor107
Velbor107 collected $11.76 from pot
*** SUMMARY ***
Total pot $12 | Rake $0.24
Board [Jd 7d 4h 3h]
Seat 1: miss kitty50 (button) (small blind) folded on the Turn
Seat 4: Velbor107 (big blind) collected ($11.76)


PokerStars Hand #155086074920:  Hold'em Limit ($3/$6 USD) - 2016/06/23 0:21:48 ET
Table 'Bellerophon' 6-max Seat #1 is the button
Seat 1: miss kitty50 ($230.22 in chips)
Seat 4: Velbor107 ($213.23 in chips)
miss kitty50: posts small blind $1
Velbor107: posts big blind $3
*** HOLE CARDS ***
miss kitty50: raises $3 to $6
Velbor107: raises $3 to $9
miss kitty50: calls $3
*** FLOP *** [Kd Jd 6c]
Velbor107: bets $3
miss kitty50: folds
Uncalled bet ($3) returned to Velbor107
Velbor107 collected $17.64 from pot
*** SUMMARY ***
Total pot $18 | Rake $0.36
Board [Kd Jd 6c]
Seat 1: miss kitty50 (button) (small blind) folded on the Flop
Seat 4: Velbor107 (big blind) collected ($17.64)


PokerStars Hand #155086089359:  Hold'em Limit ($3/$6 USD) - 2016/06/23 0:22:50 ET
Table 'Bellerophon' 6-max Seat #4 is the button
Seat 1: miss kitty50 ($229.72 in chips)
Seat 4: Velbor107 ($212.63 in chips)
Velbor107: posts small blind $1
miss kitty50: posts big blind $3
*** HOLE CARDS ***
Velbor107: raises $3 to $6
miss kitty50: calls $3
*** FLOP *** [3c Ts Kh]
miss kitty50: checks
BrownieSpy joins the table at seat #2
Velbor107: bets $3
miss kitty50: folds
Uncalled bet ($3) returned to Velbor107
Velbor107 collected $11.76 from pot
*** SUMMARY ***
Total pot $12 | Rake $0.24
Board [3c Ts Kh]
Seat 1: miss kitty50 (big blind) folded on the Flop
Seat 4: Velbor107 (button) (small blind) collected ($11.76)


PokerStars Hand #155087185934:  Hold'em Limit ($3/$6 USD) - 2016/06/23 1:42:04 ET
Table 'Bellerophon' 6-max Seat #4 is the button
Seat 4: Velbor107 ($259.87 in chips)
Seat 6: AzureCaper ($381.14 in chips)
Velbor107: posts small blind $1
AzureCaper: posts big blind $3
*** HOLE CARDS ***
HAL9QQQ leaves the table
Velbor107: folds
Uncalled bet ($2) returned to AzureCaper
AzureCaper collected $2 from pot
AzureCaper: doesn't show hand
*** SUMMARY ***
Total pot $2 | Rake $0
Seat 4: Velbor107 (button) (small blind) folded before Flop
Seat 6: AzureCaper (big blind) collected ($2)


PokerStars Hand #155087184650:  Hold'em Limit ($3/$6 USD) - 2016/06/23 1:41:59 ET
Table 'Bellerophon' 6-max Seat #6 is the button
Seat 4: Velbor107 ($258.87 in chips)
Seat 6: AzureCaper ($382.14 in chips)
AzureCaper: posts small blind $1
HAL9QQQ: is sitting out
Velbor107: posts big blind $3
*** HOLE CARDS ***
AzureCaper: folds
Uncalled bet ($2) returned to Velbor107
Velbor107 collected $2 from pot
Turtle Jap leaves the table
*** SUMMARY ***
Total pot $2 | Rake $0
Seat 4: Velbor107 (big blind) collected ($2)
Seat 6: AzureCaper (button) (small blind) folded before Flop


