PokerStars Hand #160242812553:  Hold'em Limit ($3/$6 USD) - 2016/10/21 14:07:02 ET
Table 'Belopolskya' 6-max Seat #4 is the button
Seat 1: Vezunchik_61 ($38.64 in chips)
Seat 4: assitoni ($72 in chips)
vestimokrec joins the table at seat #2
assitoni: posts small blind $1
Vezunchik_61: posts big blind $3
*** HOLE CARDS ***
assitoni: folds
Uncalled bet ($2) returned to Vezunchik_61
Vezunchik_61 collected $2 from pot
Vezunchik_61: doesn't show hand
*** SUMMARY ***
Total pot $2 | Rake $0
Seat 1: Vezunchik_61 (big blind) collected ($2)
Seat 4: assitoni (button) (small blind) folded before Flop


PokerStars Hand #160242784690:  Hold'em Limit ($3/$6 USD) - 2016/10/21 14:06:26 ET
Table 'Belopolskya' 6-max Seat #1 is the button
Seat 1: Vezunchik_61 ($30 in chips)
Seat 4: assitoni ($72 in chips)
Vezunchik_61: posts small blind $1
assitoni: posts big blind $3
*** HOLE CARDS ***
Vezunchik_61: calls $2
assitoni: raises $3 to $6
Vezunchik_61: calls $3
*** FLOP *** [Tc Kd 9s]
assitoni: bets $3
Vezunchik_61: calls $3
*** TURN *** [Tc Kd 9s] [8h]
assitoni: checks
Vezunchik_61: bets $6
assitoni: folds
Uncalled bet ($6) returned to Vezunchik_61
Vezunchik_61 collected $17.64 from pot
Vezunchik_61: doesn't show hand
*** SUMMARY ***
Total pot $18 | Rake $0.36
Board [Tc Kd 9s 8h]
Seat 1: Vezunchik_61 (button) (small blind) collected ($17.64)
Seat 4: assitoni (big blind) folded on the Turn


PokerStars Hand #160242847950:  Hold'em Limit ($3/$6 USD) - 2016/10/21 14:07:48 ET
Table 'Belopolskya' 6-max Seat #4 is the button
Seat 1: Vezunchik_61 ($48.28 in chips)
Seat 4: assitoni ($72 in chips)
assitoni: posts small blind $1
Vezunchik_61: posts big blind $3
*** HOLE CARDS ***
assitoni: raises $3 to $6
Vezunchik_61: calls $3
*** FLOP *** [7c 9s 3d]
Vezunchik_61: bets $3
assitoni: calls $3
*** TURN *** [7c 9s 3d] [5s]
Vezunchik_61: bets $6
assitoni: raises $6 to $12
Vezunchik_61: calls $6
*** RIVER *** [7c 9s 3d 5s] [6d]
Vezunchik_61: bets $6
assitoni: raises $6 to $12
Vezunchik_61: calls $6
*** SHOW DOWN ***
assitoni: shows [9d 8s] (a straight, Five to Nine)
Vezunchik_61: mucks hand
assitoni collected $65.50 from pot
*** SUMMARY ***
Total pot $66 | Rake $0.50
Board [7c 9s 3d 5s 6d]
Seat 1: Vezunchik_61 (big blind) mucked
Seat 4: assitoni (button) (small blind) showed [9d 8s] and won ($65.50) with a straight, Five to Nine


PokerStars Hand #160242820271:  Hold'em Limit ($3/$6 USD) - 2016/10/21 14:07:12 ET
Table 'Belopolskya' 6-max Seat #1 is the button
Seat 1: Vezunchik_61 ($39.64 in chips)
Seat 4: assitoni ($72 in chips)
Vezunchik_61: posts small blind $1
assitoni: posts big blind $3
*** HOLE CARDS ***
Vezunchik_61: calls $2
sokol-max-PS joins the table at seat #3
assitoni: checks
*** FLOP *** [2s 3s Qd]
assitoni: bets $3
Vezunchik_61: raises $3 to $6
assitoni: calls $3
*** TURN *** [2s 3s Qd] [2c]
assitoni: checks
Vezunchik_61: bets $6
assitoni: folds
Uncalled bet ($6) returned to Vezunchik_61
Vezunchik_61 collected $17.64 from pot
Vezunchik_61: doesn't show hand
*** SUMMARY ***
Total pot $18 | Rake $0.36
Board [2s 3s Qd 2c]
Seat 1: Vezunchik_61 (button) (small blind) collected ($17.64)
Seat 4: assitoni (big blind) folded on the Turn


PokerStars Hand #160242877330:  Hold'em Limit ($3/$6 USD) - 2016/10/21 14:08:26 ET
Table 'Belopolskya' 6-max Seat #3 is the button
Seat 1: Vezunchik_61 ($14.28 in chips)
Seat 3: sokol-max-PS ($159.38 in chips)
sokol-max-PS: posts small blind $1
assitoni: is sitting out
Vezunchik_61: posts big blind $3
*** HOLE CARDS ***
7superpoker joins the table at seat #6
matte.com joins the table at seat #5
sokol-max-PS: calls $2
Vezunchik_61: checks
*** FLOP *** [3d 8c 7h]
Vezunchik_61: bets $3
sokol-max-PS: raises $3 to $6
Vezunchik_61: calls $3
*** TURN *** [3d 8c 7h] [6h]
assitoni leaves the table
Vezunchik_61: checks
sokol-max-PS: bets $6
Vezunchik_61: calls $5.28 and is all-in
Uncalled bet ($0.72) returned to sokol-max-PS
*** RIVER *** [3d 8c 7h 6h] [As]
*** SHOW DOWN ***
Vezunchik_61: shows [Js Ts] (high card Ace)
sokol-max-PS: shows [Tc 8s] (a pair of Eights)
sokol-max-PS collected $28.06 from pot
*** SUMMARY ***
Total pot $28.56 | Rake $0.50
Board [3d 8c 7h 6h As]
Seat 1: Vezunchik_61 (big blind) showed [Js Ts] and lost with high card Ace
Seat 3: sokol-max-PS (button) (small blind) showed [Tc 8s] and won ($28.06) with a pair of Eights


