PokerStars Hand #145508254106:  Hold'em Limit ($3/$6 USD) - 2015/12/17 19:04:11 ET
Table 'Beltrovata' 6-max Seat #4 is the button
Seat 3: TineJ2650 ($112.22 in chips)
Seat 4: AzureCaper ($72 in chips)
AzureCaper: posts small blind $1
TineJ2650: posts big blind $3
*** HOLE CARDS ***
AzureCaper: raises $3 to $6
TineJ2650: calls $3
*** FLOP *** [8s 5s 4d]
TineJ2650: checks
AzureCaper: bets $3
TineJ2650: calls $3
*** TURN *** [8s 5s 4d] [2c]
TineJ2650: checks
AzureCaper: checks
*** RIVER *** [8s 5s 4d 2c] [8c]
TineJ2650: bets $6
AzureCaper: folds
Uncalled bet ($6) returned to TineJ2650
TineJ2650 collected $17.64 from pot
*** SUMMARY ***
Total pot $18 | Rake $0.36
Board [8s 5s 4d 2c 8c]
Seat 3: TineJ2650 (big blind) collected ($17.64)
Seat 4: AzureCaper (button) (small blind) folded on the River


PokerStars Hand #145508306868:  Hold'em Limit ($3/$6 USD) - 2015/12/17 19:05:28 ET
Table 'Beltrovata' 6-max Seat #3 is the button
Seat 3: TineJ2650 ($99.86 in chips)
Seat 4: AzureCaper ($92.26 in chips)
TineJ2650: posts small blind $1
AzureCaper: posts big blind $3
*** HOLE CARDS ***
TineJ2650: folds
Uncalled bet ($2) returned to AzureCaper
AzureCaper collected $2 from pot
AzureCaper: doesn't show hand
*** SUMMARY ***
Total pot $2 | Rake $0
Seat 3: TineJ2650 (button) (small blind) folded before Flop
Seat 4: AzureCaper (big blind) collected ($2)


PokerStars Hand #145508304074:  Hold'em Limit ($3/$6 USD) - 2015/12/17 19:05:24 ET
Table 'Beltrovata' 6-max Seat #4 is the button
Seat 3: TineJ2650 ($98.86 in chips)
Seat 4: AzureCaper ($93.26 in chips)
AzureCaper: posts small blind $1
TineJ2650: posts big blind $3
*** HOLE CARDS ***
AzureCaper: folds
Uncalled bet ($2) returned to TineJ2650
TineJ2650 collected $2 from pot
*** SUMMARY ***
Total pot $2 | Rake $0
Seat 3: TineJ2650 (big blind) collected ($2)
Seat 4: AzureCaper (button) (small blind) folded before Flop


PokerStars Hand #145508297350:  Hold'em Limit ($3/$6 USD) - 2015/12/17 19:05:14 ET
Table 'Beltrovata' 6-max Seat #3 is the button
Seat 3: TineJ2650 ($99.86 in chips)
Seat 4: AzureCaper ($92.26 in chips)
TineJ2650: posts small blind $1
AzureCaper: posts big blind $3
*** HOLE CARDS ***
TineJ2650: folds
Uncalled bet ($2) returned to AzureCaper
AzureCaper collected $2 from pot
AzureCaper: doesn't show hand
*** SUMMARY ***
Total pot $2 | Rake $0
Seat 3: TineJ2650 (button) (small blind) folded before Flop
Seat 4: AzureCaper (big blind) collected ($2)


PokerStars Hand #145508290564:  Hold'em Limit ($3/$6 USD) - 2015/12/17 19:05:04 ET
Table 'Beltrovata' 6-max Seat #4 is the button
Seat 3: TineJ2650 ($105.86 in chips)
Seat 4: AzureCaper ($86.50 in chips)
AzureCaper: posts small blind $1
TineJ2650: posts big blind $3
*** HOLE CARDS ***
AzureCaper: raises $3 to $6
TineJ2650: calls $3
*** FLOP *** [Jc 6s Td]
TineJ2650: checks
AzureCaper: bets $3
TineJ2650: folds
Uncalled bet ($3) returned to AzureCaper
AzureCaper collected $11.76 from pot
AzureCaper: doesn't show hand
*** SUMMARY ***
Total pot $12 | Rake $0.24
Board [Jc 6s Td]
Seat 3: TineJ2650 (big blind) folded on the Flop
Seat 4: AzureCaper (button) (small blind) collected ($11.76)


PokerStars Hand #145508268583:  Hold'em Limit ($3/$6 USD) - 2015/12/17 19:04:32 ET
Table 'Beltrovata' 6-max Seat #3 is the button
Seat 3: TineJ2650 ($120.86 in chips)
Seat 4: AzureCaper ($72 in chips)
TineJ2650: posts small blind $1
AzureCaper: posts big blind $3
*** HOLE CARDS ***
TineJ2650: calls $2
AzureCaper: checks
*** FLOP *** [Jd Qh 8s]
AzureCaper: checks
TineJ2650: bets $3
AzureCaper: raises $3 to $6
TineJ2650: calls $3
*** TURN *** [Jd Qh 8s] [Js]
AzureCaper: bets $6
TineJ2650: calls $6
*** RIVER *** [Jd Qh 8s Js] [Kd]
AzureCaper: checks
TineJ2650: checks
*** SHOW DOWN ***
AzureCaper: shows [Qc 5s] (two pair, Queens and Jacks)
TineJ2650: mucks hand
AzureCaper collected $29.50 from pot
*** SUMMARY ***
Total pot $30 | Rake $0.50
Board [Jd Qh 8s Js Kd]
Seat 3: TineJ2650 (button) (small blind) mucked
Seat 4: AzureCaper (big blind) showed [Qc 5s] and won ($29.50) with two pair, Queens and Jacks


PokerStars Hand #145508339403:  Hold'em Limit ($3/$6 USD) - 2015/12/17 19:06:15 ET
Table 'Beltrovata' 6-max Seat #3 is the button
Seat 3: TineJ2650 ($115.14 in chips)
Seat 4: AzureCaper ($76.26 in chips)
TineJ2650: posts small blind $1
AzureCaper: posts big blind $3
*** HOLE CARDS ***
TineJ2650: folds
Uncalled bet ($2) returned to AzureCaper
Silentium111 joins the table at seat #5
AzureCaper collected $2 from pot
AzureCaper: doesn't show hand
*** SUMMARY ***
Total pot $2 | Rake $0
Seat 3: TineJ2650 (button) (small blind) folded before Flop
Seat 4: AzureCaper (big blind) collected ($2)


PokerStars Hand #145508327381:  Hold'em Limit ($3/$6 USD) - 2015/12/17 19:05:58 ET
Table 'Beltrovata' 6-max Seat #4 is the button
Seat 3: TineJ2650 ($106.50 in chips)
Seat 4: AzureCaper ($85.26 in chips)
AzureCaper: posts small blind $1
TineJ2650: posts big blind $3
*** HOLE CARDS ***
AzureCaper: raises $3 to $6
TineJ2650: calls $3
*** FLOP *** [9h 8h Qc]
TineJ2650: checks
AzureCaper: bets $3
TineJ2650: calls $3
*** TURN *** [9h 8h Qc] [Jh]
TineJ2650: checks
AzureCaper: checks
*** RIVER *** [9h 8h Qc Jh] [Qs]
TineJ2650: checks
AzureCaper: checks
*** SHOW DOWN ***
TineJ2650: shows [8s 9c] (two pair, Queens and Nines)
AzureCaper: mucks hand
TineJ2650 collected $17.64 from pot
*** SUMMARY ***
Total pot $18 | Rake $0.36
Board [9h 8h Qc Jh Qs]
Seat 3: TineJ2650 (big blind) showed [8s 9c] and won ($17.64) with two pair, Queens and Nines
Seat 4: AzureCaper (button) (small blind) mucked


PokerStars Hand #145508324154:  Hold'em Limit ($3/$6 USD) - 2015/12/17 19:05:53 ET
Table 'Beltrovata' 6-max Seat #3 is the button
Seat 3: TineJ2650 ($107.50 in chips)
Seat 4: AzureCaper ($84.26 in chips)
TineJ2650: posts small blind $1
AzureCaper: posts big blind $3
*** HOLE CARDS ***
TineJ2650: folds
Uncalled bet ($2) returned to AzureCaper
AzureCaper collected $2 from pot
AzureCaper: doesn't show hand
*** SUMMARY ***
Total pot $2 | Rake $0
Seat 3: TineJ2650 (button) (small blind) folded before Flop
Seat 4: AzureCaper (big blind) collected ($2)


PokerStars Hand #145508310261:  Hold'em Limit ($3/$6 USD) - 2015/12/17 19:05:33 ET
Table 'Beltrovata' 6-max Seat #4 is the button
Seat 3: TineJ2650 ($98.86 in chips)
Seat 4: AzureCaper ($93.26 in chips)
AzureCaper: posts small blind $1
TineJ2650: posts big blind $3
*** HOLE CARDS ***
AzureCaper: raises $3 to $6
TineJ2650: calls $3
*** FLOP *** [3s Ad Jd]
TineJ2650: checks
AzureCaper: bets $3
TineJ2650: calls $3
*** TURN *** [3s Ad Jd] [6c]
TineJ2650: checks
AzureCaper: checks
*** RIVER *** [3s Ad Jd 6c] [3d]
TineJ2650: checks
AzureCaper: checks
*** SHOW DOWN ***
TineJ2650: shows [Td Ks] (a pair of Threes)
AzureCaper: mucks hand
TineJ2650 collected $17.64 from pot
*** SUMMARY ***
Total pot $18 | Rake $0.36
Board [3s Ad Jd 6c 3d]
Seat 3: TineJ2650 (big blind) showed [Td Ks] and won ($17.64) with a pair of Threes
Seat 4: AzureCaper (button) (small blind) mucked


