PokerStars Hand #154511685478:  Hold'em Limit ($3/$6 USD) - 2016/06/09 14:18:05 ET
Table 'Beltrovata' 6-max Seat #6 is the button
Seat 5: tje777 ($160.01 in chips)
Seat 6: Tryptamean ($105.90 in chips)
Tryptamean: posts small blind $1
LolDnkaments: is sitting out
tje777: posts big blind $3
*** HOLE CARDS ***
Tryptamean: raises $3 to $6
LolDnkaments leaves the table
tje777: calls $3
*** FLOP *** [2c 7c 3s]
tje777: checks
Tryptamean: bets $3
tje777: calls $3
*** TURN *** [2c 7c 3s] [8c]
tje777: checks
Tryptamean: bets $6
tje777: calls $6
*** RIVER *** [2c 7c 3s 8c] [4s]
tje777: checks
Tryptamean: bets $6
tje777: calls $6
*** SHOW DOWN ***
Tryptamean: shows [5s 4h] (a pair of Fours)
tje777: mucks hand
Tryptamean collected $41.50 from pot
*** SUMMARY ***
Total pot $42 | Rake $0.50
Board [2c 7c 3s 8c 4s]
Seat 5: tje777 (big blind) mucked
Seat 6: Tryptamean (button) (small blind) showed [5s 4h] and won ($41.50) with a pair of Fours


PokerStars Hand #154511704384:  Hold'em Limit ($3/$6 USD) - 2016/06/09 14:18:28 ET
Table 'Beltrovata' 6-max Seat #5 is the button
Seat 5: tje777 ($139.01 in chips)
Seat 6: Tryptamean ($126.40 in chips)
tje777: posts small blind $1
Tryptamean: posts big blind $3
*** HOLE CARDS ***
tje777: folds
Uncalled bet ($2) returned to Tryptamean
Tryptamean collected $2 from pot
Tryptamean: doesn't show hand
*** SUMMARY ***
Total pot $2 | Rake $0
Seat 5: tje777 (button) (small blind) folded before Flop
Seat 6: Tryptamean (big blind) collected ($2)


PokerStars Hand #154511708172:  Hold'em Limit ($3/$6 USD) - 2016/06/09 14:18:33 ET
Table 'Beltrovata' 6-max Seat #6 is the button
Seat 5: tje777 ($138.01 in chips)
Seat 6: Tryptamean ($127.40 in chips)
Tryptamean: posts small blind $1
tje777: posts big blind $3
*** HOLE CARDS ***
Tryptamean: raises $3 to $6
tje777: calls $3
*** FLOP *** [As 7c 5c]
tje777: checks
Tryptamean: bets $3
tje777: calls $3
*** TURN *** [As 7c 5c] [2d]
tje777: checks
Tryptamean: bets $6
tje777: calls $6
*** RIVER *** [As 7c 5c 2d] [4h]
tje777: checks
Tryptamean: bets $6
tje777: calls $6
*** SHOW DOWN ***
Tryptamean: shows [4s 3h] (a straight, Ace to Five)
tje777: mucks hand
Tryptamean collected $41.50 from pot
*** SUMMARY ***
Total pot $42 | Rake $0.50
Board [As 7c 5c 2d 4h]
Seat 5: tje777 (big blind) mucked
Seat 6: Tryptamean (button) (small blind) showed [4s 3h] and won ($41.50) with a straight, Ace to Five


PokerStars Hand #154511731237:  Hold'em Limit ($3/$6 USD) - 2016/06/09 14:19:02 ET
Table 'Beltrovata' 6-max Seat #5 is the button
Seat 5: tje777 ($117.01 in chips)
Seat 6: Tryptamean ($147.90 in chips)
tje777: posts small blind $1
Tryptamean: posts big blind $3
*** HOLE CARDS ***
tje777: raises $3 to $6
Tryptamean: raises $3 to $9
tje777: calls $3
*** FLOP *** [2s 2d 5d]
Tryptamean: bets $3
tje777: calls $3
*** TURN *** [2s 2d 5d] [Tc]
Tryptamean: bets $6
tje777: raises $6 to $12
Tryptamean: calls $6
*** RIVER *** [2s 2d 5d Tc] [5h]
Tryptamean: checks
tje777: bets $6
Tryptamean: calls $6
*** SHOW DOWN ***
tje777: shows [Kd 5s] (a full house, Fives full of Deuces)
Tryptamean: mucks hand
tje777 collected $59.50 from pot
*** SUMMARY ***
Total pot $60 | Rake $0.50
Board [2s 2d 5d Tc 5h]
Seat 5: tje777 (button) (small blind) showed [Kd 5s] and won ($59.50) with a full house, Fives full of Deuces
Seat 6: Tryptamean (big blind) mucked


PokerStars Hand #154511760949:  Hold'em Limit ($3/$6 USD) - 2016/06/09 14:19:39 ET
Table 'Beltrovata' 6-max Seat #6 is the button
Seat 5: tje777 ($146.51 in chips)
Seat 6: Tryptamean ($117.90 in chips)
Tryptamean: posts small blind $1
tje777: posts big blind $3
*** HOLE CARDS ***
Tryptamean: raises $3 to $6
tje777: raises $3 to $9
Tryptamean: calls $3
*** FLOP *** [5c 2s 9c]
tje777: bets $3
Tryptamean: calls $3
*** TURN *** [5c 2s 9c] [Tc]
tje777: bets $6
Tryptamean: raises $6 to $12
tje777: calls $6
*** RIVER *** [5c 2s 9c Tc] [9d]
tje777: checks
Tryptamean: bets $6
tje777: calls $6
*** SHOW DOWN ***
Tryptamean: shows [6c Td] (two pair, Tens and Nines)
tje777: mucks hand
Tryptamean collected $59.50 from pot
*** SUMMARY ***
Total pot $60 | Rake $0.50
Board [5c 2s 9c Tc 9d]
Seat 5: tje777 (big blind) mucked
Seat 6: Tryptamean (button) (small blind) showed [6c Td] and won ($59.50) with two pair, Tens and Nines


