PokerStars Hand #152537632317:  Hold'em Limit ($3/$6 USD) - 2016/04/27 17:12:48 ET
Table 'Benda' 6-max Seat #2 is the button
Seat 1: boogi ($71.48 in chips)
Seat 2: Bastable86 ($30.95 in chips)
Bastable86: posts small blind $1
bugsbubble: is sitting out
boogi: posts big blind $3
*** HOLE CARDS ***
Bastable86: folds
Uncalled bet ($2) returned to boogi
boogi collected $2 from pot
boogi: doesn't show hand
*** SUMMARY ***
Total pot $2 | Rake $0
Seat 1: boogi (big blind) collected ($2)
Seat 2: Bastable86 (button) (small blind) folded before Flop


PokerStars Hand #152537652305:  Hold'em Limit ($3/$6 USD) - 2016/04/27 17:13:12 ET
Table 'Benda' 6-max Seat #1 is the button
Seat 1: boogi ($75.24 in chips)
Seat 2: Bastable86 ($26.95 in chips)
boogi: posts small blind $1
Bastable86: posts big blind $3
*** HOLE CARDS ***
boogi: raises $3 to $6
Bastable86: calls $3
*** FLOP *** [Td Th 5c]
Bastable86: checks
boogi: bets $3
Bastable86: raises $3 to $6
boogi: raises $3 to $9
Bastable86: calls $3
*** TURN *** [Td Th 5c] [9c]
Bastable86: checks
boogi: checks
*** RIVER *** [Td Th 5c 9c] [3c]
Bastable86: bets $6
boogi: calls $6
*** SHOW DOWN ***
Bastable86: shows [Jd 3s] (two pair, Tens and Threes)
boogi: mucks hand
Bastable86 collected $41.50 from pot
*** SUMMARY ***
Total pot $42 | Rake $0.50
Board [Td Th 5c 9c 3c]
Seat 1: boogi (button) (small blind) mucked
Seat 2: Bastable86 (big blind) showed [Jd 3s] and won ($41.50) with two pair, Tens and Threes


PokerStars Hand #152537646490:  Hold'em Limit ($3/$6 USD) - 2016/04/27 17:13:05 ET
Table 'Benda' 6-max Seat #2 is the button
Seat 1: boogi ($78.24 in chips)
Seat 2: Bastable86 ($23.95 in chips)
Bastable86: posts small blind $1
boogi: posts big blind $3
*** HOLE CARDS ***
Bastable86: raises $3 to $6
boogi: folds
Uncalled bet ($3) returned to Bastable86
Bastable86 collected $6 from pot
Bastable86: doesn't show hand
*** SUMMARY ***
Total pot $6 | Rake $0
Seat 1: boogi (big blind) folded before Flop
Seat 2: Bastable86 (button) (small blind) collected ($6)


PokerStars Hand #152537637001:  Hold'em Limit ($3/$6 USD) - 2016/04/27 17:12:54 ET
Table 'Benda' 6-max Seat #1 is the button
Seat 1: boogi ($72.48 in chips)
Seat 2: Bastable86 ($29.95 in chips)
boogi: posts small blind $1
Bastable86: posts big blind $3
*** HOLE CARDS ***
bugsbubble leaves the table
boogi: raises $3 to $6
Bastable86: calls $3
*** FLOP *** [Ad 6h 6c]
Bastable86: checks
boogi: bets $3
Bastable86: folds
Uncalled bet ($3) returned to boogi
boogi collected $11.76 from pot
boogi: doesn't show hand
*** SUMMARY ***
Total pot $12 | Rake $0.24
Board [Ad 6h 6c]
Seat 1: boogi (button) (small blind) collected ($11.76)
Seat 2: Bastable86 (big blind) folded on the Flop


PokerStars Hand #152537668849:  Hold'em Limit ($3/$6 USD) - 2016/04/27 17:13:31 ET
Table 'Benda' 6-max Seat #2 is the button
Seat 1: boogi ($54.24 in chips)
Seat 2: Bastable86 ($47.45 in chips)
Bastable86: posts small blind $1
boogi: posts big blind $3
*** HOLE CARDS ***
Bastable86: raises $3 to $6
boogi: raises $3 to $9
Bastable86: calls $3
*** FLOP *** [Ah Th 9c]
boogi: bets $3
Bastable86: calls $3
*** TURN *** [Ah Th 9c] [5c]
boogi: bets $6
Bastable86: calls $6
*** RIVER *** [Ah Th 9c 5c] [Ac]
boogi: bets $6
Bastable86: calls $6
*** SHOW DOWN ***
boogi: shows [Kh Ad] (three of a kind, Aces)
Bastable86: mucks hand
boogi collected $47.50 from pot
*** SUMMARY ***
Total pot $48 | Rake $0.50
Board [Ah Th 9c 5c Ac]
Seat 1: boogi (big blind) showed [Kh Ad] and won ($47.50) with three of a kind, Aces
Seat 2: Bastable86 (button) (small blind) mucked


PokerStars Hand #152537680691:  Hold'em Limit ($3/$6 USD) - 2016/04/27 17:13:44 ET
Table 'Benda' 6-max Seat #1 is the button
Seat 1: boogi ($77.74 in chips)
Seat 2: Bastable86 ($23.45 in chips)
boogi: posts small blind $1
Bastable86: posts big blind $3
*** HOLE CARDS ***
boogi: raises $3 to $6
Bastable86: calls $3
*** FLOP *** [6h 9c 7s]
Bastable86: checks
boogi: bets $3
Bastable86: folds
Uncalled bet ($3) returned to boogi
boogi collected $11.76 from pot
boogi: doesn't show hand
*** SUMMARY ***
Total pot $12 | Rake $0.24
Board [6h 9c 7s]
Seat 1: boogi (button) (small blind) collected ($11.76)
Seat 2: Bastable86 (big blind) folded on the Flop


PokerStars Hand #152537712298:  Hold'em Limit ($3/$6 USD) - 2016/04/27 17:14:21 ET
Table 'Benda' 6-max Seat #2 is the button
Seat 1: boogi ($59.50 in chips)
Seat 2: Bastable86 ($40.59 in chips)
Bastable86: posts small blind $1
boogi: posts big blind $3
*** HOLE CARDS ***
Bastable86: folds
Uncalled bet ($2) returned to boogi
boogi collected $2 from pot
boogi: doesn't show hand
*** SUMMARY ***
Total pot $2 | Rake $0
Seat 1: boogi (big blind) collected ($2)
Seat 2: Bastable86 (button) (small blind) folded before Flop


PokerStars Hand #152537700443:  Hold'em Limit ($3/$6 USD) - 2016/04/27 17:14:07 ET
Table 'Benda' 6-max Seat #1 is the button
Seat 1: boogi ($74.50 in chips)
Seat 2: Bastable86 ($26.09 in chips)
boogi: posts small blind $1
Bastable86: posts big blind $3
*** HOLE CARDS ***
boogi: raises $3 to $6
Bastable86: calls $3
*** FLOP *** [2s 2d 7s]
Bastable86: checks
boogi: bets $3
Bastable86: calls $3
*** TURN *** [2s 2d 7s] [3c]
Bastable86: checks
boogi: bets $6
Bastable86: raises $6 to $12
boogi: folds
Uncalled bet ($6) returned to Bastable86
Bastable86 collected $29.50 from pot
Bastable86: doesn't show hand
*** SUMMARY ***
Total pot $30 | Rake $0.50
Board [2s 2d 7s 3c]
Seat 1: boogi (button) (small blind) folded on the Turn
Seat 2: Bastable86 (big blind) collected ($29.50)


PokerStars Hand #152537688752:  Hold'em Limit ($3/$6 USD) - 2016/04/27 17:13:54 ET
Table 'Benda' 6-max Seat #2 is the button
Seat 1: boogi ($83.50 in chips)
Seat 2: Bastable86 ($17.45 in chips)
Bastable86: posts small blind $1
boogi: posts big blind $3
*** HOLE CARDS ***
Bastable86: raises $3 to $6
boogi: calls $3
*** FLOP *** [As Kd 8c]
boogi: checks
Bastable86: bets $3
boogi: calls $3
*** TURN *** [As Kd 8c] [3s]
boogi: checks
Bastable86: bets $6
boogi: folds
Uncalled bet ($6) returned to Bastable86
Bastable86 collected $17.64 from pot
Bastable86: doesn't show hand
*** SUMMARY ***
Total pot $18 | Rake $0.36
Board [As Kd 8c 3s]
Seat 1: boogi (big blind) folded on the Turn
Seat 2: Bastable86 (button) (small blind) collected ($17.64)


PokerStars Hand #152537733066:  Hold'em Limit ($3/$6 USD) - 2016/04/27 17:14:46 ET
Table 'Benda' 6-max Seat #2 is the button
Seat 1: boogi ($33.50 in chips)
Seat 2: Bastable86 ($66.09 in chips)
Bastable86: posts small blind $1
boogi: posts big blind $3
*** HOLE CARDS ***
Bastable86: folds
Uncalled bet ($2) returned to boogi
boogi collected $2 from pot
boogi: doesn't show hand
*** SUMMARY ***
Total pot $2 | Rake $0
Seat 1: boogi (big blind) collected ($2)
Seat 2: Bastable86 (button) (small blind) folded before Flop


PokerStars Hand #152537716722:  Hold'em Limit ($3/$6 USD) - 2016/04/27 17:14:26 ET
Table 'Benda' 6-max Seat #1 is the button
Seat 1: boogi ($60.50 in chips)
Seat 2: Bastable86 ($39.59 in chips)
boogi: posts small blind $1
Bastable86: posts big blind $3
*** HOLE CARDS ***
boogi: raises $3 to $6
Bastable86: calls $3
*** FLOP *** [7d Qc Ts]
Bastable86: checks
boogi: bets $3
Bastable86: calls $3
*** TURN *** [7d Qc Ts] [Qs]
Bastable86: checks
boogi: bets $6
Bastable86: raises $6 to $12
boogi: calls $6
*** RIVER *** [7d Qc Ts Qs] [4d]
Bastable86: bets $6
boogi: calls $6
*** SHOW DOWN ***
Bastable86: shows [2s Qh] (three of a kind, Queens)
boogi: mucks hand
Bastable86 collected $53.50 from pot
*** SUMMARY ***
Total pot $54 | Rake $0.50
Board [7d Qc Ts Qs 4d]
Seat 1: boogi (button) (small blind) mucked
Seat 2: Bastable86 (big blind) showed [2s Qh] and won ($53.50) with three of a kind, Queens


PokerStars Hand #152537750054:  Hold'em Limit ($3/$6 USD) - 2016/04/27 17:15:05 ET
Table 'Benda' 6-max Seat #2 is the button
Seat 1: boogi ($43.14 in chips)
Seat 2: Bastable86 ($56.09 in chips)
Bastable86: posts small blind $1
boogi: posts big blind $3
*** HOLE CARDS ***
Bastable86: raises $3 to $6
boogi: folds
Uncalled bet ($3) returned to Bastable86
Bastable86 collected $6 from pot
Bastable86: doesn't show hand
*** SUMMARY ***
Total pot $6 | Rake $0
Seat 1: boogi (big blind) folded before Flop
Seat 2: Bastable86 (button) (small blind) collected ($6)


PokerStars Hand #152537737326:  Hold'em Limit ($3/$6 USD) - 2016/04/27 17:14:51 ET
Table 'Benda' 6-max Seat #1 is the button
Seat 1: boogi ($34.50 in chips)
Seat 2: Bastable86 ($65.09 in chips)
boogi: posts small blind $1
Bastable86: posts big blind $3
*** HOLE CARDS ***
boogi: raises $3 to $6
Bastable86: calls $3
*** FLOP *** [5h 4s 8h]
Bastable86: checks
boogi: bets $3
Bastable86: calls $3
*** TURN *** [5h 4s 8h] [Qd]
Bastable86: checks
boogi: bets $6
Bastable86: folds
Uncalled bet ($6) returned to boogi
boogi collected $17.64 from pot
boogi: doesn't show hand
*** SUMMARY ***
Total pot $18 | Rake $0.36
Board [5h 4s 8h Qd]
Seat 1: boogi (button) (small blind) collected ($17.64)
Seat 2: Bastable86 (big blind) folded on the Turn


PokerStars Hand #152537779259:  Hold'em Limit ($3/$6 USD) - 2016/04/27 17:15:39 ET
Table 'Benda' 6-max Seat #2 is the button
Seat 1: boogi ($66.64 in chips)
Seat 2: Bastable86 ($32.09 in chips)
Bastable86: posts small blind $1
boogi: posts big blind $3
*** HOLE CARDS ***
Bastable86: folds
Uncalled bet ($2) returned to boogi
boogi collected $2 from pot
boogi: doesn't show hand
*** SUMMARY ***
Total pot $2 | Rake $0
Seat 1: boogi (big blind) collected ($2)
Seat 2: Bastable86 (button) (small blind) folded before Flop


PokerStars Hand #152537758147:  Hold'em Limit ($3/$6 USD) - 2016/04/27 17:15:15 ET
Table 'Benda' 6-max Seat #1 is the button
Seat 1: boogi ($40.14 in chips)
Seat 2: Bastable86 ($59.09 in chips)
boogi: posts small blind $1
Bastable86: posts big blind $3
*** HOLE CARDS ***
boogi: raises $3 to $6
Bastable86: calls $3
*** FLOP *** [Jc Ac 5d]
Bastable86: checks
boogi: bets $3
Bastable86: raises $3 to $6
boogi: raises $3 to $9
Bastable86: calls $3
*** TURN *** [Jc Ac 5d] [Qh]
Bastable86: checks
boogi: bets $6
Bastable86: calls $6
*** RIVER *** [Jc Ac 5d Qh] [3d]
Bastable86: checks
boogi: bets $6
Bastable86: calls $6
*** SHOW DOWN ***
boogi: shows [Qc 5h] (two pair, Queens and Fives)
Bastable86: mucks hand
boogi collected $53.50 from pot
*** SUMMARY ***
Total pot $54 | Rake $0.50
Board [Jc Ac 5d Qh 3d]
Seat 1: boogi (button) (small blind) showed [Qc 5h] and won ($53.50) with two pair, Queens and Fives
Seat 2: Bastable86 (big blind) mucked


PokerStars Hand #152537783311:  Hold'em Limit ($3/$6 USD) - 2016/04/27 17:15:44 ET
Table 'Benda' 6-max Seat #1 is the button
Seat 1: boogi ($67.64 in chips)
Seat 2: Bastable86 ($31.09 in chips)
boogi: posts small blind $1
Bastable86: posts big blind $3
*** HOLE CARDS ***
boogi: raises $3 to $6
Bastable86: raises $3 to $9
boogi: raises $3 to $12
Betting is capped
Bastable86: calls $3
*** FLOP *** [Kd 3c 8s]
Bastable86: checks
boogi: bets $3
Bastable86: calls $3
*** TURN *** [Kd 3c 8s] [Ac]
Bastable86: checks
boogi: bets $6
Bastable86: raises $6 to $12
boogi: raises $6 to $18
Bastable86: calls $4.09 and is all-in
Uncalled bet ($1.91) returned to boogi
*** RIVER *** [Kd 3c 8s Ac] [Ad]
*** SHOW DOWN ***
Bastable86: shows [Tc As] (three of a kind, Aces)
boogi: shows [Ah Kc] (a full house, Aces full of Kings)
boogi collected $61.68 from pot
*** SUMMARY ***
Total pot $62.18 | Rake $0.50
Board [Kd 3c 8s Ac Ad]
Seat 1: boogi (button) (small blind) showed [Ah Kc] and won ($61.68) with a full house, Aces full of Kings
Seat 2: Bastable86 (big blind) showed [Tc As] and lost with three of a kind, Aces


