PokerStars Hand #148836503868:  Hold'em Limit ($3/$6 USD) - 2016/02/15 6:59:17 ET
Table 'Benda II' 6-max Seat #1 is the button
Seat 1: VolkovDmitri ($120 in chips)
Seat 4: 101nuts101 ($30 in chips)
VolkovDmitri: posts small blind $1
101nuts101: posts big blind $3
*** HOLE CARDS ***
VolkovDmitri: raises $3 to $6
101nuts101: calls $3
*** FLOP *** [5h 9h 6s]
101nuts101: checks
VolkovDmitri: bets $3
101nuts101: raises $3 to $6
JMMROCHA joins the table at seat #3
VolkovDmitri: calls $3
*** TURN *** [5h 9h 6s] [Jh]
101nuts101: bets $6
VolkovDmitri: calls $6
*** RIVER *** [5h 9h 6s Jh] [Tc]
101nuts101: bets $6
TbIP-TbIP 88 leaves the table
VolkovDmitri: folds
Uncalled bet ($6) returned to 101nuts101
101nuts101 collected $35.50 from pot
*** SUMMARY ***
Total pot $36 | Rake $0.50
Board [5h 9h 6s Jh Tc]
Seat 1: VolkovDmitri (button) (small blind) folded on the River
Seat 4: 101nuts101 (big blind) collected ($35.50)


PokerStars Hand #148836520242:  Hold'em Limit ($3/$6 USD) - 2016/02/15 6:59:50 ET
Table 'Benda II' 6-max Seat #4 is the button
Seat 1: VolkovDmitri ($120 in chips)
Seat 4: 101nuts101 ($47.50 in chips)
101nuts101: posts small blind $1
VolkovDmitri: posts big blind $3
*** HOLE CARDS ***
101nuts101: raises $3 to $6
VolkovDmitri: raises $3 to $9
101nuts101: calls $3
*** FLOP *** [4d 9d 4c]
VolkovDmitri: bets $3
101nuts101: folds
Uncalled bet ($3) returned to VolkovDmitri
VolkovDmitri collected $17.64 from pot
VolkovDmitri: doesn't show hand
*** SUMMARY ***
Total pot $18 | Rake $0.36
Board [4d 9d 4c]
Seat 1: VolkovDmitri (big blind) collected ($17.64)
Seat 4: 101nuts101 (button) (small blind) folded on the Flop


PokerStars Hand #148849674559:  Hold'em Limit ($3/$6 USD) - 2016/02/15 12:04:31 ET
Table 'Benda II' 6-max Seat #2 is the button
Seat 1: BuzovaPro ($89.38 in chips)
Seat 2: Krillekruka ($568.77 in chips)
Krillekruka: posts small blind $1
BuzovaPro: posts big blind $3
*** HOLE CARDS ***
Krillekruka: raises $3 to $6
BuzovaPro: raises $3 to $9
loooohefer joins the table at seat #6
Krillekruka: calls $3
*** FLOP *** [5d 9h Kh]
BuzovaPro: bets $3
Krillekruka: calls $3
*** TURN *** [5d 9h Kh] [Th]
BuzovaPro: bets $6
Krillekruka: calls $6
*** RIVER *** [5d 9h Kh Th] [5c]
BuzovaPro: bets $6
Krillekruka: folds
Uncalled bet ($6) returned to BuzovaPro
BuzovaPro collected $35.50 from pot
BuzovaPro: doesn't show hand
*** SUMMARY ***
Total pot $36 | Rake $0.50
Board [5d 9h Kh Th 5c]
Seat 1: BuzovaPro (big blind) collected ($35.50)
Seat 2: Krillekruka (button) (small blind) folded on the River


PokerStars Hand #148854315349:  Hold'em Limit ($3/$6 USD) - 2016/02/15 13:22:24 ET
Table 'Benda II' 6-max Seat #4 is the button
Seat 4: 5PRUT5 ($30 in chips)
Seat 5: BelSv ($78 in chips)
5PRUT5: posts small blind $1
BelSv: posts big blind $3
*** HOLE CARDS ***
5PRUT5: raises $3 to $6
BelSv: calls $3
*** FLOP *** [Qd 2d 5s]
BelSv: checks
5PRUT5: checks
*** TURN *** [Qd 2d 5s] [Ts]
BelSv: checks
5PRUT5: bets $6
THE GLOBE1 joins the table at seat #3
BelSv: folds
Uncalled bet ($6) returned to 5PRUT5
5PRUT5 collected $11.76 from pot
5PRUT5: doesn't show hand
*** SUMMARY ***
Total pot $12 | Rake $0.24
Board [Qd 2d 5s Ts]
Seat 4: 5PRUT5 (button) (small blind) collected ($11.76)
Seat 5: BelSv (big blind) folded on the Turn


PokerStars Hand #148863426583:  Hold'em Limit ($3/$6 USD) - 2016/02/15 15:40:02 ET
Table 'Benda II' 6-max Seat #5 is the button
Seat 3: krytalex ($106.62 in chips)
Seat 5: SashaYuvelir ($256.85 in chips)
SashaYuvelir: posts small blind $1
krytalex: posts big blind $3
*** HOLE CARDS ***
SashaYuvelir: raises $3 to $6
krytalex: folds
Uncalled bet ($3) returned to SashaYuvelir
SashaYuvelir collected $6 from pot
SashaYuvelir: doesn't show hand
*** SUMMARY ***
Total pot $6 | Rake $0
Seat 3: krytalex (big blind) folded before Flop
Seat 5: SashaYuvelir (button) (small blind) collected ($6)


