PokerStars Hand #145164948557:  Hold'em Limit ($3/$6 USD) - 2015/12/11 5:38:51 ET
Table 'Benda' 6-max Seat #3 is the button
Seat 3: Fantomet ($235 in chips)
Seat 5: scorpio04 ($72 in chips)
Fantomet: posts small blind $1
scorpio04: posts big blind $3
*** HOLE CARDS ***
Fantomet: raises $3 to $6
scorpio04: raises $3 to $9
Fantomet: calls $3
*** FLOP *** [4d 9d Ah]
scorpio04: bets $3
Fantomet: folds
Uncalled bet ($3) returned to scorpio04
scorpio04 collected $17.64 from pot
scorpio04: doesn't show hand
*** SUMMARY ***
Total pot $18 | Rake $0.36
Board [4d 9d Ah]
Seat 3: Fantomet (button) (small blind) folded on the Flop
Seat 5: scorpio04 (big blind) collected ($17.64)


PokerStars Hand #145164969914:  Hold'em Limit ($3/$6 USD) - 2015/12/11 5:39:37 ET
Table 'Benda' 6-max Seat #3 is the button
Seat 3: Fantomet ($231.76 in chips)
Seat 5: scorpio04 ($74.64 in chips)
Fantomet: posts small blind $1
scorpio04: posts big blind $3
*** HOLE CARDS ***
Fantomet: folds
Uncalled bet ($2) returned to scorpio04
scorpio04 collected $2 from pot
scorpio04: doesn't show hand
*** SUMMARY ***
Total pot $2 | Rake $0
Seat 3: Fantomet (button) (small blind) folded before Flop
Seat 5: scorpio04 (big blind) collected ($2)


PokerStars Hand #145164963868:  Hold'em Limit ($3/$6 USD) - 2015/12/11 5:39:24 ET
Table 'Benda' 6-max Seat #5 is the button
Seat 3: Fantomet ($226 in chips)
Seat 5: scorpio04 ($80.64 in chips)
scorpio04: posts small blind $1
Fantomet: posts big blind $3
*** HOLE CARDS ***
scorpio04: raises $3 to $6
Fantomet: calls $3
*** FLOP *** [8d 6c Kd]
TbIP-TbIP 88 leaves the table
Fantomet: bets $3
scorpio04: folds
Uncalled bet ($3) returned to Fantomet
Fantomet collected $11.76 from pot
*** SUMMARY ***
Total pot $12 | Rake $0.24
Board [8d 6c Kd]
Seat 3: Fantomet (big blind) collected ($11.76)
Seat 5: scorpio04 (button) (small blind) folded on the Flop


PokerStars Hand #145164972065:  Hold'em Limit ($3/$6 USD) - 2015/12/11 5:39:42 ET
Table 'Benda' 6-max Seat #5 is the button
Seat 3: Fantomet ($230.76 in chips)
Seat 5: scorpio04 ($75.64 in chips)
scorpio04: posts small blind $1
Fantomet: posts big blind $3
*** HOLE CARDS ***
scorpio04: raises $3 to $6
Fantomet: calls $3
*** FLOP *** [Td 8c 7h]
Fantomet: checks
scorpio04: bets $3
Fantomet: calls $3
*** TURN *** [Td 8c 7h] [3d]
Fantomet: checks
scorpio04: bets $6
Fantomet: folds
Uncalled bet ($6) returned to scorpio04
scorpio04 collected $17.64 from pot
scorpio04: doesn't show hand
*** SUMMARY ***
Total pot $18 | Rake $0.36
Board [Td 8c 7h 3d]
Seat 3: Fantomet (big blind) folded on the Turn
Seat 5: scorpio04 (button) (small blind) collected ($17.64)


PokerStars Hand #145164989945:  Hold'em Limit ($3/$6 USD) - 2015/12/11 5:40:21 ET
Table 'Benda' 6-max Seat #3 is the button
Seat 3: Fantomet ($221.76 in chips)
Seat 5: scorpio04 ($84.28 in chips)
Fantomet: posts small blind $1
scorpio04: posts big blind $3
*** HOLE CARDS ***
Fantomet: raises $3 to $6
Poo Chana joins the table at seat #1
scorpio04: raises $3 to $9
Fantomet: calls $3
*** FLOP *** [8d 6s Ac]
Agrotait joins the table at seat #4
scorpio04: bets $3
Fantomet: folds
Uncalled bet ($3) returned to scorpio04
scorpio04 collected $17.64 from pot
scorpio04: doesn't show hand
*** SUMMARY ***
Total pot $18 | Rake $0.36
Board [8d 6s Ac]
Seat 3: Fantomet (button) (small blind) folded on the Flop
Seat 5: scorpio04 (big blind) collected ($17.64)


PokerStars Hand #145165357641:  Hold'em Limit ($3/$6 USD) - 2015/12/11 5:53:33 ET
Table 'Benda' 6-max Seat #6 is the button
Seat 5: scorpio04 ($121.52 in chips)
Seat 6: parnishka11 ($49.38 in chips)
parnishka11: posts small blind $1
korrnel: is sitting out
scorpio04: posts big blind $3
*** HOLE CARDS ***
parnishka11: raises $3 to $6
korrnel leaves the table
scorpio04: folds
Uncalled bet ($3) returned to parnishka11
parnishka11 collected $6 from pot
parnishka11: doesn't show hand
*** SUMMARY ***
Total pot $6 | Rake $0
Seat 5: scorpio04 (big blind) folded before Flop
Seat 6: parnishka11 (button) (small blind) collected ($6)


