PokerStars Hand #144827260707:  Hold'em Limit ($3/$6 USD) - 2015/12/04 16:39:09 ET
Table 'Benetnash II' 2-max Seat #2 is the button
Seat 1: TrainAComin ($392 in chips)
Seat 2: RealiQ ($37.64 in chips)
RealiQ: posts small blind $1
TrainAComin: posts big blind $3
*** HOLE CARDS ***
RealiQ: calls $2
TrainAComin: checks
*** FLOP *** [Tc 4s 3s]
TrainAComin: checks
RealiQ: checks
*** TURN *** [Tc 4s 3s] [5s]
TrainAComin: checks
RealiQ: bets $6
TrainAComin: calls $6
*** RIVER *** [Tc 4s 3s 5s] [8h]
TrainAComin: checks
RealiQ: bets $6
TrainAComin: folds
Uncalled bet ($6) returned to RealiQ
RealiQ collected $17.64 from pot
RealiQ: doesn't show hand
*** SUMMARY ***
Total pot $18 | Rake $0.36
Board [Tc 4s 3s 5s 8h]
Seat 1: TrainAComin (big blind) folded on the River
Seat 2: RealiQ (button) (small blind) collected ($17.64)


PokerStars Hand #144832473310:  Hold'em Limit ($3/$6 USD) - 2015/12/04 18:18:09 ET
Table 'Benetnash II' 2-max Seat #2 is the button
Seat 1: caritasest ($100.88 in chips)
Seat 2: RealiQ ($64.54 in chips)
RealiQ: posts small blind $1
caritasest: posts big blind $3
*** HOLE CARDS ***
RealiQ: raises $3 to $6
caritasest: calls $3
*** FLOP *** [Ad 2c As]
caritasest: checks
RealiQ: bets $3
caritasest: raises $3 to $6
RealiQ: calls $3
*** TURN *** [Ad 2c As] [Tc]
caritasest: bets $6
RealiQ: calls $6
*** RIVER *** [Ad 2c As Tc] [Kd]
caritasest: bets $6
RealiQ: calls $6
*** SHOW DOWN ***
caritasest: shows [Jc Th] (two pair, Aces and Tens)
RealiQ: shows [Ks Js] (two pair, Aces and Kings)
RealiQ collected $47.50 from pot
*** SUMMARY ***
Total pot $48 | Rake $0.50
Board [Ad 2c As Tc Kd]
Seat 1: caritasest (big blind) showed [Jc Th] and lost with two pair, Aces and Tens
Seat 2: RealiQ (button) (small blind) showed [Ks Js] and won ($47.50) with two pair, Aces and Kings


PokerStars Hand #144832464825:  Hold'em Limit ($3/$6 USD) - 2015/12/04 18:17:58 ET
Table 'Benetnash II' 2-max Seat #1 is the button
Seat 1: caritasest ($97.88 in chips)
Seat 2: RealiQ ($67.54 in chips)
caritasest: posts small blind $1
RealiQ: posts big blind $3
*** HOLE CARDS ***
caritasest: raises $3 to $6
RealiQ: folds
Uncalled bet ($3) returned to caritasest
caritasest collected $6 from pot
*** SUMMARY ***
Total pot $6 | Rake $0
Seat 1: caritasest (button) (small blind) collected ($6)
Seat 2: RealiQ (big blind) folded before Flop


PokerStars Hand #144832457063:  Hold'em Limit ($3/$6 USD) - 2015/12/04 18:17:49 ET
Table 'Benetnash II' 2-max Seat #2 is the button
Seat 1: caritasest ($103.88 in chips)
Seat 2: RealiQ ($61.78 in chips)
RealiQ: posts small blind $1
caritasest: posts big blind $3
*** HOLE CARDS ***
RealiQ: raises $3 to $6
caritasest: calls $3
*** FLOP *** [3h Ah 4d]
caritasest: checks
RealiQ: bets $3
caritasest: folds
Uncalled bet ($3) returned to RealiQ
RealiQ collected $11.76 from pot
RealiQ: doesn't show hand
*** SUMMARY ***
Total pot $12 | Rake $0.24
Board [3h Ah 4d]
Seat 1: caritasest (big blind) folded on the Flop
Seat 2: RealiQ (button) (small blind) collected ($11.76)


PokerStars Hand #144832510505:  Hold'em Limit ($3/$6 USD) - 2015/12/04 18:18:54 ET
Table 'Benetnash II' 2-max Seat #2 is the button
Seat 1: caritasest ($85.52 in chips)
Seat 2: RealiQ ($79.04 in chips)
RealiQ: posts small blind $1
caritasest: posts big blind $3
*** HOLE CARDS ***
RealiQ: calls $2
caritasest: raises $3 to $6
RealiQ: calls $3
*** FLOP *** [Jd 7s 2s]
caritasest: bets $3
RealiQ: calls $3
*** TURN *** [Jd 7s 2s] [3c]
caritasest: bets $6
RealiQ: folds
Uncalled bet ($6) returned to caritasest
caritasest collected $17.64 from pot
*** SUMMARY ***
Total pot $18 | Rake $0.36
Board [Jd 7s 2s 3c]
Seat 1: caritasest (big blind) collected ($17.64)
Seat 2: RealiQ (button) (small blind) folded on the Turn


PokerStars Hand #144832487280:  Hold'em Limit ($3/$6 USD) - 2015/12/04 18:18:26 ET
Table 'Benetnash II' 2-max Seat #1 is the button
Seat 1: caritasest ($76.88 in chips)
Seat 2: RealiQ ($88.04 in chips)
caritasest: posts small blind $1
RealiQ: posts big blind $3
*** HOLE CARDS ***
caritasest: raises $3 to $6
RealiQ: calls $3
*** FLOP *** [7h 8d 4s]
RealiQ: checks
caritasest: bets $3
RealiQ: calls $3
*** TURN *** [7h 8d 4s] [Tc]
RealiQ: checks
caritasest: checks
*** RIVER *** [7h 8d 4s Tc] [2d]
RealiQ: checks
caritasest: bets $6
RealiQ: folds
Uncalled bet ($6) returned to caritasest
caritasest collected $17.64 from pot
*** SUMMARY ***
Total pot $18 | Rake $0.36
Board [7h 8d 4s Tc 2d]
Seat 1: caritasest (button) (small blind) collected ($17.64)
Seat 2: RealiQ (big blind) folded on the River


