PokerStars Hand #147796224002:  Hold'em Limit ($3/$6 USD) - 2016/01/27 19:39:50 ET
Table 'Benetnash II' 2-max Seat #1 is the button
Seat 1: daley305 ($5.18 in chips)
Seat 2: elifnur2008 ($155.50 in chips)
daley305: posts small blind $1
elifnur2008: posts big blind $3
*** HOLE CARDS ***
daley305: raises $2.18 to $5.18 and is all-in
elifnur2008: calls $2.18
*** FLOP *** [7h 3c 4d]
*** TURN *** [7h 3c 4d] [Jc]
*** RIVER *** [7h 3c 4d Jc] [9d]
*** SHOW DOWN ***
elifnur2008: shows [7d 4c] (two pair, Sevens and Fours)
daley305: shows [6c 9c] (a pair of Nines)
elifnur2008 collected $10.15 from pot
*** SUMMARY ***
Total pot $10.36 | Rake $0.21
Board [7h 3c 4d Jc 9d]
Seat 1: daley305 (button) (small blind) showed [6c 9c] and lost with a pair of Nines
Seat 2: elifnur2008 (big blind) showed [7d 4c] and won ($10.15) with two pair, Sevens and Fours


PokerStars Hand #147796210083:  Hold'em Limit ($3/$6 USD) - 2016/01/27 19:39:27 ET
Table 'Benetnash II' 2-max Seat #2 is the button
Seat 1: daley305 ($41.18 in chips)
Seat 2: elifnur2008 ($120 in chips)
elifnur2008: posts small blind $1
daley305: posts big blind $3
*** HOLE CARDS ***
elifnur2008: raises $3 to $6
daley305: raises $3 to $9
elifnur2008: calls $3
*** FLOP *** [7d 6h 8c]
daley305: bets $3
elifnur2008: raises $3 to $6
daley305: raises $3 to $9
elifnur2008: calls $3
*** TURN *** [7d 6h 8c] [5c]
daley305: bets $6
elifnur2008: raises $6 to $12
daley305: calls $6
*** RIVER *** [7d 6h 8c 5c] [3c]
daley305: checks
elifnur2008: bets $6
daley305: calls $6
*** SHOW DOWN ***
elifnur2008: shows [9s Kd] (a straight, Five to Nine)
daley305: mucks hand
elifnur2008 collected $71.50 from pot
*** SUMMARY ***
Total pot $72 | Rake $0.50
Board [7d 6h 8c 5c 3c]
Seat 1: daley305 (big blind) mucked
Seat 2: elifnur2008 (button) (small blind) showed [9s Kd] and won ($71.50) with a straight, Five to Nine


PokerStars Hand #147796393743:  Hold'em Limit ($3/$6 USD) - 2016/01/27 19:44:25 ET
Table 'Benetnash II' 2-max Seat #2 is the button
Seat 1: herr.faus660 ($51.21 in chips)
Seat 2: elifnur2008 ($139.47 in chips)
elifnur2008: posts small blind $1
herr.faus660: posts big blind $3
*** HOLE CARDS ***
elifnur2008: calls $2
herr.faus660: raises $3 to $6
elifnur2008: raises $3 to $9
herr.faus660: calls $3
*** FLOP *** [Ts 4c Kd]
herr.faus660: checks
elifnur2008: bets $3
herr.faus660: calls $3
*** TURN *** [Ts 4c Kd] [5c]
herr.faus660: checks
elifnur2008: bets $6
herr.faus660: folds
Uncalled bet ($6) returned to elifnur2008
elifnur2008 collected $23.52 from pot
elifnur2008: doesn't show hand
*** SUMMARY ***
Total pot $24 | Rake $0.48
Board [Ts 4c Kd 5c]
Seat 1: herr.faus660 (big blind) folded on the Turn
Seat 2: elifnur2008 (button) (small blind) collected ($23.52)


PokerStars Hand #147796365280:  Hold'em Limit ($3/$6 USD) - 2016/01/27 19:43:39 ET
Table 'Benetnash II' 2-max Seat #2 is the button
Seat 1: herr.faus660 ($31.05 in chips)
Seat 2: elifnur2008 ($160.47 in chips)
elifnur2008: posts small blind $1
herr.faus660: posts big blind $3
*** HOLE CARDS ***
elifnur2008: raises $3 to $6
herr.faus660: calls $3
*** FLOP *** [Qd 8h 6c]
herr.faus660: bets $3
elifnur2008: calls $3
*** TURN *** [Qd 8h 6c] [4d]
herr.faus660: checks
elifnur2008: checks
*** RIVER *** [Qd 8h 6c 4d] [4h]
herr.faus660: bets $6
elifnur2008: folds
Uncalled bet ($6) returned to herr.faus660
herr.faus660 collected $17.64 from pot
herr.faus660: doesn't show hand
*** SUMMARY ***
Total pot $18 | Rake $0.36
Board [Qd 8h 6c 4d 4h]
Seat 1: herr.faus660 (big blind) collected ($17.64)
Seat 2: elifnur2008 (button) (small blind) folded on the River


PokerStars Hand #147796379099:  Hold'em Limit ($3/$6 USD) - 2016/01/27 19:44:01 ET
Table 'Benetnash II' 2-max Seat #1 is the button
Seat 1: herr.faus660 ($39.69 in chips)
Seat 2: elifnur2008 ($151.47 in chips)
herr.faus660: posts small blind $1
elifnur2008: posts big blind $3
*** HOLE CARDS ***
herr.faus660: raises $3 to $6
elifnur2008: raises $3 to $9
herr.faus660: calls $3
*** FLOP *** [Kh 9h Td]
elifnur2008: bets $3
herr.faus660: calls $3
*** TURN *** [Kh 9h Td] [8s]
elifnur2008: checks
herr.faus660: checks
*** RIVER *** [Kh 9h Td 8s] [4d]
elifnur2008: checks
herr.faus660: bets $6
elifnur2008: folds
Uncalled bet ($6) returned to herr.faus660
herr.faus660 collected $23.52 from pot
herr.faus660: doesn't show hand
*** SUMMARY ***
Total pot $24 | Rake $0.48
Board [Kh 9h Td 8s 4d]
Seat 1: herr.faus660 (button) (small blind) collected ($23.52)
Seat 2: elifnur2008 (big blind) folded on the River


PokerStars Hand #147796405715:  Hold'em Limit ($3/$6 USD) - 2016/01/27 19:44:44 ET
Table 'Benetnash II' 2-max Seat #1 is the button
Seat 1: herr.faus660 ($39.21 in chips)
Seat 2: elifnur2008 ($150.99 in chips)
herr.faus660: posts small blind $1
elifnur2008: posts big blind $3
*** HOLE CARDS ***
herr.faus660: raises $3 to $6
elifnur2008: raises $3 to $9
herr.faus660: calls $3
*** FLOP *** [2h 3d 4h]
elifnur2008: bets $3
herr.faus660: raises $3 to $6
elifnur2008: calls $3
*** TURN *** [2h 3d 4h] [3c]
elifnur2008: checks
herr.faus660: bets $6
elifnur2008: raises $6 to $12
herr.faus660: calls $6
*** RIVER *** [2h 3d 4h 3c] [9d]
elifnur2008: bets $6
herr.faus660: folds
Uncalled bet ($6) returned to elifnur2008
elifnur2008 collected $53.50 from pot
elifnur2008: doesn't show hand
*** SUMMARY ***
Total pot $54 | Rake $0.50
Board [2h 3d 4h 3c 9d]
Seat 1: herr.faus660 (button) (small blind) folded on the River
Seat 2: elifnur2008 (big blind) collected ($53.50)


PokerStars Hand #147796423904:  Hold'em Limit ($3/$6 USD) - 2016/01/27 19:45:13 ET
Table 'Benetnash II' 2-max Seat #2 is the button
Seat 1: herr.faus660 ($12.21 in chips)
Seat 2: elifnur2008 ($177.49 in chips)
elifnur2008: posts small blind $1
herr.faus660: posts big blind $3
*** HOLE CARDS ***
elifnur2008: folds
Uncalled bet ($2) returned to herr.faus660
herr.faus660 collected $2 from pot
herr.faus660: doesn't show hand
*** SUMMARY ***
Total pot $2 | Rake $0
Seat 1: herr.faus660 (big blind) collected ($2)
Seat 2: elifnur2008 (button) (small blind) folded before Flop


PokerStars Hand #147796428114:  Hold'em Limit ($3/$6 USD) - 2016/01/27 19:45:20 ET
Table 'Benetnash II' 2-max Seat #1 is the button
Seat 1: herr.faus660 ($13.21 in chips)
Seat 2: elifnur2008 ($176.49 in chips)
herr.faus660: posts small blind $1
elifnur2008: posts big blind $3
*** HOLE CARDS ***
herr.faus660: raises $3 to $6
elifnur2008: calls $3
*** FLOP *** [Td Qh 4s]
elifnur2008: checks
herr.faus660: bets $3
elifnur2008: calls $3
*** TURN *** [Td Qh 4s] [4c]
elifnur2008: checks
herr.faus660: bets $4.21 and is all-in
elifnur2008: calls $4.21
*** RIVER *** [Td Qh 4s 4c] [As]
*** SHOW DOWN ***
elifnur2008: shows [Tc 6d] (two pair, Tens and Fours)
herr.faus660: shows [2h Ac] (two pair, Aces and Fours)
herr.faus660 collected $25.92 from pot
*** SUMMARY ***
Total pot $26.42 | Rake $0.50
Board [Td Qh 4s 4c As]
Seat 1: herr.faus660 (button) (small blind) showed [2h Ac] and won ($25.92) with two pair, Aces and Fours
Seat 2: elifnur2008 (big blind) showed [Tc 6d] and lost with two pair, Tens and Fours


PokerStars Hand #147796449886:  Hold'em Limit ($3/$6 USD) - 2016/01/27 19:45:55 ET
Table 'Benetnash II' 2-max Seat #2 is the button
Seat 1: herr.faus660 ($22.92 in chips)
Seat 2: elifnur2008 ($166.04 in chips)
elifnur2008: posts small blind $1
herr.faus660: posts big blind $3
*** HOLE CARDS ***
elifnur2008: raises $3 to $6
herr.faus660: calls $3
*** FLOP *** [6s As 8d]
herr.faus660: checks
elifnur2008: bets $3
herr.faus660: calls $3
*** TURN *** [6s As 8d] [5h]
herr.faus660: checks
elifnur2008: checks
*** RIVER *** [6s As 8d 5h] [9c]
herr.faus660: checks
elifnur2008: checks
*** SHOW DOWN ***
herr.faus660: shows [4s 6c] (a pair of Sixes)
elifnur2008: mucks hand
herr.faus660 collected $17.64 from pot
*** SUMMARY ***
Total pot $18 | Rake $0.36
Board [6s As 8d 5h 9c]
Seat 1: herr.faus660 (big blind) showed [4s 6c] and won ($17.64) with a pair of Sixes
Seat 2: elifnur2008 (button) (small blind) mucked


PokerStars Hand #147796461823:  Hold'em Limit ($3/$6 USD) - 2016/01/27 19:46:14 ET
Table 'Benetnash II' 2-max Seat #1 is the button
Seat 1: herr.faus660 ($31.56 in chips)
Seat 2: elifnur2008 ($157.04 in chips)
herr.faus660: posts small blind $1
elifnur2008: posts big blind $3
*** HOLE CARDS ***
herr.faus660: raises $3 to $6
elifnur2008: calls $3
*** FLOP *** [6s 3s 5s]
elifnur2008: checks
herr.faus660: bets $3
elifnur2008: calls $3
*** TURN *** [6s 3s 5s] [Ad]
elifnur2008: checks
herr.faus660: bets $6
elifnur2008: raises $6 to $12
herr.faus660: folds
Uncalled bet ($6) returned to elifnur2008
elifnur2008 collected $29.50 from pot
elifnur2008: doesn't show hand
*** SUMMARY ***
Total pot $30 | Rake $0.50
Board [6s 3s 5s Ad]
Seat 1: herr.faus660 (button) (small blind) folded on the Turn
Seat 2: elifnur2008 (big blind) collected ($29.50)


PokerStars Hand #147796445754:  Hold'em Limit ($3/$6 USD) - 2016/01/27 19:45:48 ET
Table 'Benetnash II' 2-max Seat #1 is the button
Seat 1: herr.faus660 ($19.92 in chips)
Seat 2: elifnur2008 ($169.04 in chips)
herr.faus660: posts small blind $1
elifnur2008: posts big blind $3
*** HOLE CARDS ***
herr.faus660: raises $3 to $6
elifnur2008: folds
Uncalled bet ($3) returned to herr.faus660
herr.faus660 collected $6 from pot
herr.faus660: doesn't show hand
*** SUMMARY ***
Total pot $6 | Rake $0
Seat 1: herr.faus660 (button) (small blind) collected ($6)
Seat 2: elifnur2008 (big blind) folded before Flop


PokerStars Hand #147796438253:  Hold'em Limit ($3/$6 USD) - 2016/01/27 19:45:36 ET
Table 'Benetnash II' 2-max Seat #2 is the button
Seat 1: herr.faus660 ($25.92 in chips)
Seat 2: elifnur2008 ($163.28 in chips)
elifnur2008: posts small blind $1
herr.faus660: posts big blind $3
*** HOLE CARDS ***
elifnur2008: raises $3 to $6
herr.faus660: calls $3
*** FLOP *** [Js Kd Qd]
herr.faus660: checks
elifnur2008: bets $3
herr.faus660: folds
Uncalled bet ($3) returned to elifnur2008
elifnur2008 collected $11.76 from pot
elifnur2008: doesn't show hand
*** SUMMARY ***
Total pot $12 | Rake $0.24
Board [Js Kd Qd]
Seat 1: herr.faus660 (big blind) folded on the Flop
Seat 2: elifnur2008 (button) (small blind) collected ($11.76)


PokerStars Hand #147796475897:  Hold'em Limit ($3/$6 USD) - 2016/01/27 19:46:37 ET
Table 'Benetnash II' 2-max Seat #2 is the button
Seat 1: herr.faus660 ($16.56 in chips)
Seat 2: elifnur2008 ($171.54 in chips)
elifnur2008: posts small blind $1
herr.faus660: posts big blind $3
*** HOLE CARDS ***
elifnur2008: raises $3 to $6
herr.faus660: raises $3 to $9
elifnur2008: calls $3
*** FLOP *** [Qd As 4s]
herr.faus660: bets $3
elifnur2008: calls $3
*** TURN *** [Qd As 4s] [Qs]
herr.faus660: bets $4.56 and is all-in
elifnur2008: calls $4.56
*** RIVER *** [Qd As 4s Qs] [8d]
*** SHOW DOWN ***
herr.faus660: shows [Ad 7h] (two pair, Aces and Queens)
elifnur2008: shows [Jc Qc] (three of a kind, Queens)
elifnur2008 collected $32.62 from pot
*** SUMMARY ***
Total pot $33.12 | Rake $0.50
Board [Qd As 4s Qs 8d]
Seat 1: herr.faus660 (big blind) showed [Ad 7h] and lost with two pair, Aces and Queens
Seat 2: elifnur2008 (button) (small blind) showed [Jc Qc] and won ($32.62) with three of a kind, Queens


