PokerStars Hand #152075969726:  Hold'em Limit ($3/$6 USD) - 2016/04/17 20:13:20 ET
Table 'Benetnash II' 6-max Seat #6 is the button
Seat 3: 7 Huligan 7 ($30 in chips)
Seat 6: Zubasa07 ($500 in chips)
Zubasa07: posts small blind $1
7 Huligan 7: posts big blind $3
*** HOLE CARDS ***
Zubasa07: raises $3 to $6
7 Huligan 7: calls $3
*** FLOP *** [2d Jd Js]
7 Huligan 7: checks
Zubasa07: bets $3
7 Huligan 7: calls $3
*** TURN *** [2d Jd Js] [2h]
7 Huligan 7: checks
Zubasa07: checks
*** RIVER *** [2d Jd Js 2h] [5h]
7 Huligan 7: bets $6
Zubasa07: folds
Uncalled bet ($6) returned to 7 Huligan 7
7 Huligan 7 collected $17.64 from pot
7 Huligan 7: doesn't show hand
*** SUMMARY ***
Total pot $18 | Rake $0.36
Board [2d Jd Js 2h 5h]
Seat 3: 7 Huligan 7 (big blind) collected ($17.64)
Seat 6: Zubasa07 (button) (small blind) folded on the River


PokerStars Hand #152076011424:  Hold'em Limit ($3/$6 USD) - 2016/04/17 20:14:46 ET
Table 'Benetnash II' 6-max Seat #6 is the button
Seat 3: 7 Huligan 7 ($35.64 in chips)
Seat 6: Zubasa07 ($493.88 in chips)
Zubasa07: posts small blind $1
7 Huligan 7: posts big blind $3
*** HOLE CARDS ***
Zubasa07: raises $3 to $6
7 Huligan 7: calls $3
*** FLOP *** [Tc Ts 3h]
7 Huligan 7: checks
Zubasa07: bets $3
7 Huligan 7: calls $3
*** TURN *** [Tc Ts 3h] [2d]
7 Huligan 7: checks
Zubasa07: checks
*** RIVER *** [Tc Ts 3h 2d] [2c]
7 Huligan 7: bets $6
Zubasa07: folds
Uncalled bet ($6) returned to 7 Huligan 7
7 Huligan 7 collected $17.64 from pot
7 Huligan 7: doesn't show hand
*** SUMMARY ***
Total pot $18 | Rake $0.36
Board [Tc Ts 3h 2d 2c]
Seat 3: 7 Huligan 7 (big blind) collected ($17.64)
Seat 6: Zubasa07 (button) (small blind) folded on the River


PokerStars Hand #152075990324:  Hold'em Limit ($3/$6 USD) - 2016/04/17 20:14:02 ET
Table 'Benetnash II' 6-max Seat #3 is the button
Seat 3: 7 Huligan 7 ($38.64 in chips)
Seat 6: Zubasa07 ($491 in chips)
7 Huligan 7: posts small blind $1
Zubasa07: posts big blind $3
*** HOLE CARDS ***
7 Huligan 7: calls $2
Zubasa07: checks
*** FLOP *** [2s 3d 3c]
Zubasa07: checks
7 Huligan 7: checks
*** TURN *** [2s 3d 3c] [6d]
Zubasa07: checks
Chessnok joins the table at seat #4
7 Huligan 7: checks
*** RIVER *** [2s 3d 3c 6d] [Qd]
Zubasa07: checks
7 Huligan 7: checks
*** SHOW DOWN ***
Zubasa07: shows [3s 4d] (three of a kind, Threes)
7 Huligan 7: mucks hand
Zubasa07 collected $5.88 from pot
*** SUMMARY ***
Total pot $6 | Rake $0.12
Board [2s 3d 3c 6d Qd]
Seat 3: 7 Huligan 7 (button) (small blind) mucked
Seat 6: Zubasa07 (big blind) showed [3s 4d] and won ($5.88) with three of a kind, Threes


PokerStars Hand #152078371028:  Hold'em Limit ($3/$6 USD) - 2016/04/17 21:47:41 ET
Table 'Benetnash II' 6-max Seat #4 is the button
Seat 2: MissEKAmouse ($133.89 in chips)
Seat 4: Chessnok ($134.65 in chips)
Chessnok: posts small blind $1
ABATAPP: is sitting out
GarryMcCoy: is sitting out
MissEKAmouse: posts big blind $3
*** HOLE CARDS ***
Chessnok: raises $3 to $6
GarryMcCoy leaves the table
ABATAPP leaves the table
MissEKAmouse: folds
Uncalled bet ($3) returned to Chessnok
Chessnok collected $6 from pot
Chessnok: doesn't show hand
*** SUMMARY ***
Total pot $6 | Rake $0
Seat 2: MissEKAmouse (big blind) folded before Flop
Seat 4: Chessnok (button) (small blind) collected ($6)


