PokerStars Hand #144539311914:  Hold'em Limit ($3/$6 USD) - 2015/11/28 21:43:21 ET
Table 'Benetnasch' 10-max Seat #5 is the button
Seat 5: ct-650 ($150 in chips)
Seat 6: kyle472 ($35 in chips)
ct-650: posts small blind $1
kyle472: posts big blind $3
*** HOLE CARDS ***
ct-650: folds
Uncalled bet ($2) returned to kyle472
kyle472 collected $2 from pot
*** SUMMARY ***
Total pot $2 | Rake $0
Seat 5: ct-650 (button) (small blind) folded before Flop
Seat 6: kyle472 (big blind) collected ($2)


PokerStars Hand #144539342406:  Hold'em Limit ($3/$6 USD) - 2015/11/28 21:44:32 ET
Table 'Benetnasch' 10-max Seat #6 is the button
Seat 5: ct-650 ($168.38 in chips)
Seat 6: kyle472 ($16 in chips)
kyle472: posts small blind $1
ct-650: posts big blind $3
*** HOLE CARDS ***
kyle472: raises $3 to $6
ct-650: folds
Uncalled bet ($3) returned to kyle472
kyle472 collected $6 from pot
*** SUMMARY ***
Total pot $6 | Rake $0
Seat 5: ct-650 (big blind) folded before Flop
Seat 6: kyle472 (button) (small blind) collected ($6)


PokerStars Hand #144539335437:  Hold'em Limit ($3/$6 USD) - 2015/11/28 21:44:15 ET
Table 'Benetnasch' 10-max Seat #6 is the button
Seat 5: ct-650 ($168.38 in chips)
Seat 6: kyle472 ($16 in chips)
kyle472: posts small blind $1
ct-650: posts big blind $3
*** HOLE CARDS ***
kyle472: raises $3 to $6
ct-650: folds
Uncalled bet ($3) returned to kyle472
kyle472 collected $6 from pot
*** SUMMARY ***
Total pot $6 | Rake $0
Seat 5: ct-650 (big blind) folded before Flop
Seat 6: kyle472 (button) (small blind) collected ($6)


PokerStars Hand #144539314859:  Hold'em Limit ($3/$6 USD) - 2015/11/28 21:43:27 ET
Table 'Benetnasch' 10-max Seat #6 is the button
Seat 5: ct-650 ($149 in chips)
Seat 6: kyle472 ($36 in chips)
kyle472: posts small blind $1
ct-650: posts big blind $3
*** HOLE CARDS ***
kyle472: calls $2
ct-650: checks
*** FLOP *** [Jh 5h Td]
ct-650: checks
kyle472: checks
*** TURN *** [Jh 5h Td] [6d]
ct-650: bets $6
kyle472: calls $6
*** RIVER *** [Jh 5h Td 6d] [Js]
ct-650: checks
kyle472: bets $6
ct-650: calls $6
*** SHOW DOWN ***
kyle472: shows [8c Qd] (a pair of Jacks)
ct-650: shows [4c 5d] (two pair, Jacks and Fives)
ct-650 collected $29.50 from pot
*** SUMMARY ***
Total pot $30 | Rake $0.50
Board [Jh 5h Td 6d Js]
Seat 5: ct-650 (big blind) showed [4c 5d] and won ($29.50) with two pair, Jacks and Fives
Seat 6: kyle472 (button) (small blind) showed [8c Qd] and lost with a pair of Jacks


PokerStars Hand #144539338577:  Hold'em Limit ($3/$6 USD) - 2015/11/28 21:44:23 ET
Table 'Benetnasch' 10-max Seat #5 is the button
Seat 5: ct-650 ($165.38 in chips)
Seat 6: kyle472 ($19 in chips)
ct-650: posts small blind $1
kyle472: posts big blind $3
*** HOLE CARDS ***
ct-650: raises $3 to $6
kyle472: folds
Uncalled bet ($3) returned to ct-650
ct-650 collected $6 from pot
*** SUMMARY ***
Total pot $6 | Rake $0
Seat 5: ct-650 (button) (small blind) collected ($6)
Seat 6: kyle472 (big blind) folded before Flop


PokerStars Hand #144539332466:  Hold'em Limit ($3/$6 USD) - 2015/11/28 21:44:08 ET
Table 'Benetnasch' 10-max Seat #5 is the button
Seat 5: ct-650 ($165.38 in chips)
Seat 6: kyle472 ($19 in chips)
ct-650: posts small blind $1
kyle472: posts big blind $3
*** HOLE CARDS ***
ct-650: raises $3 to $6
kyle472: folds
Uncalled bet ($3) returned to ct-650
ct-650 collected $6 from pot
*** SUMMARY ***
Total pot $6 | Rake $0
Seat 5: ct-650 (button) (small blind) collected ($6)
Seat 6: kyle472 (big blind) folded before Flop


PokerStars Hand #144539327158:  Hold'em Limit ($3/$6 USD) - 2015/11/28 21:43:56 ET
Table 'Benetnasch' 10-max Seat #6 is the button
Seat 5: ct-650 ($162.50 in chips)
Seat 6: kyle472 ($22 in chips)
kyle472: posts small blind $1
ct-650: posts big blind $3
*** HOLE CARDS ***
kyle472: calls $2
ct-650: checks
*** FLOP *** [3c 7c Kh]
ct-650: bets $3
kyle472: folds
Uncalled bet ($3) returned to ct-650
ct-650 collected $5.88 from pot
*** SUMMARY ***
Total pot $6 | Rake $0.12
Board [3c 7c Kh]
Seat 5: ct-650 (big blind) collected ($5.88)
Seat 6: kyle472 (button) (small blind) folded on the Flop


PokerStars Hand #144539365612:  Hold'em Limit ($3/$6 USD) - 2015/11/28 21:45:26 ET
Table 'Benetnasch' 10-max Seat #6 is the button
Seat 5: ct-650 ($183.88 in chips)
Seat 6: kyle472 ($30 in chips)
kyle472: posts small blind $1
ct-650: posts big blind $3
*** HOLE CARDS ***
kyle472: folds
Uncalled bet ($2) returned to ct-650
ct-650 collected $2 from pot
*** SUMMARY ***
Total pot $2 | Rake $0
Seat 5: ct-650 (big blind) collected ($2)
Seat 6: kyle472 (button) (small blind) folded before Flop


PokerStars Hand #144539346222:  Hold'em Limit ($3/$6 USD) - 2015/11/28 21:44:40 ET
Table 'Benetnasch' 10-max Seat #5 is the button
Seat 5: ct-650 ($165.38 in chips)
Seat 6: kyle472 ($19 in chips)
ct-650: posts small blind $1
kyle472: posts big blind $3
*** HOLE CARDS ***
ct-650: raises $3 to $6
kyle472: raises $3 to $9
ct-650: calls $3
*** FLOP *** [4d 3s Ac]
kyle472: bets $3
ct-650: calls $3
*** TURN *** [4d 3s Ac] [As]
kyle472: bets $6
ct-650: calls $6
*** RIVER *** [4d 3s Ac As] [8h]
kyle472: bets $1 and is all-in
ct-650: calls $1
*** SHOW DOWN ***
kyle472: shows [Qh Th] (a pair of Aces)
ct-650: shows [4s Jc] (two pair, Aces and Fours)
ct-650 collected $37.50 from pot
*** SUMMARY ***
Total pot $38 | Rake $0.50
Board [4d 3s Ac As 8h]
Seat 5: ct-650 (button) (small blind) showed [4s Jc] and won ($37.50) with two pair, Aces and Fours
Seat 6: kyle472 (big blind) showed [Qh Th] and lost with a pair of Aces


PokerStars Hand #144539373979:  Hold'em Limit ($3/$6 USD) - 2015/11/28 21:45:45 ET
Table 'Benetnasch' 10-max Seat #6 is the button
Seat 5: ct-650 ($183.88 in chips)
Seat 6: kyle472 ($30 in chips)
kyle472: posts small blind $1
ct-650: posts big blind $3
*** HOLE CARDS ***
kyle472: calls $2
ct-650: checks
*** FLOP *** [Th Jc Ks]
ct-650: checks
kyle472: checks
*** TURN *** [Th Jc Ks] [2c]
ct-650: checks
kyle472: checks
*** RIVER *** [Th Jc Ks 2c] [4c]
ct-650: checks
kyle472: checks
*** SHOW DOWN ***
ct-650: shows [6c 4h] (a pair of Fours)
kyle472: mucks hand
ct-650 collected $5.88 from pot
*** SUMMARY ***
Total pot $6 | Rake $0.12
Board [Th Jc Ks 2c 4c]
Seat 5: ct-650 (big blind) showed [6c 4h] and won ($5.88) with a pair of Fours
Seat 6: kyle472 (button) (small blind) mucked


PokerStars Hand #144539387780:  Hold'em Limit ($3/$6 USD) - 2015/11/28 21:46:17 ET
Table 'Benetnasch' 10-max Seat #5 is the button
Seat 5: ct-650 ($186.76 in chips)
Seat 6: kyle472 ($27 in chips)
ct-650: posts small blind $1
kyle472: posts big blind $3
*** HOLE CARDS ***
ct-650: raises $3 to $6
kyle472: calls $3
*** FLOP *** [Qd 5c Jc]
kyle472: checks
ct-650: bets $3
kyle472: calls $3
*** TURN *** [Qd 5c Jc] [7h]
kyle472: bets $6
ct-650: calls $6
*** RIVER *** [Qd 5c Jc 7h] [7s]
kyle472: bets $6
ct-650: folds
Uncalled bet ($6) returned to kyle472
kyle472 collected $29.50 from pot
*** SUMMARY ***
Total pot $30 | Rake $0.50
Board [Qd 5c Jc 7h 7s]
Seat 5: ct-650 (button) (small blind) folded on the River
Seat 6: kyle472 (big blind) collected ($29.50)


PokerStars Hand #144539398979:  Hold'em Limit ($3/$6 USD) - 2015/11/28 21:46:43 ET
Table 'Benetnasch' 10-max Seat #6 is the button
Seat 5: ct-650 ($171.76 in chips)
Seat 6: kyle472 ($41.50 in chips)
kyle472: posts small blind $1
ct-650: posts big blind $3
*** HOLE CARDS ***
kyle472: calls $2
ct-650: raises $3 to $6
kyle472: calls $3
*** FLOP *** [9h Jc 4d]
ct-650: bets $3
kyle472: calls $3
*** TURN *** [9h Jc 4d] [9s]
ct-650: checks
kyle472: checks
*** RIVER *** [9h Jc 4d 9s] [7s]
ct-650: checks
kyle472: checks
*** SHOW DOWN ***
ct-650: shows [5h Ac] (a pair of Nines)
kyle472: mucks hand
ct-650 collected $17.64 from pot
*** SUMMARY ***
Total pot $18 | Rake $0.36
Board [9h Jc 4d 9s 7s]
Seat 5: ct-650 (big blind) showed [5h Ac] and won ($17.64) with a pair of Nines
Seat 6: kyle472 (button) (small blind) mucked


PokerStars Hand #144539413895:  Hold'em Limit ($3/$6 USD) - 2015/11/28 21:47:18 ET
Table 'Benetnasch' 10-max Seat #5 is the button
Seat 5: ct-650 ($180.40 in chips)
Seat 6: kyle472 ($32.50 in chips)
ct-650: posts small blind $1
kyle472: posts big blind $3
*** HOLE CARDS ***
ct-650: raises $3 to $6
kyle472: calls $3
*** FLOP *** [4c 9d 6c]
kyle472: checks
ct-650: bets $3
kyle472: calls $3
*** TURN *** [4c 9d 6c] [7c]
kyle472: checks
ct-650: bets $6
kyle472: folds
Uncalled bet ($6) returned to ct-650
ct-650 collected $17.64 from pot
*** SUMMARY ***
Total pot $18 | Rake $0.36
Board [4c 9d 6c 7c]
Seat 5: ct-650 (button) (small blind) collected ($17.64)
Seat 6: kyle472 (big blind) folded on the Turn


PokerStars Hand #144539425230:  Hold'em Limit ($3/$6 USD) - 2015/11/28 21:47:44 ET
Table 'Benetnasch' 10-max Seat #6 is the button
Seat 5: ct-650 ($189.04 in chips)
Seat 6: kyle472 ($23.50 in chips)
kyle472: posts small blind $1
ct-650: posts big blind $3
*** HOLE CARDS ***
kyle472: calls $2
ct-650: checks
*** FLOP *** [Ts Jd 7s]
ct-650: checks
kyle472: checks
*** TURN *** [Ts Jd 7s] [Ad]
ct-650: checks
kyle472: checks
*** RIVER *** [Ts Jd 7s Ad] [3c]
ct-650: checks
kyle472: bets $6
ct-650: calls $6
*** SHOW DOWN ***
kyle472: shows [6s 7c] (a pair of Sevens)
ct-650: mucks hand
kyle472 collected $17.64 from pot
*** SUMMARY ***
Total pot $18 | Rake $0.36
Board [Ts Jd 7s Ad 3c]
Seat 5: ct-650 (big blind) mucked
Seat 6: kyle472 (button) (small blind) showed [6s 7c] and won ($17.64) with a pair of Sevens


PokerStars Hand #144539435060:  Hold'em Limit ($3/$6 USD) - 2015/11/28 21:48:07 ET
Table 'Benetnasch' 10-max Seat #5 is the button
Seat 5: ct-650 ($180.04 in chips)
Seat 6: kyle472 ($32.14 in chips)
ct-650: posts small blind $1
kyle472: posts big blind $3
*** HOLE CARDS ***
ct-650: raises $3 to $6
kyle472: calls $3
*** FLOP *** [5d Kd 7h]
kyle472: checks
ct-650: bets $3
kyle472: calls $3
*** TURN *** [5d Kd 7h] [Ac]
kyle472: checks
ct-650: checks
*** RIVER *** [5d Kd 7h Ac] [Ah]
kyle472: bets $6
ct-650: folds
Uncalled bet ($6) returned to kyle472
kyle472 collected $17.64 from pot
*** SUMMARY ***
Total pot $18 | Rake $0.36
Board [5d Kd 7h Ac Ah]
Seat 5: ct-650 (button) (small blind) folded on the River
Seat 6: kyle472 (big blind) collected ($17.64)


PokerStars Hand #144539447260:  Hold'em Limit ($3/$6 USD) - 2015/11/28 21:48:36 ET
Table 'Benetnasch' 10-max Seat #6 is the button
Seat 5: ct-650 ($171.04 in chips)
Seat 6: kyle472 ($40.78 in chips)
kyle472: posts small blind $1
ct-650: posts big blind $3
*** HOLE CARDS ***
kyle472: calls $2
ct-650: checks
*** FLOP *** [7c 9h 6d]
ct-650: bets $3
kyle472: folds
Uncalled bet ($3) returned to ct-650
ct-650 collected $5.88 from pot
*** SUMMARY ***
Total pot $6 | Rake $0.12
Board [7c 9h 6d]
Seat 5: ct-650 (big blind) collected ($5.88)
Seat 6: kyle472 (button) (small blind) folded on the Flop


PokerStars Hand #144539454673:  Hold'em Limit ($3/$6 USD) - 2015/11/28 21:48:54 ET
Table 'Benetnasch' 10-max Seat #5 is the button
Seat 5: ct-650 ($173.92 in chips)
Seat 6: kyle472 ($37.78 in chips)
ct-650: posts small blind $1
kyle472: posts big blind $3
*** HOLE CARDS ***
ct-650: raises $3 to $6
kyle472: folds
Uncalled bet ($3) returned to ct-650
ct-650 collected $6 from pot
*** SUMMARY ***
Total pot $6 | Rake $0
Seat 5: ct-650 (button) (small blind) collected ($6)
Seat 6: kyle472 (big blind) folded before Flop


PokerStars Hand #144539459421:  Hold'em Limit ($3/$6 USD) - 2015/11/28 21:49:05 ET
Table 'Benetnasch' 10-max Seat #6 is the button
Seat 5: ct-650 ($176.92 in chips)
Seat 6: kyle472 ($34.78 in chips)
kyle472: posts small blind $1
ct-650: posts big blind $3
*** HOLE CARDS ***
kyle472: calls $2
ct-650: raises $3 to $6
kyle472: calls $3
*** FLOP *** [9d 8d 5c]
ct-650: bets $3
kyle472: calls $3
*** TURN *** [9d 8d 5c] [6c]
ct-650: checks
kyle472: bets $6
ct-650: folds
Uncalled bet ($6) returned to kyle472
kyle472 collected $17.64 from pot
*** SUMMARY ***
Total pot $18 | Rake $0.36
Board [9d 8d 5c 6c]
Seat 5: ct-650 (big blind) folded on the Turn
Seat 6: kyle472 (button) (small blind) collected ($17.64)


PokerStars Hand #144539488933:  Hold'em Limit ($3/$6 USD) - 2015/11/28 21:50:15 ET
Table 'Benetnasch' 10-max Seat #5 is the button
Seat 5: ct-650 ($163.92 in chips)
Seat 6: kyle472 ($47.30 in chips)
ct-650: posts small blind $1
kyle472: posts big blind $3
*** HOLE CARDS ***
ct-650: raises $3 to $6
kyle472: calls $3
*** FLOP *** [Qs 5s 5c]
kyle472: checks
ct-650: checks
*** TURN *** [Qs 5s 5c] [6c]
kyle472: checks
ct-650: bets $6
kyle472: folds
Uncalled bet ($6) returned to ct-650
ct-650 collected $11.76 from pot
*** SUMMARY ***
Total pot $12 | Rake $0.24
Board [Qs 5s 5c 6c]
Seat 5: ct-650 (button) (small blind) collected ($11.76)
Seat 6: kyle472 (big blind) folded on the Turn


PokerStars Hand #144539508051:  Hold'em Limit ($3/$6 USD) - 2015/11/28 21:51:01 ET
Table 'Benetnasch' 10-max Seat #5 is the button
Seat 5: ct-650 ($172.56 in chips)
Seat 6: kyle472 ($38.30 in chips)
ct-650: posts small blind $1
kyle472: posts big blind $3
*** HOLE CARDS ***
ct-650: raises $3 to $6
kyle472: calls $3
*** FLOP *** [9d 8s 8c]
kyle472: checks
ct-650: checks
*** TURN *** [9d 8s 8c] [As]
kyle472: checks
ct-650: bets $6
kyle472: folds
Uncalled bet ($6) returned to ct-650
ct-650 collected $11.76 from pot
*** SUMMARY ***
Total pot $12 | Rake $0.24
Board [9d 8s 8c As]
Seat 5: ct-650 (button) (small blind) collected ($11.76)
Seat 6: kyle472 (big blind) folded on the Turn


PokerStars Hand #144539497537:  Hold'em Limit ($3/$6 USD) - 2015/11/28 21:50:36 ET
Table 'Benetnasch' 10-max Seat #6 is the button
Seat 5: ct-650 ($169.68 in chips)
Seat 6: kyle472 ($41.30 in chips)
kyle472: posts small blind $1
ct-650: posts big blind $3
*** HOLE CARDS ***
kyle472: calls $2
ct-650: checks
*** FLOP *** [Ad 9s 9c]
ct-650: checks
kyle472: checks
*** TURN *** [Ad 9s 9c] [Qh]
ct-650: bets $6
kyle472: folds
Uncalled bet ($6) returned to ct-650
ct-650 collected $5.88 from pot
*** SUMMARY ***
Total pot $6 | Rake $0.12
Board [Ad 9s 9c Qh]
Seat 5: ct-650 (big blind) collected ($5.88)
Seat 6: kyle472 (button) (small blind) folded on the Turn


PokerStars Hand #144539517227:  Hold'em Limit ($3/$6 USD) - 2015/11/28 21:51:23 ET
Table 'Benetnasch' 10-max Seat #6 is the button
Seat 5: ct-650 ($178.32 in chips)
Seat 6: kyle472 ($32.30 in chips)
kyle472: posts small blind $1
ct-650: posts big blind $3
*** HOLE CARDS ***
kyle472: calls $2
ct-650: raises $3 to $6
kyle472: calls $3
*** FLOP *** [8d 4c Ks]
ct-650: bets $3
kyle472: raises $3 to $6
ct-650: raises $3 to $9
kyle472: calls $3
*** TURN *** [8d 4c Ks] [5h]
ct-650: bets $6
kyle472: raises $6 to $12
ct-650: calls $6
*** RIVER *** [8d 4c Ks 5h] [Kh]
ct-650: bets $6
kyle472: calls $5.30 and is all-in
Uncalled bet ($0.70) returned to ct-650
*** SHOW DOWN ***
ct-650: shows [Kd 9s] (three of a kind, Kings)
kyle472: shows [8c 5c] (two pair, Kings and Eights)
ct-650 collected $64.10 from pot
*** SUMMARY ***
Total pot $64.60 | Rake $0.50
Board [8d 4c Ks 5h Kh]
Seat 5: ct-650 (big blind) showed [Kd 9s] and won ($64.10) with three of a kind, Kings
Seat 6: kyle472 (button) (small blind) showed [8c 5c] and lost with two pair, Kings and Eights


PokerStars Hand #144542079291:  Hold'em Limit ($3/$6 USD) - 2015/11/28 23:58:44 ET
Table 'Benetnasch' 10-max Seat #5 is the button
Seat 5: ct-650 ($210.12 in chips)
Seat 6: 2015lmt ($30 in chips)
GoliafUa joins the table at seat #7
ct-650: posts small blind $1
2015lmt: posts big blind $3
*** HOLE CARDS ***
ct-650: raises $3 to $6
2015lmt: calls $3
*** FLOP *** [5h Qc 2h]
2015lmt: checks
ct-650: bets $3
2015lmt: calls $3
*** TURN *** [5h Qc 2h] [7h]
2015lmt: checks
ct-650: bets $6
2015lmt: folds
Uncalled bet ($6) returned to ct-650
ct-650 collected $17.64 from pot
*** SUMMARY ***
Total pot $18 | Rake $0.36
Board [5h Qc 2h 7h]
Seat 5: ct-650 (button) (small blind) collected ($17.64)
Seat 6: 2015lmt (big blind) folded on the Turn


PokerStars Hand #144542367781:  Hold'em Limit ($3/$6 USD) - 2015/11/29 0:16:17 ET
Table 'Benetnasch' 10-max Seat #6 is the button
Seat 6: 2015lmt ($149.17 in chips)
Seat 7: GoliafUa ($152.55 in chips)
2015lmt: posts small blind $1
GoliafUa: posts big blind $3
*** HOLE CARDS ***
2015lmt: folds
Uncalled bet ($2) returned to GoliafUa
GoliafUa collected $2 from pot
GoliafUa: doesn't show hand
*** SUMMARY ***
Total pot $2 | Rake $0
Seat 6: 2015lmt (button) (small blind) folded before Flop
Seat 7: GoliafUa (big blind) collected ($2)


PokerStars Hand #144542364534:  Hold'em Limit ($3/$6 USD) - 2015/11/29 0:16:05 ET
Table 'Benetnasch' 10-max Seat #7 is the button
Seat 6: 2015lmt ($143.41 in chips)
Seat 7: GoliafUa ($158.55 in chips)
GoliafUa: posts small blind $1
ct-650: is sitting out
2015lmt: posts big blind $3
*** HOLE CARDS ***
GoliafUa: raises $3 to $6
2015lmt: calls $3
*** FLOP *** [Qs 9s 3h]
2015lmt: bets $3
GoliafUa: folds
Uncalled bet ($3) returned to 2015lmt
2015lmt collected $11.76 from pot
2015lmt: doesn't show hand
*** SUMMARY ***
Total pot $12 | Rake $0.24
Board [Qs 9s 3h]
Seat 6: 2015lmt (big blind) collected ($11.76)
Seat 7: GoliafUa (button) (small blind) folded on the Flop


PokerStars Hand #144542369127:  Hold'em Limit ($3/$6 USD) - 2015/11/29 0:16:22 ET
Table 'Benetnasch' 10-max Seat #7 is the button
Seat 6: 2015lmt ($148.17 in chips)
Seat 7: GoliafUa ($153.55 in chips)
GoliafUa: posts small blind $1
2015lmt: posts big blind $3
*** HOLE CARDS ***
GoliafUa: raises $3 to $6
ct-650 leaves the table
2015lmt: calls $3
*** FLOP *** [3h Ks 4c]
2015lmt: checks
GoliafUa: bets $3
2015lmt: calls $3
*** TURN *** [3h Ks 4c] [Kh]
2015lmt: checks
GoliafUa: bets $6
2015lmt: calls $6
*** RIVER *** [3h Ks 4c Kh] [Qd]
2015lmt: checks
GoliafUa: bets $6
2015lmt: calls $6
*** SHOW DOWN ***
GoliafUa: shows [Qc 3s] (two pair, Kings and Queens)
2015lmt: mucks hand
GoliafUa collected $41.50 from pot
*** SUMMARY ***
Total pot $42 | Rake $0.50
Board [3h Ks 4c Kh Qd]
Seat 6: 2015lmt (big blind) mucked
Seat 7: GoliafUa (button) (small blind) showed [Qc 3s] and won ($41.50) with two pair, Kings and Queens


PokerStars Hand #144542374729:  Hold'em Limit ($3/$6 USD) - 2015/11/29 0:16:42 ET
Table 'Benetnasch' 10-max Seat #6 is the button
Seat 6: 2015lmt ($127.17 in chips)
Seat 7: GoliafUa ($174.05 in chips)
2015lmt: posts small blind $1
GoliafUa: posts big blind $3
*** HOLE CARDS ***
2015lmt: raises $3 to $6
GoliafUa: calls $3
*** FLOP *** [3c 8s 9s]
GoliafUa: checks
2015lmt: bets $3
GoliafUa: raises $3 to $6
2015lmt: raises $3 to $9
GoliafUa: calls $3
*** TURN *** [3c 8s 9s] [6s]
GoliafUa: checks
2015lmt: bets $6
GoliafUa: raises $6 to $12
2015lmt: raises $6 to $18
GoliafUa: raises $6 to $24
Betting is capped
2015lmt: calls $6
*** RIVER *** [3c 8s 9s 6s] [5h]
GoliafUa: checks
2015lmt: bets $6
GoliafUa: raises $6 to $12
2015lmt: raises $6 to $18
GoliafUa: calls $6
*** SHOW DOWN ***
2015lmt: shows [Qs Qc] (a pair of Queens)
GoliafUa: shows [5s Ts] (a flush, Ten high)
GoliafUa collected $113.50 from pot
*** SUMMARY ***
Total pot $114 | Rake $0.50
Board [3c 8s 9s 6s 5h]
Seat 6: 2015lmt (button) (small blind) showed [Qs Qc] and lost with a pair of Queens
Seat 7: GoliafUa (big blind) showed [5s Ts] and won ($113.50) with a flush, Ten high


PokerStars Hand #144542386349:  Hold'em Limit ($3/$6 USD) - 2015/11/29 0:17:25 ET
Table 'Benetnasch' 10-max Seat #6 is the button
Seat 6: 2015lmt ($40.17 in chips)
Seat 7: GoliafUa ($260.05 in chips)
2015lmt: posts small blind $1
GoliafUa: posts big blind $3
*** HOLE CARDS ***
2015lmt: raises $3 to $6
GoliafUa: raises $3 to $9
2015lmt: raises $3 to $12
Betting is capped
GoliafUa: calls $3
*** FLOP *** [8c 7c Ks]
GoliafUa: checks
2015lmt: bets $3
GoliafUa: calls $3
*** TURN *** [8c 7c Ks] [4c]
GoliafUa: checks
2015lmt: bets $6
GoliafUa: calls $6
*** RIVER *** [8c 7c Ks 4c] [Td]
GoliafUa: checks
2015lmt: bets $6
GoliafUa: folds
Uncalled bet ($6) returned to 2015lmt
2015lmt collected $41.50 from pot
2015lmt: doesn't show hand
*** SUMMARY ***
Total pot $42 | Rake $0.50
Board [8c 7c Ks 4c Td]
Seat 6: 2015lmt (button) (small blind) collected ($41.50)
Seat 7: GoliafUa (big blind) folded on the River


PokerStars Hand #144542394847:  Hold'em Limit ($3/$6 USD) - 2015/11/29 0:17:57 ET
Table 'Benetnasch' 10-max Seat #6 is the button
Seat 6: 2015lmt ($66.43 in chips)
Seat 7: GoliafUa ($233.05 in chips)
2015lmt: posts small blind $1
GoliafUa: posts big blind $3
*** HOLE CARDS ***
2015lmt: folds
Uncalled bet ($2) returned to GoliafUa
GoliafUa collected $2 from pot
GoliafUa: doesn't show hand
*** SUMMARY ***
Total pot $2 | Rake $0
Seat 6: 2015lmt (button) (small blind) folded before Flop
Seat 7: GoliafUa (big blind) collected ($2)


PokerStars Hand #144542392100:  Hold'em Limit ($3/$6 USD) - 2015/11/29 0:17:47 ET
Table 'Benetnasch' 10-max Seat #7 is the button
Seat 6: 2015lmt ($60.67 in chips)
Seat 7: GoliafUa ($239.05 in chips)
GoliafUa: posts small blind $1
2015lmt: posts big blind $3
*** HOLE CARDS ***
GoliafUa: raises $3 to $6
2015lmt: calls $3
*** FLOP *** [Ah As 9h]
2015lmt: bets $3
GoliafUa: folds
Uncalled bet ($3) returned to 2015lmt
2015lmt collected $11.76 from pot
2015lmt: doesn't show hand
*** SUMMARY ***
Total pot $12 | Rake $0.24
Board [Ah As 9h]
Seat 6: 2015lmt (big blind) collected ($11.76)
Seat 7: GoliafUa (button) (small blind) folded on the Flop


PokerStars Hand #144542396224:  Hold'em Limit ($3/$6 USD) - 2015/11/29 0:18:02 ET
Table 'Benetnasch' 10-max Seat #7 is the button
Seat 6: 2015lmt ($65.43 in chips)
Seat 7: GoliafUa ($234.05 in chips)
GoliafUa: posts small blind $1
2015lmt: posts big blind $3
*** HOLE CARDS ***
GoliafUa: raises $3 to $6
2015lmt: raises $3 to $9
GoliafUa: calls $3
*** FLOP *** [Jh 8c Qd]
2015lmt: bets $3
GoliafUa: calls $3
*** TURN *** [Jh 8c Qd] [Tc]
2015lmt: bets $6
GoliafUa: calls $6
*** RIVER *** [Jh 8c Qd Tc] [Kc]
2015lmt: bets $6
GoliafUa: calls $6
*** SHOW DOWN ***
2015lmt: shows [Qc Ac] (a flush, Ace high)
GoliafUa: mucks hand
2015lmt collected $47.50 from pot
*** SUMMARY ***
Total pot $48 | Rake $0.50
Board [Jh 8c Qd Tc Kc]
Seat 6: 2015lmt (big blind) showed [Qc Ac] and won ($47.50) with a flush, Ace high
Seat 7: GoliafUa (button) (small blind) mucked


PokerStars Hand #144542381370:  Hold'em Limit ($3/$6 USD) - 2015/11/29 0:17:07 ET
Table 'Benetnasch' 10-max Seat #7 is the button
Seat 6: 2015lmt ($70.17 in chips)
Seat 7: GoliafUa ($230.55 in chips)
GoliafUa: posts small blind $1
2015lmt: posts big blind $3
*** HOLE CARDS ***
GoliafUa: raises $3 to $6
2015lmt: raises $3 to $9
GoliafUa: calls $3
*** FLOP *** [Qs Th 2s]
2015lmt: bets $3
GoliafUa: calls $3
*** TURN *** [Qs Th 2s] [Qd]
2015lmt: bets $6
GoliafUa: raises $6 to $12
2015lmt: calls $6
*** RIVER *** [Qs Th 2s Qd] [4s]
2015lmt: checks
GoliafUa: bets $6
2015lmt: calls $6
*** SHOW DOWN ***
GoliafUa: shows [5s Ts] (a flush, Queen high)
2015lmt: mucks hand
GoliafUa collected $59.50 from pot
*** SUMMARY ***
Total pot $60 | Rake $0.50
Board [Qs Th 2s Qd 4s]
Seat 6: 2015lmt (big blind) mucked
Seat 7: GoliafUa (button) (small blind) showed [5s Ts] and won ($59.50) with a flush, Queen high


PokerStars Hand #144542403986:  Hold'em Limit ($3/$6 USD) - 2015/11/29 0:18:31 ET
Table 'Benetnasch' 10-max Seat #7 is the button
Seat 6: 2015lmt ($70.93 in chips)
Seat 7: GoliafUa ($227.55 in chips)
GoliafUa: posts small blind $1
2015lmt: posts big blind $3
*** HOLE CARDS ***
GoliafUa: raises $3 to $6
2015lmt: raises $3 to $9
GoliafUa: calls $3
*** FLOP *** [4d 2c 5h]
2015lmt: checks
GoliafUa: checks
*** TURN *** [4d 2c 5h] [Qd]
2015lmt: bets $6
GoliafUa: calls $6
*** RIVER *** [4d 2c 5h Qd] [Qc]
2015lmt: bets $6
GoliafUa: calls $6
*** SHOW DOWN ***
2015lmt: shows [Ad Ah] (two pair, Aces and Queens)
GoliafUa: mucks hand
2015lmt collected $41.50 from pot
*** SUMMARY ***
Total pot $42 | Rake $0.50
Board [4d 2c 5h Qd Qc]
Seat 6: 2015lmt (big blind) showed [Ad Ah] and won ($41.50) with two pair, Aces and Queens
Seat 7: GoliafUa (button) (small blind) mucked


PokerStars Hand #144542407998:  Hold'em Limit ($3/$6 USD) - 2015/11/29 0:18:46 ET
Table 'Benetnasch' 10-max Seat #6 is the button
Seat 6: 2015lmt ($91.43 in chips)
Seat 7: GoliafUa ($206.55 in chips)
2015lmt: posts small blind $1
GoliafUa: posts big blind $3
*** HOLE CARDS ***
2015lmt: raises $3 to $6
GoliafUa: calls $3
*** FLOP *** [5s 5c 3c]
GoliafUa: checks
2015lmt: bets $3
GoliafUa: calls $3
*** TURN *** [5s 5c 3c] [Ad]
GoliafUa: checks
2015lmt: bets $6
GoliafUa: calls $6
*** RIVER *** [5s 5c 3c Ad] [6c]
GoliafUa: checks
2015lmt: bets $6
GoliafUa: folds
Uncalled bet ($6) returned to 2015lmt
2015lmt collected $29.50 from pot
2015lmt: doesn't show hand
*** SUMMARY ***
Total pot $30 | Rake $0.50
Board [5s 5c 3c Ad 6c]
Seat 6: 2015lmt (button) (small blind) collected ($29.50)
Seat 7: GoliafUa (big blind) folded on the River


PokerStars Hand #144542412088:  Hold'em Limit ($3/$6 USD) - 2015/11/29 0:19:01 ET
Table 'Benetnasch' 10-max Seat #7 is the button
Seat 6: 2015lmt ($105.93 in chips)
Seat 7: GoliafUa ($191.55 in chips)
GoliafUa: posts small blind $1
2015lmt: posts big blind $3
*** HOLE CARDS ***
GoliafUa: raises $3 to $6
2015lmt: calls $3
*** FLOP *** [2s As 2c]
2015lmt: checks
GoliafUa: bets $3
2015lmt: folds
Uncalled bet ($3) returned to GoliafUa
GoliafUa collected $11.76 from pot
GoliafUa: doesn't show hand
*** SUMMARY ***
Total pot $12 | Rake $0.24
Board [2s As 2c]
Seat 6: 2015lmt (big blind) folded on the Flop
Seat 7: GoliafUa (button) (small blind) collected ($11.76)


PokerStars Hand #144542416191:  Hold'em Limit ($3/$6 USD) - 2015/11/29 0:19:16 ET
Table 'Benetnasch' 10-max Seat #7 is the button
Seat 6: 2015lmt ($98.93 in chips)
Seat 7: GoliafUa ($198.31 in chips)
GoliafUa: posts small blind $1
2015lmt: posts big blind $3
*** HOLE CARDS ***
GoliafUa: raises $3 to $6
2015lmt: folds
Uncalled bet ($3) returned to GoliafUa
GoliafUa collected $6 from pot
GoliafUa: doesn't show hand
*** SUMMARY ***
Total pot $6 | Rake $0
Seat 6: 2015lmt (big blind) folded before Flop
Seat 7: GoliafUa (button) (small blind) collected ($6)


PokerStars Hand #144542414832:  Hold'em Limit ($3/$6 USD) - 2015/11/29 0:19:11 ET
Table 'Benetnasch' 10-max Seat #6 is the button
Seat 6: 2015lmt ($99.93 in chips)
Seat 7: GoliafUa ($197.31 in chips)
2015lmt: posts small blind $1
GoliafUa: posts big blind $3
*** HOLE CARDS ***
2015lmt: folds
Uncalled bet ($2) returned to GoliafUa
GoliafUa collected $2 from pot
GoliafUa: doesn't show hand
*** SUMMARY ***
Total pot $2 | Rake $0
Seat 6: 2015lmt (button) (small blind) folded before Flop
Seat 7: GoliafUa (big blind) collected ($2)


PokerStars Hand #144542400043:  Hold'em Limit ($3/$6 USD) - 2015/11/29 0:18:16 ET
Table 'Benetnasch' 10-max Seat #6 is the button
Seat 6: 2015lmt ($88.93 in chips)
Seat 7: GoliafUa ($210.05 in chips)
2015lmt: posts small blind $1
GoliafUa: posts big blind $3
*** HOLE CARDS ***
2015lmt: raises $3 to $6
GoliafUa: calls $3
*** FLOP *** [4s 7d Jc]
GoliafUa: checks
2015lmt: checks
*** TURN *** [4s 7d Jc] [3s]
GoliafUa: bets $6
2015lmt: calls $6
*** RIVER *** [4s 7d Jc 3s] [2s]
GoliafUa: bets $6
2015lmt: calls $6
*** SHOW DOWN ***
GoliafUa: shows [7s Js] (a flush, Jack high)
2015lmt: mucks hand
GoliafUa collected $35.50 from pot
*** SUMMARY ***
Total pot $36 | Rake $0.50
Board [4s 7d Jc 3s 2s]
Seat 6: 2015lmt (button) (small blind) mucked
Seat 7: GoliafUa (big blind) showed [7s Js] and won ($35.50) with a flush, Jack high


PokerStars Hand #144542417891:  Hold'em Limit ($3/$6 USD) - 2015/11/29 0:19:22 ET
Table 'Benetnasch' 10-max Seat #6 is the button
Seat 6: 2015lmt ($95.93 in chips)
Seat 7: GoliafUa ($201.31 in chips)
2015lmt: posts small blind $1
GoliafUa: posts big blind $3
*** HOLE CARDS ***
2015lmt: raises $3 to $6
GoliafUa: raises $3 to $9
2015lmt: calls $3
*** FLOP *** [9c 8c 7h]
GoliafUa: bets $3
2015lmt: calls $3
*** TURN *** [9c 8c 7h] [Th]
GoliafUa: bets $6
2015lmt: calls $6
*** RIVER *** [9c 8c 7h Th] [7d]
GoliafUa: bets $6
2015lmt: calls $6
*** SHOW DOWN ***
GoliafUa: shows [Ah 6h] (a straight, Six to Ten)
2015lmt: mucks hand
GoliafUa collected $47.50 from pot
*** SUMMARY ***
Total pot $48 | Rake $0.50
Board [9c 8c 7h Th 7d]
Seat 6: 2015lmt (button) (small blind) mucked
Seat 7: GoliafUa (big blind) showed [Ah 6h] and won ($47.50) with a straight, Six to Ten


PokerStars Hand #144542427107:  Hold'em Limit ($3/$6 USD) - 2015/11/29 0:19:57 ET
Table 'Benetnasch' 10-max Seat #6 is the button
Seat 6: 2015lmt ($98.43 in chips)
Seat 7: GoliafUa ($197.81 in chips)
2015lmt: posts small blind $1
GoliafUa: posts big blind $3
*** HOLE CARDS ***
2015lmt: raises $3 to $6
GoliafUa: folds
Uncalled bet ($3) returned to 2015lmt
2015lmt collected $6 from pot
2015lmt: doesn't show hand
*** SUMMARY ***
Total pot $6 | Rake $0
Seat 6: 2015lmt (button) (small blind) collected ($6)
Seat 7: GoliafUa (big blind) folded before Flop


PokerStars Hand #144542422283:  Hold'em Limit ($3/$6 USD) - 2015/11/29 0:19:39 ET
Table 'Benetnasch' 10-max Seat #7 is the button
Seat 6: 2015lmt ($71.93 in chips)
Seat 7: GoliafUa ($224.81 in chips)
GoliafUa: posts small blind $1
2015lmt: posts big blind $3
*** HOLE CARDS ***
GoliafUa: raises $3 to $6
2015lmt: calls $3
*** FLOP *** [3h 5h 8s]
2015lmt: bets $3
GoliafUa: calls $3
*** TURN *** [3h 5h 8s] [9h]
2015lmt: bets $6
GoliafUa: raises $6 to $12
2015lmt: calls $6
*** RIVER *** [3h 5h 8s 9h] [7c]
2015lmt: checks
GoliafUa: bets $6
2015lmt: calls $6
*** SHOW DOWN ***
GoliafUa: shows [5s 9c] (two pair, Nines and Fives)
2015lmt: shows [6h 5d] (a straight, Five to Nine)
2015lmt collected $53.50 from pot
*** SUMMARY ***
Total pot $54 | Rake $0.50
Board [3h 5h 8s 9h 7c]
Seat 6: 2015lmt (big blind) showed [6h 5d] and won ($53.50) with a straight, Five to Nine
Seat 7: GoliafUa (button) (small blind) showed [5s 9c] and lost with two pair, Nines and Fives


PokerStars Hand #144542428637:  Hold'em Limit ($3/$6 USD) - 2015/11/29 0:20:03 ET
Table 'Benetnasch' 10-max Seat #7 is the button
Seat 6: 2015lmt ($101.43 in chips)
Seat 7: GoliafUa ($194.81 in chips)
GoliafUa: posts small blind $1
2015lmt: posts big blind $3
*** HOLE CARDS ***
GoliafUa: raises $3 to $6
2015lmt: calls $3
*** FLOP *** [Ah 3h Ks]
2015lmt: checks
GoliafUa: bets $3
2015lmt: folds
Uncalled bet ($3) returned to GoliafUa
GoliafUa collected $11.76 from pot
GoliafUa: doesn't show hand
*** SUMMARY ***
Total pot $12 | Rake $0.24
Board [Ah 3h Ks]
Seat 6: 2015lmt (big blind) folded on the Flop
Seat 7: GoliafUa (button) (small blind) collected ($11.76)


PokerStars Hand #144542431265:  Hold'em Limit ($3/$6 USD) - 2015/11/29 0:20:13 ET
Table 'Benetnasch' 10-max Seat #6 is the button
Seat 6: 2015lmt ($95.43 in chips)
Seat 7: GoliafUa ($200.57 in chips)
2015lmt: posts small blind $1
GoliafUa: posts big blind $3
*** HOLE CARDS ***
2015lmt: folds
Uncalled bet ($2) returned to GoliafUa
GoliafUa collected $2 from pot
GoliafUa: doesn't show hand
*** SUMMARY ***
Total pot $2 | Rake $0
Seat 6: 2015lmt (button) (small blind) folded before Flop
Seat 7: GoliafUa (big blind) collected ($2)


PokerStars Hand #144542432531:  Hold'em Limit ($3/$6 USD) - 2015/11/29 0:20:17 ET
Table 'Benetnasch' 10-max Seat #7 is the button
Seat 6: 2015lmt ($94.43 in chips)
Seat 7: GoliafUa ($201.57 in chips)
GoliafUa: posts small blind $1
2015lmt: posts big blind $3
*** HOLE CARDS ***
GoliafUa: raises $3 to $6
2015lmt: calls $3
*** FLOP *** [7d 9h 6d]
2015lmt: bets $3
GoliafUa: calls $3
*** TURN *** [7d 9h 6d] [Kd]
2015lmt: bets $6
GoliafUa: raises $6 to $12
2015lmt: calls $6
*** RIVER *** [7d 9h 6d Kd] [3s]
2015lmt: checks
GoliafUa: bets $6
2015lmt: calls $6
*** SHOW DOWN ***
GoliafUa: shows [8s Kc] (a pair of Kings)
2015lmt: mucks hand
GoliafUa collected $53.50 from pot
*** SUMMARY ***
Total pot $54 | Rake $0.50
Board [7d 9h 6d Kd 3s]
Seat 6: 2015lmt (big blind) mucked
Seat 7: GoliafUa (button) (small blind) showed [8s Kc] and won ($53.50) with a pair of Kings


PokerStars Hand #144542440002:  Hold'em Limit ($3/$6 USD) - 2015/11/29 0:20:46 ET
Table 'Benetnasch' 10-max Seat #7 is the button
Seat 6: 2015lmt ($73.19 in chips)
Seat 7: GoliafUa ($222.07 in chips)
GoliafUa: posts small blind $1
2015lmt: posts big blind $3
*** HOLE CARDS ***
GoliafUa: raises $3 to $6
2015lmt: folds
Uncalled bet ($3) returned to GoliafUa
GoliafUa collected $6 from pot
GoliafUa: doesn't show hand
*** SUMMARY ***
Total pot $6 | Rake $0
Seat 6: 2015lmt (big blind) folded before Flop
Seat 7: GoliafUa (button) (small blind) collected ($6)


PokerStars Hand #144542437352:  Hold'em Limit ($3/$6 USD) - 2015/11/29 0:20:36 ET
Table 'Benetnasch' 10-max Seat #6 is the button
Seat 6: 2015lmt ($67.43 in chips)
Seat 7: GoliafUa ($228.07 in chips)
2015lmt: posts small blind $1
GoliafUa: posts big blind $3
*** HOLE CARDS ***
2015lmt: raises $3 to $6
GoliafUa: calls $3
*** FLOP *** [Td Jc 3c]
GoliafUa: checks
2015lmt: bets $3
GoliafUa: folds
Uncalled bet ($3) returned to 2015lmt
2015lmt collected $11.76 from pot
2015lmt: doesn't show hand
*** SUMMARY ***
Total pot $12 | Rake $0.24
Board [Td Jc 3c]
Seat 6: 2015lmt (button) (small blind) collected ($11.76)
Seat 7: GoliafUa (big blind) folded on the Flop


PokerStars Hand #144542441502:  Hold'em Limit ($3/$6 USD) - 2015/11/29 0:20:51 ET
Table 'Benetnasch' 10-max Seat #6 is the button
Seat 6: 2015lmt ($70.19 in chips)
Seat 7: GoliafUa ($225.07 in chips)
2015lmt: posts small blind $1
GoliafUa: posts big blind $3
*** HOLE CARDS ***
2015lmt: folds
Uncalled bet ($2) returned to GoliafUa
GoliafUa collected $2 from pot
GoliafUa: doesn't show hand
*** SUMMARY ***
Total pot $2 | Rake $0
Seat 6: 2015lmt (button) (small blind) folded before Flop
Seat 7: GoliafUa (big blind) collected ($2)


PokerStars Hand #144542442898:  Hold'em Limit ($3/$6 USD) - 2015/11/29 0:20:57 ET
Table 'Benetnasch' 10-max Seat #7 is the button
Seat 6: 2015lmt ($69.19 in chips)
Seat 7: GoliafUa ($226.07 in chips)
GoliafUa: posts small blind $1
2015lmt: posts big blind $3
*** HOLE CARDS ***
GoliafUa: raises $3 to $6
2015lmt: calls $3
*** FLOP *** [8s 5h 8d]
2015lmt: bets $3
GoliafUa: calls $3
*** TURN *** [8s 5h 8d] [2h]
2015lmt: bets $6
GoliafUa: calls $6
*** RIVER *** [8s 5h 8d 2h] [6s]
2015lmt: bets $6
GoliafUa: calls $6
*** SHOW DOWN ***
2015lmt: shows [9s Kh] (a pair of Eights)
GoliafUa: shows [5s 7d] (two pair, Eights and Fives)
GoliafUa collected $41.50 from pot
*** SUMMARY ***
Total pot $42 | Rake $0.50
Board [8s 5h 8d 2h 6s]
Seat 6: 2015lmt (big blind) showed [9s Kh] and lost with a pair of Eights
Seat 7: GoliafUa (button) (small blind) showed [5s 7d] and won ($41.50) with two pair, Eights and Fives


PokerStars Hand #144542446812:  Hold'em Limit ($3/$6 USD) - 2015/11/29 0:21:11 ET
Table 'Benetnasch' 10-max Seat #6 is the button
Seat 6: 2015lmt ($48.19 in chips)
Seat 7: GoliafUa ($246.57 in chips)
2015lmt: posts small blind $1
GoliafUa: posts big blind $3
*** HOLE CARDS ***
2015lmt: raises $3 to $6
GoliafUa: folds
Uncalled bet ($3) returned to 2015lmt
2015lmt collected $6 from pot
2015lmt: doesn't show hand
*** SUMMARY ***
Total pot $6 | Rake $0
Seat 6: 2015lmt (button) (small blind) collected ($6)
Seat 7: GoliafUa (big blind) folded before Flop


PokerStars Hand #144542459506:  Hold'em Limit ($3/$6 USD) - 2015/11/29 0:21:59 ET
Table 'Benetnasch' 10-max Seat #7 is the button
Seat 6: 2015lmt ($92.19 in chips)
Seat 7: GoliafUa ($201.57 in chips)
GoliafUa: posts small blind $1
2015lmt: posts big blind $3
*** HOLE CARDS ***
GoliafUa: raises $3 to $6
2015lmt: calls $3
*** FLOP *** [Tc 8c Ts]
2015lmt: bets $3
GoliafUa: calls $3
*** TURN *** [Tc 8c Ts] [3h]
2015lmt: bets $6
GoliafUa: calls $6
*** RIVER *** [Tc 8c Ts 3h] [3s]
2015lmt: bets $6
GoliafUa: calls $6
*** SHOW DOWN ***
2015lmt: shows [2c Jh] (two pair, Tens and Threes)
GoliafUa: shows [6d Kc] (two pair, Tens and Threes - King kicker)
GoliafUa collected $41.50 from pot
*** SUMMARY ***
Total pot $42 | Rake $0.50
Board [Tc 8c Ts 3h 3s]
Seat 6: 2015lmt (big blind) showed [2c Jh] and lost with two pair, Tens and Threes
Seat 7: GoliafUa (button) (small blind) showed [6d Kc] and won ($41.50) with two pair, Tens and Threes


PokerStars Hand #144542457977:  Hold'em Limit ($3/$6 USD) - 2015/11/29 0:21:53 ET
Table 'Benetnasch' 10-max Seat #6 is the button
Seat 6: 2015lmt ($89.19 in chips)
Seat 7: GoliafUa ($204.57 in chips)
2015lmt: posts small blind $1
GoliafUa: posts big blind $3
*** HOLE CARDS ***
2015lmt: raises $3 to $6
GoliafUa: folds
Uncalled bet ($3) returned to 2015lmt
2015lmt collected $6 from pot
2015lmt: doesn't show hand
*** SUMMARY ***
Total pot $6 | Rake $0
Seat 6: 2015lmt (button) (small blind) collected ($6)
Seat 7: GoliafUa (big blind) folded before Flop


PokerStars Hand #144542456498:  Hold'em Limit ($3/$6 USD) - 2015/11/29 0:21:48 ET
Table 'Benetnasch' 10-max Seat #7 is the button
Seat 6: 2015lmt ($92.19 in chips)
Seat 7: GoliafUa ($201.57 in chips)
GoliafUa: posts small blind $1
2015lmt: posts big blind $3
*** HOLE CARDS ***
GoliafUa: raises $3 to $6
2015lmt: folds
Uncalled bet ($3) returned to GoliafUa
GoliafUa collected $6 from pot
GoliafUa: doesn't show hand
*** SUMMARY ***
Total pot $6 | Rake $0
Seat 6: 2015lmt (big blind) folded before Flop
Seat 7: GoliafUa (button) (small blind) collected ($6)


PokerStars Hand #144542452109:  Hold'em Limit ($3/$6 USD) - 2015/11/29 0:21:31 ET
Table 'Benetnasch' 10-max Seat #6 is the button
Seat 6: 2015lmt ($74.69 in chips)
Seat 7: GoliafUa ($219.57 in chips)
2015lmt: posts small blind $1
GoliafUa: posts big blind $3
*** HOLE CARDS ***
2015lmt: raises $3 to $6
GoliafUa: calls $3
*** FLOP *** [As 3s 6s]
GoliafUa: checks
2015lmt: bets $3
GoliafUa: raises $3 to $6
2015lmt: calls $3
*** TURN *** [As 3s 6s] [Qd]
GoliafUa: bets $6
2015lmt: calls $6
*** RIVER *** [As 3s 6s Qd] [9h]
GoliafUa: checks
2015lmt: checks
*** SHOW DOWN ***
GoliafUa: shows [Tc Js] (high card Ace)
2015lmt: shows [Ks Qh] (a pair of Queens)
2015lmt collected $35.50 from pot
*** SUMMARY ***
Total pot $36 | Rake $0.50
Board [As 3s 6s Qd 9h]
Seat 6: 2015lmt (button) (small blind) showed [Ks Qh] and won ($35.50) with a pair of Queens
Seat 7: GoliafUa (big blind) showed [Tc Js] and lost with high card Ace


PokerStars Hand #144542448331:  Hold'em Limit ($3/$6 USD) - 2015/11/29 0:21:17 ET
Table 'Benetnasch' 10-max Seat #7 is the button
Seat 6: 2015lmt ($51.19 in chips)
Seat 7: GoliafUa ($243.57 in chips)
GoliafUa: posts small blind $1
2015lmt: posts big blind $3
*** HOLE CARDS ***
GoliafUa: raises $3 to $6
2015lmt: raises $3 to $9
GoliafUa: calls $3
*** FLOP *** [4h 5h Js]
2015lmt: bets $3
GoliafUa: calls $3
*** TURN *** [4h 5h Js] [6d]
2015lmt: bets $6
GoliafUa: calls $6
*** RIVER *** [4h 5h Js 6d] [Qd]
2015lmt: bets $6
GoliafUa: calls $6
*** SHOW DOWN ***
2015lmt: shows [Qh Ah] (a pair of Queens)
GoliafUa: mucks hand
2015lmt collected $47.50 from pot
*** SUMMARY ***
Total pot $48 | Rake $0.50
Board [4h 5h Js 6d Qd]
Seat 6: 2015lmt (big blind) showed [Qh Ah] and won ($47.50) with a pair of Queens
Seat 7: GoliafUa (button) (small blind) mucked


PokerStars Hand #144542467163:  Hold'em Limit ($3/$6 USD) - 2015/11/29 0:22:28 ET
Table 'Benetnasch' 10-max Seat #7 is the button
Seat 6: 2015lmt ($50.19 in chips)
Seat 7: GoliafUa ($242.57 in chips)
GoliafUa: posts small blind $1
2015lmt: posts big blind $3
*** HOLE CARDS ***
GoliafUa: raises $3 to $6
2015lmt: raises $3 to $9
GoliafUa: calls $3
*** FLOP *** [Qc 3c 3s]
2015lmt: bets $3
GoliafUa: calls $3
*** TURN *** [Qc 3c 3s] [Jh]
2015lmt: bets $6
GoliafUa: calls $6
*** RIVER *** [Qc 3c 3s Jh] [Qs]
2015lmt: bets $6
GoliafUa: calls $6
*** SHOW DOWN ***
2015lmt: shows [Ks Ts] (two pair, Queens and Threes)
GoliafUa: shows [6d 6h] (two pair, Queens and Sixes)
GoliafUa collected $47.50 from pot
*** SUMMARY ***
Total pot $48 | Rake $0.50
Board [Qc 3c 3s Jh Qs]
Seat 6: 2015lmt (big blind) showed [Ks Ts] and lost with two pair, Queens and Threes
Seat 7: GoliafUa (button) (small blind) showed [6d 6h] and won ($47.50) with two pair, Queens and Sixes


PokerStars Hand #144542475336:  Hold'em Limit ($3/$6 USD) - 2015/11/29 0:22:58 ET
Table 'Benetnasch' 10-max Seat #6 is the button
Seat 6: 2015lmt ($33.83 in chips)
Seat 7: GoliafUa ($258.07 in chips)
2015lmt: posts small blind $1
GoliafUa: posts big blind $3
*** HOLE CARDS ***
2015lmt: raises $3 to $6
GoliafUa: calls $3
*** FLOP *** [5d 9c Td]
GoliafUa: checks
2015lmt: bets $3
GoliafUa: calls $3
*** TURN *** [5d 9c Td] [6c]
GoliafUa: checks
2015lmt: bets $6
GoliafUa: calls $6
*** RIVER *** [5d 9c Td 6c] [Qc]
GoliafUa: checks
2015lmt: bets $6
GoliafUa: calls $6
*** SHOW DOWN ***
2015lmt: shows [8h Ad] (high card Ace)
GoliafUa: shows [5c Js] (a pair of Fives)
GoliafUa collected $41.50 from pot
*** SUMMARY ***
Total pot $42 | Rake $0.50
Board [5d 9c Td 6c Qc]
Seat 6: 2015lmt (button) (small blind) showed [8h Ad] and lost with high card Ace
Seat 7: GoliafUa (big blind) showed [5c Js] and won ($41.50) with a pair of Fives


PokerStars Hand #144542472854:  Hold'em Limit ($3/$6 USD) - 2015/11/29 0:22:49 ET
Table 'Benetnasch' 10-max Seat #7 is the button
Seat 6: 2015lmt ($25.19 in chips)
Seat 7: GoliafUa ($267.07 in chips)
GoliafUa: posts small blind $1
2015lmt: posts big blind $3
*** HOLE CARDS ***
GoliafUa: raises $3 to $6
2015lmt: raises $3 to $9
GoliafUa: calls $3
*** FLOP *** [As Qh Qd]
2015lmt: bets $3
GoliafUa: folds
Uncalled bet ($3) returned to 2015lmt
2015lmt collected $17.64 from pot
2015lmt: doesn't show hand
*** SUMMARY ***
Total pot $18 | Rake $0.36
Board [As Qh Qd]
Seat 6: 2015lmt (big blind) collected ($17.64)
Seat 7: GoliafUa (button) (small blind) folded on the Flop


PokerStars Hand #144542471487:  Hold'em Limit ($3/$6 USD) - 2015/11/29 0:22:44 ET
Table 'Benetnasch' 10-max Seat #6 is the button
Seat 6: 2015lmt ($26.19 in chips)
Seat 7: GoliafUa ($266.07 in chips)
2015lmt: posts small blind $1
GoliafUa: posts big blind $3
*** HOLE CARDS ***
2015lmt: folds
Uncalled bet ($2) returned to GoliafUa
GoliafUa collected $2 from pot
GoliafUa: doesn't show hand
*** SUMMARY ***
Total pot $2 | Rake $0
Seat 6: 2015lmt (button) (small blind) folded before Flop
Seat 7: GoliafUa (big blind) collected ($2)


PokerStars Hand #144542463272:  Hold'em Limit ($3/$6 USD) - 2015/11/29 0:22:13 ET
Table 'Benetnasch' 10-max Seat #6 is the button
Seat 6: 2015lmt ($71.19 in chips)
Seat 7: GoliafUa ($222.07 in chips)
2015lmt: posts small blind $1
GoliafUa: posts big blind $3
*** HOLE CARDS ***
2015lmt: raises $3 to $6
GoliafUa: calls $3
*** FLOP *** [As 3c 5d]
GoliafUa: checks
2015lmt: bets $3
GoliafUa: calls $3
*** TURN *** [As 3c 5d] [2h]
GoliafUa: checks
2015lmt: bets $6
GoliafUa: calls $6
*** RIVER *** [As 3c 5d 2h] [5h]
GoliafUa: checks
2015lmt: bets $6
GoliafUa: calls $6
*** SHOW DOWN ***
2015lmt: shows [8h Qc] (a pair of Fives)
GoliafUa: shows [Th 3s] (two pair, Fives and Threes)
GoliafUa collected $41.50 from pot
*** SUMMARY ***
Total pot $42 | Rake $0.50
Board [As 3c 5d 2h 5h]
Seat 6: 2015lmt (button) (small blind) showed [8h Qc] and lost with a pair of Fives
Seat 7: GoliafUa (big blind) showed [Th 3s] and won ($41.50) with two pair, Fives and Threes


PokerStars Hand #144542492769:  Hold'em Limit ($3/$6 USD) - 2015/11/29 0:24:03 ET
Table 'Benetnasch' 10-max Seat #7 is the button
Seat 6: 2015lmt ($48.20 in chips)
Seat 7: GoliafUa ($241.74 in chips)
GoliafUa: posts small blind $1
2015lmt: posts big blind $3
*** HOLE CARDS ***
GoliafUa: folds
Uncalled bet ($2) returned to 2015lmt
2015lmt collected $2 from pot
2015lmt: doesn't show hand
*** SUMMARY ***
Total pot $2 | Rake $0
Seat 6: 2015lmt (big blind) collected ($2)
Seat 7: GoliafUa (button) (small blind) folded before Flop


PokerStars Hand #144542489583:  Hold'em Limit ($3/$6 USD) - 2015/11/29 0:23:51 ET
Table 'Benetnasch' 10-max Seat #6 is the button
Seat 6: 2015lmt ($39.56 in chips)
Seat 7: GoliafUa ($250.74 in chips)
2015lmt: posts small blind $1
GoliafUa: posts big blind $3
*** HOLE CARDS ***
2015lmt: raises $3 to $6
GoliafUa: calls $3
*** FLOP *** [Td Qs 9d]
GoliafUa: checks
2015lmt: bets $3
GoliafUa: calls $3
*** TURN *** [Td Qs 9d] [Qc]
GoliafUa: checks
2015lmt: bets $6
GoliafUa: folds
Uncalled bet ($6) returned to 2015lmt
2015lmt collected $17.64 from pot
2015lmt: doesn't show hand
*** SUMMARY ***
Total pot $18 | Rake $0.36
Board [Td Qs 9d Qc]
Seat 6: 2015lmt (button) (small blind) collected ($17.64)
Seat 7: GoliafUa (big blind) folded on the Turn


PokerStars Hand #144542486327:  Hold'em Limit ($3/$6 USD) - 2015/11/29 0:23:39 ET
Table 'Benetnasch' 10-max Seat #7 is the button
Seat 6: 2015lmt ($30.92 in chips)
Seat 7: GoliafUa ($259.74 in chips)
GoliafUa: posts small blind $1
2015lmt: posts big blind $3
*** HOLE CARDS ***
GoliafUa: raises $3 to $6
2015lmt: calls $3
*** FLOP *** [Ah 5c Ad]
2015lmt: bets $3
GoliafUa: calls $3
*** TURN *** [Ah 5c Ad] [Td]
2015lmt: bets $6
GoliafUa: folds
Uncalled bet ($6) returned to 2015lmt
2015lmt collected $17.64 from pot
2015lmt: doesn't show hand
*** SUMMARY ***
Total pot $18 | Rake $0.36
Board [Ah 5c Ad Td]
Seat 6: 2015lmt (big blind) collected ($17.64)
Seat 7: GoliafUa (button) (small blind) folded on the Turn


PokerStars Hand #144542479644:  Hold'em Limit ($3/$6 USD) - 2015/11/29 0:23:14 ET
Table 'Benetnasch' 10-max Seat #7 is the button
Seat 6: 2015lmt ($12.83 in chips)
Seat 7: GoliafUa ($278.57 in chips)
GoliafUa: posts small blind $1
2015lmt: posts big blind $3
*** HOLE CARDS ***
GoliafUa: raises $3 to $6
2015lmt: raises $3 to $9
GoliafUa: calls $3
*** FLOP *** [7c 2d 8s]
2015lmt: bets $3
GoliafUa: calls $3
*** TURN *** [7c 2d 8s] [7h]
2015lmt: bets $0.83 and is all-in
GoliafUa: calls $0.83
*** RIVER *** [7c 2d 8s 7h] [6h]
*** SHOW DOWN ***
2015lmt: shows [Qc 6s] (two pair, Sevens and Sixes)
GoliafUa: shows [Jc Qd] (a pair of Sevens)
2015lmt collected $25.16 from pot
*** SUMMARY ***
Total pot $25.66 | Rake $0.50
Board [7c 2d 8s 7h 6h]
Seat 6: 2015lmt (big blind) showed [Qc 6s] and won ($25.16) with two pair, Sevens and Sixes
Seat 7: GoliafUa (button) (small blind) showed [Jc Qd] and lost with a pair of Sevens


PokerStars Hand #144542483441:  Hold'em Limit ($3/$6 USD) - 2015/11/29 0:23:28 ET
Table 'Benetnasch' 10-max Seat #6 is the button
Seat 6: 2015lmt ($25.16 in chips)
Seat 7: GoliafUa ($265.74 in chips)
2015lmt: posts small blind $1
GoliafUa: posts big blind $3
*** HOLE CARDS ***
2015lmt: raises $3 to $6
GoliafUa: calls $3
*** FLOP *** [Th 5c 5d]
GoliafUa: checks
2015lmt: checks
*** TURN *** [Th 5c 5d] [2h]
GoliafUa: checks
2015lmt: bets $6
GoliafUa: folds
Uncalled bet ($6) returned to 2015lmt
2015lmt collected $11.76 from pot
2015lmt: doesn't show hand
*** SUMMARY ***
Total pot $12 | Rake $0.24
Board [Th 5c 5d 2h]
Seat 6: 2015lmt (button) (small blind) collected ($11.76)
Seat 7: GoliafUa (big blind) folded on the Turn


PokerStars Hand #144542502926:  Hold'em Limit ($3/$6 USD) - 2015/11/29 0:24:41 ET
Table 'Benetnasch' 10-max Seat #7 is the button
Seat 6: 2015lmt ($27.96 in chips)
Seat 7: GoliafUa ($261.24 in chips)
GoliafUa: posts small blind $1
2015lmt: posts big blind $3
*** HOLE CARDS ***
GoliafUa: raises $3 to $6
2015lmt: calls $3
*** FLOP *** [Kh Jc 9c]
2015lmt: bets $3
GoliafUa: calls $3
*** TURN *** [Kh Jc 9c] [As]
2015lmt: bets $6
GoliafUa: calls $6
*** RIVER *** [Kh Jc 9c As] [7c]
2015lmt: bets $6
GoliafUa: raises $6 to $12
2015lmt: calls $6
*** SHOW DOWN ***
GoliafUa: shows [2c 6c] (a flush, Jack high)
2015lmt: mucks hand
GoliafUa collected $53.50 from pot
*** SUMMARY ***
Total pot $54 | Rake $0.50
Board [Kh Jc 9c As 7c]
Seat 6: 2015lmt (big blind) mucked
Seat 7: GoliafUa (button) (small blind) showed [2c 6c] and won ($53.50) with a flush, Jack high


PokerStars Hand #144542501549:  Hold'em Limit ($3/$6 USD) - 2015/11/29 0:24:36 ET
Table 'Benetnasch' 10-max Seat #6 is the button
Seat 6: 2015lmt ($24.96 in chips)
Seat 7: GoliafUa ($264.24 in chips)
2015lmt: posts small blind $1
GoliafUa: posts big blind $3
*** HOLE CARDS ***
2015lmt: raises $3 to $6
GoliafUa: folds
Uncalled bet ($3) returned to 2015lmt
2015lmt collected $6 from pot
2015lmt: doesn't show hand
*** SUMMARY ***
Total pot $6 | Rake $0
Seat 6: 2015lmt (button) (small blind) collected ($6)
Seat 7: GoliafUa (big blind) folded before Flop


PokerStars Hand #144542499014:  Hold'em Limit ($3/$6 USD) - 2015/11/29 0:24:26 ET
Table 'Benetnasch' 10-max Seat #7 is the button
Seat 6: 2015lmt ($19.20 in chips)
Seat 7: GoliafUa ($270.24 in chips)
GoliafUa: posts small blind $1
2015lmt: posts big blind $3
*** HOLE CARDS ***
GoliafUa: raises $3 to $6
2015lmt: calls $3
*** FLOP *** [5d 8s Qh]
2015lmt: bets $3
GoliafUa: folds
Uncalled bet ($3) returned to 2015lmt
2015lmt collected $11.76 from pot
*** SUMMARY ***
Total pot $12 | Rake $0.24
Board [5d 8s Qh]
Seat 6: 2015lmt (big blind) collected ($11.76)
Seat 7: GoliafUa (button) (small blind) folded on the Flop


PokerStars Hand #144542494147:  Hold'em Limit ($3/$6 USD) - 2015/11/29 0:24:08 ET
Table 'Benetnasch' 10-max Seat #6 is the button
Seat 6: 2015lmt ($49.20 in chips)
Seat 7: GoliafUa ($240.74 in chips)
2015lmt: posts small blind $1
GoliafUa: posts big blind $3
*** HOLE CARDS ***
2015lmt: raises $3 to $6
GoliafUa: raises $3 to $9
2015lmt: calls $3
*** FLOP *** [7s Jh 7d]
GoliafUa: bets $3
2015lmt: raises $3 to $6
GoliafUa: raises $3 to $9
2015lmt: calls $3
*** TURN *** [7s Jh 7d] [Ah]
GoliafUa: bets $6
2015lmt: calls $6
*** RIVER *** [7s Jh 7d Ah] [6h]
GoliafUa: bets $6
2015lmt: calls $6
*** SHOW DOWN ***
GoliafUa: shows [Ks Kc] (two pair, Kings and Sevens)
2015lmt: mucks hand
GoliafUa collected $59.50 from pot
*** SUMMARY ***
Total pot $60 | Rake $0.50
Board [7s Jh 7d Ah 6h]
Seat 6: 2015lmt (button) (small blind) mucked
Seat 7: GoliafUa (big blind) showed [Ks Kc] and won ($59.50) with two pair, Kings and Sevens


PokerStars Hand #144542523667:  Hold'em Limit ($3/$6 USD) - 2015/11/29 0:26:00 ET
Table 'Benetnasch' 10-max Seat #6 is the button
Seat 6: 2015lmt ($30 in chips)
Seat 7: GoliafUa ($317.12 in chips)
2015lmt: posts small blind $1
GoliafUa: posts big blind $3
*** HOLE CARDS ***
2015lmt: raises $3 to $6
GoliafUa: calls $3
*** FLOP *** [Kc 9c 3d]
GoliafUa: checks
2015lmt: bets $3
GoliafUa: folds
Uncalled bet ($3) returned to 2015lmt
2015lmt collected $11.76 from pot
2015lmt: doesn't show hand
*** SUMMARY ***
Total pot $12 | Rake $0.24
Board [Kc 9c 3d]
Seat 6: 2015lmt (button) (small blind) collected ($11.76)
Seat 7: GoliafUa (big blind) folded on the Flop


PokerStars Hand #144542516584:  Hold'em Limit ($3/$6 USD) - 2015/11/29 0:25:33 ET
Table 'Benetnasch' 10-max Seat #7 is the button
Seat 6: 2015lmt ($3 in chips)
Seat 7: GoliafUa ($314.24 in chips)
GoliafUa: posts small blind $1
2015lmt: posts big blind $3 and is all-in
*** HOLE CARDS ***
GoliafUa: calls $2
*** FLOP *** [9s 2h 4h]
*** TURN *** [9s 2h 4h] [3d]
*** RIVER *** [9s 2h 4h 3d] [7d]
*** SHOW DOWN ***
2015lmt: shows [8c 6s] (high card Nine)
GoliafUa: shows [Ah Ad] (a pair of Aces)
GoliafUa collected $5.88 from pot
*** SUMMARY ***
Total pot $6 | Rake $0.12
Board [9s 2h 4h 3d 7d]
Seat 6: 2015lmt (big blind) showed [8c 6s] and lost with high card Nine
Seat 7: GoliafUa (button) (small blind) showed [Ah Ad] and won ($5.88) with a pair of Aces


PokerStars Hand #144542511856:  Hold'em Limit ($3/$6 USD) - 2015/11/29 0:25:16 ET
Table 'Benetnasch' 10-max Seat #6 is the button
Seat 6: 2015lmt ($30 in chips)
Seat 7: GoliafUa ($287.74 in chips)
2015lmt: posts small blind $1
GoliafUa: posts big blind $3
*** HOLE CARDS ***
2015lmt: raises $3 to $6
GoliafUa: calls $3
*** FLOP *** [Qh Ad Kh]
GoliafUa: checks
2015lmt: bets $3
GoliafUa: calls $3
*** TURN *** [Qh Ad Kh] [Ts]
GoliafUa: checks
2015lmt: bets $6
GoliafUa: raises $6 to $12
2015lmt: calls $6
*** RIVER *** [Qh Ad Kh Ts] [8c]
GoliafUa: bets $6
2015lmt: calls $6
*** SHOW DOWN ***
GoliafUa: shows [Jc 6c] (a straight, Ten to Ace)
2015lmt: mucks hand
GoliafUa collected $53.50 from pot
*** SUMMARY ***
Total pot $54 | Rake $0.50
Board [Qh Ad Kh Ts 8c]
Seat 6: 2015lmt (button) (small blind) mucked
Seat 7: GoliafUa (big blind) showed [Jc 6c] and won ($53.50) with a straight, Ten to Ace


PokerStars Hand #144542543337:  Hold'em Limit ($3/$6 USD) - 2015/11/29 0:27:15 ET
Table 'Benetnasch' 10-max Seat #7 is the button
Seat 6: 2015lmt ($70.66 in chips)
Seat 7: GoliafUa ($275.12 in chips)
GoliafUa: posts small blind $1
2015lmt: posts big blind $3
*** HOLE CARDS ***
GoliafUa: raises $3 to $6
2015lmt: folds
Uncalled bet ($3) returned to GoliafUa
GoliafUa collected $6 from pot
GoliafUa: doesn't show hand
*** SUMMARY ***
Total pot $6 | Rake $0
Seat 6: 2015lmt (big blind) folded before Flop
Seat 7: GoliafUa (button) (small blind) collected ($6)


PokerStars Hand #144542540165:  Hold'em Limit ($3/$6 USD) - 2015/11/29 0:27:03 ET
Table 'Benetnasch' 10-max Seat #6 is the button
Seat 6: 2015lmt ($64.90 in chips)
Seat 7: GoliafUa ($281.12 in chips)
2015lmt: posts small blind $1
GoliafUa: posts big blind $3
*** HOLE CARDS ***
2015lmt: raises $3 to $6
GoliafUa: calls $3
*** FLOP *** [As 5h 2s]
GoliafUa: checks
2015lmt: checks
*** TURN *** [As 5h 2s] [8h]
GoliafUa: checks
2015lmt: checks
*** RIVER *** [As 5h 2s 8h] [Kc]
GoliafUa: checks
2015lmt: checks
*** SHOW DOWN ***
GoliafUa: shows [6d 3d] (high card Ace)
2015lmt: shows [Jc 9c] (high card Ace - King+Jack kicker)
2015lmt collected $11.76 from pot
*** SUMMARY ***
Total pot $12 | Rake $0.24
Board [As 5h 2s 8h Kc]
Seat 6: 2015lmt (button) (small blind) showed [Jc 9c] and won ($11.76) with high card Ace
Seat 7: GoliafUa (big blind) showed [6d 3d] and lost with high card Ace


PokerStars Hand #144542538632:  Hold'em Limit ($3/$6 USD) - 2015/11/29 0:26:57 ET
Table 'Benetnasch' 10-max Seat #7 is the button
Seat 6: 2015lmt ($67.90 in chips)
Seat 7: GoliafUa ($278.12 in chips)
GoliafUa: posts small blind $1
2015lmt: posts big blind $3
*** HOLE CARDS ***
GoliafUa: raises $3 to $6
2015lmt: folds
Uncalled bet ($3) returned to GoliafUa
GoliafUa collected $6 from pot
GoliafUa: doesn't show hand
*** SUMMARY ***
Total pot $6 | Rake $0
Seat 6: 2015lmt (big blind) folded before Flop
Seat 7: GoliafUa (button) (small blind) collected ($6)


PokerStars Hand #144542534606:  Hold'em Limit ($3/$6 USD) - 2015/11/29 0:26:42 ET
Table 'Benetnasch' 10-max Seat #6 is the button
Seat 6: 2015lmt ($44.40 in chips)
Seat 7: GoliafUa ($302.12 in chips)
2015lmt: posts small blind $1
GoliafUa: posts big blind $3
*** HOLE CARDS ***
2015lmt: raises $3 to $6
GoliafUa: calls $3
*** FLOP *** [3d 4s Th]
GoliafUa: checks
2015lmt: bets $3
GoliafUa: raises $3 to $6
2015lmt: calls $3
*** TURN *** [3d 4s Th] [7s]
GoliafUa: bets $6
2015lmt: calls $6
*** RIVER *** [3d 4s Th 7s] [2s]
GoliafUa: bets $6
2015lmt: calls $6
*** SHOW DOWN ***
GoliafUa: shows [4c 5h] (a pair of Fours)
2015lmt: shows [Ks Td] (a pair of Tens)
2015lmt collected $47.50 from pot
*** SUMMARY ***
Total pot $48 | Rake $0.50
Board [3d 4s Th 7s 2s]
Seat 6: 2015lmt (button) (small blind) showed [Ks Td] and won ($47.50) with a pair of Tens
Seat 7: GoliafUa (big blind) showed [4c 5h] and lost with a pair of Fours


PokerStars Hand #144542533001:  Hold'em Limit ($3/$6 USD) - 2015/11/29 0:26:36 ET
Table 'Benetnasch' 10-max Seat #7 is the button
Seat 6: 2015lmt ($47.40 in chips)
Seat 7: GoliafUa ($299.12 in chips)
GoliafUa: posts small blind $1
2015lmt: posts big blind $3
*** HOLE CARDS ***
GoliafUa: raises $3 to $6
2015lmt: folds
Uncalled bet ($3) returned to GoliafUa
GoliafUa collected $6 from pot
GoliafUa: doesn't show hand
*** SUMMARY ***
Total pot $6 | Rake $0
Seat 6: 2015lmt (big blind) folded before Flop
Seat 7: GoliafUa (button) (small blind) collected ($6)


PokerStars Hand #144542531448:  Hold'em Limit ($3/$6 USD) - 2015/11/29 0:26:30 ET
Table 'Benetnasch' 10-max Seat #6 is the button
Seat 6: 2015lmt ($44.40 in chips)
Seat 7: GoliafUa ($302.12 in chips)
2015lmt: posts small blind $1
GoliafUa: posts big blind $3
*** HOLE CARDS ***
2015lmt: raises $3 to $6
GoliafUa: folds
Uncalled bet ($3) returned to 2015lmt
2015lmt collected $6 from pot
2015lmt: doesn't show hand
*** SUMMARY ***
Total pot $6 | Rake $0
Seat 6: 2015lmt (button) (small blind) collected ($6)
Seat 7: GoliafUa (big blind) folded before Flop


PokerStars Hand #144542526803:  Hold'em Limit ($3/$6 USD) - 2015/11/29 0:26:12 ET
Table 'Benetnasch' 10-max Seat #7 is the button
Seat 6: 2015lmt ($35.76 in chips)
Seat 7: GoliafUa ($311.12 in chips)
GoliafUa: posts small blind $1
2015lmt: posts big blind $3
*** HOLE CARDS ***
GoliafUa: raises $3 to $6
2015lmt: calls $3
*** FLOP *** [9h As 7d]
2015lmt: checks
GoliafUa: bets $3
2015lmt: calls $3
*** TURN *** [9h As 7d] [6s]
2015lmt: checks
GoliafUa: checks
*** RIVER *** [9h As 7d 6s] [8c]
2015lmt: bets $6
GoliafUa: folds
Uncalled bet ($6) returned to 2015lmt
2015lmt collected $17.64 from pot
2015lmt: doesn't show hand
*** SUMMARY ***
Total pot $18 | Rake $0.36
Board [9h As 7d 6s 8c]
Seat 6: 2015lmt (big blind) collected ($17.64)
Seat 7: GoliafUa (button) (small blind) folded on the River


PokerStars Hand #144542554162:  Hold'em Limit ($3/$6 USD) - 2015/11/29 0:27:56 ET
Table 'Benetnasch' 10-max Seat #7 is the button
Seat 6: 2015lmt ($134.16 in chips)
Seat 7: GoliafUa ($211.12 in chips)
GoliafUa: posts small blind $1
2015lmt: posts big blind $3
*** HOLE CARDS ***
GoliafUa: raises $3 to $6
2015lmt: calls $3
*** FLOP *** [Tc 4h 2h]
2015lmt: checks
GoliafUa: bets $3
2015lmt: calls $3
*** TURN *** [Tc 4h 2h] [3d]
2015lmt: checks
GoliafUa: checks
*** RIVER *** [Tc 4h 2h 3d] [9c]
2015lmt: checks
GoliafUa: checks
*** SHOW DOWN ***
2015lmt: shows [Ad 6s] (high card Ace)
GoliafUa: mucks hand
2015lmt collected $17.64 from pot
*** SUMMARY ***
Total pot $18 | Rake $0.36
Board [Tc 4h 2h 3d 9c]
Seat 6: 2015lmt (big blind) showed [Ad 6s] and won ($17.64) with high card Ace
Seat 7: GoliafUa (button) (small blind) mucked


PokerStars Hand #144542547680:  Hold'em Limit ($3/$6 USD) - 2015/11/29 0:27:32 ET
Table 'Benetnasch' 10-max Seat #6 is the button
Seat 6: 2015lmt ($71.66 in chips)
Seat 7: GoliafUa ($274.12 in chips)
2015lmt: posts small blind $1
GoliafUa: posts big blind $3
*** HOLE CARDS ***
2015lmt: raises $3 to $6
GoliafUa: raises $3 to $9
2015lmt: raises $3 to $12
Betting is capped
GoliafUa: calls $3
*** FLOP *** [3s 8s 7c]
GoliafUa: checks
2015lmt: bets $3
GoliafUa: calls $3
*** TURN *** [3s 8s 7c] [2d]
GoliafUa: checks
2015lmt: bets $6
GoliafUa: raises $6 to $12
2015lmt: raises $6 to $18
GoliafUa: raises $6 to $24
Betting is capped
2015lmt: calls $6
*** RIVER *** [3s 8s 7c 2d] [6d]
GoliafUa: checks
2015lmt: bets $6
GoliafUa: raises $6 to $12
2015lmt: raises $6 to $18
GoliafUa: raises $6 to $24
Betting is capped
2015lmt: calls $6
*** SHOW DOWN ***
GoliafUa: shows [2s 2c] (three of a kind, Deuces)
2015lmt: shows [8h 8c] (three of a kind, Eights)
2015lmt collected $125.50 from pot
*** SUMMARY ***
Total pot $126 | Rake $0.50
Board [3s 8s 7c 2d 6d]
Seat 6: 2015lmt (button) (small blind) showed [8h 8c] and won ($125.50) with three of a kind, Eights
Seat 7: GoliafUa (big blind) showed [2s 2c] and lost with three of a kind, Deuces


PokerStars Hand #144542546422:  Hold'em Limit ($3/$6 USD) - 2015/11/29 0:27:27 ET
Table 'Benetnasch' 10-max Seat #7 is the button
Seat 6: 2015lmt ($70.66 in chips)
Seat 7: GoliafUa ($275.12 in chips)
GoliafUa: posts small blind $1
2015lmt: posts big blind $3
*** HOLE CARDS ***
GoliafUa: folds
Uncalled bet ($2) returned to 2015lmt
2015lmt collected $2 from pot
2015lmt: doesn't show hand
*** SUMMARY ***
Total pot $2 | Rake $0
Seat 6: 2015lmt (big blind) collected ($2)
Seat 7: GoliafUa (button) (small blind) folded before Flop


PokerStars Hand #144542544767:  Hold'em Limit ($3/$6 USD) - 2015/11/29 0:27:21 ET
Table 'Benetnasch' 10-max Seat #6 is the button
Seat 6: 2015lmt ($67.66 in chips)
Seat 7: GoliafUa ($278.12 in chips)
2015lmt: posts small blind $1
GoliafUa: posts big blind $3
*** HOLE CARDS ***
2015lmt: raises $3 to $6
GoliafUa: folds
Uncalled bet ($3) returned to 2015lmt
2015lmt collected $6 from pot
2015lmt: doesn't show hand
*** SUMMARY ***
Total pot $6 | Rake $0
Seat 6: 2015lmt (button) (small blind) collected ($6)
Seat 7: GoliafUa (big blind) folded before Flop


PokerStars Hand #144542560300:  Hold'em Limit ($3/$6 USD) - 2015/11/29 0:28:19 ET
Table 'Benetnasch' 10-max Seat #6 is the button
Seat 6: 2015lmt ($142.80 in chips)
Seat 7: GoliafUa ($202.12 in chips)
2015lmt: posts small blind $1
GoliafUa: posts big blind $3
*** HOLE CARDS ***
2015lmt: raises $3 to $6
GoliafUa: calls $3
*** FLOP *** [9h 4d 9d]
GoliafUa: checks
2015lmt: checks
*** TURN *** [9h 4d 9d] [Qd]
GoliafUa: checks
2015lmt: bets $6
GoliafUa: folds
Uncalled bet ($6) returned to 2015lmt
2015lmt collected $11.76 from pot
2015lmt: doesn't show hand
*** SUMMARY ***
Total pot $12 | Rake $0.24
Board [9h 4d 9d Qd]
Seat 6: 2015lmt (button) (small blind) collected ($11.76)
Seat 7: GoliafUa (big blind) folded on the Turn


PokerStars Hand #144542569170:  Hold'em Limit ($3/$6 USD) - 2015/11/29 0:28:53 ET
Table 'Benetnasch' 10-max Seat #6 is the button
Seat 6: 2015lmt ($148.31 in chips)
Seat 7: GoliafUa ($195.87 in chips)
2015lmt: posts small blind $1
GoliafUa: posts big blind $3
*** HOLE CARDS ***
2015lmt: folds
Uncalled bet ($2) returned to GoliafUa
GoliafUa collected $2 from pot
GoliafUa: doesn't show hand
*** SUMMARY ***
Total pot $2 | Rake $0
Seat 6: 2015lmt (button) (small blind) folded before Flop
Seat 7: GoliafUa (big blind) collected ($2)


PokerStars Hand #144542563996:  Hold'em Limit ($3/$6 USD) - 2015/11/29 0:28:34 ET
Table 'Benetnasch' 10-max Seat #7 is the button
Seat 6: 2015lmt ($148.56 in chips)
Seat 7: GoliafUa ($196.12 in chips)
GoliafUa: posts small blind $1
2015lmt: posts big blind $3
*** HOLE CARDS ***
GoliafUa: raises $3 to $6
Poo Chana joins the table at seat #1
2015lmt: calls $3
*** FLOP *** [8c 8d 8s]
2015lmt: checks
GoliafUa: bets $3
2015lmt: calls $3
*** TURN *** [8c 8d 8s] [4d]
2015lmt: checks
GoliafUa: bets $6
2015lmt: calls $6
*** RIVER *** [8c 8d 8s 4d] [Kh]
2015lmt: bets $6
GoliafUa: raises $6 to $12
2015lmt: calls $6
*** SHOW DOWN ***
GoliafUa: shows [Kd 9c] (a full house, Eights full of Kings)
2015lmt: shows [7d Ks] (a full house, Eights full of Kings)
2015lmt collected $26.75 from pot
GoliafUa collected $26.75 from pot
*** SUMMARY ***
Total pot $54 | Rake $0.50
Board [8c 8d 8s 4d Kh]
Seat 6: 2015lmt (big blind) showed [7d Ks] and won ($26.75) with a full house, Eights full of Kings
Seat 7: GoliafUa (button) (small blind) showed [Kd 9c] and won ($26.75) with a full house, Eights full of Kings


PokerStars Hand #144542615754:  Hold'em Limit ($3/$6 USD) - 2015/11/29 0:31:49 ET
Table 'Benetnasch' 10-max Seat #6 is the button
Seat 6: 2015lmt ($163.09 in chips)
Seat 7: GoliafUa ($194.40 in chips)
2015lmt: posts small blind $1
GoliafUa: posts big blind $3
*** HOLE CARDS ***
2015lmt: folds
Uncalled bet ($2) returned to GoliafUa
GoliafUa collected $2 from pot
GoliafUa: doesn't show hand
*** SUMMARY ***
Total pot $2 | Rake $0
Seat 6: 2015lmt (button) (small blind) folded before Flop
Seat 7: GoliafUa (big blind) collected ($2)


PokerStars Hand #144542613929:  Hold'em Limit ($3/$6 USD) - 2015/11/29 0:31:42 ET
Table 'Benetnasch' 10-max Seat #7 is the button
Seat 6: 2015lmt ($166.09 in chips)
Seat 7: GoliafUa ($191.40 in chips)
GoliafUa: posts small blind $1
2015lmt: posts big blind $3
*** HOLE CARDS ***
GoliafUa: raises $3 to $6
2015lmt: folds
Uncalled bet ($3) returned to GoliafUa
GoliafUa collected $6 from pot
GoliafUa: doesn't show hand
*** SUMMARY ***
Total pot $6 | Rake $0
Seat 6: 2015lmt (big blind) folded before Flop
Seat 7: GoliafUa (button) (small blind) collected ($6)


PokerStars Hand #144543815973:  Hold'em Limit ($3/$6 USD) - 2015/11/29 1:48:39 ET
Table 'Benetnasch' 10-max Seat #3 is the button
Seat 2: pool junkie ($169.60 in chips)
Seat 3: Bonkman05 ($292.55 in chips)
Bonkman05: posts small blind $1
pool junkie: posts big blind $3
*** HOLE CARDS ***
2015lmt leaves the table
Bonkman05: raises $3 to $6
pool junkie: calls $3
*** FLOP *** [4h 3s Qh]
pool junkie: checks
Bonkman05: bets $3
pool junkie: raises $3 to $6
Bonkman05: calls $3
*** TURN *** [4h 3s Qh] [4d]
pool junkie: bets $6
Bonkman05: calls $6
*** RIVER *** [4h 3s Qh 4d] [6c]
pool junkie: bets $6
Bonkman05: calls $6
*** SHOW DOWN ***
pool junkie: shows [Jh Qd] (two pair, Queens and Fours)
Bonkman05: mucks hand
pool junkie collected $47.50 from pot
*** SUMMARY ***
Total pot $48 | Rake $0.50
Board [4h 3s Qh 4d 6c]
Seat 2: pool junkie (big blind) showed [Jh Qd] and won ($47.50) with two pair, Queens and Fours
Seat 3: Bonkman05 (button) (small blind) mucked


PokerStars Hand #144543827511:  Hold'em Limit ($3/$6 USD) - 2015/11/29 1:49:23 ET
Table 'Benetnasch' 10-max Seat #2 is the button
Seat 2: pool junkie ($193.10 in chips)
Seat 3: Bonkman05 ($268.55 in chips)
pool junkie: posts small blind $1
Bonkman05: posts big blind $3
*** HOLE CARDS ***
pool junkie: raises $3 to $6
Bonkman05: calls $3
*** FLOP *** [Qh 6s Kd]
Bonkman05: checks
pool junkie: bets $3
Bonkman05: folds
Uncalled bet ($3) returned to pool junkie
pool junkie collected $11.76 from pot
pool junkie: doesn't show hand
*** SUMMARY ***
Total pot $12 | Rake $0.24
Board [Qh 6s Kd]
Seat 2: pool junkie (button) (small blind) collected ($11.76)
Seat 3: Bonkman05 (big blind) folded on the Flop


PokerStars Hand #144543833506:  Hold'em Limit ($3/$6 USD) - 2015/11/29 1:49:46 ET
Table 'Benetnasch' 10-max Seat #3 is the button
Seat 2: pool junkie ($198.86 in chips)
Seat 3: Bonkman05 ($262.55 in chips)
Bonkman05: posts small blind $1
pool junkie: posts big blind $3
*** HOLE CARDS ***
Bonkman05: folds
Uncalled bet ($2) returned to pool junkie
pool junkie collected $2 from pot
pool junkie: doesn't show hand
*** SUMMARY ***
Total pot $2 | Rake $0
Seat 2: pool junkie (big blind) collected ($2)
Seat 3: Bonkman05 (button) (small blind) folded before Flop


PokerStars Hand #144543835015:  Hold'em Limit ($3/$6 USD) - 2015/11/29 1:49:52 ET
Table 'Benetnasch' 10-max Seat #2 is the button
Seat 2: pool junkie ($199.86 in chips)
Seat 3: Bonkman05 ($261.55 in chips)
pool junkie: posts small blind $1
Bonkman05: posts big blind $3
*** HOLE CARDS ***
pool junkie: raises $3 to $6
Bonkman05: calls $3
*** FLOP *** [7d 4d As]
Bonkman05: checks
pool junkie: bets $3
Bonkman05: calls $3
*** TURN *** [7d 4d As] [5d]
Bonkman05: checks
pool junkie: bets $6
Bonkman05: raises $6 to $12
pool junkie: raises $6 to $18
Bonkman05: raises $6 to $24
Betting is capped
pool junkie: calls $6
*** RIVER *** [7d 4d As 5d] [Ks]
Bonkman05: bets $6
pool junkie: raises $6 to $12
Bonkman05: calls $6
*** SHOW DOWN ***
pool junkie: shows [9d 8d] (a flush, Nine high)
Bonkman05: shows [Qd 2d] (a flush, Queen high)
Bonkman05 collected $89.50 from pot
*** SUMMARY ***
Total pot $90 | Rake $0.50
Board [7d 4d As 5d Ks]
Seat 2: pool junkie (button) (small blind) showed [9d 8d] and lost with a flush, Nine high
Seat 3: Bonkman05 (big blind) showed [Qd 2d] and won ($89.50) with a flush, Queen high


PokerStars Hand #144543848443:  Hold'em Limit ($3/$6 USD) - 2015/11/29 1:50:43 ET
Table 'Benetnasch' 10-max Seat #2 is the button
Seat 2: pool junkie ($155.86 in chips)
Seat 3: Bonkman05 ($305.05 in chips)
pool junkie: posts small blind $1
Bonkman05: posts big blind $3
*** HOLE CARDS ***
pool junkie: folds
Uncalled bet ($2) returned to Bonkman05
Bonkman05 collected $2 from pot
Bonkman05: doesn't show hand
*** SUMMARY ***
Total pot $2 | Rake $0
Seat 2: pool junkie (button) (small blind) folded before Flop
Seat 3: Bonkman05 (big blind) collected ($2)


PokerStars Hand #144543846492:  Hold'em Limit ($3/$6 USD) - 2015/11/29 1:50:35 ET
Table 'Benetnasch' 10-max Seat #3 is the button
Seat 2: pool junkie ($154.86 in chips)
Seat 3: Bonkman05 ($306.05 in chips)
Bonkman05: posts small blind $1
pool junkie: posts big blind $3
*** HOLE CARDS ***
Bonkman05: folds
Uncalled bet ($2) returned to pool junkie
pool junkie collected $2 from pot
pool junkie: doesn't show hand
*** SUMMARY ***
Total pot $2 | Rake $0
Seat 2: pool junkie (big blind) collected ($2)
Seat 3: Bonkman05 (button) (small blind) folded before Flop


PokerStars Hand #144543854457:  Hold'em Limit ($3/$6 USD) - 2015/11/29 1:51:05 ET
Table 'Benetnasch' 10-max Seat #2 is the button
Seat 2: pool junkie ($148.86 in chips)
Seat 3: Bonkman05 ($311.81 in chips)
pool junkie: posts small blind $1
Bonkman05: posts big blind $3
*** HOLE CARDS ***
pool junkie: folds
Uncalled bet ($2) returned to Bonkman05
Bonkman05 collected $2 from pot
Bonkman05: doesn't show hand
*** SUMMARY ***
Total pot $2 | Rake $0
Seat 2: pool junkie (button) (small blind) folded before Flop
Seat 3: Bonkman05 (big blind) collected ($2)


PokerStars Hand #144543849785:  Hold'em Limit ($3/$6 USD) - 2015/11/29 1:50:48 ET
Table 'Benetnasch' 10-max Seat #3 is the button
Seat 2: pool junkie ($154.86 in chips)
Seat 3: Bonkman05 ($306.05 in chips)
Bonkman05: posts small blind $1
pool junkie: posts big blind $3
*** HOLE CARDS ***
Bonkman05: raises $3 to $6
pool junkie: calls $3
*** FLOP *** [2h Kd 4c]
pool junkie: checks
Bonkman05: bets $3
pool junkie: folds
Uncalled bet ($3) returned to Bonkman05
Bonkman05 collected $11.76 from pot
Bonkman05: doesn't show hand
*** SUMMARY ***
Total pot $12 | Rake $0.24
Board [2h Kd 4c]
Seat 2: pool junkie (big blind) folded on the Flop
Seat 3: Bonkman05 (button) (small blind) collected ($11.76)


PokerStars Hand #144543856112:  Hold'em Limit ($3/$6 USD) - 2015/11/29 1:51:12 ET
Table 'Benetnasch' 10-max Seat #3 is the button
Seat 2: pool junkie ($147.86 in chips)
Seat 3: Bonkman05 ($312.81 in chips)
Bonkman05: posts small blind $1
pool junkie: posts big blind $3
*** HOLE CARDS ***
Bonkman05: folds
Uncalled bet ($2) returned to pool junkie
pool junkie collected $2 from pot
pool junkie: doesn't show hand
*** SUMMARY ***
Total pot $2 | Rake $0
Seat 2: pool junkie (big blind) collected ($2)
Seat 3: Bonkman05 (button) (small blind) folded before Flop


PokerStars Hand #144543865387:  Hold'em Limit ($3/$6 USD) - 2015/11/29 1:51:47 ET
Table 'Benetnasch' 10-max Seat #3 is the button
Seat 2: pool junkie ($133.86 in chips)
Seat 3: Bonkman05 ($326.31 in chips)
Bonkman05: posts small blind $1
pool junkie: posts big blind $3
*** HOLE CARDS ***
Bonkman05: raises $3 to $6
pool junkie: raises $3 to $9
Bonkman05: calls $3
*** FLOP *** [7d 9c 4h]
pool junkie: bets $3
Bonkman05: calls $3
*** TURN *** [7d 9c 4h] [2s]
pool junkie: bets $6
Bonkman05: folds
Uncalled bet ($6) returned to pool junkie
pool junkie collected $23.52 from pot
pool junkie: doesn't show hand
*** SUMMARY ***
Total pot $24 | Rake $0.48
Board [7d 9c 4h 2s]
Seat 2: pool junkie (big blind) collected ($23.52)
Seat 3: Bonkman05 (button) (small blind) folded on the Turn


PokerStars Hand #144543858774:  Hold'em Limit ($3/$6 USD) - 2015/11/29 1:51:22 ET
Table 'Benetnasch' 10-max Seat #2 is the button
Seat 2: pool junkie ($148.86 in chips)
Seat 3: Bonkman05 ($311.81 in chips)
pool junkie: posts small blind $1
Bonkman05: posts big blind $3
*** HOLE CARDS ***
pool junkie: raises $3 to $6
Bonkman05: calls $3
*** FLOP *** [3c 5c Kc]
Bonkman05: checks
pool junkie: bets $3
Bonkman05: calls $3
*** TURN *** [3c 5c Kc] [5s]
Bonkman05: checks
pool junkie: bets $6
Bonkman05: calls $6
*** RIVER *** [3c 5c Kc 5s] [9c]
Bonkman05: checks
pool junkie: checks
*** SHOW DOWN ***
Bonkman05: shows [9d Ks] (two pair, Kings and Nines)
pool junkie: mucks hand
Bonkman05 collected $29.50 from pot
*** SUMMARY ***
Total pot $30 | Rake $0.50
Board [3c 5c Kc 5s 9c]
Seat 2: pool junkie (button) (small blind) mucked
Seat 3: Bonkman05 (big blind) showed [9d Ks] and won ($29.50) with two pair, Kings and Nines


PokerStars Hand #144543870069:  Hold'em Limit ($3/$6 USD) - 2015/11/29 1:52:06 ET
Table 'Benetnasch' 10-max Seat #2 is the button
Seat 2: pool junkie ($145.38 in chips)
Seat 3: Bonkman05 ($314.31 in chips)
pool junkie: posts small blind $1
Bonkman05: posts big blind $3
*** HOLE CARDS ***
pool junkie: raises $3 to $6
Bonkman05: calls $3
*** FLOP *** [4d 9c 7s]
Bonkman05: checks
pool junkie: bets $3
Bonkman05: calls $3
*** TURN *** [4d 9c 7s] [2h]
Bonkman05: checks
pool junkie: bets $6
Bonkman05: calls $6
*** RIVER *** [4d 9c 7s 2h] [Kd]
Bonkman05: checks
pool junkie: checks
*** SHOW DOWN ***
Bonkman05: shows [Td Qs] (high card King)
pool junkie: mucks hand
Bonkman05 collected $29.50 from pot
*** SUMMARY ***
Total pot $30 | Rake $0.50
Board [4d 9c 7s 2h Kd]
Seat 2: pool junkie (button) (small blind) mucked
Seat 3: Bonkman05 (big blind) showed [Td Qs] and won ($29.50) with high card King


PokerStars Hand #144543879004:  Hold'em Limit ($3/$6 USD) - 2015/11/29 1:52:40 ET
Table 'Benetnasch' 10-max Seat #3 is the button
Seat 2: pool junkie ($130.38 in chips)
Seat 3: Bonkman05 ($328.81 in chips)
Bonkman05: posts small blind $1
pool junkie: posts big blind $3
*** HOLE CARDS ***
Bonkman05: folds
Uncalled bet ($2) returned to pool junkie
pool junkie collected $2 from pot
pool junkie: doesn't show hand
*** SUMMARY ***
Total pot $2 | Rake $0
Seat 2: pool junkie (big blind) collected ($2)
Seat 3: Bonkman05 (button) (small blind) folded before Flop


PokerStars Hand #144543880423:  Hold'em Limit ($3/$6 USD) - 2015/11/29 1:52:46 ET
Table 'Benetnasch' 10-max Seat #2 is the button
Seat 2: pool junkie ($131.38 in chips)
Seat 3: Bonkman05 ($327.81 in chips)
pool junkie: posts small blind $1
Bonkman05: posts big blind $3
*** HOLE CARDS ***
pool junkie: raises $3 to $6
Bonkman05: calls $3
*** FLOP *** [Kh 8s 6d]
Bonkman05: checks
pool junkie: bets $3
Bonkman05: calls $3
*** TURN *** [Kh 8s 6d] [4s]
Bonkman05: bets $6
pool junkie: folds
Uncalled bet ($6) returned to Bonkman05
Bonkman05 collected $17.64 from pot
Bonkman05: doesn't show hand
*** SUMMARY ***
Total pot $18 | Rake $0.36
Board [Kh 8s 6d 4s]
Seat 2: pool junkie (button) (small blind) folded on the Turn
Seat 3: Bonkman05 (big blind) collected ($17.64)


PokerStars Hand #144543901354:  Hold'em Limit ($3/$6 USD) - 2015/11/29 1:54:07 ET
Table 'Benetnasch' 10-max Seat #2 is the button
Seat 2: pool junkie ($131.02 in chips)
Seat 3: Bonkman05 ($327.45 in chips)
pool junkie: posts small blind $1
Bonkman05: posts big blind $3
*** HOLE CARDS ***
pool junkie: folds
Uncalled bet ($2) returned to Bonkman05
Bonkman05 collected $2 from pot
Bonkman05: doesn't show hand
*** SUMMARY ***
Total pot $2 | Rake $0
Seat 2: pool junkie (button) (small blind) folded before Flop
Seat 3: Bonkman05 (big blind) collected ($2)


PokerStars Hand #144543891515:  Hold'em Limit ($3/$6 USD) - 2015/11/29 1:53:29 ET
Table 'Benetnasch' 10-max Seat #3 is the button
Seat 2: pool junkie ($122.38 in chips)
Seat 3: Bonkman05 ($336.45 in chips)
Bonkman05: posts small blind $1
pool junkie: posts big blind $3
*** HOLE CARDS ***
Bonkman05: raises $3 to $6
pool junkie: calls $3
*** FLOP *** [Ac 4d 9c]
pool junkie: checks
Bonkman05: bets $3
pool junkie: calls $3
*** TURN *** [Ac 4d 9c] [Kh]
pool junkie: checks
Bonkman05: checks
*** RIVER *** [Ac 4d 9c Kh] [Tc]
pool junkie: bets $6
Bonkman05: folds
Uncalled bet ($6) returned to pool junkie
pool junkie collected $17.64 from pot
pool junkie: doesn't show hand
*** SUMMARY ***
Total pot $18 | Rake $0.36
Board [Ac 4d 9c Kh Tc]
Seat 2: pool junkie (big blind) collected ($17.64)
Seat 3: Bonkman05 (button) (small blind) folded on the River


PokerStars Hand #144543906859:  Hold'em Limit ($3/$6 USD) - 2015/11/29 1:54:27 ET
Table 'Benetnasch' 10-max Seat #2 is the button
Seat 2: pool junkie ($131.02 in chips)
Seat 3: Bonkman05 ($327.45 in chips)
pool junkie: posts small blind $1
Bonkman05: posts big blind $3
*** HOLE CARDS ***
pool junkie: folds
Uncalled bet ($2) returned to Bonkman05
Bonkman05 collected $2 from pot
Bonkman05: doesn't show hand
*** SUMMARY ***
Total pot $2 | Rake $0
Seat 2: pool junkie (button) (small blind) folded before Flop
Seat 3: Bonkman05 (big blind) collected ($2)


PokerStars Hand #144543902824:  Hold'em Limit ($3/$6 USD) - 2015/11/29 1:54:12 ET
Table 'Benetnasch' 10-max Seat #3 is the button
Seat 2: pool junkie ($130.02 in chips)
Seat 3: Bonkman05 ($328.45 in chips)
Bonkman05: posts small blind $1
pool junkie: posts big blind $3
*** HOLE CARDS ***
Bonkman05: folds
Uncalled bet ($2) returned to pool junkie
pool junkie collected $2 from pot
pool junkie: doesn't show hand
*** SUMMARY ***
Total pot $2 | Rake $0
Seat 2: pool junkie (big blind) collected ($2)
Seat 3: Bonkman05 (button) (small blind) folded before Flop


PokerStars Hand #144543919165:  Hold'em Limit ($3/$6 USD) - 2015/11/29 1:55:18 ET
Table 'Benetnasch' 10-max Seat #2 is the button
Seat 2: pool junkie ($106.02 in chips)
Seat 3: Bonkman05 ($351.95 in chips)
pool junkie: posts small blind $1
Bonkman05: posts big blind $3
*** HOLE CARDS ***
pool junkie: folds
Uncalled bet ($2) returned to Bonkman05
Bonkman05 collected $2 from pot
Bonkman05: doesn't show hand
*** SUMMARY ***
Total pot $2 | Rake $0
Seat 2: pool junkie (button) (small blind) folded before Flop
Seat 3: Bonkman05 (big blind) collected ($2)


PokerStars Hand #144543911048:  Hold'em Limit ($3/$6 USD) - 2015/11/29 1:54:44 ET
Table 'Benetnasch' 10-max Seat #3 is the button
Seat 2: pool junkie ($130.02 in chips)
Seat 3: Bonkman05 ($328.45 in chips)
Bonkman05: posts small blind $1
pool junkie: posts big blind $3
*** HOLE CARDS ***
Bonkman05: raises $3 to $6
pool junkie: calls $3
*** FLOP *** [Ac 7s 3s]
pool junkie: checks
Bonkman05: bets $3
pool junkie: raises $3 to $6
Bonkman05: calls $3
*** TURN *** [Ac 7s 3s] [Td]
pool junkie: bets $6
Bonkman05: raises $6 to $12
pool junkie: calls $6
*** RIVER *** [Ac 7s 3s Td] [8d]
pool junkie: checks
Bonkman05: bets $6
pool junkie: folds
Uncalled bet ($6) returned to Bonkman05
Bonkman05 collected $47.50 from pot
Bonkman05: doesn't show hand
*** SUMMARY ***
Total pot $48 | Rake $0.50
Board [Ac 7s 3s Td 8d]
Seat 2: pool junkie (big blind) folded on the River
Seat 3: Bonkman05 (button) (small blind) collected ($47.50)


PokerStars Hand #144543909882:  Hold'em Limit ($3/$6 USD) - 2015/11/29 1:54:39 ET
Table 'Benetnasch' 10-max Seat #2 is the button
Seat 2: pool junkie ($131.02 in chips)
Seat 3: Bonkman05 ($327.45 in chips)
pool junkie: posts small blind $1
Bonkman05: posts big blind $3
*** HOLE CARDS ***
pool junkie: folds
Uncalled bet ($2) returned to Bonkman05
Bonkman05 collected $2 from pot
Bonkman05: doesn't show hand
*** SUMMARY ***
Total pot $2 | Rake $0
Seat 2: pool junkie (button) (small blind) folded before Flop
Seat 3: Bonkman05 (big blind) collected ($2)


PokerStars Hand #144543908270:  Hold'em Limit ($3/$6 USD) - 2015/11/29 1:54:33 ET
Table 'Benetnasch' 10-max Seat #3 is the button
Seat 2: pool junkie ($130.02 in chips)
Seat 3: Bonkman05 ($328.45 in chips)
Bonkman05: posts small blind $1
pool junkie: posts big blind $3
*** HOLE CARDS ***
Bonkman05: folds
Uncalled bet ($2) returned to pool junkie
pool junkie collected $2 from pot
pool junkie: doesn't show hand
*** SUMMARY ***
Total pot $2 | Rake $0
Seat 2: pool junkie (big blind) collected ($2)
Seat 3: Bonkman05 (button) (small blind) folded before Flop


PokerStars Hand #144543928272:  Hold'em Limit ($3/$6 USD) - 2015/11/29 1:55:58 ET
Table 'Benetnasch' 10-max Seat #2 is the button
Seat 2: pool junkie ($81.02 in chips)
Seat 3: Bonkman05 ($376.45 in chips)
pool junkie: posts small blind $1
Bonkman05: posts big blind $3
*** HOLE CARDS ***
pool junkie: folds
Uncalled bet ($2) returned to Bonkman05
Bonkman05 collected $2 from pot
Bonkman05: doesn't show hand
*** SUMMARY ***
Total pot $2 | Rake $0
Seat 2: pool junkie (button) (small blind) folded before Flop
Seat 3: Bonkman05 (big blind) collected ($2)


PokerStars Hand #144543920166:  Hold'em Limit ($3/$6 USD) - 2015/11/29 1:55:22 ET
Table 'Benetnasch' 10-max Seat #3 is the button
Seat 2: pool junkie ($105.02 in chips)
Seat 3: Bonkman05 ($352.95 in chips)
Bonkman05: posts small blind $1
pool junkie: posts big blind $3
*** HOLE CARDS ***
Bonkman05: raises $3 to $6
pool junkie: raises $3 to $9
Bonkman05: calls $3
*** FLOP *** [7c Jc 3c]
pool junkie: bets $3
Bonkman05: calls $3
*** TURN *** [7c Jc 3c] [Ac]
pool junkie: bets $6
Bonkman05: calls $6
*** RIVER *** [7c Jc 3c Ac] [Kh]
pool junkie: bets $6
Bonkman05: raises $6 to $12
pool junkie: folds
Uncalled bet ($6) returned to Bonkman05
Bonkman05 collected $47.50 from pot
Bonkman05: doesn't show hand
*** SUMMARY ***
Total pot $48 | Rake $0.50
Board [7c Jc 3c Ac Kh]
Seat 2: pool junkie (big blind) folded on the River
Seat 3: Bonkman05 (button) (small blind) collected ($47.50)


