PokerStars Hand #147390638382:  Hold'em Limit ($3/$6 USD) - 2016/01/20 17:12:59 ET
Table 'Benetnash II' 6-max Seat #5 is the button
Seat 3: NAUTJE1337 ($35.02 in chips)
Seat 5: Pandakey ($133.38 in chips)
Pandakey: posts small blind $1
NAUTJE1337: posts big blind $3
*** HOLE CARDS ***
Pandakey: raises $3 to $6
NAUTJE1337: calls $3
*** FLOP *** [5d 2d 6d]
NAUTJE1337: checks
Pandakey: bets $3
NAUTJE1337: raises $3 to $6
Pandakey: calls $3
*** TURN *** [5d 2d 6d] [Qd]
NAUTJE1337: bets $6
Pandakey: calls $6
*** RIVER *** [5d 2d 6d Qd] [4h]
NAUTJE1337: checks
Pandakey: bets $6
NAUTJE1337: folds
Uncalled bet ($6) returned to Pandakey
Pandakey collected $35.50 from pot
Pandakey: doesn't show hand
*** SUMMARY ***
Total pot $36 | Rake $0.50
Board [5d 2d 6d Qd 4h]
Seat 3: NAUTJE1337 (big blind) folded on the River
Seat 5: Pandakey (button) (small blind) collected ($35.50)


PokerStars Hand #147390625767:  Hold'em Limit ($3/$6 USD) - 2016/01/20 17:12:47 ET
Table 'Benetnash II' 6-max Seat #3 is the button
Seat 3: NAUTJE1337 ($17.76 in chips)
Seat 5: Pandakey ($151.14 in chips)
NAUTJE1337: posts small blind $1
Pandakey: posts big blind $3
*** HOLE CARDS ***
NAUTJE1337: raises $3 to $6
Pandakey: raises $3 to $9
NAUTJE1337: calls $3
*** FLOP *** [8d Ks 5h]
Pandakey: bets $3
NAUTJE1337: calls $3
*** TURN *** [8d Ks 5h] [9h]
Pandakey: bets $6
NAUTJE1337: calls $5.76 and is all-in
Uncalled bet ($0.24) returned to Pandakey
*** RIVER *** [8d Ks 5h 9h] [3d]
*** SHOW DOWN ***
Pandakey: shows [Ac 8c] (a pair of Eights)
NAUTJE1337: shows [6c 9c] (a pair of Nines)
NAUTJE1337 collected $35.02 from pot
*** SUMMARY ***
Total pot $35.52 | Rake $0.50
Board [8d Ks 5h 9h 3d]
Seat 3: NAUTJE1337 (button) (small blind) showed [6c 9c] and won ($35.02) with a pair of Nines
Seat 5: Pandakey (big blind) showed [Ac 8c] and lost with a pair of Eights


PokerStars Hand #147390621134:  Hold'em Limit ($3/$6 USD) - 2016/01/20 17:12:42 ET
Table 'Benetnash II' 6-max Seat #5 is the button
Seat 3: NAUTJE1337 ($16.76 in chips)
Seat 5: Pandakey ($152.14 in chips)
Pandakey: posts small blind $1
NAUTJE1337: posts big blind $3
*** HOLE CARDS ***
Pandakey: folds
Uncalled bet ($2) returned to NAUTJE1337
NAUTJE1337 collected $2 from pot
*** SUMMARY ***
Total pot $2 | Rake $0
Seat 3: NAUTJE1337 (big blind) collected ($2)
Seat 5: Pandakey (button) (small blind) folded before Flop


PokerStars Hand #147390678331:  Hold'em Limit ($3/$6 USD) - 2016/01/20 17:13:39 ET
Table 'Benetnash II' 6-max Seat #5 is the button
Seat 3: NAUTJE1337 ($33.52 in chips)
Seat 5: Pandakey ($133.88 in chips)
Pandakey: posts small blind $1
NAUTJE1337: posts big blind $3
*** HOLE CARDS ***
Pandakey: raises $3 to $6
NAUTJE1337: calls $3
*** FLOP *** [Ts Qc Kd]
NAUTJE1337: checks
Pandakey: checks
*** TURN *** [Ts Qc Kd] [7s]
NAUTJE1337: bets $6
Pandakey: calls $6
*** RIVER *** [Ts Qc Kd 7s] [2h]
Brye54 joins the table at seat #4
NAUTJE1337: bets $6
Pandakey: calls $6
*** SHOW DOWN ***
NAUTJE1337: shows [Kc 9d] (a pair of Kings)
Pandakey: mucks hand
NAUTJE1337 collected $35.50 from pot
*** SUMMARY ***
Total pot $36 | Rake $0.50
Board [Ts Qc Kd 7s 2h]
Seat 3: NAUTJE1337 (big blind) showed [Kc 9d] and won ($35.50) with a pair of Kings
Seat 5: Pandakey (button) (small blind) mucked


PokerStars Hand #147390671572:  Hold'em Limit ($3/$6 USD) - 2016/01/20 17:13:32 ET
Table 'Benetnash II' 6-max Seat #3 is the button
Seat 3: NAUTJE1337 ($34.52 in chips)
Seat 5: Pandakey ($132.88 in chips)
NAUTJE1337: posts small blind $1
Pandakey: posts big blind $3
*** HOLE CARDS ***
NAUTJE1337: folds
Uncalled bet ($2) returned to Pandakey
Pandakey collected $2 from pot
Pandakey: doesn't show hand
*** SUMMARY ***
Total pot $2 | Rake $0
Seat 3: NAUTJE1337 (button) (small blind) folded before Flop
Seat 5: Pandakey (big blind) collected ($2)


PokerStars Hand #147390658163:  Hold'em Limit ($3/$6 USD) - 2016/01/20 17:13:19 ET
Table 'Benetnash II' 6-max Seat #5 is the button
Seat 3: NAUTJE1337 ($20.02 in chips)
Seat 5: Pandakey ($147.88 in chips)
Pandakey: posts small blind $1
NAUTJE1337: posts big blind $3
*** HOLE CARDS ***
Pandakey: raises $3 to $6
NAUTJE1337: calls $3
*** FLOP *** [Ah Js Kh]
NAUTJE1337: checks
Pandakey: bets $3
NAUTJE1337: calls $3
*** TURN *** [Ah Js Kh] [Ts]
NAUTJE1337: checks
Pandakey: checks
*** RIVER *** [Ah Js Kh Ts] [Ks]
NAUTJE1337: bets $6
Pandakey: calls $6
*** SHOW DOWN ***
NAUTJE1337: shows [Kc 2s] (three of a kind, Kings)
Pandakey: mucks hand
NAUTJE1337 collected $29.50 from pot
*** SUMMARY ***
Total pot $30 | Rake $0.50
Board [Ah Js Kh Ts Ks]
Seat 3: NAUTJE1337 (big blind) showed [Kc 2s] and won ($29.50) with three of a kind, Kings
Seat 5: Pandakey (button) (small blind) mucked


PokerStars Hand #147390653416:  Hold'em Limit ($3/$6 USD) - 2016/01/20 17:13:14 ET
Table 'Benetnash II' 6-max Seat #3 is the button
Seat 3: NAUTJE1337 ($17.02 in chips)
Seat 5: Pandakey ($150.88 in chips)
NAUTJE1337: posts small blind $1
Pandakey: posts big blind $3
*** HOLE CARDS ***
NAUTJE1337: raises $3 to $6
Pandakey: folds
Uncalled bet ($3) returned to NAUTJE1337
NAUTJE1337 collected $6 from pot
*** SUMMARY ***
Total pot $6 | Rake $0
Seat 3: NAUTJE1337 (button) (small blind) collected ($6)
Seat 5: Pandakey (big blind) folded before Flop


PokerStars Hand #147390861149:  Hold'em Limit ($3/$6 USD) - 2016/01/20 17:16:40 ET
Table 'Benetnash II' 6-max Seat #4 is the button
Seat 4: Brye54 ($117.58 in chips)
Seat 5: Pandakey ($106.95 in chips)
Brye54: posts small blind $1
Pandakey: posts big blind $3
*** HOLE CARDS ***
Brye54: raises $3 to $6
Pandakey: raises $3 to $9
Brye54: calls $3
*** FLOP *** [9c 9d 3d]
Pandakey: bets $3
Brye54: calls $3
*** TURN *** [9c 9d 3d] [6h]
Pandakey: bets $6
Brye54: calls $6
*** RIVER *** [9c 9d 3d 6h] [Kd]
Pandakey: bets $6
Brye54: calls $6
*** SHOW DOWN ***
Pandakey: shows [Kc Jh] (two pair, Kings and Nines)
Brye54: mucks hand
Pandakey collected $47.50 from pot
*** SUMMARY ***
Total pot $48 | Rake $0.50
Board [9c 9d 3d 6h Kd]
Seat 4: Brye54 (button) (small blind) mucked
Seat 5: Pandakey (big blind) showed [Kc Jh] and won ($47.50) with two pair, Kings and Nines


PokerStars Hand #147390846243:  Hold'em Limit ($3/$6 USD) - 2016/01/20 17:16:25 ET
Table 'Benetnash II' 6-max Seat #5 is the button
Seat 4: Brye54 ($126.58 in chips)
Seat 5: Pandakey ($98.31 in chips)
Pandakey: posts small blind $1
Brye54: posts big blind $3
*** HOLE CARDS ***
Pandakey: raises $3 to $6
Brye54: calls $3
*** FLOP *** [7s 3d 6h]
Brye54: checks
Pandakey: bets $3
Brye54: calls $3
*** TURN *** [7s 3d 6h] [Ts]
Brye54: checks
Pandakey: bets $6
Brye54: folds
Uncalled bet ($6) returned to Pandakey
Pandakey collected $17.64 from pot
Pandakey: doesn't show hand
*** SUMMARY ***
Total pot $18 | Rake $0.36
Board [7s 3d 6h Ts]
Seat 4: Brye54 (big blind) folded on the Turn
Seat 5: Pandakey (button) (small blind) collected ($17.64)


PokerStars Hand #147392231801:  Hold'em Limit ($3/$6 USD) - 2016/01/20 17:38:36 ET
Table 'Benetnash II' 6-max Seat #2 is the button
Seat 1: Herisons_11 ($151.32 in chips)
Seat 2: lelala ($162.24 in chips)
lelala: posts small blind $1
Pokali: is sitting out
Herisons_11: posts big blind $3
*** HOLE CARDS ***
lelala: folds
Uncalled bet ($2) returned to Herisons_11
Herisons_11 collected $2 from pot
Herisons_11: doesn't show hand
*** SUMMARY ***
Total pot $2 | Rake $0
Seat 1: Herisons_11 (big blind) collected ($2)
Seat 2: lelala (button) (small blind) folded before Flop


PokerStars Hand #147392237069:  Hold'em Limit ($3/$6 USD) - 2016/01/20 17:38:42 ET
Table 'Benetnash II' 6-max Seat #1 is the button
Seat 1: Herisons_11 ($152.32 in chips)
Seat 2: lelala ($161.24 in chips)
Herisons_11: posts small blind $1
lelala: posts big blind $3
*** HOLE CARDS ***
Herisons_11: raises $3 to $6
lelala: folds
Uncalled bet ($3) returned to Herisons_11
Herisons_11 collected $6 from pot
Herisons_11: doesn't show hand
*** SUMMARY ***
Total pot $6 | Rake $0
Seat 1: Herisons_11 (button) (small blind) collected ($6)
Seat 2: lelala (big blind) folded before Flop


