PokerStars Hand #149716851509:  Hold'em Limit ($3/$6 USD) - 2016/03/02 9:15:15 ET
Table 'Benetnasch' 6-max Seat #3 is the button
Seat 3: flex331969 ($120 in chips)
Seat 4: TbIP-TbIP 88 ($72 in chips)
flex331969: posts small blind $1
TbIP-TbIP 88: posts big blind $3
*** HOLE CARDS ***
flex331969: raises $3 to $6
TbIP-TbIP 88: calls $3
*** FLOP *** [Jh 8s Qh]
TbIP-TbIP 88: checks
flex331969: bets $3
TbIP-TbIP 88: folds
Uncalled bet ($3) returned to flex331969
flex331969 collected $11.76 from pot
flex331969: doesn't show hand
*** SUMMARY ***
Total pot $12 | Rake $0.24
Board [Jh 8s Qh]
Seat 3: flex331969 (button) (small blind) collected ($11.76)
Seat 4: TbIP-TbIP 88 (big blind) folded on the Flop


PokerStars Hand #149716890973:  Hold'em Limit ($3/$6 USD) - 2016/03/02 9:16:16 ET
Table 'Benetnasch' 6-max Seat #4 is the button
Seat 3: flex331969 ($125.76 in chips)
Seat 4: TbIP-TbIP 88 ($73 in chips)
TbIP-TbIP 88: posts small blind $1
flex331969: posts big blind $3
*** HOLE CARDS ***
TbIP-TbIP 88: folds
Uncalled bet ($2) returned to flex331969
flex331969 collected $2 from pot
flex331969: doesn't show hand
*** SUMMARY ***
Total pot $2 | Rake $0
Seat 3: flex331969 (big blind) collected ($2)
Seat 4: TbIP-TbIP 88 (button) (small blind) folded before Flop


PokerStars Hand #149716887386:  Hold'em Limit ($3/$6 USD) - 2016/03/02 9:16:10 ET
Table 'Benetnasch' 6-max Seat #3 is the button
Seat 3: flex331969 ($126.76 in chips)
Seat 4: TbIP-TbIP 88 ($72 in chips)
flex331969: posts small blind $1
TbIP-TbIP 88: posts big blind $3
*** HOLE CARDS ***
flex331969: folds
Uncalled bet ($2) returned to TbIP-TbIP 88
TbIP-TbIP 88 collected $2 from pot
TbIP-TbIP 88: doesn't show hand
*** SUMMARY ***
Total pot $2 | Rake $0
Seat 3: flex331969 (button) (small blind) folded before Flop
Seat 4: TbIP-TbIP 88 (big blind) collected ($2)


PokerStars Hand #149716872035:  Hold'em Limit ($3/$6 USD) - 2016/03/02 9:15:47 ET
Table 'Benetnasch' 6-max Seat #4 is the button
Seat 3: flex331969 ($125.76 in chips)
Seat 4: TbIP-TbIP 88 ($72 in chips)
TbIP-TbIP 88: posts small blind $1
flex331969: posts big blind $3
*** HOLE CARDS ***
TbIP-TbIP 88: folds
Uncalled bet ($2) returned to flex331969
flex331969 collected $2 from pot
flex331969: doesn't show hand
*** SUMMARY ***
Total pot $2 | Rake $0
Seat 3: flex331969 (big blind) collected ($2)
Seat 4: TbIP-TbIP 88 (button) (small blind) folded before Flop


PokerStars Hand #149716907690:  Hold'em Limit ($3/$6 USD) - 2016/03/02 9:16:41 ET
Table 'Benetnasch' 6-max Seat #3 is the button
Seat 3: flex331969 ($134.40 in chips)
Seat 4: TbIP-TbIP 88 ($72 in chips)
flex331969: posts small blind $1
TbIP-TbIP 88: posts big blind $3
*** HOLE CARDS ***
flex331969: folds
Uncalled bet ($2) returned to TbIP-TbIP 88
TbIP-TbIP 88 collected $2 from pot
TbIP-TbIP 88: doesn't show hand
*** SUMMARY ***
Total pot $2 | Rake $0
Seat 3: flex331969 (button) (small blind) folded before Flop
Seat 4: TbIP-TbIP 88 (big blind) collected ($2)


PokerStars Hand #149716897457:  Hold'em Limit ($3/$6 USD) - 2016/03/02 9:16:26 ET
Table 'Benetnasch' 6-max Seat #4 is the button
Seat 3: flex331969 ($125.76 in chips)
Seat 4: TbIP-TbIP 88 ($73 in chips)
TbIP-TbIP 88: posts small blind $1
flex331969: posts big blind $3
*** HOLE CARDS ***
TbIP-TbIP 88: raises $3 to $6
flex331969: calls $3
*** FLOP *** [Jc 8c Ah]
flex331969: checks
TbIP-TbIP 88: bets $3
flex331969: calls $3
*** TURN *** [Jc 8c Ah] [9h]
flex331969: checks
TbIP-TbIP 88: checks
*** RIVER *** [Jc 8c Ah 9h] [9c]
flex331969: checks
TbIP-TbIP 88: checks
*** SHOW DOWN ***
flex331969: shows [Td 8s] (two pair, Nines and Eights)
TbIP-TbIP 88: mucks hand
flex331969 collected $17.64 from pot
*** SUMMARY ***
Total pot $18 | Rake $0.36
Board [Jc 8c Ah 9h 9c]
Seat 3: flex331969 (big blind) showed [Td 8s] and won ($17.64) with two pair, Nines and Eights
Seat 4: TbIP-TbIP 88 (button) (small blind) mucked


PokerStars Hand #149716894177:  Hold'em Limit ($3/$6 USD) - 2016/03/02 9:16:21 ET
Table 'Benetnasch' 6-max Seat #3 is the button
Seat 3: flex331969 ($126.76 in chips)
Seat 4: TbIP-TbIP 88 ($72 in chips)
flex331969: posts small blind $1
TbIP-TbIP 88: posts big blind $3
*** HOLE CARDS ***
flex331969: folds
Uncalled bet ($2) returned to TbIP-TbIP 88
TbIP-TbIP 88 collected $2 from pot
TbIP-TbIP 88: doesn't show hand
*** SUMMARY ***
Total pot $2 | Rake $0
Seat 3: flex331969 (button) (small blind) folded before Flop
Seat 4: TbIP-TbIP 88 (big blind) collected ($2)


PokerStars Hand #149716911154:  Hold'em Limit ($3/$6 USD) - 2016/03/02 9:16:47 ET
Table 'Benetnasch' 6-max Seat #4 is the button
Seat 3: flex331969 ($133.40 in chips)
Seat 4: TbIP-TbIP 88 ($73 in chips)
TbIP-TbIP 88: posts small blind $1
flex331969: posts big blind $3
*** HOLE CARDS ***
TbIP-TbIP 88: raises $3 to $6
flex331969: raises $3 to $9
TbIP-TbIP 88: calls $3
*** FLOP *** [5h Kh 2h]
flex331969: bets $3
TbIP-TbIP 88: calls $3
*** TURN *** [5h Kh 2h] [8h]
flex331969: bets $6
TbIP-TbIP 88: calls $6
*** RIVER *** [5h Kh 2h 8h] [Qd]
flex331969: bets $6
TbIP-TbIP 88: calls $6
*** SHOW DOWN ***
flex331969: shows [2s Ah] (a flush, Ace high)
TbIP-TbIP 88: mucks hand
flex331969 collected $47.50 from pot
*** SUMMARY ***
Total pot $48 | Rake $0.50
Board [5h Kh 2h 8h Qd]
Seat 3: flex331969 (big blind) showed [2s Ah] and won ($47.50) with a flush, Ace high
Seat 4: TbIP-TbIP 88 (button) (small blind) mucked


