PokerStars Hand #163088661085:  Hold'em Limit ($3/$6 USD) - 2016/12/17 11:59:07 ET
Table 'Benetnash' 6-max Seat #6 is the button
Seat 2: ZinZar ($83.25 in chips)
Seat 6: jacobkimm ($269.80 in chips)
jacobkimm: posts small blind $1
O>_Fu_<O: is sitting out
ZinZar: posts big blind $3
*** HOLE CARDS ***
jacobkimm: folds
Uncalled bet ($2) returned to ZinZar
ZinZar collected $2 from pot
ZinZar: doesn't show hand
*** SUMMARY ***
Total pot $2 | Rake $0
Seat 2: ZinZar (big blind) collected ($2)
Seat 6: jacobkimm (button) (small blind) folded before Flop


PokerStars Hand #163088673120:  Hold'em Limit ($3/$6 USD) - 2016/12/17 11:59:24 ET
Table 'Benetnash' 6-max Seat #6 is the button
Seat 2: ZinZar ($87.25 in chips)
Seat 6: jacobkimm ($265.80 in chips)
jacobkimm: posts small blind $1
ZinZar: posts big blind $3
*** HOLE CARDS ***
jacobkimm: raises $3 to $6
ZinZar: calls $3
*** FLOP *** [Jc Kh Ks]
ZinZar: checks
jacobkimm: bets $3
ZinZar: folds
Uncalled bet ($3) returned to jacobkimm
jacobkimm collected $11.76 from pot
*** SUMMARY ***
Total pot $12 | Rake $0.24
Board [Jc Kh Ks]
Seat 2: ZinZar (big blind) folded on the Flop
Seat 6: jacobkimm (button) (small blind) collected ($11.76)


PokerStars Hand #163088665815:  Hold'em Limit ($3/$6 USD) - 2016/12/17 11:59:14 ET
Table 'Benetnash' 6-max Seat #2 is the button
Seat 2: ZinZar ($84.25 in chips)
Seat 6: jacobkimm ($268.80 in chips)
ZinZar: posts small blind $1
jacobkimm: posts big blind $3
*** HOLE CARDS ***
ZinZar: raises $3 to $6
jacobkimm: folds
Uncalled bet ($3) returned to ZinZar
O>_Fu_<O leaves the table
ZinZar collected $6 from pot
ZinZar: doesn't show hand
*** SUMMARY ***
Total pot $6 | Rake $0
Seat 2: ZinZar (button) (small blind) collected ($6)
Seat 6: jacobkimm (big blind) folded before Flop


PokerStars Hand #163088684555:  Hold'em Limit ($3/$6 USD) - 2016/12/17 11:59:40 ET
Table 'Benetnash' 6-max Seat #2 is the button
Seat 2: ZinZar ($81.25 in chips)
Seat 6: jacobkimm ($271.56 in chips)
ZinZar: posts small blind $1
jacobkimm: posts big blind $3
*** HOLE CARDS ***
ZinZar: raises $3 to $6
jacobkimm: raises $3 to $9
ZinZar: calls $3
*** FLOP *** [5c 8s 9s]
jacobkimm: bets $3
ZinZar: calls $3
*** TURN *** [5c 8s 9s] [7s]
jacobkimm: bets $6
ZinZar: raises $6 to $12
jacobkimm: calls $6
*** RIVER *** [5c 8s 9s 7s] [Qh]
jacobkimm: checks
ZinZar: bets $6
jacobkimm: folds
Uncalled bet ($6) returned to ZinZar
ZinZar collected $47.50 from pot
ZinZar: doesn't show hand
*** SUMMARY ***
Total pot $48 | Rake $0.50
Board [5c 8s 9s 7s Qh]
Seat 2: ZinZar (button) (small blind) collected ($47.50)
Seat 6: jacobkimm (big blind) folded on the River


