PokerStars Hand #152759101382:  Hold'em Limit ($3/$6 USD) - 2016/05/02 13:55:28 ET
Table 'Bengt' 6-max Seat #4 is the button
Seat 4: NAUTJE1337 ($25 in chips)
Seat 5: Great_Kang ($144.38 in chips)
NAUTJE1337: posts small blind $1
Great_Kang: posts big blind $3
*** HOLE CARDS ***
NAUTJE1337: calls $2
Great_Kang: raises $3 to $6
NAUTJE1337: calls $3
*** FLOP *** [Ah 5h 7s]
Great_Kang: bets $3
NAUTJE1337: folds
Uncalled bet ($3) returned to Great_Kang
Great_Kang collected $11.76 from pot
Great_Kang: doesn't show hand
*** SUMMARY ***
Total pot $12 | Rake $0.24
Board [Ah 5h 7s]
Seat 4: NAUTJE1337 (button) (small blind) folded on the Flop
Seat 5: Great_Kang (big blind) collected ($11.76)


PokerStars Hand #152759120631:  Hold'em Limit ($3/$6 USD) - 2016/05/02 13:55:59 ET
Table 'Bengt' 6-max Seat #5 is the button
Seat 4: NAUTJE1337 ($19 in chips)
Seat 5: Great_Kang ($150.14 in chips)
Great_Kang: posts small blind $1
NAUTJE1337: posts big blind $3
*** HOLE CARDS ***
Great_Kang: raises $3 to $6
NAUTJE1337: calls $3
*** FLOP *** [8c 3d 6d]
NAUTJE1337: checks
Icecold joins the table at seat #6
Great_Kang: bets $3
NAUTJE1337: calls $3
*** TURN *** [8c 3d 6d] [5h]
NAUTJE1337: bets $6
Great_Kang: raises $6 to $12
NAUTJE1337: calls $4 and is all-in
Uncalled bet ($2) returned to Great_Kang
*** RIVER *** [8c 3d 6d 5h] [7d]
*** SHOW DOWN ***
NAUTJE1337: shows [Qs 4c] (a straight, Four to Eight)
Great_Kang: shows [8d 2d] (a flush, Eight high)
Great_Kang collected $37.50 from pot
*** SUMMARY ***
Total pot $38 | Rake $0.50
Board [8c 3d 6d 5h 7d]
Seat 4: NAUTJE1337 (big blind) showed [Qs 4c] and lost with a straight, Four to Eight
Seat 5: Great_Kang (button) (small blind) showed [8d 2d] and won ($37.50) with a flush, Eight high


PokerStars Hand #152772506745:  Hold'em Limit ($3/$6 USD) - 2016/05/02 18:16:40 ET
Table 'Bengt' 6-max Seat #1 is the button
Seat 1: LolDnkaments ($128.86 in chips)
Seat 4: Actionni13 ($284.57 in chips)
LolDnkaments: posts small blind $1
Actionni13: posts big blind $3
*** HOLE CARDS ***
LolDnkaments: raises $3 to $6
win888day leaves the table
Actionni13: raises $3 to $9
LolDnkaments: raises $3 to $12
Betting is capped
Actionni13: calls $3
*** FLOP *** [7c 5s Td]
Actionni13: checks
LolDnkaments: bets $3
Actionni13: calls $3
*** TURN *** [7c 5s Td] [7d]
Actionni13: checks
LolDnkaments: bets $6
Actionni13: folds
Uncalled bet ($6) returned to LolDnkaments
LolDnkaments collected $29.50 from pot
LolDnkaments: doesn't show hand
*** SUMMARY ***
Total pot $30 | Rake $0.50
Board [7c 5s Td 7d]
Seat 1: LolDnkaments (button) (small blind) collected ($29.50)
Seat 4: Actionni13 (big blind) folded on the Turn


PokerStars Hand #152772531495:  Hold'em Limit ($3/$6 USD) - 2016/05/02 18:17:13 ET
Table 'Bengt' 6-max Seat #4 is the button
Seat 1: LolDnkaments ($143.36 in chips)
Seat 4: Actionni13 ($269.57 in chips)
Actionni13: posts small blind $1
LolDnkaments: posts big blind $3
*** HOLE CARDS ***
Actionni13: raises $3 to $6
LolDnkaments: calls $3
*** FLOP *** [9s 6s 3s]
LolDnkaments: checks
Actionni13: checks
*** TURN *** [9s 6s 3s] [4c]
LolDnkaments: bets $6
Actionni13: calls $6
*** RIVER *** [9s 6s 3s 4c] [Kh]
LolDnkaments: bets $6
Actionni13: calls $6
*** SHOW DOWN ***
LolDnkaments: shows [Js 9h] (a pair of Nines)
Actionni13: mucks hand
LolDnkaments collected $35.50 from pot
*** SUMMARY ***
Total pot $36 | Rake $0.50
Board [9s 6s 3s 4c Kh]
Seat 1: LolDnkaments (big blind) showed [Js 9h] and won ($35.50) with a pair of Nines
Seat 4: Actionni13 (button) (small blind) mucked


