PokerStars Hand #159733012139:  Hold'em Limit ($3/$6 USD) - 2016/10/10 8:29:50 ET
Table 'Benguella' 6-max Seat #2 is the button
Seat 2: RSA53 ($120 in chips)
Seat 4: Agrotait ($72 in chips)
RSA53: posts small blind $1
Agrotait: posts big blind $3
*** HOLE CARDS ***
RSA53: raises $3 to $6
Agrotait: raises $3 to $9
RSA53: raises $3 to $12
Betting is capped
Agrotait: calls $3
*** FLOP *** [Qc 9h Ah]
Agrotait: checks
RSA53: bets $3
Agrotait: calls $3
*** TURN *** [Qc 9h Ah] [5s]
Agrotait: checks
RSA53: checks
*** RIVER *** [Qc 9h Ah 5s] [7d]
Agrotait: checks
RSA53: bets $6
Agrotait: calls $6
*** SHOW DOWN ***
RSA53: shows [Ts Jc] (high card Ace)
Agrotait: shows [Jd Kh] (high card Ace - King kicker)
Agrotait collected $41.50 from pot
*** SUMMARY ***
Total pot $42 | Rake $0.50
Board [Qc 9h Ah 5s 7d]
Seat 2: RSA53 (button) (small blind) showed [Ts Jc] and lost with high card Ace
Seat 4: Agrotait (big blind) showed [Jd Kh] and won ($41.50) with high card Ace


PokerStars Hand #159733036312:  Hold'em Limit ($3/$6 USD) - 2016/10/10 8:30:38 ET
Table 'Benguella' 6-max Seat #4 is the button
Seat 2: RSA53 ($99 in chips)
Seat 4: Agrotait ($92.50 in chips)
Agrotait: posts small blind $1
RSA53: posts big blind $3
*** HOLE CARDS ***
Agrotait: raises $3 to $6
RSA53: calls $3
*** FLOP *** [Qc Ad 5c]
RSA53: checks
Agrotait: bets $3
RSA53: folds
Uncalled bet ($3) returned to Agrotait
Agrotait collected $11.76 from pot
Agrotait: doesn't show hand
*** SUMMARY ***
Total pot $12 | Rake $0.24
Board [Qc Ad 5c]
Seat 2: RSA53 (big blind) folded on the Flop
Seat 4: Agrotait (button) (small blind) collected ($11.76)


PokerStars Hand #159733042387:  Hold'em Limit ($3/$6 USD) - 2016/10/10 8:30:50 ET
Table 'Benguella' 6-max Seat #2 is the button
Seat 2: RSA53 ($93 in chips)
Seat 4: Agrotait ($98.26 in chips)
RSA53: posts small blind $1
Agrotait: posts big blind $3
*** HOLE CARDS ***
Necromadx joins the table at seat #3
RSA53: folds
Uncalled bet ($2) returned to Agrotait
Agrotait collected $2 from pot
Agrotait: doesn't show hand
*** SUMMARY ***
Total pot $2 | Rake $0
Seat 2: RSA53 (button) (small blind) folded before Flop
Seat 4: Agrotait (big blind) collected ($2)


PokerStars Hand #159733046358:  Hold'em Limit ($3/$6 USD) - 2016/10/10 8:30:58 ET
Table 'Benguella' 6-max Seat #4 is the button
Seat 2: RSA53 ($92 in chips)
Seat 4: Agrotait ($99.26 in chips)
Agrotait: posts small blind $1
RSA53: posts big blind $3
*** HOLE CARDS ***
Agrotait: raises $3 to $6
RSA53: calls $3
*** FLOP *** [6c Ts Qd]
RSA53: checks
Agrotait: bets $3
RSA53: raises $3 to $6
Agrotait: folds
Uncalled bet ($3) returned to RSA53
RSA53 collected $17.64 from pot
*** SUMMARY ***
Total pot $18 | Rake $0.36
Board [6c Ts Qd]
Seat 2: RSA53 (big blind) collected ($17.64)
Seat 4: Agrotait (button) (small blind) folded on the Flop


PokerStars Hand #159733277341:  Hold'em Limit ($3/$6 USD) - 2016/10/10 8:38:16 ET
Table 'Benguella' 6-max Seat #6 is the button
Seat 3: Necromadx ($159.22 in chips)
Seat 6: fsreibnitz ($67.82 in chips)
fsreibnitz: posts small blind $1
Necromadx: posts big blind $3
*** HOLE CARDS ***
fsreibnitz: folds
Uncalled bet ($2) returned to Necromadx
Necromadx collected $2 from pot
Necromadx: doesn't show hand
*** SUMMARY ***
Total pot $2 | Rake $0
Seat 3: Necromadx (big blind) collected ($2)
Seat 6: fsreibnitz (button) (small blind) folded before Flop


PokerStars Hand #159733260354:  Hold'em Limit ($3/$6 USD) - 2016/10/10 8:37:42 ET
Table 'Benguella' 6-max Seat #3 is the button
Seat 3: Necromadx ($141.72 in chips)
Seat 6: fsreibnitz ($85.82 in chips)
Necromadx: posts small blind $1
Agrotait: is sitting out
fsreibnitz: posts big blind $3
*** HOLE CARDS ***
Necromadx: raises $3 to $6
fsreibnitz: calls $3
*** FLOP *** [3s Qh 9h]
fsreibnitz: checks
Necromadx: checks
*** TURN *** [3s Qh 9h] [Jh]
fsreibnitz: bets $6
Necromadx: calls $6
*** RIVER *** [3s Qh 9h Jh] [Js]
fsreibnitz: bets $6
Necromadx: raises $6 to $12
fsreibnitz: folds
Uncalled bet ($6) returned to Necromadx
Necromadx collected $35.50 from pot
Necromadx: doesn't show hand
*** SUMMARY ***
Total pot $36 | Rake $0.50
Board [3s Qh 9h Jh Js]
Seat 3: Necromadx (button) (small blind) collected ($35.50)
Seat 6: fsreibnitz (big blind) folded on the River


PokerStars Hand #159733280034:  Hold'em Limit ($3/$6 USD) - 2016/10/10 8:38:21 ET
Table 'Benguella' 6-max Seat #3 is the button
Seat 3: Necromadx ($160.22 in chips)
Seat 6: fsreibnitz ($66.82 in chips)
Necromadx: posts small blind $1
fsreibnitz: posts big blind $3
*** HOLE CARDS ***
Necromadx: raises $3 to $6
fsreibnitz: calls $3
*** FLOP *** [Js 8h 6c]
fsreibnitz: checks
Necromadx: checks
*** TURN *** [Js 8h 6c] [9h]
fsreibnitz: checks
Necromadx: checks
*** RIVER *** [Js 8h 6c 9h] [Kd]
fsreibnitz: checks
Necromadx: checks
*** SHOW DOWN ***
fsreibnitz: shows [4c 9c] (a pair of Nines)
Necromadx: mucks hand
fsreibnitz collected $11.76 from pot
*** SUMMARY ***
Total pot $12 | Rake $0.24
Board [Js 8h 6c 9h Kd]
Seat 3: Necromadx (button) (small blind) mucked
Seat 6: fsreibnitz (big blind) showed [4c 9c] and won ($11.76) with a pair of Nines


PokerStars Hand #159733287620:  Hold'em Limit ($3/$6 USD) - 2016/10/10 8:38:36 ET
Table 'Benguella' 6-max Seat #6 is the button
Seat 3: Necromadx ($154.22 in chips)
Seat 6: fsreibnitz ($72.58 in chips)
fsreibnitz: posts small blind $1
Necromadx: posts big blind $3
*** HOLE CARDS ***
fsreibnitz: raises $3 to $6
Necromadx: raises $3 to $9
fsreibnitz: calls $3
*** FLOP *** [Qc 5h Jd]
Necromadx: bets $3
fsreibnitz: calls $3
*** TURN *** [Qc 5h Jd] [Ts]
Necromadx: bets $6
fsreibnitz: calls $6
*** RIVER *** [Qc 5h Jd Ts] [Td]
Necromadx: bets $6
fsreibnitz: calls $6
*** SHOW DOWN ***
Necromadx: shows [Qd Jh] (two pair, Queens and Jacks)
fsreibnitz: mucks hand
Necromadx collected $47.50 from pot
*** SUMMARY ***
Total pot $48 | Rake $0.50
Board [Qc 5h Jd Ts Td]
Seat 3: Necromadx (big blind) showed [Qd Jh] and won ($47.50) with two pair, Queens and Jacks
Seat 6: fsreibnitz (button) (small blind) mucked


PokerStars Hand #159733296416:  Hold'em Limit ($3/$6 USD) - 2016/10/10 8:38:53 ET
Table 'Benguella' 6-max Seat #3 is the button
Seat 3: Necromadx ($177.72 in chips)
Seat 6: fsreibnitz ($48.58 in chips)
Necromadx: posts small blind $1
fsreibnitz: posts big blind $3
*** HOLE CARDS ***
Necromadx: raises $3 to $6
fsreibnitz: calls $3
*** FLOP *** [8h Js 5s]
fsreibnitz: checks
Necromadx: bets $3
fsreibnitz: folds
Uncalled bet ($3) returned to Necromadx
Necromadx collected $11.76 from pot
Necromadx: doesn't show hand
*** SUMMARY ***
Total pot $12 | Rake $0.24
Board [8h Js 5s]
Seat 3: Necromadx (button) (small blind) collected ($11.76)
Seat 6: fsreibnitz (big blind) folded on the Flop


PokerStars Hand #159733301455:  Hold'em Limit ($3/$6 USD) - 2016/10/10 8:39:03 ET
Table 'Benguella' 6-max Seat #6 is the button
Seat 3: Necromadx ($183.48 in chips)
Seat 6: fsreibnitz ($42.58 in chips)
fsreibnitz: posts small blind $1
Necromadx: posts big blind $3
*** HOLE CARDS ***
fsreibnitz: raises $3 to $6
Necromadx: calls $3
*** FLOP *** [Kh 3d 5d]
Necromadx: checks
fsreibnitz: bets $3
Necromadx: folds
Uncalled bet ($3) returned to fsreibnitz
fsreibnitz collected $11.76 from pot
*** SUMMARY ***
Total pot $12 | Rake $0.24
Board [Kh 3d 5d]
Seat 3: Necromadx (big blind) folded on the Flop
Seat 6: fsreibnitz (button) (small blind) collected ($11.76)


PokerStars Hand #159733306205:  Hold'em Limit ($3/$6 USD) - 2016/10/10 8:39:12 ET
Table 'Benguella' 6-max Seat #3 is the button
Seat 3: Necromadx ($177.48 in chips)
Seat 6: fsreibnitz ($48.34 in chips)
Necromadx: posts small blind $1
fsreibnitz: posts big blind $3
*** HOLE CARDS ***
Necromadx: raises $3 to $6
fsreibnitz: calls $3
*** FLOP *** [Tc 7s 8d]
fsreibnitz: checks
Necromadx: bets $3
fsreibnitz: calls $3
*** TURN *** [Tc 7s 8d] [Qd]
fsreibnitz: checks
Necromadx: checks
*** RIVER *** [Tc 7s 8d Qd] [9h]
fsreibnitz: bets $6
Necromadx: raises $6 to $12
fsreibnitz: raises $6 to $18
Necromadx: raises $6 to $24
Betting is capped
fsreibnitz: calls $6
*** SHOW DOWN ***
Necromadx: shows [Jh Kc] (a straight, Nine to King)
fsreibnitz: mucks hand
Necromadx collected $65.50 from pot
*** SUMMARY ***
Total pot $66 | Rake $0.50
Board [Tc 7s 8d Qd 9h]
Seat 3: Necromadx (button) (small blind) showed [Jh Kc] and won ($65.50) with a straight, Nine to King
Seat 6: fsreibnitz (big blind) mucked


PokerStars Hand #159737611256:  Hold'em Limit ($3/$6 USD) - 2016/10/10 10:44:25 ET
Table 'Benguella' 6-max Seat #2 is the button
Seat 2: oregordog ($9.39 in chips)
Seat 5: xieguang ($62.22 in chips)
oregordog: posts small blind $1
xieguang: posts big blind $3
*** HOLE CARDS ***
oregordog: raises $3 to $6
xieguang: calls $3
*** FLOP *** [6d Ad Ks]
xieguang: bets $3
oregordog: calls $3
*** TURN *** [6d Ad Ks] [3s]
xieguang: bets $6
oregordog: calls $0.39 and is all-in
Uncalled bet ($5.61) returned to xieguang
*** RIVER *** [6d Ad Ks 3s] [Jh]
*** SHOW DOWN ***
xieguang: shows [Qc 2c] (high card Ace)
oregordog: shows [8c 9c] (high card Ace - lower kicker)
xieguang collected $18.40 from pot
*** SUMMARY ***
Total pot $18.78 | Rake $0.38
Board [6d Ad Ks 3s Jh]
Seat 2: oregordog (button) (small blind) showed [8c 9c] and lost with high card Ace
Seat 5: xieguang (big blind) showed [Qc 2c] and won ($18.40) with high card Ace


PokerStars Hand #159737607529:  Hold'em Limit ($3/$6 USD) - 2016/10/10 10:44:19 ET
Table 'Benguella' 6-max Seat #5 is the button
Seat 2: oregordog ($8.39 in chips)
Seat 5: xieguang ($63.22 in chips)
xieguang: posts small blind $1
fsreibnitz: is sitting out
oregordog: posts big blind $3
*** HOLE CARDS ***
xieguang: folds
Uncalled bet ($2) returned to oregordog
oregordog collected $2 from pot
fsreibnitz leaves the table
*** SUMMARY ***
Total pot $2 | Rake $0
Seat 2: oregordog (big blind) collected ($2)
Seat 5: xieguang (button) (small blind) folded before Flop


PokerStars Hand #159738054462:  Hold'em Limit ($3/$6 USD) - 2016/10/10 10:56:03 ET
Table 'Benguella' 6-max Seat #5 is the button
Seat 4: michi99999 ($67.64 in chips)
Seat 5: kolaz03 ($72 in chips)
kolaz03: posts small blind $1
michi99999: posts big blind $3
*** HOLE CARDS ***
kolaz03: raises $3 to $6
michi99999: folds
Uncalled bet ($3) returned to kolaz03
kolaz03 collected $6 from pot
kolaz03: doesn't show hand
*** SUMMARY ***
Total pot $6 | Rake $0
Seat 4: michi99999 (big blind) folded before Flop
Seat 5: kolaz03 (button) (small blind) collected ($6)


PokerStars Hand #159738078766:  Hold'em Limit ($3/$6 USD) - 2016/10/10 10:56:46 ET
Table 'Benguella' 6-max Seat #5 is the button
Seat 4: michi99999 ($49.64 in chips)
Seat 5: kolaz03 ($89.50 in chips)
kolaz03: posts small blind $1
michi99999: posts big blind $3
*** HOLE CARDS ***
kolaz03: raises $3 to $6
michi99999: calls $3
*** FLOP *** [5s 3s 9s]
michi99999: checks
kolaz03: bets $3
michi99999: calls $3
*** TURN *** [5s 3s 9s] [9c]
michi99999: checks
kolaz03: bets $6
michi99999: calls $6
*** RIVER *** [5s 3s 9s 9c] [6s]
michi99999: checks
kolaz03: bets $6
michi99999: calls $6
*** SHOW DOWN ***
kolaz03: shows [6c Ks] (a flush, King high)
michi99999: mucks hand
kolaz03 collected $41.50 from pot
*** SUMMARY ***
Total pot $42 | Rake $0.50
Board [5s 3s 9s 9c 6s]
Seat 4: michi99999 (big blind) mucked
Seat 5: kolaz03 (button) (small blind) showed [6c Ks] and won ($41.50) with a flush, King high


PokerStars Hand #159738063533:  Hold'em Limit ($3/$6 USD) - 2016/10/10 10:56:19 ET
Table 'Benguella' 6-max Seat #4 is the button
Seat 4: michi99999 ($64.64 in chips)
Seat 5: kolaz03 ($75 in chips)
michi99999: posts small blind $1
kolaz03: posts big blind $3
*** HOLE CARDS ***
michi99999: raises $3 to $6
kolaz03: calls $3
*** FLOP *** [Td 8c 4c]
kolaz03: checks
michi99999: bets $3
kolaz03: calls $3
*** TURN *** [Td 8c 4c] [As]
kolaz03: checks
michi99999: bets $6
kolaz03: calls $6
*** RIVER *** [Td 8c 4c As] [5d]
kolaz03: checks
michi99999: checks
*** SHOW DOWN ***
kolaz03: shows [Ks 5h] (a pair of Fives)
michi99999: mucks hand
kolaz03 collected $29.50 from pot
*** SUMMARY ***
Total pot $30 | Rake $0.50
Board [Td 8c 4c As 5d]
Seat 4: michi99999 (button) (small blind) mucked
Seat 5: kolaz03 (big blind) showed [Ks 5h] and won ($29.50) with a pair of Fives


PokerStars Hand #159738089876:  Hold'em Limit ($3/$6 USD) - 2016/10/10 10:57:06 ET
Table 'Benguella' 6-max Seat #4 is the button
Seat 4: michi99999 ($28.64 in chips)
Seat 5: kolaz03 ($110 in chips)
michi99999: posts small blind $1
kolaz03: posts big blind $3
*** HOLE CARDS ***
michi99999: raises $3 to $6
kolaz03: calls $3
*** FLOP *** [Jh 8h Ks]
kolaz03: checks
michi99999: checks
*** TURN *** [Jh 8h Ks] [5c]
knas4 joins the table at seat #3
kolaz03: checks
michi99999: checks
*** RIVER *** [Jh 8h Ks 5c] [Qc]
kolaz03: checks
michi99999: checks
*** SHOW DOWN ***
kolaz03: shows [As 4c] (high card Ace)
michi99999: shows [Ah 6s] (high card Ace)
kolaz03 collected $5.88 from pot
michi99999 collected $5.88 from pot
*** SUMMARY ***
Total pot $12 | Rake $0.24
Board [Jh 8h Ks 5c Qc]
Seat 4: michi99999 (button) (small blind) showed [Ah 6s] and won ($5.88) with high card Ace
Seat 5: kolaz03 (big blind) showed [As 4c] and won ($5.88) with high card Ace


PokerStars Hand #159738670430:  Hold'em Limit ($3/$6 USD) - 2016/10/10 11:12:19 ET
Table 'Benguella' 6-max Seat #5 is the button
Seat 3: knas4 ($145.20 in chips)
Seat 5: Luanto 14 ($152.26 in chips)
Luanto 14: posts small blind $1
VolkovDmitri: is sitting out
Mordnilap: is sitting out
knas4: posts big blind $3
*** HOLE CARDS ***
Luanto 14: raises $3 to $6
knas4: calls $3
*** FLOP *** [3c 9d 3d]
knas4: checks
Luanto 14: bets $3
knas4: calls $3
*** TURN *** [3c 9d 3d] [2d]
knas4: checks
Luanto 14: bets $6
knas4: raises $6 to $12
Luanto 14: calls $6
*** RIVER *** [3c 9d 3d 2d] [Tc]
knas4: bets $6
Luanto 14: calls $6
*** SHOW DOWN ***
knas4: shows [Kd 8d] (a flush, King high)
Luanto 14: mucks hand
knas4 collected $53.50 from pot
VolkovDmitri leaves the table
*** SUMMARY ***
Total pot $54 | Rake $0.50
Board [3c 9d 3d 2d Tc]
Seat 3: knas4 (big blind) showed [Kd 8d] and won ($53.50) with a flush, King high
Seat 5: Luanto 14 (button) (small blind) mucked


PokerStars Hand #159740721536:  Hold'em Limit ($3/$6 USD) - 2016/10/10 12:02:58 ET
Table 'Benguella' 6-max Seat #4 is the button
Seat 4: VolkovDmitri ($120 in chips)
Seat 5: Diogo mania ($30 in chips)
VolkovDmitri: posts small blind $1
Diogo mania: posts big blind $3
*** HOLE CARDS ***
VolkovDmitri: raises $3 to $6
Diogo mania: calls $3
*** FLOP *** [Kh 8d Kc]
Diogo mania: checks
VolkovDmitri: bets $3
Diogo mania: folds
Uncalled bet ($3) returned to VolkovDmitri
VolkovDmitri collected $11.76 from pot
VolkovDmitri: doesn't show hand
*** SUMMARY ***
Total pot $12 | Rake $0.24
Board [Kh 8d Kc]
Seat 4: VolkovDmitri (button) (small blind) collected ($11.76)
Seat 5: Diogo mania (big blind) folded on the Flop


PokerStars Hand #159740745236:  Hold'em Limit ($3/$6 USD) - 2016/10/10 12:03:32 ET
Table 'Benguella' 6-max Seat #4 is the button
Seat 4: VolkovDmitri ($137.28 in chips)
Seat 5: Diogo mania ($12 in chips)
VolkovDmitri: posts small blind $1
Diogo mania: posts big blind $3
*** HOLE CARDS ***
VolkovDmitri: raises $3 to $6
Diogo mania: raises $3 to $9
VolkovDmitri: raises $3 to $12
Betting is capped
Diogo mania: calls $3 and is all-in
*** FLOP *** [Td Th 4s]
*** TURN *** [Td Th 4s] [9d]
*** RIVER *** [Td Th 4s 9d] [6c]
*** SHOW DOWN ***
Diogo mania: shows [Ad 7d] (a pair of Tens)
VolkovDmitri: shows [7c 7h] (two pair, Tens and Sevens)
VolkovDmitri collected $23.52 from pot
*** SUMMARY ***
Total pot $24 | Rake $0.48
Board [Td Th 4s 9d 6c]
Seat 4: VolkovDmitri (button) (small blind) showed [7c 7h] and won ($23.52) with two pair, Tens and Sevens
Seat 5: Diogo mania (big blind) showed [Ad 7d] and lost with a pair of Tens


PokerStars Hand #159740733835:  Hold'em Limit ($3/$6 USD) - 2016/10/10 12:03:16 ET
Table 'Benguella' 6-max Seat #5 is the button
Seat 4: VolkovDmitri ($125.76 in chips)
Seat 5: Diogo mania ($24 in chips)
Diogo mania: posts small blind $1
VolkovDmitri: posts big blind $3
*** HOLE CARDS ***
Diogo mania: raises $3 to $6
VolkovDmitri: raises $3 to $9
Diogo mania: calls $3
*** FLOP *** [5h 7d 7c]
VolkovDmitri: bets $3
Diogo mania: calls $3
*** TURN *** [5h 7d 7c] [5s]
VolkovDmitri: bets $6
Diogo mania: folds
Uncalled bet ($6) returned to VolkovDmitri
VolkovDmitri collected $23.52 from pot
VolkovDmitri: doesn't show hand
*** SUMMARY ***
Total pot $24 | Rake $0.48
Board [5h 7d 7c 5s]
Seat 4: VolkovDmitri (big blind) collected ($23.52)
Seat 5: Diogo mania (button) (small blind) folded on the Turn


PokerStars Hand #159742249095:  Hold'em Limit ($3/$6 USD) - 2016/10/10 12:37:31 ET
Table 'Benguella' 6-max Seat #3 is the button
Seat 3: freak70344 ($196.45 in chips)
Seat 5: Ale4o ($140.50 in chips)
freak70344: posts small blind $1
Ale4o: posts big blind $3
*** HOLE CARDS ***
freak70344: folds
Uncalled bet ($2) returned to Ale4o
Ale4o collected $2 from pot
Ale4o: doesn't show hand
*** SUMMARY ***
Total pot $2 | Rake $0
Seat 3: freak70344 (button) (small blind) folded before Flop
Seat 5: Ale4o (big blind) collected ($2)


PokerStars Hand #159742234690:  Hold'em Limit ($3/$6 USD) - 2016/10/10 12:37:12 ET
Table 'Benguella' 6-max Seat #5 is the button
Seat 3: freak70344 ($193.57 in chips)
Seat 5: Ale4o ($143.50 in chips)
Ale4o: posts small blind $1
freak70344: posts big blind $3
*** HOLE CARDS ***
Ale4o: calls $2
freak70344: checks
*** FLOP *** [Qh Qs 4d]
freak70344: checks
Ale4o: checks
*** TURN *** [Qh Qs 4d] [8h]
freak70344: checks
Ale4o: checks
*** RIVER *** [Qh Qs 4d 8h] [7d]
freak70344: checks
Ale4o: checks
*** SHOW DOWN ***
freak70344: shows [5d 4c] (two pair, Queens and Fours)
Ale4o: mucks hand
freak70344 collected $5.88 from pot
*** SUMMARY ***
Total pot $6 | Rake $0.12
Board [Qh Qs 4d 8h 7d]
Seat 3: freak70344 (big blind) showed [5d 4c] and won ($5.88) with two pair, Queens and Fours
Seat 5: Ale4o (button) (small blind) mucked


PokerStars Hand #159742252537:  Hold'em Limit ($3/$6 USD) - 2016/10/10 12:37:36 ET
Table 'Benguella' 6-max Seat #5 is the button
Seat 3: freak70344 ($195.45 in chips)
Seat 5: Ale4o ($141.50 in chips)
Ale4o: posts small blind $1
freak70344: posts big blind $3
*** HOLE CARDS ***
Ale4o: raises $3 to $6
kolaz03 joins the table at seat #4
freak70344: calls $3
*** FLOP *** [3h 9d 8d]
freak70344: checks
Ale4o: bets $3
freak70344: folds
Uncalled bet ($3) returned to Ale4o
Ale4o collected $11.76 from pot
Ale4o: doesn't show hand
*** SUMMARY ***
Total pot $12 | Rake $0.24
Board [3h 9d 8d]
Seat 3: freak70344 (big blind) folded on the Flop
Seat 5: Ale4o (button) (small blind) collected ($11.76)


PokerStars Hand #159742930531:  Hold'em Limit ($3/$6 USD) - 2016/10/10 12:52:07 ET
Table 'Benguella' 6-max Seat #6 is the button
Seat 1: Ag3r0n ($89.74 in chips)
Seat 6: oxford44 ($107.40 in chips)
oxford44: posts small blind $1
Ag3r0n: posts big blind $3
*** HOLE CARDS ***
oxford44: calls $2
Ag3r0n: checks
*** FLOP *** [7h Qd 5d]
Ag3r0n: bets $3
oxford44: calls $3
*** TURN *** [7h Qd 5d] [8c]
Ag3r0n: checks
oxford44: bets $6
Ag3r0n: folds
Uncalled bet ($6) returned to oxford44
oxford44 collected $11.76 from pot
oxford44: doesn't show hand
*** SUMMARY ***
Total pot $12 | Rake $0.24
Board [7h Qd 5d 8c]
Seat 1: Ag3r0n (big blind) folded on the Turn
Seat 6: oxford44 (button) (small blind) collected ($11.76)


PokerStars Hand #159742920420:  Hold'em Limit ($3/$6 USD) - 2016/10/10 12:51:55 ET
Table 'Benguella' 6-max Seat #1 is the button
Seat 1: Ag3r0n ($95.74 in chips)
Seat 6: oxford44 ($101.64 in chips)
Ag3r0n: posts small blind $1
oxford44: posts big blind $3
*** HOLE CARDS ***
Ag3r0n: raises $3 to $6
oxford44: calls $3
*** FLOP *** [5d Qc 6d]
oxford44: checks
Ag3r0n: checks
*** TURN *** [5d Qc 6d] [2c]
oxford44: bets $6
Ag3r0n: folds
Uncalled bet ($6) returned to oxford44
oxford44 collected $11.76 from pot
oxford44: doesn't show hand
*** SUMMARY ***
Total pot $12 | Rake $0.24
Board [5d Qc 6d 2c]
Seat 1: Ag3r0n (button) (small blind) folded on the Turn
Seat 6: oxford44 (big blind) collected ($11.76)


PokerStars Hand #159742990620:  Hold'em Limit ($3/$6 USD) - 2016/10/10 12:53:21 ET
Table 'Benguella' 6-max Seat #6 is the button
Seat 1: Ag3r0n ($72 in chips)
Seat 6: oxford44 ($130.66 in chips)
oxford44: posts small blind $1
Ag3r0n: posts big blind $3
*** HOLE CARDS ***
oxford44: calls $2
Ag3r0n: checks
*** FLOP *** [7d Qc Ac]
Ag3r0n: checks
oxford44: bets $3
Ag3r0n: folds
Uncalled bet ($3) returned to oxford44
oxford44 collected $5.88 from pot
oxford44: doesn't show hand
*** SUMMARY ***
Total pot $6 | Rake $0.12
Board [7d Qc Ac]
Seat 1: Ag3r0n (big blind) folded on the Flop
Seat 6: oxford44 (button) (small blind) collected ($5.88)


PokerStars Hand #159742986712:  Hold'em Limit ($3/$6 USD) - 2016/10/10 12:53:16 ET
Table 'Benguella' 6-max Seat #1 is the button
Seat 1: Ag3r0n ($73 in chips)
Seat 6: oxford44 ($129.66 in chips)
Ag3r0n: posts small blind $1
oxford44: posts big blind $3
*** HOLE CARDS ***
Ag3r0n: folds
Uncalled bet ($2) returned to oxford44
oxford44 collected $2 from pot
oxford44: doesn't show hand
*** SUMMARY ***
Total pot $2 | Rake $0
Seat 1: Ag3r0n (button) (small blind) folded before Flop
Seat 6: oxford44 (big blind) collected ($2)


PokerStars Hand #159742981660:  Hold'em Limit ($3/$6 USD) - 2016/10/10 12:53:10 ET
Table 'Benguella' 6-max Seat #6 is the button
Seat 1: Ag3r0n ($72 in chips)
Seat 6: oxford44 ($130.66 in chips)
oxford44: posts small blind $1
Ag3r0n: posts big blind $3
*** HOLE CARDS ***
oxford44: folds
Uncalled bet ($2) returned to Ag3r0n
Ag3r0n collected $2 from pot
*** SUMMARY ***
Total pot $2 | Rake $0
Seat 1: Ag3r0n (big blind) collected ($2)
Seat 6: oxford44 (button) (small blind) folded before Flop


PokerStars Hand #159742977977:  Hold'em Limit ($3/$6 USD) - 2016/10/10 12:53:06 ET
Table 'Benguella' 6-max Seat #1 is the button
Seat 1: Ag3r0n ($73 in chips)
Seat 6: oxford44 ($129.66 in chips)
Ag3r0n: posts small blind $1
oxford44: posts big blind $3
*** HOLE CARDS ***
Ag3r0n: folds
Uncalled bet ($2) returned to oxford44
oxford44 collected $2 from pot
oxford44: doesn't show hand
*** SUMMARY ***
Total pot $2 | Rake $0
Seat 1: Ag3r0n (button) (small blind) folded before Flop
Seat 6: oxford44 (big blind) collected ($2)


PokerStars Hand #159742974223:  Hold'em Limit ($3/$6 USD) - 2016/10/10 12:53:01 ET
Table 'Benguella' 6-max Seat #6 is the button
Seat 1: Ag3r0n ($72 in chips)
Seat 6: oxford44 ($130.66 in chips)
oxford44: posts small blind $1
Ag3r0n: posts big blind $3
*** HOLE CARDS ***
oxford44: folds
Uncalled bet ($2) returned to Ag3r0n
Ag3r0n collected $2 from pot
*** SUMMARY ***
Total pot $2 | Rake $0
Seat 1: Ag3r0n (big blind) collected ($2)
Seat 6: oxford44 (button) (small blind) folded before Flop


PokerStars Hand #159742943373:  Hold'em Limit ($3/$6 USD) - 2016/10/10 12:52:23 ET
Table 'Benguella' 6-max Seat #1 is the button
Seat 1: Ag3r0n ($83.74 in chips)
Seat 6: oxford44 ($113.16 in chips)
Ag3r0n: posts small blind $1
oxford44: posts big blind $3
*** HOLE CARDS ***
Ag3r0n: raises $3 to $6
oxford44: raises $3 to $9
Ag3r0n: calls $3
*** FLOP *** [Kh 5h 4c]
oxford44: bets $3
Ag3r0n: calls $3
*** TURN *** [Kh 5h 4c] [Ts]
oxford44: checks
Ag3r0n: bets $6
oxford44: raises $6 to $12
Ag3r0n: folds
Uncalled bet ($6) returned to oxford44
oxford44 collected $35.50 from pot
oxford44: doesn't show hand
*** SUMMARY ***
Total pot $36 | Rake $0.50
Board [Kh 5h 4c Ts]
Seat 1: Ag3r0n (button) (small blind) folded on the Turn
Seat 6: oxford44 (big blind) collected ($35.50)


PokerStars Hand #159743048401:  Hold'em Limit ($3/$6 USD) - 2016/10/10 12:54:33 ET
Table 'Benguella' 6-max Seat #6 is the button
Seat 1: Ag3r0n ($88.40 in chips)
Seat 6: oxford44 ($131.04 in chips)
oxford44: posts small blind $1
Ag3r0n: posts big blind $3
*** HOLE CARDS ***
oxford44: calls $2
Ag3r0n: checks
*** FLOP *** [5c Td Jc]
Ag3r0n: checks
oxford44: bets $3
Ag3r0n: folds
Uncalled bet ($3) returned to oxford44
oxford44 collected $5.88 from pot
oxford44: doesn't show hand
*** SUMMARY ***
Total pot $6 | Rake $0.12
Board [5c Td Jc]
Seat 1: Ag3r0n (big blind) folded on the Flop
Seat 6: oxford44 (button) (small blind) collected ($5.88)


PokerStars Hand #159743035696:  Hold'em Limit ($3/$6 USD) - 2016/10/10 12:54:17 ET
Table 'Benguella' 6-max Seat #1 is the button
Seat 1: Ag3r0n ($82.64 in chips)
Seat 6: oxford44 ($137.04 in chips)
Ag3r0n: posts small blind $1
oxford44: posts big blind $3
*** HOLE CARDS ***
Ag3r0n: raises $3 to $6
oxford44: calls $3
*** FLOP *** [7d Ad 3h]
oxford44: checks
Ag3r0n: bets $3
oxford44: folds
Uncalled bet ($3) returned to Ag3r0n
Ag3r0n collected $11.76 from pot
*** SUMMARY ***
Total pot $12 | Rake $0.24
Board [7d Ad 3h]
Seat 1: Ag3r0n (button) (small blind) collected ($11.76)
Seat 6: oxford44 (big blind) folded on the Flop


PokerStars Hand #159743031920:  Hold'em Limit ($3/$6 USD) - 2016/10/10 12:54:12 ET
Table 'Benguella' 6-max Seat #6 is the button
Seat 1: Ag3r0n ($81.64 in chips)
Seat 6: oxford44 ($138.04 in chips)
oxford44: posts small blind $1
Ag3r0n: posts big blind $3
*** HOLE CARDS ***
oxford44: folds
Uncalled bet ($2) returned to Ag3r0n
Ag3r0n collected $2 from pot
*** SUMMARY ***
Total pot $2 | Rake $0
Seat 1: Ag3r0n (big blind) collected ($2)
Seat 6: oxford44 (button) (small blind) folded before Flop


PokerStars Hand #159743018070:  Hold'em Limit ($3/$6 USD) - 2016/10/10 12:53:55 ET
Table 'Benguella' 6-max Seat #1 is the button
Seat 1: Ag3r0n ($73 in chips)
Seat 6: oxford44 ($147.04 in chips)
Ag3r0n: posts small blind $1
oxford44: posts big blind $3
*** HOLE CARDS ***
Ag3r0n: raises $3 to $6
oxford44: calls $3
*** FLOP *** [4h 6d Qs]
oxford44: checks
Ag3r0n: bets $3
oxford44: calls $3
*** TURN *** [4h 6d Qs] [8s]
oxford44: checks
Ag3r0n: bets $6
oxford44: folds
Uncalled bet ($6) returned to Ag3r0n
Ag3r0n collected $17.64 from pot
*** SUMMARY ***
Total pot $18 | Rake $0.36
Board [4h 6d Qs 8s]
Seat 1: Ag3r0n (button) (small blind) collected ($17.64)
Seat 6: oxford44 (big blind) folded on the Turn


PokerStars Hand #159743013166:  Hold'em Limit ($3/$6 USD) - 2016/10/10 12:53:49 ET
Table 'Benguella' 6-max Seat #6 is the button
Seat 1: Ag3r0n ($72 in chips)
Seat 6: oxford44 ($148.04 in chips)
oxford44: posts small blind $1
Ag3r0n: posts big blind $3
*** HOLE CARDS ***
oxford44: folds
Uncalled bet ($2) returned to Ag3r0n
Ag3r0n collected $2 from pot
*** SUMMARY ***
Total pot $2 | Rake $0
Seat 1: Ag3r0n (big blind) collected ($2)
Seat 6: oxford44 (button) (small blind) folded before Flop


PokerStars Hand #159742998259:  Hold'em Limit ($3/$6 USD) - 2016/10/10 12:53:30 ET
Table 'Benguella' 6-max Seat #1 is the button
Seat 1: Ag3r0n ($72 in chips)
Seat 6: oxford44 ($133.54 in chips)
Ag3r0n: posts small blind $1
oxford44: posts big blind $3
*** HOLE CARDS ***
Ag3r0n: raises $3 to $6
oxford44: calls $3
*** FLOP *** [Ac 2h 3s]
oxford44: checks
Ag3r0n: bets $3
oxford44: calls $3
*** TURN *** [Ac 2h 3s] [Kc]
oxford44: checks
Ag3r0n: checks
*** RIVER *** [Ac 2h 3s Kc] [Qs]
oxford44: bets $6
Ag3r0n: calls $6
*** SHOW DOWN ***
oxford44: shows [9c Ad] (a pair of Aces)
Ag3r0n: mucks hand
oxford44 collected $29.50 from pot
*** SUMMARY ***
Total pot $30 | Rake $0.50
Board [Ac 2h 3s Kc Qs]
Seat 1: Ag3r0n (button) (small blind) mucked
Seat 6: oxford44 (big blind) showed [9c Ad] and won ($29.50) with a pair of Aces


PokerStars Hand #159743084778:  Hold'em Limit ($3/$6 USD) - 2016/10/10 12:55:18 ET
Table 'Benguella' 6-max Seat #6 is the button
Seat 1: Ag3r0n ($80.40 in chips)
Seat 6: oxford44 ($138.56 in chips)
oxford44: posts small blind $1
Ag3r0n: posts big blind $3
*** HOLE CARDS ***
oxford44: calls $2
Ag3r0n: checks
*** FLOP *** [Td Jd 4h]
Ag3r0n: bets $3
oxford44: folds
Uncalled bet ($3) returned to Ag3r0n
Ag3r0n collected $5.88 from pot
*** SUMMARY ***
Total pot $6 | Rake $0.12
Board [Td Jd 4h]
Seat 1: Ag3r0n (big blind) collected ($5.88)
Seat 6: oxford44 (button) (small blind) folded on the Flop


PokerStars Hand #159743064371:  Hold'em Limit ($3/$6 USD) - 2016/10/10 12:54:52 ET
Table 'Benguella' 6-max Seat #1 is the button
Seat 1: Ag3r0n ($89.40 in chips)
Seat 6: oxford44 ($129.92 in chips)
Ag3r0n: posts small blind $1
oxford44: posts big blind $3
*** HOLE CARDS ***
Ag3r0n: raises $3 to $6
oxford44: calls $3
*** FLOP *** [Jc Qc 8s]
oxford44: checks
Ag3r0n: bets $3
oxford44: calls $3
*** TURN *** [Jc Qc 8s] [9s]
oxford44: checks
Ag3r0n: checks
*** RIVER *** [Jc Qc 8s 9s] [4h]
oxford44: bets $6
Ale4o leaves the table
Ag3r0n: folds
Uncalled bet ($6) returned to oxford44
oxford44 collected $17.64 from pot
oxford44: doesn't show hand
*** SUMMARY ***
Total pot $18 | Rake $0.36
Board [Jc Qc 8s 9s 4h]
Seat 1: Ag3r0n (button) (small blind) folded on the River
Seat 6: oxford44 (big blind) collected ($17.64)


PokerStars Hand #159743060601:  Hold'em Limit ($3/$6 USD) - 2016/10/10 12:54:48 ET
Table 'Benguella' 6-max Seat #6 is the button
Seat 1: Ag3r0n ($88.40 in chips)
Seat 6: oxford44 ($130.92 in chips)
oxford44: posts small blind $1
Ag3r0n: posts big blind $3
*** HOLE CARDS ***
oxford44: folds
Uncalled bet ($2) returned to Ag3r0n
Ag3r0n collected $2 from pot
*** SUMMARY ***
Total pot $2 | Rake $0
Seat 1: Ag3r0n (big blind) collected ($2)
Seat 6: oxford44 (button) (small blind) folded before Flop


PokerStars Hand #159743096282:  Hold'em Limit ($3/$6 USD) - 2016/10/10 12:55:36 ET
Table 'Benguella' 6-max Seat #6 is the button
Seat 1: Ag3r0n ($86.28 in chips)
Seat 6: oxford44 ($132.56 in chips)
oxford44: posts small blind $1
Ag3r0n: posts big blind $3
*** HOLE CARDS ***
oxford44: calls $2
Touran2006 joins the table at seat #3
Ag3r0n: checks
*** FLOP *** [Qs Jh Jc]
Ag3r0n: checks
oxford44: checks
*** TURN *** [Qs Jh Jc] [6s]
Ag3r0n: checks
oxford44: bets $6
Ag3r0n: folds
Uncalled bet ($6) returned to oxford44
oxford44 collected $5.88 from pot
oxford44: doesn't show hand
*** SUMMARY ***
Total pot $6 | Rake $0.12
Board [Qs Jh Jc 6s]
Seat 1: Ag3r0n (big blind) folded on the Turn
Seat 6: oxford44 (button) (small blind) collected ($5.88)


PokerStars Hand #159744450189:  Hold'em Limit ($3/$6 USD) - 2016/10/10 13:24:20 ET
Table 'Benguella' 6-max Seat #4 is the button
Seat 1: Larooo ($138.60 in chips)
Seat 4: AzureCaper ($72 in chips)
AzureCaper: posts small blind $1
VolkovDmitri: is sitting out
oxford44: is sitting out
Larooo: posts big blind $3
*** HOLE CARDS ***
AzureCaper: raises $3 to $6
Larooo: calls $3
*** FLOP *** [2h 4c Ah]
oxford44 leaves the table
Larooo: checks
AzureCaper: bets $3
Larooo: folds
Uncalled bet ($3) returned to AzureCaper
Larooo leaves the table
AzureCaper collected $11.76 from pot
AzureCaper: doesn't show hand
*** SUMMARY ***
Total pot $12 | Rake $0.24
Board [2h 4c Ah]
Seat 1: Larooo (big blind) folded on the Flop
Seat 4: AzureCaper (button) (small blind) collected ($11.76)


