PokerStars Hand #166334724053:  Hold'em Limit ($3/$6 USD) - 2017/02/17 5:08:48 ET
Table 'Bengt' 10-max Seat #10 is the button
Seat 6: nordschrott ($37.71 in chips)
Seat 10: MTails ($120 in chips)
Ag3r0n joins the table at seat #7
MTails: posts small blind $1
nordschrott: posts big blind $3
*** HOLE CARDS ***
MTails: raises $3 to $6
nordschrott: calls $3
*** FLOP *** [4h 5h Ts]
nordschrott: checks
MTails: bets $3
nordschrott: calls $3
*** TURN *** [4h 5h Ts] [2s]
nordschrott: checks
MTails: checks
*** RIVER *** [4h 5h Ts 2s] [6c]
nordschrott: bets $6
MTails: folds
Uncalled bet ($6) returned to nordschrott
nordschrott collected $17.64 from pot
*** SUMMARY ***
Total pot $18 | Rake $0.36
Board [4h 5h Ts 2s 6c]
Seat 6: nordschrott (big blind) collected ($17.64)
Seat 10: MTails (button) (small blind) folded on the River


PokerStars Hand #166334764157:  Hold'em Limit ($3/$6 USD) - 2017/02/17 5:10:19 ET
Table 'Bengt' 10-max Seat #7 is the button
Seat 6: nordschrott ($30.75 in chips)
Seat 7: Ag3r0n ($98.50 in chips)
Ag3r0n: posts small blind $1
nordschrott: posts big blind $3
*** HOLE CARDS ***
Ag3r0n: raises $3 to $6
nordschrott: calls $3
*** FLOP *** [Kd Tc 5c]
nordschrott: checks
Ag3r0n: bets $3
nordschrott: calls $3
*** TURN *** [Kd Tc 5c] [8d]
nordschrott: checks
Ag3r0n: checks
*** RIVER *** [Kd Tc 5c 8d] [7s]
nordschrott: checks
Ag3r0n: checks
*** SHOW DOWN ***
nordschrott: shows [Jc 4d] (high card King)
Ag3r0n: shows [6c 8s] (a pair of Eights)
Ag3r0n collected $17.64 from pot
*** SUMMARY ***
Total pot $18 | Rake $0.36
Board [Kd Tc 5c 8d 7s]
Seat 6: nordschrott (big blind) showed [Jc 4d] and lost with high card King
Seat 7: Ag3r0n (button) (small blind) showed [6c 8s] and won ($17.64) with a pair of Eights


PokerStars Hand #166334749961:  Hold'em Limit ($3/$6 USD) - 2017/02/17 5:09:47 ET
Table 'Bengt' 10-max Seat #7 is the button
Seat 6: nordschrott ($51.99 in chips)
Seat 7: Ag3r0n ($72 in chips)
Ag3r0n: posts small blind $1
MTails: is sitting out
nordschrott: posts big blind $3
*** HOLE CARDS ***
Ag3r0n: raises $3 to $6
nordschrott: calls $3
*** FLOP *** [2d 8d 7s]
nordschrott: checks
Ag3r0n: checks
*** TURN *** [2d 8d 7s] [2s]
nordschrott: bets $6
Ag3r0n: folds
Uncalled bet ($6) returned to nordschrott
nordschrott collected $11.76 from pot
*** SUMMARY ***
Total pot $12 | Rake $0.24
Board [2d 8d 7s 2s]
Seat 6: nordschrott (big blind) collected ($11.76)
Seat 7: Ag3r0n (button) (small blind) folded on the Turn


PokerStars Hand #166334774091:  Hold'em Limit ($3/$6 USD) - 2017/02/17 5:10:42 ET
Table 'Bengt' 10-max Seat #7 is the button
Seat 6: nordschrott ($20.75 in chips)
Seat 7: Ag3r0n ($108.14 in chips)
Ag3r0n: posts small blind $1
nordschrott: posts big blind $3
*** HOLE CARDS ***
Ag3r0n: folds
Uncalled bet ($2) returned to nordschrott
nordschrott collected $2 from pot
*** SUMMARY ***
Total pot $2 | Rake $0
Seat 6: nordschrott (big blind) collected ($2)
Seat 7: Ag3r0n (button) (small blind) folded before Flop


PokerStars Hand #166334771850:  Hold'em Limit ($3/$6 USD) - 2017/02/17 5:10:37 ET
Table 'Bengt' 10-max Seat #6 is the button
Seat 6: nordschrott ($21.75 in chips)
Seat 7: Ag3r0n ($107.14 in chips)
nordschrott: posts small blind $1
Ag3r0n: posts big blind $3
*** HOLE CARDS ***
nordschrott: folds
Uncalled bet ($2) returned to Ag3r0n
Ag3r0n collected $2 from pot
Ag3r0n: doesn't show hand
*** SUMMARY ***
Total pot $2 | Rake $0
Seat 6: nordschrott (button) (small blind) folded before Flop
Seat 7: Ag3r0n (big blind) collected ($2)


PokerStars Hand #166334755515:  Hold'em Limit ($3/$6 USD) - 2017/02/17 5:09:59 ET
Table 'Bengt' 10-max Seat #6 is the button
Seat 6: nordschrott ($57.75 in chips)
Seat 7: Ag3r0n ($72 in chips)
nordschrott: posts small blind $1
Ag3r0n: posts big blind $3
*** HOLE CARDS ***
nordschrott: calls $2
Ag3r0n: checks
*** FLOP *** [Ks Th 4c]
Ag3r0n: bets $3
nordschrott: raises $3 to $6
Ag3r0n: calls $3
*** TURN *** [Ks Th 4c] [Tc]
Ag3r0n: checks
nordschrott: bets $6
Ag3r0n: raises $6 to $12
nordschrott: calls $6
*** RIVER *** [Ks Th 4c Tc] [Qd]
Ag3r0n: bets $6
nordschrott: calls $6
*** SHOW DOWN ***
Ag3r0n: shows [6d Td] (three of a kind, Tens)
nordschrott: mucks hand
Ag3r0n collected $53.50 from pot
*** SUMMARY ***
Total pot $54 | Rake $0.50
Board [Ks Th 4c Tc Qd]
Seat 6: nordschrott (button) (small blind) mucked
Seat 7: Ag3r0n (big blind) showed [6d Td] and won ($53.50) with three of a kind, Tens


PokerStars Hand #166334790006:  Hold'em Limit ($3/$6 USD) - 2017/02/17 5:11:18 ET
Table 'Bengt' 10-max Seat #6 is the button
Seat 6: nordschrott ($23.03 in chips)
Seat 7: Ag3r0n ($115.89 in chips)
nordschrott: posts small blind $1
Ag3r0n: posts big blind $3
*** HOLE CARDS ***
nordschrott: calls $2
Ag3r0n: checks
*** FLOP *** [4h Js Qh]
Ag3r0n: checks
nordschrott: bets $3
Ag3r0n: folds
Uncalled bet ($3) returned to nordschrott
nordschrott collected $5.88 from pot
*** SUMMARY ***
Total pot $6 | Rake $0.12
Board [4h Js Qh]
Seat 6: nordschrott (button) (small blind) collected ($5.88)
Seat 7: Ag3r0n (big blind) folded on the Flop


PokerStars Hand #166334776173:  Hold'em Limit ($3/$6 USD) - 2017/02/17 5:10:47 ET
Table 'Bengt' 10-max Seat #6 is the button
Seat 6: nordschrott ($32.75 in chips)
Seat 7: Ag3r0n ($107.14 in chips)
nordschrott: posts small blind $1
Ag3r0n: posts big blind $3
*** HOLE CARDS ***
nordschrott: calls $2
Ag3r0n: raises $3 to $6
nordschrott: calls $3
*** FLOP *** [9s 3h Ks]
Ag3r0n: bets $3
nordschrott: raises $3 to $6
Ag3r0n: raises $3 to $9
nordschrott: calls $3
*** TURN *** [9s 3h Ks] [3d]
Ag3r0n: bets $6
nordschrott: calls $6
*** RIVER *** [9s 3h Ks 3d] [6d]
Ag3r0n: checks
nordschrott: checks
*** SHOW DOWN ***
Ag3r0n: shows [Ac Ad] (two pair, Aces and Threes)
nordschrott: mucks hand
Ag3r0n collected $41.50 from pot
*** SUMMARY ***
Total pot $42 | Rake $0.50
Board [9s 3h Ks 3d 6d]
Seat 6: nordschrott (button) (small blind) mucked
Seat 7: Ag3r0n (big blind) showed [Ac Ad] and won ($41.50) with two pair, Aces and Threes


PokerStars Hand #166334783515:  Hold'em Limit ($3/$6 USD) - 2017/02/17 5:11:03 ET
Table 'Bengt' 10-max Seat #7 is the button
Seat 6: nordschrott ($11.75 in chips)
Seat 7: Ag3r0n ($127.64 in chips)
Ag3r0n: posts small blind $1
nordschrott: posts big blind $3
*** HOLE CARDS ***
Ag3r0n: raises $3 to $6
nordschrott: raises $3 to $9
Ag3r0n: raises $3 to $12
Betting is capped
nordschrott: calls $2.75 and is all-in
Uncalled bet ($0.25) returned to Ag3r0n
*** FLOP *** [3h 9d Qs]
*** TURN *** [3h 9d Qs] [3c]
*** RIVER *** [3h 9d Qs 3c] [7d]
*** SHOW DOWN ***
nordschrott: shows [5c 7h] (two pair, Sevens and Threes)
Ag3r0n: shows [Ad Jc] (a pair of Threes)
nordschrott collected $23.03 from pot
*** SUMMARY ***
Total pot $23.50 | Rake $0.47
Board [3h 9d Qs 3c 7d]
Seat 6: nordschrott (big blind) showed [5c 7h] and won ($23.03) with two pair, Sevens and Threes
Seat 7: Ag3r0n (button) (small blind) showed [Ad Jc] and lost with a pair of Threes


PokerStars Hand #166334794040:  Hold'em Limit ($3/$6 USD) - 2017/02/17 5:11:28 ET
Table 'Bengt' 10-max Seat #7 is the button
Seat 6: nordschrott ($25.91 in chips)
Seat 7: Ag3r0n ($112.89 in chips)
Ag3r0n: posts small blind $1
nordschrott: posts big blind $3
*** HOLE CARDS ***
Ag3r0n: raises $3 to $6
nordschrott: calls $3
*** FLOP *** [As Ad Kd]
nordschrott: checks
Ag3r0n: bets $3
nordschrott: calls $3
*** TURN *** [As Ad Kd] [Jh]
nordschrott: checks
Ag3r0n: checks
*** RIVER *** [As Ad Kd Jh] [7d]
nordschrott: checks
Ag3r0n: bets $6
nordschrott: folds
Uncalled bet ($6) returned to Ag3r0n
Ag3r0n collected $17.64 from pot
Ag3r0n: doesn't show hand
*** SUMMARY ***
Total pot $18 | Rake $0.36
Board [As Ad Kd Jh 7d]
Seat 6: nordschrott (big blind) folded on the River
Seat 7: Ag3r0n (button) (small blind) collected ($17.64)


PokerStars Hand #166334828520:  Hold'em Limit ($3/$6 USD) - 2017/02/17 5:12:46 ET
Table 'Bengt' 10-max Seat #6 is the button
Seat 6: nordschrott ($17.67 in chips)
Seat 7: Ag3r0n ($120.29 in chips)
nordschrott: posts small blind $1
Ag3r0n: posts big blind $3
*** HOLE CARDS ***
nordschrott: calls $2
Ag3r0n: checks
*** FLOP *** [Jd 4s 9h]
Ag3r0n: bets $3
nordschrott: calls $3
*** TURN *** [Jd 4s 9h] [6s]
Ag3r0n: bets $6
nordschrott: raises $5.67 to $11.67 and is all-in
Ag3r0n: calls $5.67
*** RIVER *** [Jd 4s 9h 6s] [7h]
*** SHOW DOWN ***
Ag3r0n: shows [5h 9s] (a pair of Nines)
nordschrott: shows [5c 4d] (a pair of Fours)
Ag3r0n collected $34.84 from pot
*** SUMMARY ***
Total pot $35.34 | Rake $0.50
Board [Jd 4s 9h 6s 7h]
Seat 6: nordschrott (button) (small blind) showed [5c 4d] and lost with a pair of Fours
Seat 7: Ag3r0n (big blind) showed [5h 9s] and won ($34.84) with a pair of Nines


