PokerStars Hand #144437302128:  Hold'em Limit ($3/$6 USD) - 2015/11/26 19:38:25 ET
Table 'Bengt' 2-max Seat #1 is the button
Seat 1: xcrexisx ($108.50 in chips)
Seat 2: Pandakey ($110.64 in chips)
xcrexisx: posts small blind $1
Pandakey: posts big blind $3
*** HOLE CARDS ***
xcrexisx: raises $3 to $6
Pandakey: calls $3
*** FLOP *** [6h 5h Qs]
Pandakey: checks
xcrexisx: bets $3
Pandakey: raises $3 to $6
xcrexisx: calls $3
*** TURN *** [6h 5h Qs] [7d]
Pandakey: bets $6
xcrexisx: calls $6
*** RIVER *** [6h 5h Qs 7d] [8c]
Pandakey: checks
xcrexisx: checks
*** SHOW DOWN ***
Pandakey: shows [7c 9s] (a straight, Five to Nine)
xcrexisx: mucks hand
Pandakey collected $35.50 from pot
*** SUMMARY ***
Total pot $36 | Rake $0.50
Board [6h 5h Qs 7d 8c]
Seat 1: xcrexisx (button) (small blind) mucked
Seat 2: Pandakey (big blind) showed [7c 9s] and won ($35.50) with a straight, Five to Nine


PokerStars Hand #144437321431:  Hold'em Limit ($3/$6 USD) - 2015/11/26 19:38:59 ET
Table 'Bengt' 2-max Seat #2 is the button
Seat 1: xcrexisx ($90.50 in chips)
Seat 2: Pandakey ($128.14 in chips)
Pandakey: posts small blind $1
xcrexisx: posts big blind $3
*** HOLE CARDS ***
Pandakey: raises $3 to $6
xcrexisx: calls $3
*** FLOP *** [3d Ac Kd]
xcrexisx: checks
Pandakey: checks
*** TURN *** [3d Ac Kd] [7d]
xcrexisx: bets $6
Pandakey: calls $6
*** RIVER *** [3d Ac Kd 7d] [3s]
xcrexisx: checks
Pandakey: bets $6
xcrexisx: calls $6
*** SHOW DOWN ***
Pandakey: shows [Kh 4c] (two pair, Kings and Threes)
xcrexisx: mucks hand
Pandakey collected $35.50 from pot
*** SUMMARY ***
Total pot $36 | Rake $0.50
Board [3d Ac Kd 7d 3s]
Seat 1: xcrexisx (big blind) mucked
Seat 2: Pandakey (button) (small blind) showed [Kh 4c] and won ($35.50) with two pair, Kings and Threes


PokerStars Hand #144437315033:  Hold'em Limit ($3/$6 USD) - 2015/11/26 19:38:48 ET
Table 'Bengt' 2-max Seat #2 is the button
Seat 1: xcrexisx ($90.50 in chips)
Seat 2: Pandakey ($128.14 in chips)
Pandakey: posts small blind $1
xcrexisx: posts big blind $3
*** HOLE CARDS ***
Pandakey: raises $3 to $6
xcrexisx: folds
Uncalled bet ($3) returned to Pandakey
Pandakey collected $6 from pot
Pandakey: doesn't show hand
*** SUMMARY ***
Total pot $6 | Rake $0
Seat 1: xcrexisx (big blind) folded before Flop
Seat 2: Pandakey (button) (small blind) collected ($6)


PokerStars Hand #144437318513:  Hold'em Limit ($3/$6 USD) - 2015/11/26 19:38:54 ET
Table 'Bengt' 2-max Seat #1 is the button
Seat 1: xcrexisx ($87.50 in chips)
Seat 2: Pandakey ($131.14 in chips)
xcrexisx: posts small blind $1
Pandakey: posts big blind $3
*** HOLE CARDS ***
xcrexisx: raises $3 to $6
Pandakey: folds
Uncalled bet ($3) returned to xcrexisx
xcrexisx collected $6 from pot
xcrexisx: doesn't show hand
*** SUMMARY ***
Total pot $6 | Rake $0
Seat 1: xcrexisx (button) (small blind) collected ($6)
Seat 2: Pandakey (big blind) folded before Flop


PokerStars Hand #144437365671:  Hold'em Limit ($3/$6 USD) - 2015/11/26 19:40:18 ET
Table 'Bengt' 2-max Seat #2 is the button
Seat 1: xcrexisx ($48.50 in chips)
Seat 2: Pandakey ($168.68 in chips)
Pandakey: posts small blind $1
xcrexisx: posts big blind $3
*** HOLE CARDS ***
Pandakey: folds
Uncalled bet ($2) returned to xcrexisx
xcrexisx collected $2 from pot
xcrexisx: doesn't show hand
*** SUMMARY ***
Total pot $2 | Rake $0
Seat 1: xcrexisx (big blind) collected ($2)
Seat 2: Pandakey (button) (small blind) folded before Flop


PokerStars Hand #144437332314:  Hold'em Limit ($3/$6 USD) - 2015/11/26 19:39:18 ET
Table 'Bengt' 2-max Seat #1 is the button
Seat 1: xcrexisx ($72.50 in chips)
Seat 2: Pandakey ($145.64 in chips)
xcrexisx: posts small blind $1
Pandakey: posts big blind $3
*** HOLE CARDS ***
xcrexisx: raises $3 to $6
Pandakey: calls $3
*** FLOP *** [Ah 7c Qd]
Pandakey: checks
xcrexisx: bets $3
Pandakey: raises $3 to $6
xcrexisx: folds
Uncalled bet ($3) returned to Pandakey
Pandakey collected $17.64 from pot
Pandakey: doesn't show hand
*** SUMMARY ***
Total pot $18 | Rake $0.36
Board [Ah 7c Qd]
Seat 1: xcrexisx (button) (small blind) folded on the Flop
Seat 2: Pandakey (big blind) collected ($17.64)


PokerStars Hand #144437356676:  Hold'em Limit ($3/$6 USD) - 2015/11/26 19:40:02 ET
Table 'Bengt' 2-max Seat #1 is the button
Seat 1: xcrexisx ($57.50 in chips)
Seat 2: Pandakey ($160.04 in chips)
xcrexisx: posts small blind $1
Pandakey: posts big blind $3
*** HOLE CARDS ***
xcrexisx: raises $3 to $6
Pandakey: calls $3
*** FLOP *** [9c Kh Js]
Pandakey: checks
xcrexisx: bets $3
Pandakey: calls $3
*** TURN *** [9c Kh Js] [7d]
Pandakey: checks
xcrexisx: checks
*** RIVER *** [9c Kh Js 7d] [Th]
Pandakey: checks
xcrexisx: checks
*** SHOW DOWN ***
Pandakey: shows [9s 5d] (a pair of Nines)
xcrexisx: mucks hand
Pandakey collected $17.64 from pot
*** SUMMARY ***
Total pot $18 | Rake $0.36
Board [9c Kh Js 7d Th]
Seat 1: xcrexisx (button) (small blind) mucked
Seat 2: Pandakey (big blind) showed [9s 5d] and won ($17.64) with a pair of Nines


PokerStars Hand #144437385591:  Hold'em Limit ($3/$6 USD) - 2015/11/26 19:40:54 ET
Table 'Bengt' 2-max Seat #1 is the button
Seat 1: xcrexisx ($58 in chips)
Seat 2: Pandakey ($158.44 in chips)
xcrexisx: posts small blind $1
Pandakey: posts big blind $3
*** HOLE CARDS ***
xcrexisx: raises $3 to $6
Pandakey: calls $3
*** FLOP *** [3s Ad 6h]
Pandakey: checks
xcrexisx: bets $3
Pandakey: calls $3
*** TURN *** [3s Ad 6h] [3h]
Pandakey: checks
xcrexisx: bets $6
Pandakey: calls $6
*** RIVER *** [3s Ad 6h 3h] [2d]
Pandakey: checks
xcrexisx: checks
*** SHOW DOWN ***
Pandakey: shows [4d 6c] (two pair, Sixes and Threes)
xcrexisx: mucks hand
Pandakey collected $29.50 from pot
*** SUMMARY ***
Total pot $30 | Rake $0.50
Board [3s Ad 6h 3h 2d]
Seat 1: xcrexisx (button) (small blind) mucked
Seat 2: Pandakey (big blind) showed [4d 6c] and won ($29.50) with two pair, Sixes and Threes


PokerStars Hand #144437394009:  Hold'em Limit ($3/$6 USD) - 2015/11/26 19:41:09 ET
Table 'Bengt' 2-max Seat #2 is the button
Seat 1: xcrexisx ($43 in chips)
Seat 2: Pandakey ($172.94 in chips)
Pandakey: posts small blind $1
xcrexisx: posts big blind $3
*** HOLE CARDS ***
Pandakey: raises $3 to $6
xcrexisx: raises $3 to $9
Pandakey: calls $3
*** FLOP *** [Qd Ac Kd]
xcrexisx: bets $3
Pandakey: folds
Uncalled bet ($3) returned to xcrexisx
xcrexisx collected $17.64 from pot
xcrexisx: doesn't show hand
*** SUMMARY ***
Total pot $18 | Rake $0.36
Board [Qd Ac Kd]
Seat 1: xcrexisx (big blind) collected ($17.64)
Seat 2: Pandakey (button) (small blind) folded on the Flop


PokerStars Hand #144437378478:  Hold'em Limit ($3/$6 USD) - 2015/11/26 19:40:41 ET
Table 'Bengt' 2-max Seat #2 is the button
Seat 1: xcrexisx ($64 in chips)
Seat 2: Pandakey ($152.68 in chips)
Pandakey: posts small blind $1
xcrexisx: posts big blind $3
*** HOLE CARDS ***
Pandakey: raises $3 to $6
xcrexisx: calls $3
*** FLOP *** [4h 8d Kh]
xcrexisx: checks
Pandakey: checks
*** TURN *** [4h 8d Kh] [5c]
xcrexisx: checks
Pandakey: bets $6
xcrexisx: folds
Uncalled bet ($6) returned to Pandakey
Pandakey collected $11.76 from pot
Pandakey: doesn't show hand
*** SUMMARY ***
Total pot $12 | Rake $0.24
Board [4h 8d Kh 5c]
Seat 1: xcrexisx (big blind) folded on the Turn
Seat 2: Pandakey (button) (small blind) collected ($11.76)


PokerStars Hand #144437367969:  Hold'em Limit ($3/$6 USD) - 2015/11/26 19:40:22 ET
Table 'Bengt' 2-max Seat #1 is the button
Seat 1: xcrexisx ($49.50 in chips)
Seat 2: Pandakey ($167.68 in chips)
xcrexisx: posts small blind $1
Pandakey: posts big blind $3
*** HOLE CARDS ***
xcrexisx: raises $3 to $6
Pandakey: calls $3
*** FLOP *** [3c 9c 6s]
Pandakey: checks
xcrexisx: bets $3
Pandakey: calls $3
*** TURN *** [3c 9c 6s] [Kh]
Pandakey: bets $6
xcrexisx: calls $6
*** RIVER *** [3c 9c 6s Kh] [2h]
Pandakey: checks
xcrexisx: checks
*** SHOW DOWN ***
Pandakey: shows [Tc Jd] (high card King)
xcrexisx: shows [Qs Ac] (high card Ace)
xcrexisx collected $29.50 from pot
*** SUMMARY ***
Total pot $30 | Rake $0.50
Board [3c 9c 6s Kh 2h]
Seat 1: xcrexisx (button) (small blind) showed [Qs Ac] and won ($29.50) with high card Ace
Seat 2: Pandakey (big blind) showed [Tc Jd] and lost with high card King


PokerStars Hand #144437430073:  Hold'em Limit ($3/$6 USD) - 2015/11/26 19:42:13 ET
Table 'Bengt' 2-max Seat #1 is the button
Seat 1: xcrexisx ($23.64 in chips)
Seat 2: Pandakey ($191.20 in chips)
xcrexisx: posts small blind $1
Pandakey: posts big blind $3
*** HOLE CARDS ***
xcrexisx: folds
Uncalled bet ($2) returned to Pandakey
Pandakey collected $2 from pot
Pandakey: doesn't show hand
*** SUMMARY ***
Total pot $2 | Rake $0
Seat 1: xcrexisx (button) (small blind) folded before Flop
Seat 2: Pandakey (big blind) collected ($2)


PokerStars Hand #144437426808:  Hold'em Limit ($3/$6 USD) - 2015/11/26 19:42:07 ET
Table 'Bengt' 2-max Seat #2 is the button
Seat 1: xcrexisx ($22.64 in chips)
Seat 2: Pandakey ($192.20 in chips)
Pandakey: posts small blind $1
xcrexisx: posts big blind $3
*** HOLE CARDS ***
Pandakey: folds
Uncalled bet ($2) returned to xcrexisx
xcrexisx collected $2 from pot
xcrexisx: doesn't show hand
*** SUMMARY ***
Total pot $2 | Rake $0
Seat 1: xcrexisx (big blind) collected ($2)
Seat 2: Pandakey (button) (small blind) folded before Flop


PokerStars Hand #144437412495:  Hold'em Limit ($3/$6 USD) - 2015/11/26 19:41:42 ET
Table 'Bengt' 2-max Seat #2 is the button
Seat 1: xcrexisx ($49.64 in chips)
Seat 2: Pandakey ($165.70 in chips)
Pandakey: posts small blind $1
xcrexisx: posts big blind $3
*** HOLE CARDS ***
Pandakey: raises $3 to $6
xcrexisx: folds
Uncalled bet ($3) returned to Pandakey
Pandakey collected $6 from pot
Pandakey: doesn't show hand
*** SUMMARY ***
Total pot $6 | Rake $0
Seat 1: xcrexisx (big blind) folded before Flop
Seat 2: Pandakey (button) (small blind) collected ($6)


PokerStars Hand #144437409415:  Hold'em Limit ($3/$6 USD) - 2015/11/26 19:41:36 ET
Table 'Bengt' 2-max Seat #1 is the button
Seat 1: xcrexisx ($46.64 in chips)
Seat 2: Pandakey ($168.70 in chips)
xcrexisx: posts small blind $1
Pandakey: posts big blind $3
*** HOLE CARDS ***
xcrexisx: raises $3 to $6
Pandakey: folds
Uncalled bet ($3) returned to xcrexisx
xcrexisx collected $6 from pot
xcrexisx: doesn't show hand
*** SUMMARY ***
Total pot $6 | Rake $0
Seat 1: xcrexisx (button) (small blind) collected ($6)
Seat 2: Pandakey (big blind) folded before Flop


PokerStars Hand #144437407181:  Hold'em Limit ($3/$6 USD) - 2015/11/26 19:41:32 ET
Table 'Bengt' 2-max Seat #2 is the button
Seat 1: xcrexisx ($45.64 in chips)
Seat 2: Pandakey ($169.70 in chips)
Pandakey: posts small blind $1
xcrexisx: posts big blind $3
*** HOLE CARDS ***
Pandakey: folds
Uncalled bet ($2) returned to xcrexisx
xcrexisx collected $2 from pot
xcrexisx: doesn't show hand
*** SUMMARY ***
Total pot $2 | Rake $0
Seat 1: xcrexisx (big blind) collected ($2)
Seat 2: Pandakey (button) (small blind) folded before Flop


PokerStars Hand #144437399803:  Hold'em Limit ($3/$6 USD) - 2015/11/26 19:41:19 ET
Table 'Bengt' 2-max Seat #1 is the button
Seat 1: xcrexisx ($51.64 in chips)
Seat 2: Pandakey ($163.94 in chips)
xcrexisx: posts small blind $1
Pandakey: posts big blind $3
*** HOLE CARDS ***
xcrexisx: raises $3 to $6
Pandakey: calls $3
*** FLOP *** [Td 2d Js]
Pandakey: checks
xcrexisx: checks
*** TURN *** [Td 2d Js] [Jd]
Pandakey: checks
xcrexisx: checks
*** RIVER *** [Td 2d Js Jd] [5s]
Pandakey: checks
xcrexisx: checks
*** SHOW DOWN ***
Pandakey: shows [Qd 7s] (a pair of Jacks)
xcrexisx: mucks hand
Pandakey collected $11.76 from pot
*** SUMMARY ***
Total pot $12 | Rake $0.24
Board [Td 2d Js Jd 5s]
Seat 1: xcrexisx (button) (small blind) mucked
Seat 2: Pandakey (big blind) showed [Qd 7s] and won ($11.76) with a pair of Jacks


PokerStars Hand #144437434062:  Hold'em Limit ($3/$6 USD) - 2015/11/26 19:42:20 ET
Table 'Bengt' 2-max Seat #2 is the button
Seat 1: xcrexisx ($72.64 in chips)
Seat 2: Pandakey ($192.20 in chips)
Pandakey: posts small blind $1
xcrexisx: posts big blind $3
*** HOLE CARDS ***
Pandakey: raises $3 to $6
xcrexisx: folds
Uncalled bet ($3) returned to Pandakey
Pandakey collected $6 from pot
Pandakey: doesn't show hand
*** SUMMARY ***
Total pot $6 | Rake $0
Seat 1: xcrexisx (big blind) folded before Flop
Seat 2: Pandakey (button) (small blind) collected ($6)


PokerStars Hand #144437415479:  Hold'em Limit ($3/$6 USD) - 2015/11/26 19:41:47 ET
Table 'Bengt' 2-max Seat #1 is the button
Seat 1: xcrexisx ($46.64 in chips)
Seat 2: Pandakey ($168.70 in chips)
xcrexisx: posts small blind $1
Pandakey: posts big blind $3
*** HOLE CARDS ***
xcrexisx: raises $3 to $6
Pandakey: raises $3 to $9
xcrexisx: calls $3
*** FLOP *** [Ts 4h Kc]
Pandakey: bets $3
xcrexisx: calls $3
*** TURN *** [Ts 4h Kc] [9s]
Pandakey: bets $6
xcrexisx: calls $6
*** RIVER *** [Ts 4h Kc 9s] [Qd]
Pandakey: bets $6
xcrexisx: calls $6
*** SHOW DOWN ***
Pandakey: shows [Jh 8h] (a straight, Nine to King)
xcrexisx: mucks hand
Pandakey collected $47.50 from pot
*** SUMMARY ***
Total pot $48 | Rake $0.50
Board [Ts 4h Kc 9s Qd]
Seat 1: xcrexisx (button) (small blind) mucked
Seat 2: Pandakey (big blind) showed [Jh 8h] and won ($47.50) with a straight, Nine to King


PokerStars Hand #144437453414:  Hold'em Limit ($3/$6 USD) - 2015/11/26 19:42:55 ET
Table 'Bengt' 2-max Seat #1 is the button
Seat 1: xcrexisx ($70.46 in chips)
Seat 2: Pandakey ($194.02 in chips)
xcrexisx: posts small blind $1
Pandakey: posts big blind $3
*** HOLE CARDS ***
xcrexisx: raises $3 to $6
Pandakey: raises $3 to $9
xcrexisx: calls $3
*** FLOP *** [Qh Tc 2d]
Pandakey: bets $3
xcrexisx: calls $3
*** TURN *** [Qh Tc 2d] [4s]
Pandakey: bets $6
xcrexisx: folds
Uncalled bet ($6) returned to Pandakey
Pandakey collected $23.52 from pot
Pandakey: doesn't show hand
*** SUMMARY ***
Total pot $24 | Rake $0.48
Board [Qh Tc 2d 4s]
Seat 1: xcrexisx (button) (small blind) folded on the Turn
Seat 2: Pandakey (big blind) collected ($23.52)


PokerStars Hand #144437448496:  Hold'em Limit ($3/$6 USD) - 2015/11/26 19:42:46 ET
Table 'Bengt' 2-max Seat #2 is the button
Seat 1: xcrexisx ($69.46 in chips)
Seat 2: Pandakey ($195.02 in chips)
Pandakey: posts small blind $1
xcrexisx: posts big blind $3
*** HOLE CARDS ***
Pandakey: folds
Uncalled bet ($2) returned to xcrexisx
xcrexisx collected $2 from pot
xcrexisx: doesn't show hand
*** SUMMARY ***
Total pot $2 | Rake $0
Seat 1: xcrexisx (big blind) collected ($2)
Seat 2: Pandakey (button) (small blind) folded before Flop


PokerStars Hand #144437437109:  Hold'em Limit ($3/$6 USD) - 2015/11/26 19:42:26 ET
Table 'Bengt' 2-max Seat #1 is the button
Seat 1: xcrexisx ($69.64 in chips)
Seat 2: Pandakey ($195.20 in chips)
xcrexisx: posts small blind $1
Pandakey: posts big blind $3
*** HOLE CARDS ***
xcrexisx: raises $3 to $6
Pandakey: calls $3
*** FLOP *** [6c 5s 3h]
Pandakey: checks
xcrexisx: bets $3
Pandakey: calls $3
*** TURN *** [6c 5s 3h] [2h]
Pandakey: checks
xcrexisx: checks
*** RIVER *** [6c 5s 3h 2h] [Td]
Pandakey: checks
xcrexisx: checks
*** SHOW DOWN ***
Pandakey: shows [As 7d] (high card Ace)
xcrexisx: shows [7c Ad] (high card Ace)
Pandakey collected $8.82 from pot
xcrexisx collected $8.82 from pot
*** SUMMARY ***
Total pot $18 | Rake $0.36
Board [6c 5s 3h 2h Td]
Seat 1: xcrexisx (button) (small blind) showed [7c Ad] and won ($8.82) with high card Ace
Seat 2: Pandakey (big blind) showed [As 7d] and won ($8.82) with high card Ace


PokerStars Hand #144437459924:  Hold'em Limit ($3/$6 USD) - 2015/11/26 19:43:07 ET
Table 'Bengt' 2-max Seat #2 is the button
Seat 1: xcrexisx ($58.46 in chips)
Seat 2: Pandakey ($205.54 in chips)
Pandakey: posts small blind $1
xcrexisx: posts big blind $3
*** HOLE CARDS ***
Pandakey: raises $3 to $6
xcrexisx: raises $3 to $9
Pandakey: calls $3
*** FLOP *** [2s 6s 3c]
xcrexisx: bets $3
Pandakey: raises $3 to $6
xcrexisx: calls $3
*** TURN *** [2s 6s 3c] [5s]
xcrexisx: checks
Pandakey: bets $6
xcrexisx: raises $6 to $12
Pandakey: calls $6
*** RIVER *** [2s 6s 3c 5s] [Qd]
xcrexisx: bets $6
Pandakey: calls $6
*** SHOW DOWN ***
xcrexisx: shows [4c As] (a straight, Deuce to Six)
Pandakey: mucks hand
xcrexisx collected $65.50 from pot
*** SUMMARY ***
Total pot $66 | Rake $0.50
Board [2s 6s 3c 5s Qd]
Seat 1: xcrexisx (big blind) showed [4c As] and won ($65.50) with a straight, Deuce to Six
Seat 2: Pandakey (button) (small blind) mucked


PokerStars Hand #144437492890:  Hold'em Limit ($3/$6 USD) - 2015/11/26 19:44:07 ET
Table 'Bengt' 2-max Seat #2 is the button
Seat 1: xcrexisx ($137.96 in chips)
Seat 2: Pandakey ($124.54 in chips)
Pandakey: posts small blind $1
xcrexisx: posts big blind $3
*** HOLE CARDS ***
Pandakey: raises $3 to $6
xcrexisx: raises $3 to $9
Pandakey: calls $3
*** FLOP *** [8c Ts 4h]
xcrexisx: bets $3
Pandakey: calls $3
*** TURN *** [8c Ts 4h] [9c]
xcrexisx: bets $6
Pandakey: raises $6 to $12
xcrexisx: folds
Uncalled bet ($6) returned to Pandakey
Pandakey collected $35.50 from pot
Pandakey: doesn't show hand
*** SUMMARY ***
Total pot $36 | Rake $0.50
Board [8c Ts 4h 9c]
Seat 1: xcrexisx (big blind) folded on the Turn
Seat 2: Pandakey (button) (small blind) collected ($35.50)


PokerStars Hand #144437482321:  Hold'em Limit ($3/$6 USD) - 2015/11/26 19:43:48 ET
Table 'Bengt' 2-max Seat #1 is the button
Seat 1: xcrexisx ($105.46 in chips)
Seat 2: Pandakey ($157.54 in chips)
xcrexisx: posts small blind $1
Pandakey: posts big blind $3
*** HOLE CARDS ***
xcrexisx: raises $3 to $6
Pandakey: raises $3 to $9
xcrexisx: raises $3 to $12
Betting is capped
Pandakey: calls $3
*** FLOP *** [Js 5d 6c]
Pandakey: checks
xcrexisx: bets $3
Pandakey: calls $3
*** TURN *** [Js 5d 6c] [Jd]
Pandakey: bets $6
xcrexisx: raises $6 to $12
Pandakey: calls $6
*** RIVER *** [Js 5d 6c Jd] [8h]
Pandakey: checks
xcrexisx: bets $6
Pandakey: calls $6
*** SHOW DOWN ***
xcrexisx: shows [Jh Ks] (three of a kind, Jacks)
Pandakey: mucks hand
xcrexisx collected $65.50 from pot
*** SUMMARY ***
Total pot $66 | Rake $0.50
Board [Js 5d 6c Jd 8h]
Seat 1: xcrexisx (button) (small blind) showed [Jh Ks] and won ($65.50) with three of a kind, Jacks
Seat 2: Pandakey (big blind) mucked


PokerStars Hand #144437479927:  Hold'em Limit ($3/$6 USD) - 2015/11/26 19:43:43 ET
Table 'Bengt' 2-max Seat #2 is the button
Seat 1: xcrexisx ($108.46 in chips)
Seat 2: Pandakey ($154.54 in chips)
Pandakey: posts small blind $1
xcrexisx: posts big blind $3
*** HOLE CARDS ***
Pandakey: raises $3 to $6
xcrexisx: folds
Uncalled bet ($3) returned to Pandakey
Pandakey collected $6 from pot
Pandakey: doesn't show hand
*** SUMMARY ***
Total pot $6 | Rake $0
Seat 1: xcrexisx (big blind) folded before Flop
Seat 2: Pandakey (button) (small blind) collected ($6)


PokerStars Hand #144437470964:  Hold'em Limit ($3/$6 USD) - 2015/11/26 19:43:27 ET
Table 'Bengt' 2-max Seat #1 is the button
Seat 1: xcrexisx ($90.96 in chips)
Seat 2: Pandakey ($172.54 in chips)
xcrexisx: posts small blind $1
Pandakey: posts big blind $3
*** HOLE CARDS ***
xcrexisx: raises $3 to $6
Pandakey: raises $3 to $9
xcrexisx: calls $3
*** FLOP *** [Js Jc 7d]
Pandakey: bets $3
xcrexisx: calls $3
*** TURN *** [Js Jc 7d] [2c]
Pandakey: bets $6
xcrexisx: raises $6 to $12
Pandakey: folds
Uncalled bet ($6) returned to xcrexisx
xcrexisx collected $35.50 from pot
xcrexisx: doesn't show hand
*** SUMMARY ***
Total pot $36 | Rake $0.50
Board [Js Jc 7d 2c]
Seat 1: xcrexisx (button) (small blind) collected ($35.50)
Seat 2: Pandakey (big blind) folded on the Turn


PokerStars Hand #144437520014:  Hold'em Limit ($3/$6 USD) - 2015/11/26 19:44:56 ET
Table 'Bengt' 2-max Seat #2 is the button
Seat 1: xcrexisx ($128.36 in chips)
Seat 2: Pandakey ($132.80 in chips)
Pandakey: posts small blind $1
xcrexisx: posts big blind $3
*** HOLE CARDS ***
Pandakey: raises $3 to $6
xcrexisx: raises $3 to $9
Pandakey: calls $3
*** FLOP *** [Ts 7c 6h]
xcrexisx: bets $3
Pandakey: calls $3
*** TURN *** [Ts 7c 6h] [5c]
xcrexisx: bets $6
Pandakey: folds
Uncalled bet ($6) returned to xcrexisx
xcrexisx collected $23.52 from pot
xcrexisx: doesn't show hand
*** SUMMARY ***
Total pot $24 | Rake $0.48
Board [Ts 7c 6h 5c]
Seat 1: xcrexisx (big blind) collected ($23.52)
Seat 2: Pandakey (button) (small blind) folded on the Turn


PokerStars Hand #144437500863:  Hold'em Limit ($3/$6 USD) - 2015/11/26 19:44:21 ET
Table 'Bengt' 2-max Seat #1 is the button
Seat 1: xcrexisx ($119.96 in chips)
Seat 2: Pandakey ($142.04 in chips)
xcrexisx: posts small blind $1
Pandakey: posts big blind $3
*** HOLE CARDS ***
xcrexisx: raises $3 to $6
Pandakey: calls $3
*** FLOP *** [Tc 7h Kd]
Pandakey: checks
xcrexisx: bets $3
Pandakey: calls $3
*** TURN *** [Tc 7h Kd] [9c]
Pandakey: checks
xcrexisx: checks
*** RIVER *** [Tc 7h Kd 9c] [Ts]
Pandakey: checks
xcrexisx: checks
*** SHOW DOWN ***
Pandakey: shows [3s Ac] (a pair of Tens)
xcrexisx: shows [7d 5s] (two pair, Tens and Sevens)
xcrexisx collected $17.64 from pot
*** SUMMARY ***
Total pot $18 | Rake $0.36
Board [Tc 7h Kd 9c Ts]
Seat 1: xcrexisx (button) (small blind) showed [7d 5s] and won ($17.64) with two pair, Tens and Sevens
Seat 2: Pandakey (big blind) showed [3s Ac] and lost with a pair of Tens


PokerStars Hand #144437509801:  Hold'em Limit ($3/$6 USD) - 2015/11/26 19:44:37 ET
Table 'Bengt' 2-max Seat #2 is the button
Seat 1: xcrexisx ($128.60 in chips)
Seat 2: Pandakey ($133.04 in chips)
Pandakey: posts small blind $1
xcrexisx: posts big blind $3
*** HOLE CARDS ***
Pandakey: raises $3 to $6
xcrexisx: calls $3
*** FLOP *** [6s 7s 2d]
xcrexisx: bets $3
Pandakey: folds
Uncalled bet ($3) returned to xcrexisx
xcrexisx collected $11.76 from pot
xcrexisx: doesn't show hand
*** SUMMARY ***
Total pot $12 | Rake $0.24
Board [6s 7s 2d]
Seat 1: xcrexisx (big blind) collected ($11.76)
Seat 2: Pandakey (button) (small blind) folded on the Flop


PokerStars Hand #144437529155:  Hold'em Limit ($3/$6 USD) - 2015/11/26 19:45:13 ET
Table 'Bengt' 2-max Seat #2 is the button
Seat 1: xcrexisx ($138.88 in chips)
Seat 2: Pandakey ($121.80 in chips)
Pandakey: posts small blind $1
xcrexisx: posts big blind $3
*** HOLE CARDS ***
Pandakey: raises $3 to $6
xcrexisx: folds
Uncalled bet ($3) returned to Pandakey
Pandakey collected $6 from pot
Pandakey: doesn't show hand
*** SUMMARY ***
Total pot $6 | Rake $0
Seat 1: xcrexisx (big blind) folded before Flop
Seat 2: Pandakey (button) (small blind) collected ($6)


PokerStars Hand #144437527089:  Hold'em Limit ($3/$6 USD) - 2015/11/26 19:45:09 ET
Table 'Bengt' 2-max Seat #1 is the button
Seat 1: xcrexisx ($139.88 in chips)
Seat 2: Pandakey ($120.80 in chips)
xcrexisx: posts small blind $1
Pandakey: posts big blind $3
*** HOLE CARDS ***
xcrexisx: folds
Uncalled bet ($2) returned to Pandakey
Pandakey collected $2 from pot
Pandakey: doesn't show hand
*** SUMMARY ***
Total pot $2 | Rake $0
Seat 1: xcrexisx (button) (small blind) folded before Flop
Seat 2: Pandakey (big blind) collected ($2)


PokerStars Hand #144437556253:  Hold'em Limit ($3/$6 USD) - 2015/11/26 19:46:02 ET
Table 'Bengt' 2-max Seat #1 is the button
Seat 1: xcrexisx ($105.88 in chips)
Seat 2: Pandakey ($153.94 in chips)
xcrexisx: posts small blind $1
Pandakey: posts big blind $3
*** HOLE CARDS ***
xcrexisx: raises $3 to $6
Pandakey: calls $3
*** FLOP *** [Js 9d 4d]
Pandakey: checks
xcrexisx: bets $3
Pandakey: raises $3 to $6
xcrexisx: calls $3
*** TURN *** [Js 9d 4d] [2h]
Pandakey: bets $6
xcrexisx: calls $6
*** RIVER *** [Js 9d 4d 2h] [2s]
Pandakey: bets $6
xcrexisx: folds
Uncalled bet ($6) returned to Pandakey
Pandakey collected $35.50 from pot
Pandakey: doesn't show hand
*** SUMMARY ***
Total pot $36 | Rake $0.50
Board [Js 9d 4d 2h 2s]
Seat 1: xcrexisx (button) (small blind) folded on the River
Seat 2: Pandakey (big blind) collected ($35.50)


PokerStars Hand #144437553994:  Hold'em Limit ($3/$6 USD) - 2015/11/26 19:45:58 ET
Table 'Bengt' 2-max Seat #2 is the button
Seat 1: xcrexisx ($108.88 in chips)
Seat 2: Pandakey ($150.94 in chips)
Pandakey: posts small blind $1
xcrexisx: posts big blind $3
*** HOLE CARDS ***
Pandakey: raises $3 to $6
xcrexisx: folds
Uncalled bet ($3) returned to Pandakey
Pandakey collected $6 from pot
Pandakey: doesn't show hand
*** SUMMARY ***
Total pot $6 | Rake $0
Seat 1: xcrexisx (big blind) folded before Flop
Seat 2: Pandakey (button) (small blind) collected ($6)


PokerStars Hand #144437540664:  Hold'em Limit ($3/$6 USD) - 2015/11/26 19:45:33 ET
Table 'Bengt' 2-max Seat #2 is the button
Seat 1: xcrexisx ($120.88 in chips)
Seat 2: Pandakey ($139.30 in chips)
Pandakey: posts small blind $1
xcrexisx: posts big blind $3
*** HOLE CARDS ***
Pandakey: raises $3 to $6
xcrexisx: folds
Uncalled bet ($3) returned to Pandakey
Pandakey collected $6 from pot
Pandakey: doesn't show hand
*** SUMMARY ***
Total pot $6 | Rake $0
Seat 1: xcrexisx (big blind) folded before Flop
Seat 2: Pandakey (button) (small blind) collected ($6)


PokerStars Hand #144437531871:  Hold'em Limit ($3/$6 USD) - 2015/11/26 19:45:17 ET
Table 'Bengt' 2-max Seat #1 is the button
Seat 1: xcrexisx ($135.88 in chips)
Seat 2: Pandakey ($124.80 in chips)
xcrexisx: posts small blind $1
Pandakey: posts big blind $3
*** HOLE CARDS ***
xcrexisx: raises $3 to $6
Pandakey: calls $3
*** FLOP *** [Ac Tc 4c]
Pandakey: checks
xcrexisx: bets $3
Pandakey: calls $3
*** TURN *** [Ac Tc 4c] [9s]
Pandakey: checks
xcrexisx: checks
*** RIVER *** [Ac Tc 4c 9s] [9h]
Pandakey: bets $6
xcrexisx: calls $6
*** SHOW DOWN ***
Pandakey: shows [4h 5c] (two pair, Nines and Fours)
xcrexisx: mucks hand
Pandakey collected $29.50 from pot
*** SUMMARY ***
Total pot $30 | Rake $0.50
Board [Ac Tc 4c 9s 9h]
Seat 1: xcrexisx (button) (small blind) mucked
Seat 2: Pandakey (big blind) showed [4h 5c] and won ($29.50) with two pair, Nines and Fours


PokerStars Hand #144437597641:  Hold'em Limit ($3/$6 USD) - 2015/11/26 19:47:17 ET
Table 'Bengt' 2-max Seat #2 is the button
Seat 1: xcrexisx ($105.02 in chips)
Seat 2: Pandakey ($153.20 in chips)
Pandakey: posts small blind $1
xcrexisx: posts big blind $3
*** HOLE CARDS ***
Pandakey: raises $3 to $6
xcrexisx: raises $3 to $9
Pandakey: calls $3
*** FLOP *** [5c Kc 4d]
xcrexisx: bets $3
Pandakey: folds
Uncalled bet ($3) returned to xcrexisx
xcrexisx collected $17.64 from pot
xcrexisx: doesn't show hand
*** SUMMARY ***
Total pot $18 | Rake $0.36
Board [5c Kc 4d]
Seat 1: xcrexisx (big blind) collected ($17.64)
Seat 2: Pandakey (button) (small blind) folded on the Flop


PokerStars Hand #144437587067:  Hold'em Limit ($3/$6 USD) - 2015/11/26 19:46:58 ET
Table 'Bengt' 2-max Seat #2 is the button
Seat 1: xcrexisx ($90.52 in chips)
Seat 2: Pandakey ($168.20 in chips)
Pandakey: posts small blind $1
xcrexisx: posts big blind $3
*** HOLE CARDS ***
Pandakey: raises $3 to $6
xcrexisx: folds
Uncalled bet ($3) returned to Pandakey
Pandakey collected $6 from pot
Pandakey: doesn't show hand
*** SUMMARY ***
Total pot $6 | Rake $0
Seat 1: xcrexisx (big blind) folded before Flop
Seat 2: Pandakey (button) (small blind) collected ($6)


PokerStars Hand #144437584452:  Hold'em Limit ($3/$6 USD) - 2015/11/26 19:46:53 ET
Table 'Bengt' 2-max Seat #1 is the button
Seat 1: xcrexisx ($87.52 in chips)
Seat 2: Pandakey ($171.20 in chips)
xcrexisx: posts small blind $1
Pandakey: posts big blind $3
*** HOLE CARDS ***
xcrexisx: raises $3 to $6
Pandakey: folds
Uncalled bet ($3) returned to xcrexisx
xcrexisx collected $6 from pot
xcrexisx: doesn't show hand
*** SUMMARY ***
Total pot $6 | Rake $0
Seat 1: xcrexisx (button) (small blind) collected ($6)
Seat 2: Pandakey (big blind) folded before Flop


PokerStars Hand #144437574742:  Hold'em Limit ($3/$6 USD) - 2015/11/26 19:46:36 ET
Table 'Bengt' 2-max Seat #1 is the button
Seat 1: xcrexisx ($96.52 in chips)
Seat 2: Pandakey ($162.44 in chips)
xcrexisx: posts small blind $1
Pandakey: posts big blind $3
*** HOLE CARDS ***
xcrexisx: raises $3 to $6
Pandakey: calls $3
*** FLOP *** [6h 8c Th]
Pandakey: checks
xcrexisx: checks
*** TURN *** [6h 8c Th] [5h]
Pandakey: bets $6
xcrexisx: folds
Uncalled bet ($6) returned to Pandakey
Pandakey collected $11.76 from pot
Pandakey: doesn't show hand
*** SUMMARY ***
Total pot $12 | Rake $0.24
Board [6h 8c Th 5h]
Seat 1: xcrexisx (button) (small blind) folded on the Turn
Seat 2: Pandakey (big blind) collected ($11.76)


PokerStars Hand #144437564744:  Hold'em Limit ($3/$6 USD) - 2015/11/26 19:46:17 ET
Table 'Bengt' 2-max Seat #2 is the button
Seat 1: xcrexisx ($87.88 in chips)
Seat 2: Pandakey ($171.44 in chips)
Pandakey: posts small blind $1
xcrexisx: posts big blind $3
*** HOLE CARDS ***
Pandakey: raises $3 to $6
xcrexisx: calls $3
*** FLOP *** [7c 3s Qs]
xcrexisx: checks
Pandakey: bets $3
xcrexisx: raises $3 to $6
Pandakey: folds
Uncalled bet ($3) returned to xcrexisx
xcrexisx collected $17.64 from pot
xcrexisx: doesn't show hand
*** SUMMARY ***
Total pot $18 | Rake $0.36
Board [7c 3s Qs]
Seat 1: xcrexisx (big blind) collected ($17.64)
Seat 2: Pandakey (button) (small blind) folded on the Flop


PokerStars Hand #144437613742:  Hold'em Limit ($3/$6 USD) - 2015/11/26 19:47:47 ET
Table 'Bengt' 2-max Seat #1 is the button
Seat 1: xcrexisx ($138.16 in chips)
Seat 2: Pandakey ($119.20 in chips)
xcrexisx: posts small blind $1
Pandakey: posts big blind $3
*** HOLE CARDS ***
xcrexisx: folds
Uncalled bet ($2) returned to Pandakey
Pandakey collected $2 from pot
Pandakey: doesn't show hand
*** SUMMARY ***
Total pot $2 | Rake $0
Seat 1: xcrexisx (button) (small blind) folded before Flop
Seat 2: Pandakey (big blind) collected ($2)


PokerStars Hand #144437611335:  Hold'em Limit ($3/$6 USD) - 2015/11/26 19:47:43 ET
Table 'Bengt' 2-max Seat #2 is the button
Seat 1: xcrexisx ($137.16 in chips)
Seat 2: Pandakey ($120.20 in chips)
Pandakey: posts small blind $1
xcrexisx: posts big blind $3
*** HOLE CARDS ***
Pandakey: folds
Uncalled bet ($2) returned to xcrexisx
xcrexisx collected $2 from pot
xcrexisx: doesn't show hand
*** SUMMARY ***
Total pot $2 | Rake $0
Seat 1: xcrexisx (big blind) collected ($2)
Seat 2: Pandakey (button) (small blind) folded before Flop


PokerStars Hand #144437615769:  Hold'em Limit ($3/$6 USD) - 2015/11/26 19:47:51 ET
Table 'Bengt' 2-max Seat #2 is the button
Seat 1: xcrexisx ($137.16 in chips)
Seat 2: Pandakey ($120.20 in chips)
Pandakey: posts small blind $1
xcrexisx: posts big blind $3
*** HOLE CARDS ***
Pandakey: raises $3 to $6
xcrexisx: calls $3
*** FLOP *** [7s 5c 2s]
xcrexisx: checks
Pandakey: bets $3
xcrexisx: calls $3
*** TURN *** [7s 5c 2s] [Qs]
xcrexisx: bets $6
Pandakey: calls $6
*** RIVER *** [7s 5c 2s Qs] [Kc]
xcrexisx: bets $6
Pandakey: calls $6
*** SHOW DOWN ***
xcrexisx: shows [6s Qh] (a pair of Queens)
Pandakey: mucks hand
xcrexisx collected $41.50 from pot
*** SUMMARY ***
Total pot $42 | Rake $0.50
Board [7s 5c 2s Qs Kc]
Seat 1: xcrexisx (big blind) showed [6s Qh] and won ($41.50) with a pair of Queens
Seat 2: Pandakey (button) (small blind) mucked


PokerStars Hand #144437624058:  Hold'em Limit ($3/$6 USD) - 2015/11/26 19:48:06 ET
Table 'Bengt' 2-max Seat #1 is the button
Seat 1: xcrexisx ($157.66 in chips)
Seat 2: Pandakey ($99.20 in chips)
xcrexisx: posts small blind $1
Pandakey: posts big blind $3
*** HOLE CARDS ***
xcrexisx: raises $3 to $6
Pandakey: calls $3
*** FLOP *** [Th Jd 7c]
Pandakey: checks
xcrexisx: bets $3
Pandakey: folds
Uncalled bet ($3) returned to xcrexisx
xcrexisx collected $11.76 from pot
xcrexisx: doesn't show hand
*** SUMMARY ***
Total pot $12 | Rake $0.24
Board [Th Jd 7c]
Seat 1: xcrexisx (button) (small blind) collected ($11.76)
Seat 2: Pandakey (big blind) folded on the Flop


PokerStars Hand #144437628707:  Hold'em Limit ($3/$6 USD) - 2015/11/26 19:48:15 ET
Table 'Bengt' 2-max Seat #2 is the button
Seat 1: xcrexisx ($163.42 in chips)
Seat 2: Pandakey ($93.20 in chips)
Pandakey: posts small blind $1
xcrexisx: posts big blind $3
*** HOLE CARDS ***
Pandakey: raises $3 to $6
xcrexisx: calls $3
*** FLOP *** [Qc 6h Kc]
xcrexisx: checks
Pandakey: bets $3
xcrexisx: folds
Uncalled bet ($3) returned to Pandakey
Pandakey collected $11.76 from pot
Pandakey: doesn't show hand
*** SUMMARY ***
Total pot $12 | Rake $0.24
Board [Qc 6h Kc]
Seat 1: xcrexisx (big blind) folded on the Flop
Seat 2: Pandakey (button) (small blind) collected ($11.76)


PokerStars Hand #144437658437:  Hold'em Limit ($3/$6 USD) - 2015/11/26 19:49:10 ET
Table 'Bengt' 2-max Seat #1 is the button
Seat 1: xcrexisx ($161.92 in chips)
Seat 2: Pandakey ($93.60 in chips)
xcrexisx: posts small blind $1
Pandakey: posts big blind $3
*** HOLE CARDS ***
xcrexisx: raises $3 to $6
Pandakey: raises $3 to $9
xcrexisx: calls $3
*** FLOP *** [7d Td 9s]
Pandakey: bets $3
xcrexisx: raises $3 to $6
Pandakey: calls $3
*** TURN *** [7d Td 9s] [8s]
Pandakey: checks
xcrexisx: bets $6
Pandakey: calls $6
*** RIVER *** [7d Td 9s 8s] [Qs]
Pandakey: bets $6
xcrexisx: calls $6
*** SHOW DOWN ***
Pandakey: shows [4s 6s] (a flush, Queen high)
xcrexisx: mucks hand
Pandakey collected $53.50 from pot
*** SUMMARY ***
Total pot $54 | Rake $0.50
Board [7d Td 9s 8s Qs]
Seat 1: xcrexisx (button) (small blind) mucked
Seat 2: Pandakey (big blind) showed [4s 6s] and won ($53.50) with a flush, Queen high


PokerStars Hand #144437639180:  Hold'em Limit ($3/$6 USD) - 2015/11/26 19:48:34 ET
Table 'Bengt' 2-max Seat #2 is the button
Seat 1: xcrexisx ($148.42 in chips)
Seat 2: Pandakey ($107.60 in chips)
Pandakey: posts small blind $1
xcrexisx: posts big blind $3
*** HOLE CARDS ***
Pandakey: raises $3 to $6
xcrexisx: folds
Uncalled bet ($3) returned to Pandakey
Pandakey collected $6 from pot
Pandakey: doesn't show hand
*** SUMMARY ***
Total pot $6 | Rake $0
Seat 1: xcrexisx (big blind) folded before Flop
Seat 2: Pandakey (button) (small blind) collected ($6)


PokerStars Hand #144437634641:  Hold'em Limit ($3/$6 USD) - 2015/11/26 19:48:26 ET
Table 'Bengt' 2-max Seat #1 is the button
Seat 1: xcrexisx ($157.42 in chips)
Seat 2: Pandakey ($98.96 in chips)
xcrexisx: posts small blind $1
Pandakey: posts big blind $3
*** HOLE CARDS ***
xcrexisx: raises $3 to $6
Pandakey: raises $3 to $9
xcrexisx: calls $3
*** FLOP *** [8d 8c Ad]
Pandakey: bets $3
xcrexisx: folds
Uncalled bet ($3) returned to Pandakey
Pandakey collected $17.64 from pot
Pandakey: doesn't show hand
*** SUMMARY ***
Total pot $18 | Rake $0.36
Board [8d 8c Ad]
Seat 1: xcrexisx (button) (small blind) folded on the Flop
Seat 2: Pandakey (big blind) collected ($17.64)


PokerStars Hand #144437651325:  Hold'em Limit ($3/$6 USD) - 2015/11/26 19:48:56 ET
Table 'Bengt' 2-max Seat #2 is the button
Seat 1: xcrexisx ($168.92 in chips)
Seat 2: Pandakey ($86.60 in chips)
Pandakey: posts small blind $1
xcrexisx: posts big blind $3
*** HOLE CARDS ***
Pandakey: raises $3 to $6
xcrexisx: folds
Uncalled bet ($3) returned to Pandakey
Pandakey collected $6 from pot
Pandakey: doesn't show hand
*** SUMMARY ***
Total pot $6 | Rake $0
Seat 1: xcrexisx (big blind) folded before Flop
Seat 2: Pandakey (button) (small blind) collected ($6)


PokerStars Hand #144437641377:  Hold'em Limit ($3/$6 USD) - 2015/11/26 19:48:38 ET
Table 'Bengt' 2-max Seat #1 is the button
Seat 1: xcrexisx ($145.42 in chips)
Seat 2: Pandakey ($110.60 in chips)
xcrexisx: posts small blind $1
Pandakey: posts big blind $3
*** HOLE CARDS ***
xcrexisx: raises $3 to $6
Pandakey: calls $3
*** FLOP *** [Qh 4h 4s]
Pandakey: checks
xcrexisx: bets $3
Pandakey: raises $3 to $6
xcrexisx: calls $3
*** TURN *** [Qh 4h 4s] [2c]
Pandakey: checks
xcrexisx: bets $6
Pandakey: calls $6
*** RIVER *** [Qh 4h 4s 2c] [Ad]
Pandakey: checks
xcrexisx: bets $6
Pandakey: calls $6
*** SHOW DOWN ***
xcrexisx: shows [4d 3d] (three of a kind, Fours)
Pandakey: mucks hand
xcrexisx collected $47.50 from pot
*** SUMMARY ***
Total pot $48 | Rake $0.50
Board [Qh 4h 4s 2c Ad]
Seat 1: xcrexisx (button) (small blind) showed [4d 3d] and won ($47.50) with three of a kind, Fours
Seat 2: Pandakey (big blind) mucked


PokerStars Hand #144437656178:  Hold'em Limit ($3/$6 USD) - 2015/11/26 19:49:06 ET
Table 'Bengt' 2-max Seat #2 is the button
Seat 1: xcrexisx ($164.92 in chips)
Seat 2: Pandakey ($90.60 in chips)
Pandakey: posts small blind $1
xcrexisx: posts big blind $3
*** HOLE CARDS ***
Pandakey: raises $3 to $6
xcrexisx: folds
Uncalled bet ($3) returned to Pandakey
Pandakey collected $6 from pot
Pandakey: doesn't show hand
*** SUMMARY ***
Total pot $6 | Rake $0
Seat 1: xcrexisx (big blind) folded before Flop
Seat 2: Pandakey (button) (small blind) collected ($6)


PokerStars Hand #144437654166:  Hold'em Limit ($3/$6 USD) - 2015/11/26 19:49:02 ET
Table 'Bengt' 2-max Seat #1 is the button
Seat 1: xcrexisx ($165.92 in chips)
Seat 2: Pandakey ($89.60 in chips)
xcrexisx: posts small blind $1
Pandakey: posts big blind $3
*** HOLE CARDS ***
xcrexisx: folds
Uncalled bet ($2) returned to Pandakey
Pandakey collected $2 from pot
Pandakey: doesn't show hand
*** SUMMARY ***
Total pot $2 | Rake $0
Seat 1: xcrexisx (button) (small blind) folded before Flop
Seat 2: Pandakey (big blind) collected ($2)


PokerStars Hand #144437688494:  Hold'em Limit ($3/$6 USD) - 2015/11/26 19:50:06 ET
Table 'Bengt' 2-max Seat #1 is the button
Seat 1: xcrexisx ($115.92 in chips)
Seat 2: Pandakey ($138.62 in chips)
xcrexisx: posts small blind $1
Pandakey: posts big blind $3
*** HOLE CARDS ***
xcrexisx: raises $3 to $6
Pandakey: calls $3
*** FLOP *** [8d Kd Td]
Pandakey: checks
xcrexisx: bets $3
Pandakey: calls $3
*** TURN *** [8d Kd Td] [Kh]
Pandakey: checks
xcrexisx: bets $6
Pandakey: folds
Uncalled bet ($6) returned to xcrexisx
xcrexisx collected $17.64 from pot
xcrexisx: doesn't show hand
*** SUMMARY ***
Total pot $18 | Rake $0.36
Board [8d Kd Td Kh]
Seat 1: xcrexisx (button) (small blind) collected ($17.64)
Seat 2: Pandakey (big blind) folded on the Turn


PokerStars Hand #144437674522:  Hold'em Limit ($3/$6 USD) - 2015/11/26 19:49:40 ET
Table 'Bengt' 2-max Seat #2 is the button
Seat 1: xcrexisx ($130.92 in chips)
Seat 2: Pandakey ($124.10 in chips)
Pandakey: posts small blind $1
xcrexisx: posts big blind $3
*** HOLE CARDS ***
Pandakey: raises $3 to $6
xcrexisx: calls $3
*** FLOP *** [8d 4h 3c]
xcrexisx: checks
Pandakey: bets $3
xcrexisx: folds
Uncalled bet ($3) returned to Pandakey
Pandakey collected $11.76 from pot
Pandakey: doesn't show hand
*** SUMMARY ***
Total pot $12 | Rake $0.24
Board [8d 4h 3c]
Seat 1: xcrexisx (big blind) folded on the Flop
Seat 2: Pandakey (button) (small blind) collected ($11.76)


PokerStars Hand #144437672306:  Hold'em Limit ($3/$6 USD) - 2015/11/26 19:49:36 ET
Table 'Bengt' 2-max Seat #1 is the button
Seat 1: xcrexisx ($131.92 in chips)
Seat 2: Pandakey ($123.10 in chips)
xcrexisx: posts small blind $1
Pandakey: posts big blind $3
*** HOLE CARDS ***
xcrexisx: folds
Uncalled bet ($2) returned to Pandakey
Pandakey collected $2 from pot
Pandakey: doesn't show hand
*** SUMMARY ***
Total pot $2 | Rake $0
Seat 1: xcrexisx (button) (small blind) folded before Flop
Seat 2: Pandakey (big blind) collected ($2)


PokerStars Hand #144437668512:  Hold'em Limit ($3/$6 USD) - 2015/11/26 19:49:29 ET
Table 'Bengt' 2-max Seat #2 is the button
Seat 1: xcrexisx ($134.92 in chips)
Seat 2: Pandakey ($120.10 in chips)
Pandakey: posts small blind $1
xcrexisx: posts big blind $3
*** HOLE CARDS ***
Pandakey: raises $3 to $6
xcrexisx: folds
Uncalled bet ($3) returned to Pandakey
Pandakey collected $6 from pot
Pandakey: doesn't show hand
*** SUMMARY ***
Total pot $6 | Rake $0
Seat 1: xcrexisx (big blind) folded before Flop
Seat 2: Pandakey (button) (small blind) collected ($6)


PokerStars Hand #144437679242:  Hold'em Limit ($3/$6 USD) - 2015/11/26 19:49:49 ET
Table 'Bengt' 2-max Seat #1 is the button
Seat 1: xcrexisx ($124.92 in chips)
Seat 2: Pandakey ($129.86 in chips)
xcrexisx: posts small blind $1
Pandakey: posts big blind $3
*** HOLE CARDS ***
xcrexisx: raises $3 to $6
Pandakey: calls $3
*** FLOP *** [3d 6s Jh]
Pandakey: checks
xcrexisx: checks
*** TURN *** [3d 6s Jh] [Ad]
Pandakey: checks
xcrexisx: checks
*** RIVER *** [3d 6s Jh Ad] [7s]
Pandakey: bets $6
xcrexisx: folds
Uncalled bet ($6) returned to Pandakey
Pandakey collected $11.76 from pot
Pandakey: doesn't show hand
*** SUMMARY ***
Total pot $12 | Rake $0.24
Board [3d 6s Jh Ad 7s]
Seat 1: xcrexisx (button) (small blind) folded on the River
Seat 2: Pandakey (big blind) collected ($11.76)


PokerStars Hand #144437699173:  Hold'em Limit ($3/$6 USD) - 2015/11/26 19:50:27 ET
Table 'Bengt' 2-max Seat #1 is the button
Seat 1: xcrexisx ($121.56 in chips)
Seat 2: Pandakey ($132.62 in chips)
xcrexisx: posts small blind $1
Pandakey: posts big blind $3
*** HOLE CARDS ***
xcrexisx: folds
Uncalled bet ($2) returned to Pandakey
Pandakey collected $2 from pot
Pandakey: doesn't show hand
*** SUMMARY ***
Total pot $2 | Rake $0
Seat 1: xcrexisx (button) (small blind) folded before Flop
Seat 2: Pandakey (big blind) collected ($2)


PokerStars Hand #144437696795:  Hold'em Limit ($3/$6 USD) - 2015/11/26 19:50:22 ET
Table 'Bengt' 2-max Seat #2 is the button
Seat 1: xcrexisx ($124.56 in chips)
Seat 2: Pandakey ($129.62 in chips)
Pandakey: posts small blind $1
xcrexisx: posts big blind $3
*** HOLE CARDS ***
Pandakey: raises $3 to $6
xcrexisx: folds
Uncalled bet ($3) returned to Pandakey
Pandakey collected $6 from pot
Pandakey: doesn't show hand
*** SUMMARY ***
Total pot $6 | Rake $0
Seat 1: xcrexisx (big blind) folded before Flop
Seat 2: Pandakey (button) (small blind) collected ($6)


PokerStars Hand #144437710576:  Hold'em Limit ($3/$6 USD) - 2015/11/26 19:50:48 ET
Table 'Bengt' 2-max Seat #2 is the button
Seat 1: xcrexisx ($113.56 in chips)
Seat 2: Pandakey ($140.38 in chips)
Pandakey: posts small blind $1
xcrexisx: posts big blind $3
*** HOLE CARDS ***
Pandakey: raises $3 to $6
xcrexisx: folds
Uncalled bet ($3) returned to Pandakey
Pandakey collected $6 from pot
Pandakey: doesn't show hand
*** SUMMARY ***
Total pot $6 | Rake $0
Seat 1: xcrexisx (big blind) folded before Flop
Seat 2: Pandakey (button) (small blind) collected ($6)


PokerStars Hand #144437708625:  Hold'em Limit ($3/$6 USD) - 2015/11/26 19:50:44 ET
Table 'Bengt' 2-max Seat #1 is the button
Seat 1: xcrexisx ($114.56 in chips)
Seat 2: Pandakey ($139.38 in chips)
xcrexisx: posts small blind $1
Pandakey: posts big blind $3
*** HOLE CARDS ***
xcrexisx: folds
Uncalled bet ($2) returned to Pandakey
Pandakey collected $2 from pot
Pandakey: doesn't show hand
*** SUMMARY ***
Total pot $2 | Rake $0
Seat 1: xcrexisx (button) (small blind) folded before Flop
Seat 2: Pandakey (big blind) collected ($2)


PokerStars Hand #144437701258:  Hold'em Limit ($3/$6 USD) - 2015/11/26 19:50:30 ET
Table 'Bengt' 2-max Seat #2 is the button
Seat 1: xcrexisx ($120.56 in chips)
Seat 2: Pandakey ($133.62 in chips)
Pandakey: posts small blind $1
xcrexisx: posts big blind $3
*** HOLE CARDS ***
Pandakey: raises $3 to $6
xcrexisx: calls $3
*** FLOP *** [6d 2d Qd]
xcrexisx: checks
Pandakey: checks
*** TURN *** [6d 2d Qd] [Ks]
xcrexisx: checks
Pandakey: checks
*** RIVER *** [6d 2d Qd Ks] [Td]
xcrexisx: checks
Pandakey: bets $6
xcrexisx: folds
Uncalled bet ($6) returned to Pandakey
Pandakey collected $11.76 from pot
Pandakey: doesn't show hand
*** SUMMARY ***
Total pot $12 | Rake $0.24
Board [6d 2d Qd Ks Td]
Seat 1: xcrexisx (big blind) folded on the River
Seat 2: Pandakey (button) (small blind) collected ($11.76)


PokerStars Hand #144437725224:  Hold'em Limit ($3/$6 USD) - 2015/11/26 19:51:15 ET
Table 'Bengt' 2-max Seat #2 is the button
Seat 1: xcrexisx ($140.06 in chips)
Seat 2: Pandakey ($113.38 in chips)
Pandakey: posts small blind $1
xcrexisx: posts big blind $3
*** HOLE CARDS ***
Pandakey: raises $3 to $6
xcrexisx: folds
Uncalled bet ($3) returned to Pandakey
Pandakey collected $6 from pot
Pandakey: doesn't show hand
*** SUMMARY ***
Total pot $6 | Rake $0
Seat 1: xcrexisx (big blind) folded before Flop
Seat 2: Pandakey (button) (small blind) collected ($6)


PokerStars Hand #144437742618:  Hold'em Limit ($3/$6 USD) - 2015/11/26 19:51:48 ET
Table 'Bengt' 2-max Seat #2 is the button
Seat 1: xcrexisx ($125.06 in chips)
Seat 2: Pandakey ($127.90 in chips)
Pandakey: posts small blind $1
xcrexisx: posts big blind $3
*** HOLE CARDS ***
Pandakey: raises $3 to $6
xcrexisx: raises $3 to $9
Pandakey: calls $3
*** FLOP *** [3s 7s Ks]
xcrexisx: bets $3
Pandakey: calls $3
*** TURN *** [3s 7s Ks] [2c]
xcrexisx: bets $6
Pandakey: calls $6
*** RIVER *** [3s 7s Ks 2c] [Qc]
xcrexisx: bets $6
Pandakey: folds
Uncalled bet ($6) returned to xcrexisx
xcrexisx collected $35.50 from pot
xcrexisx: doesn't show hand
*** SUMMARY ***
Total pot $36 | Rake $0.50
Board [3s 7s Ks 2c Qc]
Seat 1: xcrexisx (big blind) collected ($35.50)
Seat 2: Pandakey (button) (small blind) folded on the River


PokerStars Hand #144437750159:  Hold'em Limit ($3/$6 USD) - 2015/11/26 19:52:02 ET
Table 'Bengt' 2-max Seat #1 is the button
Seat 1: xcrexisx ($142.56 in chips)
Seat 2: Pandakey ($109.90 in chips)
xcrexisx: posts small blind $1
Pandakey: posts big blind $3
*** HOLE CARDS ***
xcrexisx: raises $3 to $6
Pandakey: calls $3
*** FLOP *** [3s 6c 7h]
Pandakey: bets $3
xcrexisx: calls $3
*** TURN *** [3s 6c 7h] [Qd]
Pandakey: bets $6
xcrexisx: folds
Uncalled bet ($6) returned to Pandakey
Pandakey collected $17.64 from pot
Pandakey: doesn't show hand
*** SUMMARY ***
Total pot $18 | Rake $0.36
Board [3s 6c 7h Qd]
Seat 1: xcrexisx (button) (small blind) folded on the Turn
Seat 2: Pandakey (big blind) collected ($17.64)


PokerStars Hand #144437736557:  Hold'em Limit ($3/$6 USD) - 2015/11/26 19:51:37 ET
Table 'Bengt' 2-max Seat #2 is the button
Seat 1: xcrexisx ($125.06 in chips)
Seat 2: Pandakey ($127.90 in chips)
Pandakey: posts small blind $1
xcrexisx: posts big blind $3
*** HOLE CARDS ***
Pandakey: raises $3 to $6
xcrexisx: folds
Uncalled bet ($3) returned to Pandakey
Pandakey collected $6 from pot
Pandakey: doesn't show hand
*** SUMMARY ***
Total pot $6 | Rake $0
Seat 1: xcrexisx (big blind) folded before Flop
Seat 2: Pandakey (button) (small blind) collected ($6)


PokerStars Hand #144437727464:  Hold'em Limit ($3/$6 USD) - 2015/11/26 19:51:20 ET
Table 'Bengt' 2-max Seat #1 is the button
Seat 1: xcrexisx ($137.06 in chips)
Seat 2: Pandakey ($116.38 in chips)
xcrexisx: posts small blind $1
Pandakey: posts big blind $3
*** HOLE CARDS ***
xcrexisx: raises $3 to $6
Pandakey: raises $3 to $9
xcrexisx: calls $3
*** FLOP *** [5c 3s 2s]
Pandakey: bets $3
xcrexisx: calls $3
*** TURN *** [5c 3s 2s] [Qh]
Pandakey: checks
xcrexisx: checks
*** RIVER *** [5c 3s 2s Qh] [2h]
Pandakey: checks
xcrexisx: checks
*** SHOW DOWN ***
Pandakey: shows [Ac 9d] (a pair of Deuces)
xcrexisx: mucks hand
Pandakey collected $23.52 from pot
*** SUMMARY ***
Total pot $24 | Rake $0.48
Board [5c 3s 2s Qh 2h]
Seat 1: xcrexisx (button) (small blind) mucked
Seat 2: Pandakey (big blind) showed [Ac 9d] and won ($23.52) with a pair of Deuces


PokerStars Hand #144437739658:  Hold'em Limit ($3/$6 USD) - 2015/11/26 19:51:42 ET
Table 'Bengt' 2-max Seat #1 is the button
Seat 1: xcrexisx ($122.06 in chips)
Seat 2: Pandakey ($130.90 in chips)
xcrexisx: posts small blind $1
Pandakey: posts big blind $3
*** HOLE CARDS ***
xcrexisx: raises $3 to $6
Pandakey: folds
Uncalled bet ($3) returned to xcrexisx
xcrexisx collected $6 from pot
xcrexisx: doesn't show hand
*** SUMMARY ***
Total pot $6 | Rake $0
Seat 1: xcrexisx (button) (small blind) collected ($6)
Seat 2: Pandakey (big blind) folded before Flop


PokerStars Hand #144437756833:  Hold'em Limit ($3/$6 USD) - 2015/11/26 19:52:15 ET
Table 'Bengt' 2-max Seat #2 is the button
Seat 1: xcrexisx ($133.56 in chips)
Seat 2: Pandakey ($118.54 in chips)
Pandakey: posts small blind $1
xcrexisx: posts big blind $3
*** HOLE CARDS ***
Pandakey: raises $3 to $6
xcrexisx: calls $3
*** FLOP *** [9d 5c 4h]
xcrexisx: checks
Pandakey: bets $3
xcrexisx: calls $3
*** TURN *** [9d 5c 4h] [Qd]
xcrexisx: bets $6
Pandakey: calls $6
*** RIVER *** [9d 5c 4h Qd] [3d]
xcrexisx: bets $6
Pandakey: calls $6
*** SHOW DOWN ***
xcrexisx: shows [9h 8d] (a pair of Nines)
Pandakey: mucks hand
xcrexisx collected $41.50 from pot
*** SUMMARY ***
Total pot $42 | Rake $0.50
Board [9d 5c 4h Qd 3d]
Seat 1: xcrexisx (big blind) showed [9h 8d] and won ($41.50) with a pair of Nines
Seat 2: Pandakey (button) (small blind) mucked


PokerStars Hand #144437778075:  Hold'em Limit ($3/$6 USD) - 2015/11/26 19:52:55 ET
Table 'Bengt' 2-max Seat #1 is the button
Seat 1: xcrexisx ($157.70 in chips)
Seat 2: Pandakey ($93.54 in chips)
xcrexisx: posts small blind $1
Pandakey: posts big blind $3
*** HOLE CARDS ***
xcrexisx: raises $3 to $6
Pandakey: calls $3
*** FLOP *** [Kc 4h 7h]
Pandakey: checks
xcrexisx: bets $3
Pandakey: raises $3 to $6
xcrexisx: calls $3
*** TURN *** [Kc 4h 7h] [5s]
Pandakey: bets $6
xcrexisx: calls $6
*** RIVER *** [Kc 4h 7h 5s] [Ad]
Pandakey: bets $6
xcrexisx: raises $6 to $12
Pandakey: calls $6
*** SHOW DOWN ***
xcrexisx: shows [Kh 7d] (two pair, Kings and Sevens)
Pandakey: mucks hand
xcrexisx collected $59.50 from pot
*** SUMMARY ***
Total pot $60 | Rake $0.50
Board [Kc 4h 7h 5s Ad]
Seat 1: xcrexisx (button) (small blind) showed [Kh 7d] and won ($59.50) with two pair, Kings and Sevens
Seat 2: Pandakey (big blind) mucked


PokerStars Hand #144437775646:  Hold'em Limit ($3/$6 USD) - 2015/11/26 19:52:50 ET
Table 'Bengt' 2-max Seat #2 is the button
Seat 1: xcrexisx ($160.70 in chips)
Seat 2: Pandakey ($90.54 in chips)
Pandakey: posts small blind $1
xcrexisx: posts big blind $3
*** HOLE CARDS ***
Pandakey: raises $3 to $6
xcrexisx: folds
Uncalled bet ($3) returned to Pandakey
Pandakey collected $6 from pot
Pandakey: doesn't show hand
*** SUMMARY ***
Total pot $6 | Rake $0
Seat 1: xcrexisx (big blind) folded before Flop
Seat 2: Pandakey (button) (small blind) collected ($6)


PokerStars Hand #144437765490:  Hold'em Limit ($3/$6 USD) - 2015/11/26 19:52:31 ET
Table 'Bengt' 2-max Seat #1 is the button
Seat 1: xcrexisx ($154.06 in chips)
Seat 2: Pandakey ($97.54 in chips)
xcrexisx: posts small blind $1
Pandakey: posts big blind $3
*** HOLE CARDS ***
xcrexisx: folds
Uncalled bet ($2) returned to Pandakey
Pandakey collected $2 from pot
Pandakey: doesn't show hand
*** SUMMARY ***
Total pot $2 | Rake $0
Seat 1: xcrexisx (button) (small blind) folded before Flop
Seat 2: Pandakey (big blind) collected ($2)


PokerStars Hand #144437787712:  Hold'em Limit ($3/$6 USD) - 2015/11/26 19:53:13 ET
Table 'Bengt' 2-max Seat #2 is the button
Seat 1: xcrexisx ($187.20 in chips)
Seat 2: Pandakey ($63.54 in chips)
Pandakey: posts small blind $1
xcrexisx: posts big blind $3
*** HOLE CARDS ***
Pandakey: raises $3 to $6
xcrexisx: raises $3 to $9
Pandakey: calls $3
*** FLOP *** [7s 4s Jd]
xcrexisx: bets $3
Pandakey: calls $3
*** TURN *** [7s 4s Jd] [8h]
xcrexisx: bets $6
Pandakey: calls $6
*** RIVER *** [7s 4s Jd 8h] [8d]
xcrexisx: checks
Pandakey: bets $6
xcrexisx: calls $6
*** SHOW DOWN ***
Pandakey: shows [5s 5h] (two pair, Eights and Fives)
xcrexisx: mucks hand
Pandakey collected $47.50 from pot
*** SUMMARY ***
Total pot $48 | Rake $0.50
Board [7s 4s Jd 8h 8d]
Seat 1: xcrexisx (big blind) mucked
Seat 2: Pandakey (button) (small blind) showed [5s 5h] and won ($47.50) with two pair, Eights and Fives


PokerStars Hand #144437767902:  Hold'em Limit ($3/$6 USD) - 2015/11/26 19:52:36 ET
Table 'Bengt' 2-max Seat #2 is the button
Seat 1: xcrexisx ($153.06 in chips)
Seat 2: Pandakey ($98.54 in chips)
Pandakey: posts small blind $1
xcrexisx: posts big blind $3
*** HOLE CARDS ***
Pandakey: raises $3 to $6
xcrexisx: calls $3
*** FLOP *** [3d As 7h]
xcrexisx: checks
Pandakey: bets $3
xcrexisx: raises $3 to $6
Pandakey: folds
Uncalled bet ($3) returned to xcrexisx
xcrexisx collected $17.64 from pot
xcrexisx: doesn't show hand
*** SUMMARY ***
Total pot $18 | Rake $0.36
Board [3d As 7h]
Seat 1: xcrexisx (big blind) collected ($17.64)
Seat 2: Pandakey (button) (small blind) folded on the Flop


PokerStars Hand #144437820457:  Hold'em Limit ($3/$6 USD) - 2015/11/26 19:54:15 ET
Table 'Bengt' 2-max Seat #1 is the button
Seat 1: xcrexisx ($155.84 in chips)
Seat 2: Pandakey ($93.44 in chips)
xcrexisx: posts small blind $1
Pandakey: posts big blind $3
*** HOLE CARDS ***
xcrexisx: folds
Uncalled bet ($2) returned to Pandakey
Pandakey collected $2 from pot
Pandakey: doesn't show hand
*** SUMMARY ***
Total pot $2 | Rake $0
Seat 1: xcrexisx (button) (small blind) folded before Flop
Seat 2: Pandakey (big blind) collected ($2)


PokerStars Hand #144437799033:  Hold'em Limit ($3/$6 USD) - 2015/11/26 19:53:35 ET
Table 'Bengt' 2-max Seat #2 is the button
Seat 1: xcrexisx ($162.20 in chips)
Seat 2: Pandakey ($88.04 in chips)
Pandakey: posts small blind $1
xcrexisx: posts big blind $3
*** HOLE CARDS ***
Pandakey: raises $3 to $6
xcrexisx: calls $3
*** FLOP *** [Kh 7c 2c]
xcrexisx: checks
Pandakey: bets $3
xcrexisx: raises $3 to $6
Pandakey: folds
Uncalled bet ($3) returned to xcrexisx
xcrexisx collected $17.64 from pot
xcrexisx: doesn't show hand
*** SUMMARY ***
Total pot $18 | Rake $0.36
Board [Kh 7c 2c]
Seat 1: xcrexisx (big blind) collected ($17.64)
Seat 2: Pandakey (button) (small blind) folded on the Flop


PokerStars Hand #144437804458:  Hold'em Limit ($3/$6 USD) - 2015/11/26 19:53:45 ET
Table 'Bengt' 2-max Seat #1 is the button
Seat 1: xcrexisx ($170.84 in chips)
Seat 2: Pandakey ($79.04 in chips)
xcrexisx: posts small blind $1
Pandakey: posts big blind $3
*** HOLE CARDS ***
xcrexisx: folds
Uncalled bet ($2) returned to Pandakey
Pandakey collected $2 from pot
Pandakey: doesn't show hand
*** SUMMARY ***
Total pot $2 | Rake $0
Seat 1: xcrexisx (button) (small blind) folded before Flop
Seat 2: Pandakey (big blind) collected ($2)


PokerStars Hand #144437818170:  Hold'em Limit ($3/$6 USD) - 2015/11/26 19:54:11 ET
Table 'Bengt' 2-max Seat #2 is the button
Seat 1: xcrexisx ($154.84 in chips)
Seat 2: Pandakey ($94.44 in chips)
Pandakey: posts small blind $1
xcrexisx: posts big blind $3
*** HOLE CARDS ***
Pandakey: folds
Uncalled bet ($2) returned to xcrexisx
xcrexisx collected $2 from pot
xcrexisx: doesn't show hand
*** SUMMARY ***
Total pot $2 | Rake $0
Seat 1: xcrexisx (big blind) collected ($2)
Seat 2: Pandakey (button) (small blind) folded before Flop


PokerStars Hand #144437813918:  Hold'em Limit ($3/$6 USD) - 2015/11/26 19:54:03 ET
Table 'Bengt' 2-max Seat #1 is the button
Seat 1: xcrexisx ($160.84 in chips)
Seat 2: Pandakey ($88.68 in chips)
xcrexisx: posts small blind $1
Pandakey: posts big blind $3
*** HOLE CARDS ***
xcrexisx: raises $3 to $6
Pandakey: calls $3
*** FLOP *** [2c 4c 2d]
Pandakey: bets $3
xcrexisx: folds
Uncalled bet ($3) returned to Pandakey
Pandakey collected $11.76 from pot
Pandakey: doesn't show hand
*** SUMMARY ***
Total pot $12 | Rake $0.24
Board [2c 4c 2d]
Seat 1: xcrexisx (button) (small blind) folded on the Flop
Seat 2: Pandakey (big blind) collected ($11.76)


PokerStars Hand #144437822467:  Hold'em Limit ($3/$6 USD) - 2015/11/26 19:54:19 ET
Table 'Bengt' 2-max Seat #2 is the button
Seat 1: xcrexisx ($154.84 in chips)
Seat 2: Pandakey ($94.44 in chips)
Pandakey: posts small blind $1
xcrexisx: posts big blind $3
*** HOLE CARDS ***
Pandakey: raises $3 to $6
xcrexisx: calls $3
*** FLOP *** [9h Jc Tc]
xcrexisx: bets $3
Pandakey: calls $3
*** TURN *** [9h Jc Tc] [Td]
xcrexisx: bets $6
Pandakey: calls $6
*** RIVER *** [9h Jc Tc Td] [5d]
xcrexisx: bets $6
Pandakey: calls $6
*** SHOW DOWN ***
xcrexisx: shows [Qc 3h] (a pair of Tens)
Pandakey: shows [6s Js] (two pair, Jacks and Tens)
Pandakey collected $41.50 from pot
*** SUMMARY ***
Total pot $42 | Rake $0.50
Board [9h Jc Tc Td 5d]
Seat 1: xcrexisx (big blind) showed [Qc 3h] and lost with a pair of Tens
Seat 2: Pandakey (button) (small blind) showed [6s Js] and won ($41.50) with two pair, Jacks and Tens


PokerStars Hand #144437806564:  Hold'em Limit ($3/$6 USD) - 2015/11/26 19:53:49 ET
Table 'Bengt' 2-max Seat #2 is the button
Seat 1: xcrexisx ($169.84 in chips)
Seat 2: Pandakey ($80.04 in chips)
Pandakey: posts small blind $1
xcrexisx: posts big blind $3
*** HOLE CARDS ***
Pandakey: raises $3 to $6
xcrexisx: calls $3
*** FLOP *** [9h 7c 3s]
xcrexisx: checks
Pandakey: bets $3
xcrexisx: calls $3
*** TURN *** [9h 7c 3s] [9s]
xcrexisx: checks
Pandakey: bets $6
xcrexisx: folds
Uncalled bet ($6) returned to Pandakey
Pandakey collected $17.64 from pot
Pandakey: doesn't show hand
*** SUMMARY ***
Total pot $18 | Rake $0.36
Board [9h 7c 3s 9s]
Seat 1: xcrexisx (big blind) folded on the Turn
Seat 2: Pandakey (button) (small blind) collected ($17.64)


PokerStars Hand #144437843059:  Hold'em Limit ($3/$6 USD) - 2015/11/26 19:54:58 ET
Table 'Bengt' 2-max Seat #1 is the button
Seat 1: xcrexisx ($124.66 in chips)
Seat 2: Pandakey ($123.40 in chips)
xcrexisx: posts small blind $1
Pandakey: posts big blind $3
*** HOLE CARDS ***
xcrexisx: folds
Uncalled bet ($2) returned to Pandakey
Pandakey collected $2 from pot
Pandakey: doesn't show hand
*** SUMMARY ***
Total pot $2 | Rake $0
Seat 1: xcrexisx (button) (small blind) folded before Flop
Seat 2: Pandakey (big blind) collected ($2)


PokerStars Hand #144437836448:  Hold'em Limit ($3/$6 USD) - 2015/11/26 19:54:46 ET
Table 'Bengt' 2-max Seat #2 is the button
Seat 1: xcrexisx ($133.66 in chips)
Seat 2: Pandakey ($114.76 in chips)
Pandakey: posts small blind $1
xcrexisx: posts big blind $3
*** HOLE CARDS ***
Pandakey: raises $3 to $6
xcrexisx: calls $3
*** FLOP *** [Ad 6c 4h]
xcrexisx: checks
Pandakey: bets $3
xcrexisx: calls $3
*** TURN *** [Ad 6c 4h] [2s]
xcrexisx: checks
Pandakey: bets $6
xcrexisx: folds
Uncalled bet ($6) returned to Pandakey
Pandakey collected $17.64 from pot
Pandakey: doesn't show hand
*** SUMMARY ***
Total pot $18 | Rake $0.36
Board [Ad 6c 4h 2s]
Seat 1: xcrexisx (big blind) folded on the Turn
Seat 2: Pandakey (button) (small blind) collected ($17.64)


PokerStars Hand #144437845144:  Hold'em Limit ($3/$6 USD) - 2015/11/26 19:55:02 ET
Table 'Bengt' 2-max Seat #2 is the button
Seat 1: xcrexisx ($123.66 in chips)
Seat 2: Pandakey ($124.40 in chips)
Pandakey: posts small blind $1
xcrexisx: posts big blind $3
*** HOLE CARDS ***
Pandakey: raises $3 to $6
xcrexisx: raises $3 to $9
Pandakey: calls $3
*** FLOP *** [7c Jd Qh]
xcrexisx: bets $3
Pandakey: calls $3
*** TURN *** [7c Jd Qh] [Td]
xcrexisx: bets $6
Pandakey: raises $6 to $12
xcrexisx: raises $6 to $18
Pandakey: calls $6
*** RIVER *** [7c Jd Qh Td] [3c]
xcrexisx: bets $6
Pandakey: calls $6
*** SHOW DOWN ***
xcrexisx: shows [9h Kd] (a straight, Nine to King)
Pandakey: mucks hand
xcrexisx collected $71.50 from pot
*** SUMMARY ***
Total pot $72 | Rake $0.50
Board [7c Jd Qh Td 3c]
Seat 1: xcrexisx (big blind) showed [9h Kd] and won ($71.50) with a straight, Nine to King
Seat 2: Pandakey (button) (small blind) mucked


PokerStars Hand #144437830223:  Hold'em Limit ($3/$6 USD) - 2015/11/26 19:54:33 ET
Table 'Bengt' 2-max Seat #1 is the button
Seat 1: xcrexisx ($133.84 in chips)
Seat 2: Pandakey ($114.94 in chips)
xcrexisx: posts small blind $1
Pandakey: posts big blind $3
*** HOLE CARDS ***
xcrexisx: raises $3 to $6
Pandakey: calls $3
*** FLOP *** [Qh Qd 9h]
Pandakey: checks
xcrexisx: bets $3
Pandakey: calls $3
*** TURN *** [Qh Qd 9h] [Qc]
Pandakey: checks
xcrexisx: checks
*** RIVER *** [Qh Qd 9h Qc] [9d]
Pandakey: checks
xcrexisx: checks
*** SHOW DOWN ***
Pandakey: shows [Kh 4s] (a full house, Queens full of Nines)
xcrexisx: shows [6d 7c] (a full house, Queens full of Nines)
Pandakey collected $8.82 from pot
xcrexisx collected $8.82 from pot
*** SUMMARY ***
Total pot $18 | Rake $0.36
Board [Qh Qd 9h Qc 9d]
Seat 1: xcrexisx (button) (small blind) showed [6d 7c] and won ($8.82) with a full house, Queens full of Nines
Seat 2: Pandakey (big blind) showed [Kh 4s] and won ($8.82) with a full house, Queens full of Nines


PokerStars Hand #144437860682:  Hold'em Limit ($3/$6 USD) - 2015/11/26 19:55:36 ET
Table 'Bengt' 2-max Seat #2 is the button
Seat 1: xcrexisx ($182.66 in chips)
Seat 2: Pandakey ($64.40 in chips)
Pandakey: posts small blind $1
xcrexisx: posts big blind $3
*** HOLE CARDS ***
Pandakey: raises $3 to $6
xcrexisx: folds
Uncalled bet ($3) returned to Pandakey
Pandakey collected $6 from pot
Pandakey: doesn't show hand
*** SUMMARY ***
Total pot $6 | Rake $0
Seat 1: xcrexisx (big blind) folded before Flop
Seat 2: Pandakey (button) (small blind) collected ($6)


PokerStars Hand #144437852524:  Hold'em Limit ($3/$6 USD) - 2015/11/26 19:55:17 ET
Table 'Bengt' 2-max Seat #1 is the button
Seat 1: xcrexisx ($159.16 in chips)
Seat 2: Pandakey ($88.40 in chips)
xcrexisx: posts small blind $1
Pandakey: posts big blind $3
*** HOLE CARDS ***
xcrexisx: raises $3 to $6
Pandakey: calls $3
*** FLOP *** [Ks 4d Jd]
Pandakey: checks
xcrexisx: bets $3
Pandakey: raises $3 to $6
xcrexisx: calls $3
*** TURN *** [Ks 4d Jd] [5c]
Pandakey: bets $6
xcrexisx: calls $6
*** RIVER *** [Ks 4d Jd 5c] [Th]
Pandakey: bets $6
xcrexisx: raises $6 to $12
Pandakey: folds
Uncalled bet ($6) returned to xcrexisx
xcrexisx collected $47.50 from pot
xcrexisx: doesn't show hand
*** SUMMARY ***
Total pot $48 | Rake $0.50
Board [Ks 4d Jd 5c Th]
Seat 1: xcrexisx (button) (small blind) collected ($47.50)
Seat 2: Pandakey (big blind) folded on the River


PokerStars Hand #144437862481:  Hold'em Limit ($3/$6 USD) - 2015/11/26 19:55:40 ET
Table 'Bengt' 2-max Seat #1 is the button
Seat 1: xcrexisx ($179.66 in chips)
Seat 2: Pandakey ($67.40 in chips)
xcrexisx: posts small blind $1
Pandakey: posts big blind $3
*** HOLE CARDS ***
xcrexisx: raises $3 to $6
Pandakey: calls $3
*** FLOP *** [As 5s 5d]
Pandakey: checks
xcrexisx: bets $3
Pandakey: calls $3
*** TURN *** [As 5s 5d] [Jh]
Pandakey: checks
xcrexisx: checks
*** RIVER *** [As 5s 5d Jh] [Jd]
Pandakey: bets $6
xcrexisx: calls $6
*** SHOW DOWN ***
Pandakey: shows [8s Kc] (two pair, Jacks and Fives)
xcrexisx: shows [Tc Ts] (two pair, Jacks and Tens)
xcrexisx collected $29.50 from pot
*** SUMMARY ***
Total pot $30 | Rake $0.50
Board [As 5s 5d Jh Jd]
Seat 1: xcrexisx (button) (small blind) showed [Tc Ts] and won ($29.50) with two pair, Jacks and Tens
Seat 2: Pandakey (big blind) showed [8s Kc] and lost with two pair, Jacks and Fives


PokerStars Hand #144437867911:  Hold'em Limit ($3/$6 USD) - 2015/11/26 19:55:53 ET
Table 'Bengt' 2-max Seat #2 is the button
Seat 1: xcrexisx ($194.16 in chips)
Seat 2: Pandakey ($52.40 in chips)
Pandakey: posts small blind $1
xcrexisx: posts big blind $3
*** HOLE CARDS ***
Pandakey: raises $3 to $6
xcrexisx: calls $3
*** FLOP *** [3c Ah Kh]
xcrexisx: checks
Pandakey: bets $3
xcrexisx: calls $3
*** TURN *** [3c Ah Kh] [Js]
xcrexisx: checks
Pandakey: bets $6
xcrexisx: calls $6
*** RIVER *** [3c Ah Kh Js] [8d]
xcrexisx: checks
Pandakey: checks
*** SHOW DOWN ***
xcrexisx: shows [5h Ks] (a pair of Kings)
Pandakey: mucks hand
xcrexisx collected $29.50 from pot
*** SUMMARY ***
Total pot $30 | Rake $0.50
Board [3c Ah Kh Js 8d]
Seat 1: xcrexisx (big blind) showed [5h Ks] and won ($29.50) with a pair of Kings
Seat 2: Pandakey (button) (small blind) mucked


PokerStars Hand #144437875815:  Hold'em Limit ($3/$6 USD) - 2015/11/26 19:56:11 ET
Table 'Bengt' 2-max Seat #1 is the button
Seat 1: xcrexisx ($208.66 in chips)
Seat 2: Pandakey ($37.40 in chips)
xcrexisx: posts small blind $1
Pandakey: posts big blind $3
*** HOLE CARDS ***
xcrexisx: raises $3 to $6
Pandakey: calls $3
*** FLOP *** [Ac 7s Th]
Pandakey: checks
xcrexisx: bets $3
Pandakey: calls $3
*** TURN *** [Ac 7s Th] [Ah]
Pandakey: checks
xcrexisx: bets $6
Pandakey: calls $6
*** RIVER *** [Ac 7s Th Ah] [2h]
Pandakey: bets $6
xcrexisx: calls $6
*** SHOW DOWN ***
Pandakey: shows [Jh 7h] (a flush, Ace high)
xcrexisx: mucks hand
Pandakey collected $41.50 from pot
*** SUMMARY ***
Total pot $42 | Rake $0.50
Board [Ac 7s Th Ah 2h]
Seat 1: xcrexisx (button) (small blind) mucked
Seat 2: Pandakey (big blind) showed [Jh 7h] and won ($41.50) with a flush, Ace high


PokerStars Hand #144437887614:  Hold'em Limit ($3/$6 USD) - 2015/11/26 19:56:38 ET
Table 'Bengt' 2-max Seat #1 is the button
Seat 1: xcrexisx ($196.30 in chips)
Seat 2: Pandakey ($48.90 in chips)
xcrexisx: posts small blind $1
Pandakey: posts big blind $3
*** HOLE CARDS ***
xcrexisx: raises $3 to $6
Pandakey: calls $3
*** FLOP *** [Ad 2c 7s]
Pandakey: checks
xcrexisx: checks
*** TURN *** [Ad 2c 7s] [Js]
Pandakey: checks
xcrexisx: checks
*** RIVER *** [Ad 2c 7s Js] [4c]
Pandakey: checks
xcrexisx: checks
*** SHOW DOWN ***
Pandakey: shows [3s Ks] (high card Ace)
xcrexisx: mucks hand
Pandakey collected $11.76 from pot
*** SUMMARY ***
Total pot $12 | Rake $0.24
Board [Ad 2c 7s Js 4c]
Seat 1: xcrexisx (button) (small blind) mucked
Seat 2: Pandakey (big blind) showed [3s Ks] and won ($11.76) with high card Ace


PokerStars Hand #144437894792:  Hold'em Limit ($3/$6 USD) - 2015/11/26 19:56:54 ET
Table 'Bengt' 2-max Seat #2 is the button
Seat 1: xcrexisx ($190.30 in chips)
Seat 2: Pandakey ($54.66 in chips)
Pandakey: posts small blind $1
xcrexisx: posts big blind $3
*** HOLE CARDS ***
Pandakey: raises $3 to $6
xcrexisx: calls $3
*** FLOP *** [6h Kc Qh]
xcrexisx: checks
Pandakey: bets $3
xcrexisx: calls $3
*** TURN *** [6h Kc Qh] [4h]
xcrexisx: checks
Pandakey: bets $6
xcrexisx: calls $6
*** RIVER *** [6h Kc Qh 4h] [Ah]
xcrexisx: checks
Pandakey: bets $6
xcrexisx: calls $6
*** SHOW DOWN ***
Pandakey: shows [Qc Jh] (a flush, Ace high)
xcrexisx: mucks hand
Pandakey collected $41.50 from pot
*** SUMMARY ***
Total pot $42 | Rake $0.50
Board [6h Kc Qh 4h Ah]
Seat 1: xcrexisx (big blind) mucked
Seat 2: Pandakey (button) (small blind) showed [Qc Jh] and won ($41.50) with a flush, Ace high


PokerStars Hand #144437904078:  Hold'em Limit ($3/$6 USD) - 2015/11/26 19:57:15 ET
Table 'Bengt' 2-max Seat #1 is the button
Seat 1: xcrexisx ($169.30 in chips)
Seat 2: Pandakey ($75.16 in chips)
xcrexisx: posts small blind $1
Pandakey: posts big blind $3
*** HOLE CARDS ***
xcrexisx: raises $3 to $6
Pandakey: folds
Uncalled bet ($3) returned to xcrexisx
xcrexisx collected $6 from pot
xcrexisx: doesn't show hand
*** SUMMARY ***
Total pot $6 | Rake $0
Seat 1: xcrexisx (button) (small blind) collected ($6)
Seat 2: Pandakey (big blind) folded before Flop


PokerStars Hand #144437884019:  Hold'em Limit ($3/$6 USD) - 2015/11/26 19:56:30 ET
Table 'Bengt' 2-max Seat #2 is the button
Seat 1: xcrexisx ($187.66 in chips)
Seat 2: Pandakey ($57.90 in chips)
Pandakey: posts small blind $1
xcrexisx: posts big blind $3
*** HOLE CARDS ***
Pandakey: raises $3 to $6
xcrexisx: raises $3 to $9
Pandakey: calls $3
*** FLOP *** [Kh Jh 2d]
xcrexisx: bets $3
Pandakey: folds
Uncalled bet ($3) returned to xcrexisx
xcrexisx collected $17.64 from pot
xcrexisx: doesn't show hand
*** SUMMARY ***
Total pot $18 | Rake $0.36
Board [Kh Jh 2d]
Seat 1: xcrexisx (big blind) collected ($17.64)
Seat 2: Pandakey (button) (small blind) folded on the Flop


PokerStars Hand #144437914469:  Hold'em Limit ($3/$6 USD) - 2015/11/26 19:57:39 ET
Table 'Bengt' 2-max Seat #1 is the button
Seat 1: xcrexisx ($183.82 in chips)
Seat 2: Pandakey ($60.16 in chips)
xcrexisx: posts small blind $1
Pandakey: posts big blind $3
*** HOLE CARDS ***
xcrexisx: raises $3 to $6
Pandakey: raises $3 to $9
xcrexisx: calls $3
*** FLOP *** [3h Th 2c]
Pandakey: bets $3
xcrexisx: calls $3
*** TURN *** [3h Th 2c] [9c]
Pandakey: bets $6
xcrexisx: raises $6 to $12
Pandakey: calls $6
*** RIVER *** [3h Th 2c 9c] [8c]
Pandakey: checks
xcrexisx: bets $6
Pandakey: calls $6
*** SHOW DOWN ***
xcrexisx: shows [Qd Qh] (a pair of Queens)
Pandakey: mucks hand
xcrexisx collected $59.50 from pot
*** SUMMARY ***
Total pot $60 | Rake $0.50
Board [3h Th 2c 9c 8c]
Seat 1: xcrexisx (button) (small blind) showed [Qd Qh] and won ($59.50) with a pair of Queens
Seat 2: Pandakey (big blind) mucked


PokerStars Hand #144437922578:  Hold'em Limit ($3/$6 USD) - 2015/11/26 19:57:57 ET
Table 'Bengt' 2-max Seat #2 is the button
Seat 1: xcrexisx ($213.32 in chips)
Seat 2: Pandakey ($30.16 in chips)
Pandakey: posts small blind $1
xcrexisx: posts big blind $3
*** HOLE CARDS ***
Pandakey: raises $3 to $6
xcrexisx: calls $3
*** FLOP *** [3h Ks 4s]
xcrexisx: checks
Pandakey: bets $3
xcrexisx: raises $3 to $6
Pandakey: calls $3
*** TURN *** [3h Ks 4s] [6c]
xcrexisx: bets $6
Pandakey: raises $6 to $12
xcrexisx: raises $6 to $18
Pandakey: calls $6
*** RIVER *** [3h Ks 4s 6c] [9c]
xcrexisx: bets $6
Pandakey: calls $0.16 and is all-in
Uncalled bet ($5.84) returned to xcrexisx
*** SHOW DOWN ***
xcrexisx: shows [5s Js] (high card King)
Pandakey: shows [Kc 8c] (a pair of Kings)
Pandakey collected $59.82 from pot
*** SUMMARY ***
Total pot $60.32 | Rake $0.50
Board [3h Ks 4s 6c 9c]
Seat 1: xcrexisx (big blind) showed [5s Js] and lost with high card King
Seat 2: Pandakey (button) (small blind) showed [Kc 8c] and won ($59.82) with a pair of Kings


PokerStars Hand #144437906833:  Hold'em Limit ($3/$6 USD) - 2015/11/26 19:57:21 ET
Table 'Bengt' 2-max Seat #2 is the button
Seat 1: xcrexisx ($172.30 in chips)
Seat 2: Pandakey ($72.16 in chips)
Pandakey: posts small blind $1
xcrexisx: posts big blind $3
*** HOLE CARDS ***
Pandakey: raises $3 to $6
xcrexisx: calls $3
*** FLOP *** [9d 7c Jh]
xcrexisx: checks
Pandakey: checks
*** TURN *** [9d 7c Jh] [4d]
xcrexisx: checks
Pandakey: bets $6
xcrexisx: calls $6
*** RIVER *** [9d 7c Jh 4d] [5s]
xcrexisx: bets $6
Pandakey: folds
Uncalled bet ($6) returned to xcrexisx
xcrexisx collected $23.52 from pot
xcrexisx: doesn't show hand
*** SUMMARY ***
Total pot $24 | Rake $0.48
Board [9d 7c Jh 4d 5s]
Seat 1: xcrexisx (big blind) collected ($23.52)
Seat 2: Pandakey (button) (small blind) folded on the River


PokerStars Hand #144437932017:  Hold'em Limit ($3/$6 USD) - 2015/11/26 19:58:18 ET
Table 'Bengt' 2-max Seat #1 is the button
Seat 1: xcrexisx ($183.16 in chips)
Seat 2: Pandakey ($59.82 in chips)
xcrexisx: posts small blind $1
Pandakey: posts big blind $3
*** HOLE CARDS ***
xcrexisx: raises $3 to $6
Pandakey: calls $3
*** FLOP *** [6d Kd 3h]
Pandakey: checks
xcrexisx: bets $3
Pandakey: raises $3 to $6
xcrexisx: calls $3
*** TURN *** [6d Kd 3h] [Kc]
Pandakey: bets $6
xcrexisx: calls $6
*** RIVER *** [6d Kd 3h Kc] [9h]
Pandakey: bets $6
xcrexisx: calls $6
*** SHOW DOWN ***
Pandakey: shows [6c Jd] (two pair, Kings and Sixes)
xcrexisx: mucks hand
Pandakey collected $47.50 from pot
*** SUMMARY ***
Total pot $48 | Rake $0.50
Board [6d Kd 3h Kc 9h]
Seat 1: xcrexisx (button) (small blind) mucked
Seat 2: Pandakey (big blind) showed [6c Jd] and won ($47.50) with two pair, Kings and Sixes


PokerStars Hand #144437939627:  Hold'em Limit ($3/$6 USD) - 2015/11/26 19:58:35 ET
Table 'Bengt' 2-max Seat #2 is the button
Seat 1: xcrexisx ($159.16 in chips)
Seat 2: Pandakey ($83.32 in chips)
Pandakey: posts small blind $1
xcrexisx: posts big blind $3
*** HOLE CARDS ***
Pandakey: raises $3 to $6
xcrexisx: calls $3
*** FLOP *** [5d Ac 2d]
xcrexisx: checks
Pandakey: bets $3
xcrexisx: folds
Uncalled bet ($3) returned to Pandakey
Pandakey collected $11.76 from pot
Pandakey: doesn't show hand
*** SUMMARY ***
Total pot $12 | Rake $0.24
Board [5d Ac 2d]
Seat 1: xcrexisx (big blind) folded on the Flop
Seat 2: Pandakey (button) (small blind) collected ($11.76)


PokerStars Hand #144437943246:  Hold'em Limit ($3/$6 USD) - 2015/11/26 19:58:44 ET
Table 'Bengt' 2-max Seat #1 is the button
Seat 1: xcrexisx ($153.16 in chips)
Seat 2: Pandakey ($89.08 in chips)
xcrexisx: posts small blind $1
Pandakey: posts big blind $3
*** HOLE CARDS ***
xcrexisx: raises $3 to $6
Pandakey: calls $3
*** FLOP *** [Jc 2s 3s]
Pandakey: checks
xcrexisx: bets $3
Pandakey: calls $3
*** TURN *** [Jc 2s 3s] [Ad]
Pandakey: checks
xcrexisx: bets $6
Pandakey: raises $6 to $12
xcrexisx: folds
Uncalled bet ($6) returned to Pandakey
Pandakey collected $29.50 from pot
Pandakey: doesn't show hand
*** SUMMARY ***
Total pot $30 | Rake $0.50
Board [Jc 2s 3s Ad]
Seat 1: xcrexisx (button) (small blind) folded on the Turn
Seat 2: Pandakey (big blind) collected ($29.50)


PokerStars Hand #144437948989:  Hold'em Limit ($3/$6 USD) - 2015/11/26 19:58:57 ET
Table 'Bengt' 2-max Seat #2 is the button
Seat 1: xcrexisx ($138.16 in chips)
Seat 2: Pandakey ($103.58 in chips)
Pandakey: posts small blind $1
xcrexisx: posts big blind $3
*** HOLE CARDS ***
Pandakey: raises $3 to $6
xcrexisx: folds
Uncalled bet ($3) returned to Pandakey
Pandakey collected $6 from pot
Pandakey: doesn't show hand
*** SUMMARY ***
Total pot $6 | Rake $0
Seat 1: xcrexisx (big blind) folded before Flop
Seat 2: Pandakey (button) (small blind) collected ($6)


PokerStars Hand #144437959442:  Hold'em Limit ($3/$6 USD) - 2015/11/26 19:59:20 ET
Table 'Bengt' 2-max Seat #2 is the button
Seat 1: xcrexisx ($149.66 in chips)
Seat 2: Pandakey ($91.58 in chips)
Pandakey: posts small blind $1
xcrexisx: posts big blind $3
*** HOLE CARDS ***
Pandakey: raises $3 to $6
xcrexisx: folds
Uncalled bet ($3) returned to Pandakey
Pandakey collected $6 from pot
Pandakey: doesn't show hand
*** SUMMARY ***
Total pot $6 | Rake $0
Seat 1: xcrexisx (big blind) folded before Flop
Seat 2: Pandakey (button) (small blind) collected ($6)


PokerStars Hand #144437974097:  Hold'em Limit ($3/$6 USD) - 2015/11/26 19:59:54 ET
Table 'Bengt' 2-max Seat #2 is the button
Seat 1: xcrexisx ($171.16 in chips)
Seat 2: Pandakey ($69.58 in chips)
Pandakey: posts small blind $1
xcrexisx: posts big blind $3
*** HOLE CARDS ***
Pandakey: folds
Uncalled bet ($2) returned to xcrexisx
xcrexisx collected $2 from pot
xcrexisx: doesn't show hand
*** SUMMARY ***
Total pot $2 | Rake $0
Seat 1: xcrexisx (big blind) collected ($2)
Seat 2: Pandakey (button) (small blind) folded before Flop


PokerStars Hand #144437981394:  Hold'em Limit ($3/$6 USD) - 2015/11/26 20:00:09 ET
Table 'Bengt' 2-max Seat #2 is the button
Seat 1: xcrexisx ($163.16 in chips)
Seat 2: Pandakey ($77.22 in chips)
Pandakey: posts small blind $1
xcrexisx: posts big blind $3
*** HOLE CARDS ***
Pandakey: folds
Uncalled bet ($2) returned to xcrexisx
xcrexisx collected $2 from pot
xcrexisx: doesn't show hand
*** SUMMARY ***
Total pot $2 | Rake $0
Seat 1: xcrexisx (big blind) collected ($2)
Seat 2: Pandakey (button) (small blind) folded before Flop


PokerStars Hand #144437976027:  Hold'em Limit ($3/$6 USD) - 2015/11/26 19:59:58 ET
Table 'Bengt' 2-max Seat #1 is the button
Seat 1: xcrexisx ($172.16 in chips)
Seat 2: Pandakey ($68.58 in chips)
xcrexisx: posts small blind $1
Pandakey: posts big blind $3
*** HOLE CARDS ***
xcrexisx: raises $3 to $6
Pandakey: calls $3
*** FLOP *** [Qd 6s 3d]
Pandakey: bets $3
xcrexisx: calls $3
*** TURN *** [Qd 6s 3d] [8c]
Pandakey: bets $6
xcrexisx: folds
Uncalled bet ($6) returned to Pandakey
Pandakey collected $17.64 from pot
Pandakey: doesn't show hand
*** SUMMARY ***
Total pot $18 | Rake $0.36
Board [Qd 6s 3d 8c]
Seat 1: xcrexisx (button) (small blind) folded on the Turn
Seat 2: Pandakey (big blind) collected ($17.64)


PokerStars Hand #144437983293:  Hold'em Limit ($3/$6 USD) - 2015/11/26 20:00:14 ET
Table 'Bengt' 2-max Seat #1 is the button
Seat 1: xcrexisx ($164.16 in chips)
Seat 2: Pandakey ($76.22 in chips)
xcrexisx: posts small blind $1
Pandakey: posts big blind $3
*** HOLE CARDS ***
xcrexisx: raises $3 to $6
Pandakey: calls $3
*** FLOP *** [6h 9d Kh]
Pandakey: checks
xcrexisx: bets $3
Pandakey: raises $3 to $6
xcrexisx: calls $3
*** TURN *** [6h 9d Kh] [Js]
Pandakey: bets $6
xcrexisx: calls $6
*** RIVER *** [6h 9d Kh Js] [Jd]
Pandakey: bets $6
xcrexisx: calls $6
*** SHOW DOWN ***
Pandakey: shows [Ts Kd] (two pair, Kings and Jacks)
xcrexisx: mucks hand
Pandakey collected $47.50 from pot
*** SUMMARY ***
Total pot $48 | Rake $0.50
Board [6h 9d Kh Js Jd]
Seat 1: xcrexisx (button) (small blind) mucked
Seat 2: Pandakey (big blind) showed [Ts Kd] and won ($47.50) with two pair, Kings and Jacks


PokerStars Hand #144437972096:  Hold'em Limit ($3/$6 USD) - 2015/11/26 19:59:49 ET
Table 'Bengt' 2-max Seat #1 is the button
Seat 1: xcrexisx ($168.16 in chips)
Seat 2: Pandakey ($72.58 in chips)
xcrexisx: posts small blind $1
Pandakey: posts big blind $3
*** HOLE CARDS ***
xcrexisx: raises $3 to $6
Pandakey: folds
Uncalled bet ($3) returned to xcrexisx
xcrexisx collected $6 from pot
xcrexisx: doesn't show hand
*** SUMMARY ***
Total pot $6 | Rake $0
Seat 1: xcrexisx (button) (small blind) collected ($6)
Seat 2: Pandakey (big blind) folded before Flop


PokerStars Hand #144437970042:  Hold'em Limit ($3/$6 USD) - 2015/11/26 19:59:44 ET
Table 'Bengt' 2-max Seat #2 is the button
Seat 1: xcrexisx ($167.16 in chips)
Seat 2: Pandakey ($73.58 in chips)
Pandakey: posts small blind $1
xcrexisx: posts big blind $3
*** HOLE CARDS ***
Pandakey: folds
Uncalled bet ($2) returned to xcrexisx
xcrexisx collected $2 from pot
xcrexisx: doesn't show hand
*** SUMMARY ***
Total pot $2 | Rake $0
Seat 1: xcrexisx (big blind) collected ($2)
Seat 2: Pandakey (button) (small blind) folded before Flop


PokerStars Hand #144438006176:  Hold'em Limit ($3/$6 USD) - 2015/11/26 20:01:01 ET
Table 'Bengt' 2-max Seat #1 is the button
Seat 1: xcrexisx ($136.68 in chips)
Seat 2: Pandakey ($102.24 in chips)
xcrexisx: posts small blind $1
Pandakey: posts big blind $3
*** HOLE CARDS ***
xcrexisx: raises $3 to $6
Pandakey: calls $3
*** FLOP *** [2c 5c 5h]
Pandakey: checks
xcrexisx: bets $3
Pandakey: calls $3
*** TURN *** [2c 5c 5h] [Qs]
Pandakey: checks
xcrexisx: bets $6
Pandakey: calls $6
*** RIVER *** [2c 5c 5h Qs] [3s]
Pandakey: checks
xcrexisx: bets $6
Pandakey: calls $6
*** SHOW DOWN ***
xcrexisx: shows [Qc 3h] (two pair, Queens and Fives)
Pandakey: mucks hand
xcrexisx collected $41.50 from pot
*** SUMMARY ***
Total pot $42 | Rake $0.50
Board [2c 5c 5h Qs 3s]
Seat 1: xcrexisx (button) (small blind) showed [Qc 3h] and won ($41.50) with two pair, Queens and Fives
Seat 2: Pandakey (big blind) mucked


PokerStars Hand #144437998349:  Hold'em Limit ($3/$6 USD) - 2015/11/26 20:00:46 ET
Table 'Bengt' 2-max Seat #1 is the button
Seat 1: xcrexisx ($151.68 in chips)
Seat 2: Pandakey ($87.72 in chips)
xcrexisx: posts small blind $1
Pandakey: posts big blind $3
*** HOLE CARDS ***
xcrexisx: raises $3 to $6
Pandakey: raises $3 to $9
xcrexisx: calls $3
*** FLOP *** [Ts 9s 7c]
Pandakey: bets $3
xcrexisx: calls $3
*** TURN *** [Ts 9s 7c] [7h]
Pandakey: bets $6
xcrexisx: folds
Uncalled bet ($6) returned to Pandakey
Pandakey collected $23.52 from pot
Pandakey: doesn't show hand
*** SUMMARY ***
Total pot $24 | Rake $0.48
Board [Ts 9s 7c 7h]
Seat 1: xcrexisx (button) (small blind) folded on the Turn
Seat 2: Pandakey (big blind) collected ($23.52)


PokerStars Hand #144437993297:  Hold'em Limit ($3/$6 USD) - 2015/11/26 20:00:35 ET
Table 'Bengt' 2-max Seat #2 is the button
Seat 1: xcrexisx ($140.16 in chips)
Seat 2: Pandakey ($99.72 in chips)
Pandakey: posts small blind $1
xcrexisx: posts big blind $3
*** HOLE CARDS ***
Pandakey: raises $3 to $6
xcrexisx: raises $3 to $9
Pandakey: calls $3
*** FLOP *** [4s Qd 2h]
xcrexisx: bets $3
Pandakey: calls $3
*** TURN *** [4s Qd 2h] [Qs]
xcrexisx: bets $6
Pandakey: folds
Uncalled bet ($6) returned to xcrexisx
xcrexisx collected $23.52 from pot
xcrexisx: doesn't show hand
*** SUMMARY ***
Total pot $24 | Rake $0.48
Board [4s Qd 2h Qs]
Seat 1: xcrexisx (big blind) collected ($23.52)
Seat 2: Pandakey (button) (small blind) folded on the Turn


PokerStars Hand #144438017938:  Hold'em Limit ($3/$6 USD) - 2015/11/26 20:01:25 ET
Table 'Bengt' 2-max Seat #1 is the button
Seat 1: xcrexisx ($151.18 in chips)
Seat 2: Pandakey ($87 in chips)
xcrexisx: posts small blind $1
Pandakey: posts big blind $3
*** HOLE CARDS ***
xcrexisx: raises $3 to $6
Pandakey: calls $3
*** FLOP *** [6c 8s 4c]
Pandakey: checks
xcrexisx: checks
*** TURN *** [6c 8s 4c] [2s]
Pandakey: bets $6
xcrexisx: folds
Uncalled bet ($6) returned to Pandakey
Pandakey collected $11.76 from pot
Pandakey: doesn't show hand
*** SUMMARY ***
Total pot $12 | Rake $0.24
Board [6c 8s 4c 2s]
Seat 1: xcrexisx (button) (small blind) folded on the Turn
Seat 2: Pandakey (big blind) collected ($11.76)


PokerStars Hand #144438013305:  Hold'em Limit ($3/$6 USD) - 2015/11/26 20:01:16 ET
Table 'Bengt' 2-max Seat #2 is the button
Seat 1: xcrexisx ($157.18 in chips)
Seat 2: Pandakey ($81.24 in chips)
Pandakey: posts small blind $1
xcrexisx: posts big blind $3
*** HOLE CARDS ***
Pandakey: raises $3 to $6
xcrexisx: calls $3
*** FLOP *** [7h Ah Tc]
xcrexisx: checks
Pandakey: bets $3
xcrexisx: folds
Uncalled bet ($3) returned to Pandakey
Pandakey collected $11.76 from pot
Pandakey: doesn't show hand
*** SUMMARY ***
Total pot $12 | Rake $0.24
Board [7h Ah Tc]
Seat 1: xcrexisx (big blind) folded on the Flop
Seat 2: Pandakey (button) (small blind) collected ($11.76)


PokerStars Hand #144438026710:  Hold'em Limit ($3/$6 USD) - 2015/11/26 20:01:41 ET
Table 'Bengt' 2-max Seat #1 is the button
Seat 1: xcrexisx ($142.18 in chips)
Seat 2: Pandakey ($95.76 in chips)
xcrexisx: posts small blind $1
Pandakey: posts big blind $3
*** HOLE CARDS ***
xcrexisx: folds
Uncalled bet ($2) returned to Pandakey
Pandakey collected $2 from pot
Pandakey: doesn't show hand
*** SUMMARY ***
Total pot $2 | Rake $0
Seat 1: xcrexisx (button) (small blind) folded before Flop
Seat 2: Pandakey (big blind) collected ($2)


PokerStars Hand #144438028543:  Hold'em Limit ($3/$6 USD) - 2015/11/26 20:01:45 ET
Table 'Bengt' 2-max Seat #2 is the button
Seat 1: xcrexisx ($141.18 in chips)
Seat 2: Pandakey ($96.76 in chips)
Pandakey: posts small blind $1
xcrexisx: posts big blind $3
*** HOLE CARDS ***
Pandakey: raises $3 to $6
xcrexisx: raises $3 to $9
Pandakey: calls $3
*** FLOP *** [As 2h Qc]
xcrexisx: bets $3
Pandakey: calls $3
*** TURN *** [As 2h Qc] [5h]
xcrexisx: bets $6
Pandakey: raises $6 to $12
xcrexisx: calls $6
*** RIVER *** [As 2h Qc 5h] [4d]
xcrexisx: checks
Pandakey: bets $6
xcrexisx: calls $6
*** SHOW DOWN ***
Pandakey: shows [Ah 9s] (a pair of Aces)
xcrexisx: mucks hand
Pandakey collected $59.50 from pot
*** SUMMARY ***
Total pot $60 | Rake $0.50
Board [As 2h Qc 5h 4d]
Seat 1: xcrexisx (big blind) mucked
Seat 2: Pandakey (button) (small blind) showed [Ah 9s] and won ($59.50) with a pair of Aces


PokerStars Hand #144438036863:  Hold'em Limit ($3/$6 USD) - 2015/11/26 20:02:01 ET
Table 'Bengt' 2-max Seat #1 is the button
Seat 1: xcrexisx ($111.18 in chips)
Seat 2: Pandakey ($126.26 in chips)
xcrexisx: posts small blind $1
Pandakey: posts big blind $3
*** HOLE CARDS ***
xcrexisx: raises $3 to $6
Pandakey: raises $3 to $9
xcrexisx: calls $3
*** FLOP *** [4d Ac 6c]
Pandakey: bets $3
xcrexisx: folds
Uncalled bet ($3) returned to Pandakey
xcrexisx leaves the table
Pandakey collected $17.64 from pot
Pandakey: doesn't show hand
*** SUMMARY ***
Total pot $18 | Rake $0.36
Board [4d Ac 6c]
Seat 1: xcrexisx (button) (small blind) folded on the Flop
Seat 2: Pandakey (big blind) collected ($17.64)


