PokerStars Hand #162842903413:  Hold'em Limit ($3/$6 USD) - 2016/12/12 15:31:31 ET
Table 'Benkoela II' 10-max Seat #1 is the button
Seat 1: sabrina2420 ($90.50 in chips)
Seat 10: MTails ($147.54 in chips)
sabrina2420: posts small blind $1
MTails: posts big blind $3
*** HOLE CARDS ***
sabrina2420: calls $2
MTails: raises $3 to $6
sabrina2420: calls $3
*** FLOP *** [Jh Ts 8d]
MTails: bets $3
sabrina2420: calls $3
*** TURN *** [Jh Ts 8d] [As]
MTails: bets $6
sabrina2420: calls $6
*** RIVER *** [Jh Ts 8d As] [Ac]
MTails: checks
sabrina2420: checks
*** SHOW DOWN ***
MTails: shows [Kd 2d] (a pair of Aces)
sabrina2420: shows [9c Kc] (a pair of Aces)
MTails collected $14.75 from pot
sabrina2420 collected $14.75 from pot
*** SUMMARY ***
Total pot $30 | Rake $0.50
Board [Jh Ts 8d As Ac]
Seat 1: sabrina2420 (button) (small blind) showed [9c Kc] and won ($14.75) with a pair of Aces
Seat 10: MTails (big blind) showed [Kd 2d] and won ($14.75) with a pair of Aces


PokerStars Hand #162842887376:  Hold'em Limit ($3/$6 USD) - 2016/12/12 15:31:16 ET
Table 'Benkoela II' 10-max Seat #10 is the button
Seat 1: sabrina2420 ($76 in chips)
Seat 10: MTails ($162.54 in chips)
MTails: posts small blind $1
sabrina2420: posts big blind $3
*** HOLE CARDS ***
MTails: raises $3 to $6
sabrina2420: calls $3
*** FLOP *** [Jd 5d 6h]
sabrina2420: checks
MTails: bets $3
sabrina2420: calls $3
*** TURN *** [Jd 5d 6h] [5c]
sabrina2420: checks
MTails: bets $6
sabrina2420: raises $6 to $12
MTails: folds
Uncalled bet ($6) returned to sabrina2420
sabrina2420 collected $29.50 from pot
sabrina2420: doesn't show hand
*** SUMMARY ***
Total pot $30 | Rake $0.50
Board [Jd 5d 6h 5c]
Seat 1: sabrina2420 (big blind) collected ($29.50)
Seat 10: MTails (button) (small blind) folded on the Turn


PokerStars Hand #162842864962:  Hold'em Limit ($3/$6 USD) - 2016/12/12 15:30:54 ET
Table 'Benkoela II' 10-max Seat #1 is the button
Seat 1: sabrina2420 ($91 in chips)
Seat 10: MTails ($148.04 in chips)
sabrina2420: posts small blind $1
MTails: posts big blind $3
*** HOLE CARDS ***
sabrina2420: raises $3 to $6
MTails: calls $3
*** FLOP *** [Ac 8d Kc]
MTails: checks
sabrina2420: bets $3
MTails: calls $3
*** TURN *** [Ac 8d Kc] [Jd]
MTails: checks
sabrina2420: checks
*** RIVER *** [Ac 8d Kc Jd] [4s]
MTails: checks
sabrina2420: bets $6
MTails: calls $6
*** SHOW DOWN ***
sabrina2420: shows [Tc 9c] (high card Ace)
MTails: shows [Qs 9d] (high card Ace - King+Queen kicker)
MTails collected $29.50 from pot
*** SUMMARY ***
Total pot $30 | Rake $0.50
Board [Ac 8d Kc Jd 4s]
Seat 1: sabrina2420 (button) (small blind) showed [Tc 9c] and lost with high card Ace
Seat 10: MTails (big blind) showed [Qs 9d] and won ($29.50) with high card Ace


PokerStars Hand #162842968424:  Hold'em Limit ($3/$6 USD) - 2016/12/12 15:32:34 ET
Table 'Benkoela II' 10-max Seat #2 is the button
Seat 1: sabrina2420 ($58.25 in chips)
Seat 2: Apanage ($105.50 in chips)
Apanage: posts small blind $1
sabrina2420: posts big blind $3
*** HOLE CARDS ***
Apanage: raises $3 to $6
sabrina2420: calls $3
*** FLOP *** [5h 8s 5d]
sabrina2420: checks
Apanage: bets $3
sabrina2420: calls $3
*** TURN *** [5h 8s 5d] [As]
sabrina2420: checks
Apanage: checks
*** RIVER *** [5h 8s 5d As] [Js]
sabrina2420: bets $6
Apanage: calls $6
*** SHOW DOWN ***
sabrina2420: shows [6c 3h] (a pair of Fives)
Apanage: shows [Kh Qd] (a pair of Fives - Ace+King kicker)
Apanage collected $29.50 from pot
*** SUMMARY ***
Total pot $30 | Rake $0.50
Board [5h 8s 5d As Js]
Seat 1: sabrina2420 (big blind) showed [6c 3h] and lost with a pair of Fives
Seat 2: Apanage (button) (small blind) showed [Kh Qd] and won ($29.50) with a pair of Fives


PokerStars Hand #162842963674:  Hold'em Limit ($3/$6 USD) - 2016/12/12 15:32:30 ET
Table 'Benkoela II' 10-max Seat #1 is the button
Seat 1: sabrina2420 ($59.25 in chips)
Seat 2: Apanage ($104.50 in chips)
sabrina2420: posts small blind $1
Apanage: posts big blind $3
*** HOLE CARDS ***
sabrina2420: folds
Uncalled bet ($2) returned to Apanage
Apanage collected $2 from pot
Apanage: doesn't show hand
*** SUMMARY ***
Total pot $2 | Rake $0
Seat 1: sabrina2420 (button) (small blind) folded before Flop
Seat 2: Apanage (big blind) collected ($2)


PokerStars Hand #162842938751:  Hold'em Limit ($3/$6 USD) - 2016/12/12 15:32:05 ET
Table 'Benkoela II' 10-max Seat #2 is the button
Seat 1: sabrina2420 ($83.25 in chips)
Seat 2: Apanage ($81 in chips)
Apanage: posts small blind $1
MTails: is sitting out
sabrina2420: posts big blind $3
*** HOLE CARDS ***
Apanage: raises $3 to $6
sabrina2420: raises $3 to $9
Apanage: calls $3
*** FLOP *** [7s Qh 7c]
sabrina2420: bets $3
Apanage: calls $3
*** TURN *** [7s Qh 7c] [Ad]
sabrina2420: checks
Apanage: bets $6
sabrina2420: calls $6
*** RIVER *** [7s Qh 7c Ad] [9h]
sabrina2420: checks
Apanage: bets $6
sabrina2420: calls $6
*** SHOW DOWN ***
Apanage: shows [Kc 7h] (three of a kind, Sevens)
sabrina2420: mucks hand
Apanage collected $47.50 from pot
*** SUMMARY ***
Total pot $48 | Rake $0.50
Board [7s Qh 7c Ad 9h]
Seat 1: sabrina2420 (big blind) mucked
Seat 2: Apanage (button) (small blind) showed [Kc 7h] and won ($47.50) with three of a kind, Sevens


PokerStars Hand #162842921715:  Hold'em Limit ($3/$6 USD) - 2016/12/12 15:31:49 ET
Table 'Benkoela II' 10-max Seat #10 is the button
Seat 1: sabrina2420 ($90.25 in chips)
Seat 10: MTails ($147.29 in chips)
MTails: posts small blind $1
sabrina2420: posts big blind $3
*** HOLE CARDS ***
MTails: raises $3 to $6
sabrina2420: calls $3
*** FLOP *** [Td 7h 3h]
sabrina2420: checks
MTails: bets $3
Apanage joins the table at seat #2
sabrina2420: folds
Uncalled bet ($3) returned to MTails
MTails collected $11.76 from pot
*** SUMMARY ***
Total pot $12 | Rake $0.24
Board [Td 7h 3h]
Seat 1: sabrina2420 (big blind) folded on the Flop
Seat 10: MTails (button) (small blind) collected ($11.76)


PokerStars Hand #162843034418:  Hold'em Limit ($3/$6 USD) - 2016/12/12 15:33:38 ET
Table 'Benkoela II' 10-max Seat #1 is the button
Seat 1: sabrina2420 ($18.25 in chips)
Seat 2: Apanage ($144.50 in chips)
sabrina2420: posts small blind $1
Apanage: posts big blind $3
*** HOLE CARDS ***
sabrina2420: raises $3 to $6
Apanage: raises $3 to $9
sabrina2420: calls $3
*** FLOP *** [9h 6h 2d]
Apanage: bets $3
sabrina2420: calls $3
*** TURN *** [9h 6h 2d] [6s]
Apanage: bets $6
sabrina2420: raises $0.25 to $6.25 and is all-in
Apanage: calls $0.25
*** RIVER *** [9h 6h 2d 6s] [Td]
*** SHOW DOWN ***
Apanage: shows [Kc Ah] (a pair of Sixes)
sabrina2420: shows [Th 8d] (two pair, Tens and Sixes)
sabrina2420 collected $36 from pot
*** SUMMARY ***
Total pot $36.50 | Rake $0.50
Board [9h 6h 2d 6s Td]
Seat 1: sabrina2420 (button) (small blind) showed [Th 8d] and won ($36) with two pair, Tens and Sixes
Seat 2: Apanage (big blind) showed [Kc Ah] and lost with a pair of Sixes


PokerStars Hand #162843028524:  Hold'em Limit ($3/$6 USD) - 2016/12/12 15:33:32 ET
Table 'Benkoela II' 10-max Seat #2 is the button
Seat 1: sabrina2420 ($17.25 in chips)
Seat 2: Apanage ($145.50 in chips)
Apanage: posts small blind $1
sabrina2420: posts big blind $3
*** HOLE CARDS ***
Apanage: folds
Uncalled bet ($2) returned to sabrina2420
sabrina2420 collected $2 from pot
sabrina2420: doesn't show hand
*** SUMMARY ***
Total pot $2 | Rake $0
Seat 1: sabrina2420 (big blind) collected ($2)
Seat 2: Apanage (button) (small blind) folded before Flop


PokerStars Hand #162843023851:  Hold'em Limit ($3/$6 USD) - 2016/12/12 15:33:28 ET
Table 'Benkoela II' 10-max Seat #1 is the button
Seat 1: sabrina2420 ($18.25 in chips)
Seat 2: Apanage ($144.50 in chips)
sabrina2420: posts small blind $1
Apanage: posts big blind $3
*** HOLE CARDS ***
sabrina2420: folds
Uncalled bet ($2) returned to Apanage
Apanage collected $2 from pot
Apanage: doesn't show hand
*** SUMMARY ***
Total pot $2 | Rake $0
Seat 1: sabrina2420 (button) (small blind) folded before Flop
Seat 2: Apanage (big blind) collected ($2)


PokerStars Hand #162842996491:  Hold'em Limit ($3/$6 USD) - 2016/12/12 15:33:01 ET
Table 'Benkoela II' 10-max Seat #2 is the button
Seat 1: sabrina2420 ($42.25 in chips)
Seat 2: Apanage ($121 in chips)
Apanage: posts small blind $1
sabrina2420: posts big blind $3
*** HOLE CARDS ***
Apanage: raises $3 to $6
sabrina2420: raises $3 to $9
Apanage: calls $3
*** FLOP *** [3s 8s 3c]
sabrina2420: checks
Apanage: bets $3
sabrina2420: calls $3
*** TURN *** [3s 8s 3c] [6d]
sabrina2420: checks
Apanage: bets $6
sabrina2420: calls $6
*** RIVER *** [3s 8s 3c 6d] [Js]
sabrina2420: checks
Apanage: bets $6
sabrina2420: calls $6
*** SHOW DOWN ***
Apanage: shows [Kd 8c] (two pair, Eights and Threes)
sabrina2420: mucks hand
Apanage collected $47.50 from pot
*** SUMMARY ***
Total pot $48 | Rake $0.50
Board [3s 8s 3c 6d Js]
Seat 1: sabrina2420 (big blind) mucked
Seat 2: Apanage (button) (small blind) showed [Kd 8c] and won ($47.50) with two pair, Eights and Threes


PokerStars Hand #162842991724:  Hold'em Limit ($3/$6 USD) - 2016/12/12 15:32:57 ET
Table 'Benkoela II' 10-max Seat #1 is the button
Seat 1: sabrina2420 ($43.25 in chips)
Seat 2: Apanage ($120 in chips)
sabrina2420: posts small blind $1
Apanage: posts big blind $3
*** HOLE CARDS ***
sabrina2420: folds
Uncalled bet ($2) returned to Apanage
Apanage collected $2 from pot
Apanage: doesn't show hand
*** SUMMARY ***
Total pot $2 | Rake $0
Seat 1: sabrina2420 (button) (small blind) folded before Flop
Seat 2: Apanage (big blind) collected ($2)


PokerStars Hand #162843052058:  Hold'em Limit ($3/$6 USD) - 2016/12/12 15:33:55 ET
Table 'Benkoela II' 10-max Seat #2 is the button
Seat 1: sabrina2420 ($36 in chips)
Seat 2: Apanage ($126.25 in chips)
Apanage: posts small blind $1
sabrina2420: posts big blind $3
*** HOLE CARDS ***
Apanage: raises $3 to $6
sabrina2420: calls $3
*** FLOP *** [7s 4c Th]
sabrina2420: checks
Apanage: bets $3
sabrina2420: calls $3
*** TURN *** [7s 4c Th] [2s]
sabrina2420: checks
Apanage: bets $6
sabrina2420: calls $6
*** RIVER *** [7s 4c Th 2s] [9s]
sabrina2420: checks
Apanage: bets $6
sabrina2420: raises $6 to $12
Apanage: calls $6
*** SHOW DOWN ***
sabrina2420: shows [8s As] (a flush, Ace high)
Apanage: mucks hand
sabrina2420 collected $53.50 from pot
*** SUMMARY ***
Total pot $54 | Rake $0.50
Board [7s 4c Th 2s 9s]
Seat 1: sabrina2420 (big blind) showed [8s As] and won ($53.50) with a flush, Ace high
Seat 2: Apanage (button) (small blind) mucked


PokerStars Hand #162843166460:  Hold'em Limit ($3/$6 USD) - 2016/12/12 15:35:46 ET
Table 'Benkoela II' 10-max Seat #2 is the button
Seat 1: sabrina2420 ($73 in chips)
Seat 2: Apanage ($87.89 in chips)
Apanage: posts small blind $1
sabrina2420: posts big blind $3
*** HOLE CARDS ***
Apanage: raises $3 to $6
sabrina2420: calls $3
*** FLOP *** [2d Kh 3s]
sabrina2420: checks
Apanage: bets $3
sabrina2420: folds
Uncalled bet ($3) returned to Apanage
Apanage collected $11.76 from pot
Apanage: doesn't show hand
*** SUMMARY ***
Total pot $12 | Rake $0.24
Board [2d Kh 3s]
Seat 1: sabrina2420 (big blind) folded on the Flop
Seat 2: Apanage (button) (small blind) collected ($11.76)


PokerStars Hand #162843158026:  Hold'em Limit ($3/$6 USD) - 2016/12/12 15:35:37 ET
Table 'Benkoela II' 10-max Seat #1 is the button
Seat 1: sabrina2420 ($74 in chips)
Seat 2: Apanage ($86.89 in chips)
sabrina2420: posts small blind $1
Apanage: posts big blind $3
*** HOLE CARDS ***
sabrina2420: folds
Uncalled bet ($2) returned to Apanage
Apanage collected $2 from pot
Apanage: doesn't show hand
*** SUMMARY ***
Total pot $2 | Rake $0
Seat 1: sabrina2420 (button) (small blind) folded before Flop
Seat 2: Apanage (big blind) collected ($2)


PokerStars Hand #162843152888:  Hold'em Limit ($3/$6 USD) - 2016/12/12 15:35:32 ET
Table 'Benkoela II' 10-max Seat #2 is the button
Seat 1: sabrina2420 ($73 in chips)
Seat 2: Apanage ($87.89 in chips)
Apanage: posts small blind $1
sabrina2420: posts big blind $3
*** HOLE CARDS ***
Apanage: folds
Uncalled bet ($2) returned to sabrina2420
sabrina2420 collected $2 from pot
sabrina2420: doesn't show hand
*** SUMMARY ***
Total pot $2 | Rake $0
Seat 1: sabrina2420 (big blind) collected ($2)
Seat 2: Apanage (button) (small blind) folded before Flop


PokerStars Hand #162843139624:  Hold'em Limit ($3/$6 USD) - 2016/12/12 15:35:20 ET
Table 'Benkoela II' 10-max Seat #1 is the button
Seat 1: sabrina2420 ($76 in chips)
Seat 2: Apanage ($85.01 in chips)
sabrina2420: posts small blind $1
Apanage: posts big blind $3
*** HOLE CARDS ***
sabrina2420: calls $2
Apanage: checks
*** FLOP *** [7c 6c 3c]
Apanage: checks
sabrina2420: checks
*** TURN *** [7c 6c 3c] [6h]
Apanage: bets $6
sabrina2420: folds
Uncalled bet ($6) returned to Apanage
Apanage collected $5.88 from pot
Apanage: doesn't show hand
*** SUMMARY ***
Total pot $6 | Rake $0.12
Board [7c 6c 3c 6h]
Seat 1: sabrina2420 (button) (small blind) folded on the Turn
Seat 2: Apanage (big blind) collected ($5.88)


PokerStars Hand #162843119787:  Hold'em Limit ($3/$6 USD) - 2016/12/12 15:35:00 ET
Table 'Benkoela II' 10-max Seat #2 is the button
Seat 1: sabrina2420 ($58.50 in chips)
Seat 2: Apanage ($103.01 in chips)
Apanage: posts small blind $1
sabrina2420: posts big blind $3
*** HOLE CARDS ***
Apanage: raises $3 to $6
sabrina2420: raises $3 to $9
Apanage: calls $3
*** FLOP *** [8c 8s 8h]
sabrina2420: bets $3
Apanage: calls $3
*** TURN *** [8c 8s 8h] [7c]
sabrina2420: bets $6
Apanage: calls $6
*** RIVER *** [8c 8s 8h 7c] [9h]
sabrina2420: bets $6
Apanage: folds
Uncalled bet ($6) returned to sabrina2420
sabrina2420 collected $35.50 from pot
sabrina2420: doesn't show hand
*** SUMMARY ***
Total pot $36 | Rake $0.50
Board [8c 8s 8h 7c 9h]
Seat 1: sabrina2420 (big blind) collected ($35.50)
Seat 2: Apanage (button) (small blind) folded on the River


PokerStars Hand #162843115295:  Hold'em Limit ($3/$6 USD) - 2016/12/12 15:34:56 ET
Table 'Benkoela II' 10-max Seat #1 is the button
Seat 1: sabrina2420 ($59.50 in chips)
Seat 2: Apanage ($102.01 in chips)
sabrina2420: posts small blind $1
Apanage: posts big blind $3
*** HOLE CARDS ***
sabrina2420: folds
Uncalled bet ($2) returned to Apanage
Apanage collected $2 from pot
Apanage: doesn't show hand
*** SUMMARY ***
Total pot $2 | Rake $0
Seat 1: sabrina2420 (button) (small blind) folded before Flop
Seat 2: Apanage (big blind) collected ($2)


PokerStars Hand #162843085671:  Hold'em Limit ($3/$6 USD) - 2016/12/12 15:34:27 ET
Table 'Benkoela II' 10-max Seat #2 is the button
Seat 1: sabrina2420 ($65.50 in chips)
Seat 2: Apanage ($96.25 in chips)
Apanage: posts small blind $1
sabrina2420: posts big blind $3
*** HOLE CARDS ***
Apanage: raises $3 to $6
sabrina2420: calls $3
*** FLOP *** [9h 2c Jh]
sabrina2420: checks
Apanage: bets $3
sabrina2420: folds
Uncalled bet ($3) returned to Apanage
Apanage collected $11.76 from pot
Apanage: doesn't show hand
*** SUMMARY ***
Total pot $12 | Rake $0.24
Board [9h 2c Jh]
Seat 1: sabrina2420 (big blind) folded on the Flop
Seat 2: Apanage (button) (small blind) collected ($11.76)


PokerStars Hand #162843074041:  Hold'em Limit ($3/$6 USD) - 2016/12/12 15:34:16 ET
Table 'Benkoela II' 10-max Seat #1 is the button
Seat 1: sabrina2420 ($62.50 in chips)
Seat 2: Apanage ($99.25 in chips)
sabrina2420: posts small blind $1
Apanage: posts big blind $3
*** HOLE CARDS ***
sabrina2420: raises $3 to $6
Apanage: folds
Uncalled bet ($3) returned to sabrina2420
sabrina2420 collected $6 from pot
sabrina2420: doesn't show hand
*** SUMMARY ***
Total pot $6 | Rake $0
Seat 1: sabrina2420 (button) (small blind) collected ($6)
Seat 2: Apanage (big blind) folded before Flop


PokerStars Hand #162843232573:  Hold'em Limit ($3/$6 USD) - 2016/12/12 15:36:49 ET
Table 'Benkoela II' 10-max Seat #2 is the button
Seat 1: sabrina2420 ($47.75 in chips)
Seat 2: Apanage ($111.90 in chips)
Apanage: posts small blind $1
sabrina2420: posts big blind $3
*** HOLE CARDS ***
Apanage: folds
Uncalled bet ($2) returned to sabrina2420
sabrina2420 collected $2 from pot
sabrina2420: doesn't show hand
*** SUMMARY ***
Total pot $2 | Rake $0
Seat 1: sabrina2420 (big blind) collected ($2)
Seat 2: Apanage (button) (small blind) folded before Flop


PokerStars Hand #162843211269:  Hold'em Limit ($3/$6 USD) - 2016/12/12 15:36:29 ET
Table 'Benkoela II' 10-max Seat #1 is the button
Seat 1: sabrina2420 ($65.75 in chips)
Seat 2: Apanage ($94.40 in chips)
sabrina2420: posts small blind $1
Apanage: posts big blind $3
*** HOLE CARDS ***
sabrina2420: raises $3 to $6
Apanage: raises $3 to $9
sabrina2420: calls $3
*** FLOP *** [Jd 6h 7s]
Apanage: bets $3
sabrina2420: raises $3 to $6
Apanage: raises $3 to $9
sabrina2420: calls $3
*** TURN *** [Jd 6h 7s] [Ah]
Apanage: bets $6
sabrina2420: folds
Uncalled bet ($6) returned to Apanage
Apanage collected $35.50 from pot
Apanage: doesn't show hand
*** SUMMARY ***
Total pot $36 | Rake $0.50
Board [Jd 6h 7s Ah]
Seat 1: sabrina2420 (button) (small blind) folded on the Turn
Seat 2: Apanage (big blind) collected ($35.50)


PokerStars Hand #162843181872:  Hold'em Limit ($3/$6 USD) - 2016/12/12 15:36:01 ET
Table 'Benkoela II' 10-max Seat #2 is the button
Seat 1: sabrina2420 ($66 in chips)
Seat 2: Apanage ($94.65 in chips)
Apanage: posts small blind $1
sabrina2420: posts big blind $3
*** HOLE CARDS ***
Apanage: raises $3 to $6
sabrina2420: calls $3
*** FLOP *** [9d Qs 8s]
sabrina2420: checks
Apanage: bets $3
sabrina2420: calls $3
*** TURN *** [9d Qs 8s] [Kc]
sabrina2420: checks
Apanage: bets $6
sabrina2420: calls $6
*** RIVER *** [9d Qs 8s Kc] [3h]
sabrina2420: checks
Apanage: bets $6
sabrina2420: calls $6
*** SHOW DOWN ***
Apanage: shows [9c 5s] (a pair of Nines)
sabrina2420: shows [7d 9s] (a pair of Nines)
sabrina2420 collected $20.75 from pot
Apanage collected $20.75 from pot
*** SUMMARY ***
Total pot $42 | Rake $0.50
Board [9d Qs 8s Kc 3h]
Seat 1: sabrina2420 (big blind) showed [7d 9s] and won ($20.75) with a pair of Nines
Seat 2: Apanage (button) (small blind) showed [9c 5s] and won ($20.75) with a pair of Nines


PokerStars Hand #162843176302:  Hold'em Limit ($3/$6 USD) - 2016/12/12 15:35:55 ET
Table 'Benkoela II' 10-max Seat #1 is the button
Seat 1: sabrina2420 ($67 in chips)
Seat 2: Apanage ($93.65 in chips)
sabrina2420: posts small blind $1
Apanage: posts big blind $3
*** HOLE CARDS ***
sabrina2420: folds
Uncalled bet ($2) returned to Apanage
Apanage collected $2 from pot
Apanage: doesn't show hand
*** SUMMARY ***
Total pot $2 | Rake $0
Seat 1: sabrina2420 (button) (small blind) folded before Flop
Seat 2: Apanage (big blind) collected ($2)


PokerStars Hand #162843253278:  Hold'em Limit ($3/$6 USD) - 2016/12/12 15:37:09 ET
Table 'Benkoela II' 10-max Seat #2 is the button
Seat 1: sabrina2420 ($54.51 in chips)
Seat 2: Apanage ($104.90 in chips)
Apanage: posts small blind $1
sabrina2420: posts big blind $3
*** HOLE CARDS ***
Apanage: raises $3 to $6
sabrina2420: calls $3
*** FLOP *** [9s 6h 3c]
sabrina2420: checks
Apanage: bets $3
sabrina2420: raises $3 to $6
Apanage: calls $3
*** TURN *** [9s 6h 3c] [5d]
sabrina2420: bets $6
Apanage: calls $6
*** RIVER *** [9s 6h 3c 5d] [As]
sabrina2420: checks
Apanage: checks
*** SHOW DOWN ***
sabrina2420: shows [Jc 9h] (a pair of Nines)
Apanage: mucks hand
sabrina2420 collected $35.50 from pot
OnlyLuck111 joins the table at seat #3
*** SUMMARY ***
Total pot $36 | Rake $0.50
Board [9s 6h 3c 5d As]
Seat 1: sabrina2420 (big blind) showed [Jc 9h] and won ($35.50) with a pair of Nines
Seat 2: Apanage (button) (small blind) mucked


PokerStars Hand #162843237186:  Hold'em Limit ($3/$6 USD) - 2016/12/12 15:36:54 ET
Table 'Benkoela II' 10-max Seat #1 is the button
Seat 1: sabrina2420 ($48.75 in chips)
Seat 2: Apanage ($110.90 in chips)
sabrina2420: posts small blind $1
Apanage: posts big blind $3
*** HOLE CARDS ***
sabrina2420: raises $3 to $6
Apanage: calls $3
*** FLOP *** [Kh Kc 4c]
Apanage: checks
sabrina2420: bets $3
Apanage: folds
Uncalled bet ($3) returned to sabrina2420
sabrina2420 collected $11.76 from pot
sabrina2420: doesn't show hand
*** SUMMARY ***
Total pot $12 | Rake $0.24
Board [Kh Kc 4c]
Seat 1: sabrina2420 (button) (small blind) collected ($11.76)
Seat 2: Apanage (big blind) folded on the Flop


PokerStars Hand #162843345473:  Hold'em Limit ($3/$6 USD) - 2016/12/12 15:38:39 ET
Table 'Benkoela II' 10-max Seat #3 is the button
Seat 1: sabrina2420 ($30.01 in chips)
Seat 3: OnlyLuck111 ($160.54 in chips)
OnlyLuck111: posts small blind $1
sabrina2420: posts big blind $3
*** HOLE CARDS ***
OnlyLuck111: raises $3 to $6
sabrina2420: folds
Uncalled bet ($3) returned to OnlyLuck111
OnlyLuck111 collected $6 from pot
*** SUMMARY ***
Total pot $6 | Rake $0
Seat 1: sabrina2420 (big blind) folded before Flop
Seat 3: OnlyLuck111 (button) (small blind) collected ($6)


PokerStars Hand #162843332685:  Hold'em Limit ($3/$6 USD) - 2016/12/12 15:38:27 ET
Table 'Benkoela II' 10-max Seat #1 is the button
Seat 1: sabrina2420 ($42.01 in chips)
Seat 3: OnlyLuck111 ($149.02 in chips)
sabrina2420: posts small blind $1
OnlyLuck111: posts big blind $3
*** HOLE CARDS ***
sabrina2420: raises $3 to $6
OnlyLuck111: calls $3
*** FLOP *** [8c As Ah]
OnlyLuck111: checks
sabrina2420: bets $3
OnlyLuck111: raises $3 to $6
sabrina2420: calls $3
*** TURN *** [8c As Ah] [7h]
OnlyLuck111: bets $6
sabrina2420: folds
Uncalled bet ($6) returned to OnlyLuck111
kolaz03 joins the table at seat #2
OnlyLuck111 collected $23.52 from pot
*** SUMMARY ***
Total pot $24 | Rake $0.48
Board [8c As Ah 7h]
Seat 1: sabrina2420 (button) (small blind) folded on the Turn
Seat 3: OnlyLuck111 (big blind) collected ($23.52)


PokerStars Hand #162843308084:  Hold'em Limit ($3/$6 USD) - 2016/12/12 15:38:02 ET
Table 'Benkoela II' 10-max Seat #3 is the button
Seat 1: sabrina2420 ($60.01 in chips)
Seat 3: OnlyLuck111 ($131.52 in chips)
OnlyLuck111: posts small blind $1
sabrina2420: posts big blind $3
*** HOLE CARDS ***
OnlyLuck111: raises $3 to $6
sabrina2420: calls $3
*** FLOP *** [As 9h Qh]
sabrina2420: checks
OnlyLuck111: bets $3
sabrina2420: raises $3 to $6
OnlyLuck111: calls $3
*** TURN *** [As 9h Qh] [Tc]
sabrina2420: checks
OnlyLuck111: bets $6
sabrina2420: calls $6
*** RIVER *** [As 9h Qh Tc] [9d]
sabrina2420: checks
OnlyLuck111: bets $6
sabrina2420: folds
Uncalled bet ($6) returned to OnlyLuck111
OnlyLuck111 collected $35.50 from pot
*** SUMMARY ***
Total pot $36 | Rake $0.50
Board [As 9h Qh Tc 9d]
Seat 1: sabrina2420 (big blind) folded on the River
Seat 3: OnlyLuck111 (button) (small blind) collected ($35.50)


PokerStars Hand #162843291193:  Hold'em Limit ($3/$6 USD) - 2016/12/12 15:37:46 ET
Table 'Benkoela II' 10-max Seat #1 is the button
Seat 1: sabrina2420 ($72.01 in chips)
Seat 3: OnlyLuck111 ($120 in chips)
sabrina2420: posts small blind $1
OnlyLuck111: posts big blind $3
*** HOLE CARDS ***
sabrina2420: raises $3 to $6
OnlyLuck111: calls $3
*** FLOP *** [3h 5s 8d]
OnlyLuck111: checks
sabrina2420: checks
*** TURN *** [3h 5s 8d] [Jc]
OnlyLuck111: bets $6
sabrina2420: calls $6
*** RIVER *** [3h 5s 8d Jc] [2c]
OnlyLuck111: bets $6
sabrina2420: folds
Uncalled bet ($6) returned to OnlyLuck111
OnlyLuck111 collected $23.52 from pot
*** SUMMARY ***
Total pot $24 | Rake $0.48
Board [3h 5s 8d Jc 2c]
Seat 1: sabrina2420 (button) (small blind) folded on the River
Seat 3: OnlyLuck111 (big blind) collected ($23.52)


PokerStars Hand #162843450935:  Hold'em Limit ($3/$6 USD) - 2016/12/12 15:40:21 ET
Table 'Benkoela II' 10-max Seat #4 is the button
Seat 3: OnlyLuck111 ($189.65 in chips)
Seat 4: Krazy90 ($120 in chips)
Krazy90: posts small blind $1
OnlyLuck111: posts big blind $3
*** HOLE CARDS ***
Krazy90: raises $3 to $6
OnlyLuck111: raises $3 to $9
Krazy90: calls $3
*** FLOP *** [Kd Jh 5c]
OnlyLuck111: bets $3
Krazy90: calls $3
*** TURN *** [Kd Jh 5c] [Ah]
OnlyLuck111: checks
Krazy90: bets $6
OnlyLuck111: calls $6
*** RIVER *** [Kd Jh 5c Ah] [Qh]
OnlyLuck111: checks
Krazy90: bets $6
OnlyLuck111: folds
Uncalled bet ($6) returned to Krazy90
Krazy90 collected $35.50 from pot
Krazy90: doesn't show hand
*** SUMMARY ***
Total pot $36 | Rake $0.50
Board [Kd Jh 5c Ah Qh]
Seat 3: OnlyLuck111 (big blind) folded on the River
Seat 4: Krazy90 (button) (small blind) collected ($35.50)


