PokerStars Hand #148998104008:  Hold'em Limit ($3/$6 USD) - 2016/02/18 3:34:42 ET
Table 'Benkoela II' 6-max Seat #4 is the button
Seat 1: oregordog ($102 in chips)
Seat 4: Agrotait ($89.50 in chips)
Agrotait: posts small blind $1
oregordog: posts big blind $3
*** HOLE CARDS ***
Agrotait: raises $3 to $6
oregordog: calls $3
*** FLOP *** [8h 8d Th]
oregordog: checks
Agrotait: bets $3
oregordog: calls $3
*** TURN *** [8h 8d Th] [Qs]
oregordog: checks
Agrotait: checks
*** RIVER *** [8h 8d Th Qs] [6s]
oregordog: bets $6
Agrotait: folds
Uncalled bet ($6) returned to oregordog
oregordog collected $17.64 from pot
*** SUMMARY ***
Total pot $18 | Rake $0.36
Board [8h 8d Th Qs 6s]
Seat 1: oregordog (big blind) collected ($17.64)
Seat 4: Agrotait (button) (small blind) folded on the River


PokerStars Hand #148998115846:  Hold'em Limit ($3/$6 USD) - 2016/02/18 3:35:16 ET
Table 'Benkoela II' 6-max Seat #1 is the button
Seat 1: oregordog ($110.64 in chips)
Seat 4: Agrotait ($80.50 in chips)
oregordog: posts small blind $1
Agrotait: posts big blind $3
*** HOLE CARDS ***
oregordog: folds
Uncalled bet ($2) returned to Agrotait
Agrotait collected $2 from pot
Agrotait: doesn't show hand
*** SUMMARY ***
Total pot $2 | Rake $0
Seat 1: oregordog (button) (small blind) folded before Flop
Seat 4: Agrotait (big blind) collected ($2)


PokerStars Hand #148998117674:  Hold'em Limit ($3/$6 USD) - 2016/02/18 3:35:21 ET
Table 'Benkoela II' 6-max Seat #4 is the button
Seat 1: oregordog ($109.64 in chips)
Seat 4: Agrotait ($81.50 in chips)
Agrotait: posts small blind $1
oregordog: posts big blind $3
*** HOLE CARDS ***
Agrotait: raises $3 to $6
oregordog: raises $3 to $9
Agrotait: calls $3
*** FLOP *** [Kh Qd 3s]
oregordog: bets $3
Agrotait: calls $3
*** TURN *** [Kh Qd 3s] [5s]
oregordog: bets $6
Agrotait: calls $6
*** RIVER *** [Kh Qd 3s 5s] [8c]
oregordog: bets $6
Agrotait: calls $6
*** SHOW DOWN ***
oregordog: shows [Kd Ad] (a pair of Kings)
Agrotait: mucks hand
oregordog collected $47.50 from pot
*** SUMMARY ***
Total pot $48 | Rake $0.50
Board [Kh Qd 3s 5s 8c]
Seat 1: oregordog (big blind) showed [Kd Ad] and won ($47.50) with a pair of Kings
Seat 4: Agrotait (button) (small blind) mucked


PokerStars Hand #148998125788:  Hold'em Limit ($3/$6 USD) - 2016/02/18 3:35:44 ET
Table 'Benkoela II' 6-max Seat #1 is the button
Seat 1: oregordog ($133.14 in chips)
Seat 4: Agrotait ($72 in chips)
oregordog: posts small blind $1
Agrotait: posts big blind $3
*** HOLE CARDS ***
oregordog: folds
Uncalled bet ($2) returned to Agrotait
Agrotait collected $2 from pot
Agrotait: doesn't show hand
*** SUMMARY ***
Total pot $2 | Rake $0
Seat 1: oregordog (button) (small blind) folded before Flop
Seat 4: Agrotait (big blind) collected ($2)


PokerStars Hand #148998127763:  Hold'em Limit ($3/$6 USD) - 2016/02/18 3:35:50 ET
Table 'Benkoela II' 6-max Seat #4 is the button
Seat 1: oregordog ($132.14 in chips)
Seat 4: Agrotait ($73 in chips)
Agrotait: posts small blind $1
oregordog: posts big blind $3
*** HOLE CARDS ***
Agrotait: raises $3 to $6
oregordog: calls $3
*** FLOP *** [8s 5d 8c]
oregordog: checks
Agrotait: checks
*** TURN *** [8s 5d 8c] [5h]
oregordog: bets $6
Agrotait: raises $6 to $12
oregordog: folds
Uncalled bet ($6) returned to Agrotait
Agrotait collected $23.52 from pot
Agrotait: doesn't show hand
*** SUMMARY ***
Total pot $24 | Rake $0.48
Board [8s 5d 8c 5h]
Seat 1: oregordog (big blind) folded on the Turn
Seat 4: Agrotait (button) (small blind) collected ($23.52)


PokerStars Hand #148998142280:  Hold'em Limit ($3/$6 USD) - 2016/02/18 3:36:31 ET
Table 'Benkoela II' 6-max Seat #4 is the button
Seat 1: oregordog ($140.64 in chips)
Seat 4: Agrotait ($63.52 in chips)
Agrotait: posts small blind $1
oregordog: posts big blind $3
*** HOLE CARDS ***
Agrotait: raises $3 to $6
oregordog: folds
Uncalled bet ($3) returned to Agrotait
Agrotait collected $6 from pot
Agrotait: doesn't show hand
*** SUMMARY ***
Total pot $6 | Rake $0
Seat 1: oregordog (big blind) folded before Flop
Seat 4: Agrotait (button) (small blind) collected ($6)


PokerStars Hand #148998134206:  Hold'em Limit ($3/$6 USD) - 2016/02/18 3:36:08 ET
Table 'Benkoela II' 6-max Seat #1 is the button
Seat 1: oregordog ($120.14 in chips)
Seat 4: Agrotait ($84.52 in chips)
oregordog: posts small blind $1
Agrotait: posts big blind $3
*** HOLE CARDS ***
oregordog: raises $3 to $6
Agrotait: calls $3
*** FLOP *** [Kd 6s 4h]
Agrotait: checks
oregordog: bets $3
Agrotait: calls $3
*** TURN *** [Kd 6s 4h] [7c]
Agrotait: checks
oregordog: bets $6
Agrotait: calls $6
*** RIVER *** [Kd 6s 4h 7c] [8h]
Agrotait: checks
oregordog: bets $6
Agrotait: calls $6
*** SHOW DOWN ***
oregordog: shows [5h Kc] (a straight, Four to Eight)
Agrotait: mucks hand
oregordog collected $41.50 from pot
*** SUMMARY ***
Total pot $42 | Rake $0.50
Board [Kd 6s 4h 7c 8h]
Seat 1: oregordog (button) (small blind) showed [5h Kc] and won ($41.50) with a straight, Four to Eight
Seat 4: Agrotait (big blind) mucked


PokerStars Hand #148998144278:  Hold'em Limit ($3/$6 USD) - 2016/02/18 3:36:37 ET
Table 'Benkoela II' 6-max Seat #1 is the button
Seat 1: oregordog ($137.64 in chips)
Seat 4: Agrotait ($66.52 in chips)
oregordog: posts small blind $1
Agrotait: posts big blind $3
*** HOLE CARDS ***
oregordog: folds
Uncalled bet ($2) returned to Agrotait
Agrotait collected $2 from pot
Agrotait: doesn't show hand
*** SUMMARY ***
Total pot $2 | Rake $0
Seat 1: oregordog (button) (small blind) folded before Flop
Seat 4: Agrotait (big blind) collected ($2)


PokerStars Hand #148998146331:  Hold'em Limit ($3/$6 USD) - 2016/02/18 3:36:43 ET
Table 'Benkoela II' 6-max Seat #4 is the button
Seat 1: oregordog ($136.64 in chips)
Seat 4: Agrotait ($67.52 in chips)
Agrotait: posts small blind $1
oregordog: posts big blind $3
*** HOLE CARDS ***
Agrotait: raises $3 to $6
oregordog: calls $3
*** FLOP *** [6s Qs 4h]
oregordog: checks
Agrotait: bets $3
oregordog: raises $3 to $6
Agrotait: folds
Uncalled bet ($3) returned to oregordog
oregordog collected $17.64 from pot
*** SUMMARY ***
Total pot $18 | Rake $0.36
Board [6s Qs 4h]
Seat 1: oregordog (big blind) collected ($17.64)
Seat 4: Agrotait (button) (small blind) folded on the Flop


PokerStars Hand #148998151715:  Hold'em Limit ($3/$6 USD) - 2016/02/18 3:36:58 ET
Table 'Benkoela II' 6-max Seat #1 is the button
Seat 1: oregordog ($145.28 in chips)
Seat 4: Agrotait ($72 in chips)
oregordog: posts small blind $1
Agrotait: posts big blind $3
*** HOLE CARDS ***
oregordog: raises $3 to $6
Agrotait: folds
Uncalled bet ($3) returned to oregordog
oregordog collected $6 from pot
*** SUMMARY ***
Total pot $6 | Rake $0
Seat 1: oregordog (button) (small blind) collected ($6)
Seat 4: Agrotait (big blind) folded before Flop


PokerStars Hand #148998153750:  Hold'em Limit ($3/$6 USD) - 2016/02/18 3:37:03 ET
Table 'Benkoela II' 6-max Seat #4 is the button
Seat 1: oregordog ($148.28 in chips)
Seat 4: Agrotait ($69 in chips)
Agrotait: posts small blind $1
oregordog: posts big blind $3
*** HOLE CARDS ***
Agrotait: raises $3 to $6
oregordog: raises $3 to $9
Agrotait: calls $3
*** FLOP *** [Th Ks Js]
oregordog: bets $3
Agrotait: folds
Uncalled bet ($3) returned to oregordog
oregordog collected $17.64 from pot
*** SUMMARY ***
Total pot $18 | Rake $0.36
Board [Th Ks Js]
Seat 1: oregordog (big blind) collected ($17.64)
Seat 4: Agrotait (button) (small blind) folded on the Flop


PokerStars Hand #148998157895:  Hold'em Limit ($3/$6 USD) - 2016/02/18 3:37:15 ET
Table 'Benkoela II' 6-max Seat #1 is the button
Seat 1: oregordog ($156.92 in chips)
Seat 4: Agrotait ($60 in chips)
oregordog: posts small blind $1
Agrotait: posts big blind $3
*** HOLE CARDS ***
oregordog: raises $3 to $6
Agrotait: raises $3 to $9
oregordog: calls $3
*** FLOP *** [Qd 8d Kc]
Agrotait: bets $3
oregordog: calls $3
*** TURN *** [Qd 8d Kc] [Qc]
Agrotait: checks
oregordog: checks
*** RIVER *** [Qd 8d Kc Qc] [9d]
Agrotait: bets $6
oregordog: calls $6
*** SHOW DOWN ***
Agrotait: shows [Ah 9s] (two pair, Queens and Nines)
oregordog: mucks hand
Agrotait collected $35.50 from pot
*** SUMMARY ***
Total pot $36 | Rake $0.50
Board [Qd 8d Kc Qc 9d]
Seat 1: oregordog (button) (small blind) mucked
Seat 4: Agrotait (big blind) showed [Ah 9s] and won ($35.50) with two pair, Queens and Nines


PokerStars Hand #148998165643:  Hold'em Limit ($3/$6 USD) - 2016/02/18 3:37:37 ET
Table 'Benkoela II' 6-max Seat #4 is the button
Seat 1: oregordog ($138.92 in chips)
Seat 4: Agrotait ($77.50 in chips)
Agrotait: posts small blind $1
oregordog: posts big blind $3
*** HOLE CARDS ***
Agrotait: raises $3 to $6
oregordog: calls $3
*** FLOP *** [5h 8s Ts]
oregordog: checks
Agrotait: checks
*** TURN *** [5h 8s Ts] [4h]
oregordog: bets $6
Agrotait: calls $6
*** RIVER *** [5h 8s Ts 4h] [Td]
oregordog: bets $6
Agrotait: calls $6
*** SHOW DOWN ***
oregordog: shows [Jh 5s] (two pair, Tens and Fives)
Agrotait: mucks hand
oregordog collected $35.50 from pot
*** SUMMARY ***
Total pot $36 | Rake $0.50
Board [5h 8s Ts 4h Td]
Seat 1: oregordog (big blind) showed [Jh 5s] and won ($35.50) with two pair, Tens and Fives
Seat 4: Agrotait (button) (small blind) mucked


PokerStars Hand #148998172115:  Hold'em Limit ($3/$6 USD) - 2016/02/18 3:37:55 ET
Table 'Benkoela II' 6-max Seat #1 is the button
Seat 1: oregordog ($156.42 in chips)
Seat 4: Agrotait ($72 in chips)
oregordog: posts small blind $1
Agrotait: posts big blind $3
*** HOLE CARDS ***
oregordog: raises $3 to $6
Agrotait: calls $3
*** FLOP *** [As 2c 9s]
Agrotait: checks
oregordog: bets $3
Agrotait: folds
Uncalled bet ($3) returned to oregordog
oregordog collected $11.76 from pot
*** SUMMARY ***
Total pot $12 | Rake $0.24
Board [As 2c 9s]
Seat 1: oregordog (button) (small blind) collected ($11.76)
Seat 4: Agrotait (big blind) folded on the Flop


PokerStars Hand #148998176427:  Hold'em Limit ($3/$6 USD) - 2016/02/18 3:38:08 ET
Table 'Benkoela II' 6-max Seat #4 is the button
Seat 1: oregordog ($162.18 in chips)
Seat 4: Agrotait ($66 in chips)
Agrotait: posts small blind $1
oregordog: posts big blind $3
*** HOLE CARDS ***
Agrotait: raises $3 to $6
oregordog: calls $3
*** FLOP *** [Th Ad 9c]
oregordog: checks
Agrotait: bets $3
oregordog: folds
Uncalled bet ($3) returned to Agrotait
Agrotait collected $11.76 from pot
Agrotait: doesn't show hand
*** SUMMARY ***
Total pot $12 | Rake $0.24
Board [Th Ad 9c]
Seat 1: oregordog (big blind) folded on the Flop
Seat 4: Agrotait (button) (small blind) collected ($11.76)


PokerStars Hand #148998184561:  Hold'em Limit ($3/$6 USD) - 2016/02/18 3:38:31 ET
Table 'Benkoela II' 6-max Seat #4 is the button
Seat 1: oregordog ($159.18 in chips)
Seat 4: Agrotait ($68.76 in chips)
Agrotait: posts small blind $1
oregordog: posts big blind $3
*** HOLE CARDS ***
Agrotait: folds
Uncalled bet ($2) returned to oregordog
oregordog collected $2 from pot
*** SUMMARY ***
Total pot $2 | Rake $0
Seat 1: oregordog (big blind) collected ($2)
Seat 4: Agrotait (button) (small blind) folded before Flop


PokerStars Hand #148998180163:  Hold'em Limit ($3/$6 USD) - 2016/02/18 3:38:18 ET
Table 'Benkoela II' 6-max Seat #1 is the button
Seat 1: oregordog ($156.18 in chips)
Seat 4: Agrotait ($71.76 in chips)
oregordog: posts small blind $1
Agrotait: posts big blind $3
*** HOLE CARDS ***
oregordog: raises $3 to $6
Agrotait: folds
Uncalled bet ($3) returned to oregordog
oregordog collected $6 from pot
*** SUMMARY ***
Total pot $6 | Rake $0
Seat 1: oregordog (button) (small blind) collected ($6)
Seat 4: Agrotait (big blind) folded before Flop


PokerStars Hand #148998186767:  Hold'em Limit ($3/$6 USD) - 2016/02/18 3:38:37 ET
Table 'Benkoela II' 6-max Seat #1 is the button
Seat 1: oregordog ($160.18 in chips)
Seat 4: Agrotait ($67.76 in chips)
oregordog: posts small blind $1
Agrotait: posts big blind $3
*** HOLE CARDS ***
oregordog: raises $3 to $6
Agrotait: raises $3 to $9
oregordog: calls $3
*** FLOP *** [Js Ac 4s]
Agrotait: bets $3
oregordog: calls $3
*** TURN *** [Js Ac 4s] [8s]
Agrotait: checks
oregordog: bets $6
Agrotait: folds
Uncalled bet ($6) returned to oregordog
oregordog collected $23.52 from pot
*** SUMMARY ***
Total pot $24 | Rake $0.48
Board [Js Ac 4s 8s]
Seat 1: oregordog (button) (small blind) collected ($23.52)
Seat 4: Agrotait (big blind) folded on the Turn


PokerStars Hand #148998193095:  Hold'em Limit ($3/$6 USD) - 2016/02/18 3:38:55 ET
Table 'Benkoela II' 6-max Seat #4 is the button
Seat 1: oregordog ($171.70 in chips)
Seat 4: Agrotait ($72 in chips)
Agrotait: posts small blind $1
oregordog: posts big blind $3
*** HOLE CARDS ***
Agrotait: raises $3 to $6
oregordog: raises $3 to $9
Agrotait: calls $3
*** FLOP *** [Qs 7d Ac]
oregordog: bets $3
Agrotait: folds
Uncalled bet ($3) returned to oregordog
oregordog collected $17.64 from pot
*** SUMMARY ***
Total pot $18 | Rake $0.36
Board [Qs 7d Ac]
Seat 1: oregordog (big blind) collected ($17.64)
Seat 4: Agrotait (button) (small blind) folded on the Flop


PokerStars Hand #148998199025:  Hold'em Limit ($3/$6 USD) - 2016/02/18 3:39:12 ET
Table 'Benkoela II' 6-max Seat #4 is the button
Seat 1: oregordog ($179.34 in chips)
Seat 4: Agrotait ($64 in chips)
Agrotait: posts small blind $1
oregordog: posts big blind $3
*** HOLE CARDS ***
Agrotait: raises $3 to $6
oregordog: folds
Uncalled bet ($3) returned to Agrotait
Agrotait collected $6 from pot
Agrotait: doesn't show hand
*** SUMMARY ***
Total pot $6 | Rake $0
Seat 1: oregordog (big blind) folded before Flop
Seat 4: Agrotait (button) (small blind) collected ($6)


PokerStars Hand #148998197249:  Hold'em Limit ($3/$6 USD) - 2016/02/18 3:39:07 ET
Table 'Benkoela II' 6-max Seat #1 is the button
Seat 1: oregordog ($180.34 in chips)
Seat 4: Agrotait ($63 in chips)
oregordog: posts small blind $1
Agrotait: posts big blind $3
*** HOLE CARDS ***
oregordog: folds
Uncalled bet ($2) returned to Agrotait
Agrotait collected $2 from pot
Agrotait: doesn't show hand
*** SUMMARY ***
Total pot $2 | Rake $0
Seat 1: oregordog (button) (small blind) folded before Flop
Seat 4: Agrotait (big blind) collected ($2)


PokerStars Hand #148998201140:  Hold'em Limit ($3/$6 USD) - 2016/02/18 3:39:18 ET
Table 'Benkoela II' 6-max Seat #1 is the button
Seat 1: oregordog ($176.34 in chips)
Seat 4: Agrotait ($67 in chips)
oregordog: posts small blind $1
Agrotait: posts big blind $3
*** HOLE CARDS ***
oregordog: raises $3 to $6
Agrotait: calls $3
*** FLOP *** [5s 3d 2c]
Agrotait: checks
oregordog: bets $3
Agrotait: raises $3 to $6
oregordog: raises $3 to $9
Agrotait: calls $3
*** TURN *** [5s 3d 2c] [Kd]
Agrotait: checks
oregordog: bets $6
Agrotait: raises $6 to $12
oregordog: calls $6
*** RIVER *** [5s 3d 2c Kd] [6c]
Agrotait: bets $6
oregordog: folds
Uncalled bet ($6) returned to Agrotait
Agrotait collected $53.50 from pot
Agrotait: doesn't show hand
*** SUMMARY ***
Total pot $54 | Rake $0.50
Board [5s 3d 2c Kd 6c]
Seat 1: oregordog (button) (small blind) folded on the River
Seat 4: Agrotait (big blind) collected ($53.50)


PokerStars Hand #148998216081:  Hold'em Limit ($3/$6 USD) - 2016/02/18 3:40:00 ET
Table 'Benkoela II' 6-max Seat #1 is the button
Seat 1: oregordog ($143.34 in chips)
Seat 4: Agrotait ($99.26 in chips)
oregordog: posts small blind $1
Agrotait: posts big blind $3
*** HOLE CARDS ***
oregordog: folds
Uncalled bet ($2) returned to Agrotait
Agrotait collected $2 from pot
Agrotait: doesn't show hand
*** SUMMARY ***
Total pot $2 | Rake $0
Seat 1: oregordog (button) (small blind) folded before Flop
Seat 4: Agrotait (big blind) collected ($2)


PokerStars Hand #148998211637:  Hold'em Limit ($3/$6 USD) - 2016/02/18 3:39:48 ET
Table 'Benkoela II' 6-max Seat #4 is the button
Seat 1: oregordog ($149.34 in chips)
Seat 4: Agrotait ($93.50 in chips)
Agrotait: posts small blind $1
oregordog: posts big blind $3
*** HOLE CARDS ***
Agrotait: raises $3 to $6
oregordog: calls $3
*** FLOP *** [5h 2s Ad]
oregordog: checks
Agrotait: bets $3
oregordog: folds
Uncalled bet ($3) returned to Agrotait
Agrotait collected $11.76 from pot
Agrotait: doesn't show hand
*** SUMMARY ***
Total pot $12 | Rake $0.24
Board [5h 2s Ad]
Seat 1: oregordog (big blind) folded on the Flop
Seat 4: Agrotait (button) (small blind) collected ($11.76)


PokerStars Hand #148998218240:  Hold'em Limit ($3/$6 USD) - 2016/02/18 3:40:06 ET
Table 'Benkoela II' 6-max Seat #4 is the button
Seat 1: oregordog ($142.34 in chips)
Seat 4: Agrotait ($100.26 in chips)
Agrotait: posts small blind $1
oregordog: posts big blind $3
*** HOLE CARDS ***
Agrotait: raises $3 to $6
oregordog: calls $3
*** FLOP *** [Jh Js 8h]
oregordog: checks
Agrotait: bets $3
oregordog: folds
Uncalled bet ($3) returned to Agrotait
Agrotait collected $11.76 from pot
Agrotait: doesn't show hand
*** SUMMARY ***
Total pot $12 | Rake $0.24
Board [Jh Js 8h]
Seat 1: oregordog (big blind) folded on the Flop
Seat 4: Agrotait (button) (small blind) collected ($11.76)


PokerStars Hand #148998226958:  Hold'em Limit ($3/$6 USD) - 2016/02/18 3:40:31 ET
Table 'Benkoela II' 6-max Seat #1 is the button
Seat 1: oregordog ($136.34 in chips)
Seat 4: Agrotait ($106.02 in chips)
oregordog: posts small blind $1
Agrotait: posts big blind $3
*** HOLE CARDS ***
oregordog: raises $3 to $6
Agrotait: raises $3 to $9
oregordog: calls $3
*** FLOP *** [9c 9d 3h]
Agrotait: bets $3
oregordog: folds
Uncalled bet ($3) returned to Agrotait
Agrotait collected $17.64 from pot
Agrotait: doesn't show hand
*** SUMMARY ***
Total pot $18 | Rake $0.36
Board [9c 9d 3h]
Seat 1: oregordog (button) (small blind) folded on the Flop
Seat 4: Agrotait (big blind) collected ($17.64)


