PokerStars Hand #167265072038:  Hold'em Limit ($3/$6 USD) - 2017/03/07 16:56:49 ET
Table 'Benkoela' 6-max Seat #3 is the button
Seat 3: NAUTJE1337 ($41 in chips)
Seat 4: Koraseg ($126.76 in chips)
NAUTJE1337: posts small blind $1
Koraseg: posts big blind $3
*** HOLE CARDS ***
NAUTJE1337: raises $3 to $6
Koraseg: folds
Uncalled bet ($3) returned to NAUTJE1337
NAUTJE1337 collected $6 from pot
*** SUMMARY ***
Total pot $6 | Rake $0
Seat 3: NAUTJE1337 (button) (small blind) collected ($6)
Seat 4: Koraseg (big blind) folded before Flop


PokerStars Hand #167265059557:  Hold'em Limit ($3/$6 USD) - 2017/03/07 16:56:32 ET
Table 'Benkoela' 6-max Seat #4 is the button
Seat 3: NAUTJE1337 ($47 in chips)
Seat 4: Koraseg ($121 in chips)
Koraseg: posts small blind $1
NAUTJE1337: posts big blind $3
*** HOLE CARDS ***
Koraseg: raises $3 to $6
NAUTJE1337: calls $3
*** FLOP *** [3d Ac Jc]
NAUTJE1337: checks
Koraseg: bets $3
NAUTJE1337: folds
Uncalled bet ($3) returned to Koraseg
Koraseg collected $11.76 from pot
Koraseg: doesn't show hand
*** SUMMARY ***
Total pot $12 | Rake $0.24
Board [3d Ac Jc]
Seat 3: NAUTJE1337 (big blind) folded on the Flop
Seat 4: Koraseg (button) (small blind) collected ($11.76)


PokerStars Hand #167265110912:  Hold'em Limit ($3/$6 USD) - 2017/03/07 16:57:44 ET
Table 'Benkoela' 6-max Seat #3 is the button
Seat 3: NAUTJE1337 ($33.50 in chips)
Seat 4: Koraseg ($133.26 in chips)
NAUTJE1337: posts small blind $1
Koraseg: posts big blind $3
*** HOLE CARDS ***
NAUTJE1337: raises $3 to $6
Koraseg: folds
Uncalled bet ($3) returned to NAUTJE1337
NAUTJE1337 collected $6 from pot
*** SUMMARY ***
Total pot $6 | Rake $0
Seat 3: NAUTJE1337 (button) (small blind) collected ($6)
Seat 4: Koraseg (big blind) folded before Flop


PokerStars Hand #167265095899:  Hold'em Limit ($3/$6 USD) - 2017/03/07 16:57:23 ET
Table 'Benkoela' 6-max Seat #4 is the button
Seat 3: NAUTJE1337 ($60.50 in chips)
Seat 4: Koraseg ($106.76 in chips)
Koraseg: posts small blind $1
NAUTJE1337: posts big blind $3
*** HOLE CARDS ***
lexishake joins the table at seat #2
Koraseg: raises $3 to $6
NAUTJE1337: calls $3
*** FLOP *** [7h Js 3d]
NAUTJE1337: checks
Koraseg: bets $3
NAUTJE1337: calls $3
*** TURN *** [7h Js 3d] [5h]
NAUTJE1337: checks
Koraseg: bets $6
NAUTJE1337: raises $6 to $12
Koraseg: calls $6
*** RIVER *** [7h Js 3d 5h] [3h]
NAUTJE1337: bets $6
Koraseg: calls $6
*** SHOW DOWN ***
NAUTJE1337: shows [8d Ts] (a pair of Threes)
Koraseg: shows [Jc 8h] (two pair, Jacks and Threes)
Koraseg collected $53.50 from pot
*** SUMMARY ***
Total pot $54 | Rake $0.50
Board [7h Js 3d 5h 3h]
Seat 3: NAUTJE1337 (big blind) showed [8d Ts] and lost with a pair of Threes
Seat 4: Koraseg (button) (small blind) showed [Jc 8h] and won ($53.50) with two pair, Jacks and Threes


PokerStars Hand #167265092665:  Hold'em Limit ($3/$6 USD) - 2017/03/07 16:57:19 ET
Table 'Benkoela' 6-max Seat #3 is the button
Seat 3: NAUTJE1337 ($61.50 in chips)
Seat 4: Koraseg ($105.76 in chips)
NAUTJE1337: posts small blind $1
Koraseg: posts big blind $3
*** HOLE CARDS ***
NAUTJE1337: folds
Uncalled bet ($2) returned to Koraseg
Koraseg collected $2 from pot
Koraseg: doesn't show hand
*** SUMMARY ***
Total pot $2 | Rake $0
Seat 3: NAUTJE1337 (button) (small blind) folded before Flop
Seat 4: Koraseg (big blind) collected ($2)


PokerStars Hand #167265075905:  Hold'em Limit ($3/$6 USD) - 2017/03/07 16:56:55 ET
Table 'Benkoela' 6-max Seat #4 is the button
Seat 3: NAUTJE1337 ($44 in chips)
Seat 4: Koraseg ($123.76 in chips)
Koraseg: posts small blind $1
NAUTJE1337: posts big blind $3
*** HOLE CARDS ***
Koraseg: raises $3 to $6
NAUTJE1337: calls $3
*** FLOP *** [5d 7d 9c]
NAUTJE1337: checks
Koraseg: checks
*** TURN *** [5d 7d 9c] [Qh]
NAUTJE1337: bets $6
Koraseg: calls $6
*** RIVER *** [5d 7d 9c Qh] [7h]
NAUTJE1337: bets $6
Koraseg: calls $6
*** SHOW DOWN ***
NAUTJE1337: shows [5s 7c] (a full house, Sevens full of Fives)
Koraseg: mucks hand
NAUTJE1337 collected $35.50 from pot
*** SUMMARY ***
Total pot $36 | Rake $0.50
Board [5d 7d 9c Qh 7h]
Seat 3: NAUTJE1337 (big blind) showed [5s 7c] and won ($35.50) with a full house, Sevens full of Fives
Seat 4: Koraseg (button) (small blind) mucked


PokerStars Hand #167265960097:  Hold'em Limit ($3/$6 USD) - 2017/03/07 17:14:39 ET
Table 'Benkoela' 6-max Seat #3 is the button
Seat 3: pompier40 ($117 in chips)
Seat 6: RaisemyNut$ ($87.80 in chips)
JSA53 will be allowed to play after the button
pompier40: posts small blind $1
Koraseg: is sitting out
Pelurile: is sitting out
RaisemyNut$: posts big blind $3
*** HOLE CARDS ***
pompier40: raises $3 to $6
RaisemyNut$: calls $3
*** FLOP *** [Qc Kc Kd]
RaisemyNut$: checks
pompier40: bets $3
RaisemyNut$: folds
Uncalled bet ($3) returned to pompier40
Koraseg leaves the table
pompier40 collected $11.76 from pot
*** SUMMARY ***
Total pot $12 | Rake $0.24
Board [Qc Kc Kd]
Seat 3: pompier40 (button) (small blind) collected ($11.76)
Seat 6: RaisemyNut$ (big blind) folded on the Flop


PokerStars Hand #167266009444:  Hold'em Limit ($3/$6 USD) - 2017/03/07 17:15:37 ET
Table 'Benkoela' 6-max Seat #2 is the button
Seat 2: JSA53 ($78.72 in chips)
Seat 6: RaisemyNut$ ($66.80 in chips)
JSA53: posts small blind $1
pompier40: is sitting out
RaisemyNut$: posts big blind $3
*** HOLE CARDS ***
JSA53: folds
Uncalled bet ($2) returned to RaisemyNut$
RaisemyNut$ collected $2 from pot
RaisemyNut$: doesn't show hand
*** SUMMARY ***
Total pot $2 | Rake $0
Seat 2: JSA53 (button) (small blind) folded before Flop
Seat 6: RaisemyNut$ (big blind) collected ($2)


PokerStars Hand #167266013793:  Hold'em Limit ($3/$6 USD) - 2017/03/07 17:15:42 ET
Table 'Benkoela' 6-max Seat #6 is the button
Seat 2: JSA53 ($77.72 in chips)
Seat 6: RaisemyNut$ ($67.80 in chips)
RaisemyNut$: posts small blind $1
JSA53: posts big blind $3
*** HOLE CARDS ***
RaisemyNut$: raises $3 to $6
JSA53: raises $3 to $9
RaisemyNut$: calls $3
*** FLOP *** [5h 2d Jc]
JSA53: bets $3
pompier40 leaves the table
RaisemyNut$: calls $3
*** TURN *** [5h 2d Jc] [Ts]
JSA53: bets $6
RaisemyNut$: raises $6 to $12
JSA53: raises $6 to $18
RaisemyNut$: calls $6
*** RIVER *** [5h 2d Jc Ts] [As]
JSA53: bets $6
RaisemyNut$: folds
Uncalled bet ($6) returned to JSA53
JSA53 collected $59.50 from pot
*** SUMMARY ***
Total pot $60 | Rake $0.50
Board [5h 2d Jc Ts As]
Seat 2: JSA53 (big blind) collected ($59.50)
Seat 6: RaisemyNut$ (button) (small blind) folded on the River


PokerStars Hand #167266032530:  Hold'em Limit ($3/$6 USD) - 2017/03/07 17:16:04 ET
Table 'Benkoela' 6-max Seat #2 is the button
Seat 2: JSA53 ($107.22 in chips)
Seat 6: RaisemyNut$ ($60 in chips)
JSA53: posts small blind $1
RaisemyNut$: posts big blind $3
*** HOLE CARDS ***
JSA53: raises $3 to $6
RaisemyNut$: calls $3
*** FLOP *** [9d Kh Qc]
RaisemyNut$: checks
JSA53: bets $3
RaisemyNut$: raises $3 to $6
JSA53: folds
Uncalled bet ($3) returned to RaisemyNut$
RaisemyNut$ collected $17.64 from pot
RaisemyNut$: doesn't show hand
Pelurile leaves the table
*** SUMMARY ***
Total pot $18 | Rake $0.36
Board [9d Kh Qc]
Seat 2: JSA53 (button) (small blind) folded on the Flop
Seat 6: RaisemyNut$ (big blind) collected ($17.64)


PokerStars Hand #167266050248:  Hold'em Limit ($3/$6 USD) - 2017/03/07 17:16:24 ET
Table 'Benkoela' 6-max Seat #6 is the button
Seat 2: JSA53 ($98.22 in chips)
Seat 6: RaisemyNut$ ($68.64 in chips)
RaisemyNut$: posts small blind $1
JSA53: posts big blind $3
*** HOLE CARDS ***
RaisemyNut$: raises $3 to $6
JSA53: calls $3
*** FLOP *** [7d 7h 3h]
JSA53: bets $3
RaisemyNut$: calls $3
*** TURN *** [7d 7h 3h] [8d]
JSA53: bets $6
GRAILKO joins the table at seat #3
RaisemyNut$: folds
Uncalled bet ($6) returned to JSA53
JSA53 collected $17.64 from pot
JSA53: doesn't show hand
*** SUMMARY ***
Total pot $18 | Rake $0.36
Board [7d 7h 3h 8d]
Seat 2: JSA53 (big blind) collected ($17.64)
Seat 6: RaisemyNut$ (button) (small blind) folded on the Turn


PokerStars Hand #167268851884:  Hold'em Limit ($3/$6 USD) - 2017/03/07 18:14:51 ET
Table 'Benkoela' 6-max Seat #1 is the button
Seat 1: pompier40 ($389.23 in chips)
Seat 6: RaisemyNut$ ($64.02 in chips)
pompier40: posts small blind $1
GRAILKO: is sitting out
B_loJkl: is sitting out
RaisemyNut$: posts big blind $3
*** HOLE CARDS ***
pompier40: raises $3 to $6
RaisemyNut$: raises $3 to $9
GRAILKO leaves the table
pompier40: calls $3
*** FLOP *** [Kd Jh 2d]
RaisemyNut$: bets $3
pompier40: folds
Uncalled bet ($3) returned to RaisemyNut$
RaisemyNut$ collected $17.64 from pot
RaisemyNut$: doesn't show hand
*** SUMMARY ***
Total pot $18 | Rake $0.36
Board [Kd Jh 2d]
Seat 1: pompier40 (button) (small blind) folded on the Flop
Seat 6: RaisemyNut$ (big blind) collected ($17.64)


PokerStars Hand #167268878183:  Hold'em Limit ($3/$6 USD) - 2017/03/07 18:15:26 ET
Table 'Benkoela' 6-max Seat #6 is the button
Seat 1: pompier40 ($387.87 in chips)
Seat 6: RaisemyNut$ ($64.66 in chips)
RaisemyNut$: posts small blind $1
pompier40: posts big blind $3
*** HOLE CARDS ***
RaisemyNut$: raises $3 to $6
pompier40: calls $3
*** FLOP *** [Jd Kh Qs]
pompier40: checks
RaisemyNut$: bets $3
pompier40: calls $3
*** TURN *** [Jd Kh Qs] [6d]
pompier40: checks
RaisemyNut$: bets $6
pompier40: calls $6
*** RIVER *** [Jd Kh Qs 6d] [9h]
pompier40: checks
RaisemyNut$: bets $6
pompier40: calls $6
*** SHOW DOWN ***
RaisemyNut$: shows [Kc Jh] (two pair, Kings and Jacks)
pompier40: mucks hand
RaisemyNut$ collected $41.50 from pot
*** SUMMARY ***
Total pot $42 | Rake $0.50
Board [Jd Kh Qs 6d 9h]
Seat 1: pompier40 (big blind) mucked
Seat 6: RaisemyNut$ (button) (small blind) showed [Kc Jh] and won ($41.50) with two pair, Kings and Jacks


PokerStars Hand #167268874438:  Hold'em Limit ($3/$6 USD) - 2017/03/07 18:15:21 ET
Table 'Benkoela' 6-max Seat #1 is the button
Seat 1: pompier40 ($388.87 in chips)
Seat 6: RaisemyNut$ ($63.66 in chips)
pompier40: posts small blind $1
RaisemyNut$: posts big blind $3
*** HOLE CARDS ***
pompier40: folds
Uncalled bet ($2) returned to RaisemyNut$
RaisemyNut$ collected $2 from pot
RaisemyNut$: doesn't show hand
*** SUMMARY ***
Total pot $2 | Rake $0
Seat 1: pompier40 (button) (small blind) folded before Flop
Seat 6: RaisemyNut$ (big blind) collected ($2)


PokerStars Hand #167268864854:  Hold'em Limit ($3/$6 USD) - 2017/03/07 18:15:08 ET
Table 'Benkoela' 6-max Seat #6 is the button
Seat 1: pompier40 ($380.23 in chips)
Seat 6: RaisemyNut$ ($72.66 in chips)
RaisemyNut$: posts small blind $1
pompier40: posts big blind $3
*** HOLE CARDS ***
RaisemyNut$: raises $3 to $6
pompier40: raises $3 to $9
RaisemyNut$: calls $3
*** FLOP *** [3c Kd Ad]
pompier40: bets $3
RaisemyNut$: folds
Uncalled bet ($3) returned to pompier40
pompier40 collected $17.64 from pot
*** SUMMARY ***
Total pot $18 | Rake $0.36
Board [3c Kd Ad]
Seat 1: pompier40 (big blind) collected ($17.64)
Seat 6: RaisemyNut$ (button) (small blind) folded on the Flop


PokerStars Hand #167268912938:  Hold'em Limit ($3/$6 USD) - 2017/03/07 18:16:13 ET
Table 'Benkoela' 6-max Seat #1 is the button
Seat 1: pompier40 ($366.87 in chips)
Seat 6: RaisemyNut$ ($85.16 in chips)
pompier40: posts small blind $1
RaisemyNut$: posts big blind $3
*** HOLE CARDS ***
pompier40: raises $3 to $6
RaisemyNut$: raises $3 to $9
pompier40: raises $3 to $12
Betting is capped
RaisemyNut$: calls $3
*** FLOP *** [9s Qc 8c]
RaisemyNut$: checks
pompier40: bets $3
RaisemyNut$: calls $3
*** TURN *** [9s Qc 8c] [2d]
RaisemyNut$: checks
pompier40: bets $6
RaisemyNut$: raises $6 to $12
pompier40: calls $6
*** RIVER *** [9s Qc 8c 2d] [Js]
RaisemyNut$: bets $6
pompier40: calls $6
*** SHOW DOWN ***
RaisemyNut$: shows [Jd Qd] (two pair, Queens and Jacks)
pompier40: mucks hand
RaisemyNut$ collected $65.50 from pot
*** SUMMARY ***
Total pot $66 | Rake $0.50
Board [9s Qc 8c 2d Js]
Seat 1: pompier40 (button) (small blind) mucked
Seat 6: RaisemyNut$ (big blind) showed [Jd Qd] and won ($65.50) with two pair, Queens and Jacks


PokerStars Hand #167268957020:  Hold'em Limit ($3/$6 USD) - 2017/03/07 18:17:11 ET
Table 'Benkoela' 6-max Seat #1 is the button
Seat 1: pompier40 ($309.87 in chips)
Seat 6: RaisemyNut$ ($141.16 in chips)
pompier40: posts small blind $1
RaisemyNut$: posts big blind $3
*** HOLE CARDS ***
pompier40: folds
Uncalled bet ($2) returned to RaisemyNut$
RaisemyNut$ collected $2 from pot
RaisemyNut$: doesn't show hand
*** SUMMARY ***
Total pot $2 | Rake $0
Seat 1: pompier40 (button) (small blind) folded before Flop
Seat 6: RaisemyNut$ (big blind) collected ($2)


PokerStars Hand #167268941576:  Hold'em Limit ($3/$6 USD) - 2017/03/07 18:16:51 ET
Table 'Benkoela' 6-max Seat #6 is the button
Seat 1: pompier40 ($333.87 in chips)
Seat 6: RaisemyNut$ ($117.66 in chips)
RaisemyNut$: posts small blind $1
pompier40: posts big blind $3
*** HOLE CARDS ***
RaisemyNut$: raises $3 to $6
pompier40: calls $3
*** FLOP *** [2h Js 5s]
pompier40: checks
RaisemyNut$: bets $3
pompier40: raises $3 to $6
RaisemyNut$: calls $3
*** TURN *** [2h Js 5s] [7s]
pompier40: bets $6
RaisemyNut$: calls $6
*** RIVER *** [2h Js 5s 7s] [2s]
pompier40: bets $6
RaisemyNut$: calls $6
*** SHOW DOWN ***
pompier40: shows [Td Jh] (two pair, Jacks and Deuces)
RaisemyNut$: shows [5d Ts] (a flush, Jack high)
RaisemyNut$ collected $47.50 from pot
*** SUMMARY ***
Total pot $48 | Rake $0.50
Board [2h Js 5s 7s 2s]
Seat 1: pompier40 (big blind) showed [Td Jh] and lost with two pair, Jacks and Deuces
Seat 6: RaisemyNut$ (button) (small blind) showed [5d Ts] and won ($47.50) with a flush, Jack high


PokerStars Hand #167268971974:  Hold'em Limit ($3/$6 USD) - 2017/03/07 18:17:31 ET
Table 'Benkoela' 6-max Seat #1 is the button
Seat 1: pompier40 ($317.51 in chips)
Seat 6: RaisemyNut$ ($133.16 in chips)
pompier40: posts small blind $1
RaisemyNut$: posts big blind $3
*** HOLE CARDS ***
nimzon joins the table at seat #5
pompier40: raises $3 to $6
Don_Alling joins the table at seat #3
nimzon leaves the table
RaisemyNut$: folds
Uncalled bet ($3) returned to pompier40
pompier40 collected $6 from pot
*** SUMMARY ***
Total pot $6 | Rake $0
Seat 1: pompier40 (button) (small blind) collected ($6)
Seat 6: RaisemyNut$ (big blind) folded before Flop


PokerStars Hand #167268961373:  Hold'em Limit ($3/$6 USD) - 2017/03/07 18:17:17 ET
Table 'Benkoela' 6-max Seat #6 is the button
Seat 1: pompier40 ($308.87 in chips)
Seat 6: RaisemyNut$ ($142.16 in chips)
RaisemyNut$: posts small blind $1
pompier40: posts big blind $3
*** HOLE CARDS ***
RaisemyNut$: raises $3 to $6
pompier40: calls $3
*** FLOP *** [Td 2s 5c]
pompier40: bets $3
RaisemyNut$: calls $3
*** TURN *** [Td 2s 5c] [2c]
pompier40: bets $6
RaisemyNut$: folds
Uncalled bet ($6) returned to pompier40
pompier40 collected $17.64 from pot
*** SUMMARY ***
Total pot $18 | Rake $0.36
Board [Td 2s 5c 2c]
Seat 1: pompier40 (big blind) collected ($17.64)
Seat 6: RaisemyNut$ (button) (small blind) folded on the Turn


PokerStars Hand #167268984531:  Hold'em Limit ($3/$6 USD) - 2017/03/07 18:17:47 ET
Table 'Benkoela' 6-max Seat #6 is the button
Seat 1: pompier40 ($320.51 in chips)
Seat 6: RaisemyNut$ ($130.16 in chips)
RaisemyNut$: posts small blind $1
pompier40: posts big blind $3
*** HOLE CARDS ***
RaisemyNut$: raises $3 to $6
pompier40: calls $3
*** FLOP *** [7h Qc 9h]
pompier40: checks
zxkz joins the table at seat #5
RaisemyNut$: bets $3
pompier40: calls $3
*** TURN *** [7h Qc 9h] [8c]
MellivoraSto joins the table at seat #2
pompier40: checks
RaisemyNut$: bets $6
pompier40: calls $6
*** RIVER *** [7h Qc 9h 8c] [6h]
pompier40: checks
RaisemyNut$: bets $6
pompier40: folds
Uncalled bet ($6) returned to RaisemyNut$
RaisemyNut$ collected $29.50 from pot
RaisemyNut$: doesn't show hand
*** SUMMARY ***
Total pot $30 | Rake $0.50
Board [7h Qc 9h 8c 6h]
Seat 1: pompier40 (big blind) folded on the River
Seat 6: RaisemyNut$ (button) (small blind) collected ($29.50)


PokerStars Hand #167269479682:  Hold'em Limit ($3/$6 USD) - 2017/03/07 18:28:55 ET
Table 'Benkoela' 6-max Seat #1 is the button
Seat 1: Pete81 ($40.22 in chips)
Seat 6: RaisemyNut$ ($156.76 in chips)
Pete81: posts small blind $1
RaisemyNut$: posts big blind $3
*** HOLE CARDS ***
Pete81: folds
Uncalled bet ($2) returned to RaisemyNut$
RaisemyNut$ collected $2 from pot
RaisemyNut$: doesn't show hand
*** SUMMARY ***
Total pot $2 | Rake $0
Seat 1: Pete81 (button) (small blind) folded before Flop
Seat 6: RaisemyNut$ (big blind) collected ($2)


PokerStars Hand #167269474960:  Hold'em Limit ($3/$6 USD) - 2017/03/07 18:28:49 ET
Table 'Benkoela' 6-max Seat #6 is the button
Seat 1: Pete81 ($39.22 in chips)
Seat 6: RaisemyNut$ ($157.76 in chips)
RaisemyNut$: posts small blind $1
Pete81: posts big blind $3
*** HOLE CARDS ***
RaisemyNut$: folds
Uncalled bet ($2) returned to Pete81
Pete81 collected $2 from pot
Pete81: doesn't show hand
*** SUMMARY ***
Total pot $2 | Rake $0
Seat 1: Pete81 (big blind) collected ($2)
Seat 6: RaisemyNut$ (button) (small blind) folded before Flop


PokerStars Hand #167269467324:  Hold'em Limit ($3/$6 USD) - 2017/03/07 18:28:38 ET
Table 'Benkoela' 6-max Seat #1 is the button
Seat 1: Pete81 ($33.46 in chips)
Seat 6: RaisemyNut$ ($163.76 in chips)
Pete81: posts small blind $1
RaisemyNut$: posts big blind $3
*** HOLE CARDS ***
Pete81: raises $3 to $6
RaisemyNut$: calls $3
*** FLOP *** [Js 8h As]
RaisemyNut$: checks
Pete81: bets $3
RaisemyNut$: folds
Uncalled bet ($3) returned to Pete81
Pete81 collected $11.76 from pot
Pete81: doesn't show hand
*** SUMMARY ***
Total pot $12 | Rake $0.24
Board [Js 8h As]
Seat 1: Pete81 (button) (small blind) collected ($11.76)
Seat 6: RaisemyNut$ (big blind) folded on the Flop


PokerStars Hand #167269454495:  Hold'em Limit ($3/$6 USD) - 2017/03/07 18:28:21 ET
Table 'Benkoela' 6-max Seat #6 is the button
Seat 1: Pete81 ($39.46 in chips)
Seat 6: RaisemyNut$ ($158 in chips)
RaisemyNut$: posts small blind $1
Pete81: posts big blind $3
*** HOLE CARDS ***
RaisemyNut$: raises $3 to $6
Pete81: calls $3
*** FLOP *** [8d 7d 4h]
Pete81: checks
RaisemyNut$: bets $3
Pete81: folds
Uncalled bet ($3) returned to RaisemyNut$
RaisemyNut$ collected $11.76 from pot
RaisemyNut$: doesn't show hand
*** SUMMARY ***
Total pot $12 | Rake $0.24
Board [8d 7d 4h]
Seat 1: Pete81 (big blind) folded on the Flop
Seat 6: RaisemyNut$ (button) (small blind) collected ($11.76)


PokerStars Hand #167269445649:  Hold'em Limit ($3/$6 USD) - 2017/03/07 18:28:09 ET
Table 'Benkoela' 6-max Seat #1 is the button
Seat 1: Pete81 ($36.46 in chips)
Seat 6: RaisemyNut$ ($161 in chips)
Pete81: posts small blind $1
MellivoraSto: is sitting out
RaisemyNut$: posts big blind $3
*** HOLE CARDS ***
Pete81: raises $3 to $6
RaisemyNut$: folds
Uncalled bet ($3) returned to Pete81
MellivoraSto leaves the table
Pete81 collected $6 from pot
Pete81: doesn't show hand
*** SUMMARY ***
Total pot $6 | Rake $0
Seat 1: Pete81 (button) (small blind) collected ($6)
Seat 6: RaisemyNut$ (big blind) folded before Flop


PokerStars Hand #167269483135:  Hold'em Limit ($3/$6 USD) - 2017/03/07 18:29:00 ET
Table 'Benkoela' 6-max Seat #6 is the button
Seat 1: Pete81 ($39.22 in chips)
Seat 6: RaisemyNut$ ($157.76 in chips)
RaisemyNut$: posts small blind $1
Pete81: posts big blind $3
*** HOLE CARDS ***
RaisemyNut$: raises $3 to $6
Pete81: calls $3
*** FLOP *** [6c Qc 4d]
Pete81: checks
RaisemyNut$: bets $3
Pete81: raises $3 to $6
RaisemyNut$: calls $3
*** TURN *** [6c Qc 4d] [9s]
Pete81: bets $6
RaisemyNut$: calls $6
*** RIVER *** [6c Qc 4d 9s] [5c]
Pete81: bets $6
RaisemyNut$: calls $6
*** SHOW DOWN ***
Pete81: shows [Qd 3h] (a pair of Queens)
RaisemyNut$: mucks hand
Pete81 collected $47.50 from pot
*** SUMMARY ***
Total pot $48 | Rake $0.50
Board [6c Qc 4d 9s 5c]
Seat 1: Pete81 (big blind) showed [Qd 3h] and won ($47.50) with a pair of Queens
Seat 6: RaisemyNut$ (button) (small blind) mucked


PokerStars Hand #167269509625:  Hold'em Limit ($3/$6 USD) - 2017/03/07 18:29:36 ET
Table 'Benkoela' 6-max Seat #1 is the button
Seat 1: Pete81 ($62.72 in chips)
Seat 6: RaisemyNut$ ($133.76 in chips)
Pete81: posts small blind $1
RaisemyNut$: posts big blind $3
*** HOLE CARDS ***
Pete81: raises $3 to $6
RaisemyNut$: calls $3
*** FLOP *** [Ks Qh 4c]
RaisemyNut$: checks
Pete81: bets $3
RaisemyNut$: raises $3 to $6
Pete81: raises $3 to $9
RaisemyNut$: calls $3
*** TURN *** [Ks Qh 4c] [7c]
RaisemyNut$: checks
Pete81: bets $6
RaisemyNut$: calls $6
*** RIVER *** [Ks Qh 4c 7c] [Td]
RaisemyNut$: checks
Pete81: checks
*** SHOW DOWN ***
RaisemyNut$: shows [Kc 8h] (a pair of Kings)
Pete81: mucks hand
RaisemyNut$ collected $41.50 from pot
*** SUMMARY ***
Total pot $42 | Rake $0.50
Board [Ks Qh 4c 7c Td]
Seat 1: Pete81 (button) (small blind) mucked
Seat 6: RaisemyNut$ (big blind) showed [Kc 8h] and won ($41.50) with a pair of Kings


PokerStars Hand #167269532118:  Hold'em Limit ($3/$6 USD) - 2017/03/07 18:30:07 ET
Table 'Benkoela' 6-max Seat #6 is the button
Seat 1: Pete81 ($41.72 in chips)
Seat 6: RaisemyNut$ ($154.26 in chips)
RaisemyNut$: posts small blind $1
Pete81: posts big blind $3
*** HOLE CARDS ***
RaisemyNut$: raises $3 to $6
Pete81: calls $3
*** FLOP *** [Tc Td 6s]
Pete81: checks
RaisemyNut$: bets $3
cbarnes joins the table at seat #5
Pete81: calls $3
*** TURN *** [Tc Td 6s] [8d]
Pete81: checks
RaisemyNut$: bets $6
Pete81: raises $6 to $12
RaisemyNut$: raises $6 to $18
Pete81: raises $6 to $24
Betting is capped
RaisemyNut$: calls $6
*** RIVER *** [Tc Td 6s 8d] [Qc]
Pete81: bets $6
RaisemyNut$: raises $6 to $12
Pete81: calls $2.72 and is all-in
Uncalled bet ($3.28) returned to RaisemyNut$
*** SHOW DOWN ***
RaisemyNut$: shows [9d 7s] (a straight, Six to Ten)
Pete81: shows [Th 6c] (a full house, Tens full of Sixes)
Pete81 collected $82.94 from pot
*** SUMMARY ***
Total pot $83.44 | Rake $0.50
Board [Tc Td 6s 8d Qc]
Seat 1: Pete81 (big blind) showed [Th 6c] and won ($82.94) with a full house, Tens full of Sixes
Seat 6: RaisemyNut$ (button) (small blind) showed [9d 7s] and lost with a straight, Six to Ten


