PokerStars Hand #155768257248:  Hold'em Limit ($3/$6 USD) - 2016/07/09 16:56:01 ET
Table 'Beograd' 6-max Seat #3 is the button
Seat 3: jeanpoker696 ($120 in chips)
Seat 4: AzureCaper ($72 in chips)
jeanpoker696: posts small blind $1
AzureCaper: posts big blind $3
*** HOLE CARDS ***
jeanpoker696: raises $3 to $6
AzureCaper: calls $3
*** FLOP *** [8s 7s Ad]
AzureCaper: checks
jeanpoker696: checks
*** TURN *** [8s 7s Ad] [Jd]
AzureCaper: bets $6
jeanpoker696: calls $6
*** RIVER *** [8s 7s Ad Jd] [7c]
AzureCaper: bets $6
jeanpoker696: folds
Uncalled bet ($6) returned to AzureCaper
AzureCaper collected $23.52 from pot
AzureCaper: doesn't show hand
*** SUMMARY ***
Total pot $24 | Rake $0.48
Board [8s 7s Ad Jd 7c]
Seat 3: jeanpoker696 (button) (small blind) folded on the River
Seat 4: AzureCaper (big blind) collected ($23.52)


PokerStars Hand #155768269025:  Hold'em Limit ($3/$6 USD) - 2016/07/09 16:56:22 ET
Table 'Beograd' 6-max Seat #3 is the button
Seat 3: jeanpoker696 ($109 in chips)
Seat 4: AzureCaper ($82.52 in chips)
jeanpoker696: posts small blind $1
AzureCaper: posts big blind $3
*** HOLE CARDS ***
vestimokrec joins the table at seat #5
jeanpoker696: raises $3 to $6
AzureCaper: calls $3
*** FLOP *** [7c Td 6d]
AzureCaper: checks
jeanpoker696: bets $3
AzureCaper: calls $3
*** TURN *** [7c Td 6d] [Kd]
AzureCaper: checks
jeanpoker696: bets $6
AzureCaper: raises $6 to $12
jeanpoker696: calls $6
*** RIVER *** [7c Td 6d Kd] [5s]
AzureCaper: bets $6
jeanpoker696: folds
Uncalled bet ($6) returned to AzureCaper
AzureCaper collected $41.50 from pot
AzureCaper: doesn't show hand
*** SUMMARY ***
Total pot $42 | Rake $0.50
Board [7c Td 6d Kd 5s]
Seat 3: jeanpoker696 (button) (small blind) folded on the River
Seat 4: AzureCaper (big blind) collected ($41.50)


PokerStars Hand #155768307218:  Hold'em Limit ($3/$6 USD) - 2016/07/09 16:57:31 ET
Table 'Beograd' 6-max Seat #4 is the button
Seat 3: jeanpoker696 ($119.14 in chips)
Seat 4: AzureCaper ($76 in chips)
AzureCaper: posts small blind $1
jeanpoker696: posts big blind $3
*** HOLE CARDS ***
AzureCaper: raises $3 to $6
jeanpoker696: raises $3 to $9
AzureCaper: calls $3
*** FLOP *** [8c 6s Th]
jeanpoker696: bets $3
AzureCaper: calls $3
*** TURN *** [8c 6s Th] [Jd]
jeanpoker696: bets $6
AzureCaper: calls $6
*** RIVER *** [8c 6s Th Jd] [2h]
jeanpoker696: bets $6
AzureCaper: folds
Uncalled bet ($6) returned to jeanpoker696
jeanpoker696 collected $35.50 from pot
*** SUMMARY ***
Total pot $36 | Rake $0.50
Board [8c 6s Th Jd 2h]
Seat 3: jeanpoker696 (big blind) collected ($35.50)
Seat 4: AzureCaper (button) (small blind) folded on the River


PokerStars Hand #155768304538:  Hold'em Limit ($3/$6 USD) - 2016/07/09 16:57:26 ET
Table 'Beograd' 6-max Seat #3 is the button
Seat 3: jeanpoker696 ($120.14 in chips)
Seat 4: AzureCaper ($75 in chips)
jeanpoker696: posts small blind $1
AzureCaper: posts big blind $3
*** HOLE CARDS ***
jeanpoker696: folds
Uncalled bet ($2) returned to AzureCaper
AzureCaper collected $2 from pot
AzureCaper: doesn't show hand
*** SUMMARY ***
Total pot $2 | Rake $0
Seat 3: jeanpoker696 (button) (small blind) folded before Flop
Seat 4: AzureCaper (big blind) collected ($2)


PokerStars Hand #155768301771:  Hold'em Limit ($3/$6 USD) - 2016/07/09 16:57:21 ET
Table 'Beograd' 6-max Seat #4 is the button
Seat 3: jeanpoker696 ($123.14 in chips)
Seat 4: AzureCaper ($72 in chips)
AzureCaper: posts small blind $1
jeanpoker696: posts big blind $3
*** HOLE CARDS ***
AzureCaper: raises $3 to $6
jeanpoker696: folds
Uncalled bet ($3) returned to AzureCaper
AzureCaper collected $6 from pot
AzureCaper: doesn't show hand
*** SUMMARY ***
Total pot $6 | Rake $0
Seat 3: jeanpoker696 (big blind) folded before Flop
Seat 4: AzureCaper (button) (small blind) collected ($6)


PokerStars Hand #155768289716:  Hold'em Limit ($3/$6 USD) - 2016/07/09 16:56:59 ET
Table 'Beograd' 6-max Seat #3 is the button
Seat 3: jeanpoker696 ($96.64 in chips)
Seat 4: AzureCaper ($94.02 in chips)
jeanpoker696: posts small blind $1
AzureCaper: posts big blind $3
*** HOLE CARDS ***
jeanpoker696: raises $3 to $6
AzureCaper: calls $3
*** FLOP *** [8c 2d 7d]
AzureCaper: checks
jeanpoker696: bets $3
AzureCaper: calls $3
*** TURN *** [8c 2d 7d] [4s]
AzureCaper: checks
jeanpoker696: bets $6
AzureCaper: raises $6 to $12
jeanpoker696: calls $6
*** RIVER *** [8c 2d 7d 4s] [Ac]
AzureCaper: bets $6
jeanpoker696: raises $6 to $12
AzureCaper: folds
Uncalled bet ($6) returned to jeanpoker696
jeanpoker696 collected $53.50 from pot
*** SUMMARY ***
Total pot $54 | Rake $0.50
Board [8c 2d 7d 4s Ac]
Seat 3: jeanpoker696 (button) (small blind) collected ($53.50)
Seat 4: AzureCaper (big blind) folded on the River


PokerStars Hand #155768316444:  Hold'em Limit ($3/$6 USD) - 2016/07/09 16:57:47 ET
Table 'Beograd' 6-max Seat #3 is the button
Seat 3: jeanpoker696 ($136.64 in chips)
Seat 4: AzureCaper ($72 in chips)
jeanpoker696: posts small blind $1
AzureCaper: posts big blind $3
*** HOLE CARDS ***
jeanpoker696: raises $3 to $6
AzureCaper: folds
Uncalled bet ($3) returned to jeanpoker696
jeanpoker696 collected $6 from pot
*** SUMMARY ***
Total pot $6 | Rake $0
Seat 3: jeanpoker696 (button) (small blind) collected ($6)
Seat 4: AzureCaper (big blind) folded before Flop


PokerStars Hand #155768280935:  Hold'em Limit ($3/$6 USD) - 2016/07/09 16:56:44 ET
Table 'Beograd' 6-max Seat #4 is the button
Seat 3: jeanpoker696 ($88 in chips)
Seat 4: AzureCaper ($103.02 in chips)
AzureCaper: posts small blind $1
jeanpoker696: posts big blind $3
*** HOLE CARDS ***
AzureCaper: raises $3 to $6
jeanpoker696: calls $3
*** FLOP *** [9h Ac 9c]
jeanpoker696: checks
AzureCaper: bets $3
jeanpoker696: calls $3
*** TURN *** [9h Ac 9c] [5c]
jeanpoker696: checks
AzureCaper: checks
*** RIVER *** [9h Ac 9c 5c] [3s]
jeanpoker696: bets $6
AzureCaper: folds
Uncalled bet ($6) returned to jeanpoker696
jeanpoker696 collected $17.64 from pot
*** SUMMARY ***
Total pot $18 | Rake $0.36
Board [9h Ac 9c 5c 3s]
Seat 3: jeanpoker696 (big blind) collected ($17.64)
Seat 4: AzureCaper (button) (small blind) folded on the River


