PokerStars Hand #164642970530:  Hold'em Limit ($3/$6 USD) - 2017/01/15 18:02:28 ET
Table 'Berbericia' 6-max Seat #2 is the button
Seat 2: cola26licht ($78.97 in chips)
Seat 5: Great_Kang ($120 in chips)
cola26licht: posts small blind $1
Great_Kang: posts big blind $3
*** HOLE CARDS ***
cola26licht: raises $3 to $6
Great_Kang: raises $3 to $9
cola26licht: calls $3
*** FLOP *** [8d 8h 3c]
Great_Kang: bets $3
cola26licht: calls $3
*** TURN *** [8d 8h 3c] [9d]
Great_Kang: checks
cola26licht: checks
*** RIVER *** [8d 8h 3c 9d] [Jd]
Great_Kang: bets $6
cola26licht: raises $6 to $12
Great_Kang: calls $6
*** SHOW DOWN ***
cola26licht: shows [Kd 2d] (a flush, King high)
Great_Kang: mucks hand
cola26licht collected $47.50 from pot
*** SUMMARY ***
Total pot $48 | Rake $0.50
Board [8d 8h 3c 9d Jd]
Seat 2: cola26licht (button) (small blind) showed [Kd 2d] and won ($47.50) with a flush, King high
Seat 5: Great_Kang (big blind) mucked


PokerStars Hand #164643000775:  Hold'em Limit ($3/$6 USD) - 2017/01/15 18:03:02 ET
Table 'Berbericia' 6-max Seat #2 is the button
Seat 2: cola26licht ($99.47 in chips)
Seat 5: Great_Kang ($123 in chips)
cola26licht: posts small blind $1
Great_Kang: posts big blind $3
*** HOLE CARDS ***
cola26licht: raises $3 to $6
Great_Kang: raises $3 to $9
cola26licht: calls $3
*** FLOP *** [6h 5s 7c]
Great_Kang: bets $3
cola26licht: calls $3
*** TURN *** [6h 5s 7c] [2c]
Great_Kang: bets $6
cola26licht: calls $6
*** RIVER *** [6h 5s 7c 2c] [Kh]
Great_Kang: bets $6
cola26licht: calls $6
*** SHOW DOWN ***
Great_Kang: shows [Ad 7h] (a pair of Sevens)
cola26licht: mucks hand
Great_Kang collected $47.50 from pot
*** SUMMARY ***
Total pot $48 | Rake $0.50
Board [6h 5s 7c 2c Kh]
Seat 2: cola26licht (button) (small blind) mucked
Seat 5: Great_Kang (big blind) showed [Ad 7h] and won ($47.50) with a pair of Sevens


PokerStars Hand #164642995050:  Hold'em Limit ($3/$6 USD) - 2017/01/15 18:02:56 ET
Table 'Berbericia' 6-max Seat #5 is the button
Seat 2: cola26licht ($102.47 in chips)
Seat 5: Great_Kang ($120 in chips)
Great_Kang: posts small blind $1
cola26licht: posts big blind $3
*** HOLE CARDS ***
Great_Kang: raises $3 to $6
cola26licht: folds
Uncalled bet ($3) returned to Great_Kang
Great_Kang collected $6 from pot
Great_Kang: doesn't show hand
*** SUMMARY ***
Total pot $6 | Rake $0
Seat 2: cola26licht (big blind) folded before Flop
Seat 5: Great_Kang (button) (small blind) collected ($6)


PokerStars Hand #164643090200:  Hold'em Limit ($3/$6 USD) - 2017/01/15 18:04:42 ET
Table 'Berbericia' 6-max Seat #2 is the button
Seat 2: cola26licht ($80.47 in chips)
Seat 5: Great_Kang ($141.50 in chips)
cola26licht: posts small blind $1
Great_Kang: posts big blind $3
*** HOLE CARDS ***
cola26licht: folds
Uncalled bet ($2) returned to Great_Kang
Great_Kang collected $2 from pot
Great_Kang: doesn't show hand
*** SUMMARY ***
Total pot $2 | Rake $0
Seat 2: cola26licht (button) (small blind) folded before Flop
Seat 5: Great_Kang (big blind) collected ($2)


PokerStars Hand #164643071761:  Hold'em Limit ($3/$6 USD) - 2017/01/15 18:04:22 ET
Table 'Berbericia' 6-max Seat #5 is the button
Seat 2: cola26licht ($79.47 in chips)
Seat 5: Great_Kang ($142.50 in chips)
Great_Kang: posts small blind $1
cola26licht: posts big blind $3
*** HOLE CARDS ***
Great_Kang: folds
Uncalled bet ($2) returned to cola26licht
cola26licht collected $2 from pot
cola26licht: doesn't show hand
*** SUMMARY ***
Total pot $2 | Rake $0
Seat 2: cola26licht (big blind) collected ($2)
Seat 5: Great_Kang (button) (small blind) folded before Flop


PokerStars Hand #164643066106:  Hold'em Limit ($3/$6 USD) - 2017/01/15 18:04:16 ET
Table 'Berbericia' 6-max Seat #2 is the button
Seat 2: cola26licht ($76.47 in chips)
Seat 5: Great_Kang ($145.50 in chips)
cola26licht: posts small blind $1
Great_Kang: posts big blind $3
*** HOLE CARDS ***
cola26licht: raises $3 to $6
Great_Kang: folds
Uncalled bet ($3) returned to cola26licht
cola26licht collected $6 from pot
cola26licht: doesn't show hand
*** SUMMARY ***
Total pot $6 | Rake $0
Seat 2: cola26licht (button) (small blind) collected ($6)
Seat 5: Great_Kang (big blind) folded before Flop


PokerStars Hand #164643045437:  Hold'em Limit ($3/$6 USD) - 2017/01/15 18:03:52 ET
Table 'Berbericia' 6-max Seat #5 is the button
Seat 2: cola26licht ($75.47 in chips)
Seat 5: Great_Kang ($146.50 in chips)
Great_Kang: posts small blind $1
cola26licht: posts big blind $3
*** HOLE CARDS ***
Great_Kang: folds
Uncalled bet ($2) returned to cola26licht
cola26licht collected $2 from pot
cola26licht: doesn't show hand
*** SUMMARY ***
Total pot $2 | Rake $0
Seat 2: cola26licht (big blind) collected ($2)
Seat 5: Great_Kang (button) (small blind) folded before Flop


PokerStars Hand #164643095023:  Hold'em Limit ($3/$6 USD) - 2017/01/15 18:04:48 ET
Table 'Berbericia' 6-max Seat #5 is the button
Seat 2: cola26licht ($79.47 in chips)
Seat 5: Great_Kang ($142.50 in chips)
Great_Kang: posts small blind $1
cola26licht: posts big blind $3
*** HOLE CARDS ***
Great_Kang: folds
Uncalled bet ($2) returned to cola26licht
cola26licht collected $2 from pot
cola26licht: doesn't show hand
*** SUMMARY ***
Total pot $2 | Rake $0
Seat 2: cola26licht (big blind) collected ($2)
Seat 5: Great_Kang (button) (small blind) folded before Flop


PokerStars Hand #164643163230:  Hold'em Limit ($3/$6 USD) - 2017/01/15 18:06:01 ET
Table 'Berbericia' 6-max Seat #5 is the button
Seat 2: cola26licht ($112.97 in chips)
Seat 5: Great_Kang ($120 in chips)
Great_Kang: posts small blind $1
cola26licht: posts big blind $3
*** HOLE CARDS ***
Great_Kang: raises $3 to $6
cola26licht: folds
Uncalled bet ($3) returned to Great_Kang
Great_Kang collected $6 from pot
Great_Kang: doesn't show hand
*** SUMMARY ***
Total pot $6 | Rake $0
Seat 2: cola26licht (big blind) folded before Flop
Seat 5: Great_Kang (button) (small blind) collected ($6)


PokerStars Hand #164643106037:  Hold'em Limit ($3/$6 USD) - 2017/01/15 18:05:00 ET
Table 'Berbericia' 6-max Seat #2 is the button
Seat 2: cola26licht ($80.47 in chips)
Seat 5: Great_Kang ($141.50 in chips)
cola26licht: posts small blind $1
Great_Kang: posts big blind $3
*** HOLE CARDS ***
cola26licht: raises $3 to $6
Great_Kang: raises $3 to $9
cola26licht: raises $3 to $12
Betting is capped
Great_Kang: calls $3
*** FLOP *** [4d Ts 9d]
Great_Kang: checks
cola26licht: bets $3
Great_Kang: calls $3
*** TURN *** [4d Ts 9d] [7c]
Great_Kang: checks
cola26licht: bets $6
Great_Kang: raises $6 to $12
cola26licht: raises $6 to $18
Great_Kang: calls $6
*** RIVER *** [4d Ts 9d 7c] [5s]
Great_Kang: checks
cola26licht: bets $6
Great_Kang: folds
Uncalled bet ($6) returned to cola26licht
cola26licht collected $65.50 from pot
cola26licht: doesn't show hand
*** SUMMARY ***
Total pot $66 | Rake $0.50
Board [4d Ts 9d 7c 5s]
Seat 2: cola26licht (button) (small blind) collected ($65.50)
Seat 5: Great_Kang (big blind) folded on the River


