PokerStars Hand #154779301857:  Hold'em Limit ($3/$6 USD) - 2016/06/15 15:53:52 ET
Table 'Berbericia II' 6-max Seat #4 is the button
Seat 4: Kosova1968 ($99 in chips)
Seat 6: bugsbubble ($200.50 in chips)
Kosova1968: posts small blind $1
bugsbubble: posts big blind $3
*** HOLE CARDS ***
Kosova1968: raises $3 to $6
bugsbubble: calls $3
*** FLOP *** [4s Qs 2d]
bugsbubble: checks
Kosova1968: checks
*** TURN *** [4s Qs 2d] [3d]
bugsbubble: bets $6
Kosova1968: calls $6
*** RIVER *** [4s Qs 2d 3d] [8h]
bugsbubble: checks
Kosova1968: bets $6
bugsbubble: folds
Uncalled bet ($6) returned to Kosova1968
Kosova1968 collected $23.52 from pot
*** SUMMARY ***
Total pot $24 | Rake $0.48
Board [4s Qs 2d 3d 8h]
Seat 4: Kosova1968 (button) (small blind) collected ($23.52)
Seat 6: bugsbubble (big blind) folded on the River


PokerStars Hand #154779331613:  Hold'em Limit ($3/$6 USD) - 2016/06/15 15:54:29 ET
Table 'Berbericia II' 6-max Seat #6 is the button
Seat 4: Kosova1968 ($110.52 in chips)
Seat 6: bugsbubble ($188.50 in chips)
bugsbubble: posts small blind $1
Kosova1968: posts big blind $3
*** HOLE CARDS ***
bugsbubble: folds
Uncalled bet ($2) returned to Kosova1968
Kosova1968 collected $2 from pot
*** SUMMARY ***
Total pot $2 | Rake $0
Seat 4: Kosova1968 (big blind) collected ($2)
Seat 6: bugsbubble (button) (small blind) folded before Flop


PokerStars Hand #154779335734:  Hold'em Limit ($3/$6 USD) - 2016/06/15 15:54:34 ET
Table 'Berbericia II' 6-max Seat #4 is the button
Seat 4: Kosova1968 ($111.52 in chips)
Seat 6: bugsbubble ($187.50 in chips)
Kosova1968: posts small blind $1
bugsbubble: posts big blind $3
*** HOLE CARDS ***
Kosova1968: raises $3 to $6
bugsbubble: calls $3
*** FLOP *** [Ah Qd Kd]
bugsbubble: checks
Kosova1968: bets $3
bugsbubble: calls $3
*** TURN *** [Ah Qd Kd] [8d]
bugsbubble: checks
tomte999 joins the table at seat #1
Kosova1968: bets $6
bugsbubble: folds
Uncalled bet ($6) returned to Kosova1968
Kosova1968 collected $17.64 from pot
*** SUMMARY ***
Total pot $18 | Rake $0.36
Board [Ah Qd Kd 8d]
Seat 4: Kosova1968 (button) (small blind) collected ($17.64)
Seat 6: bugsbubble (big blind) folded on the Turn


PokerStars Hand #154779389209:  Hold'em Limit ($3/$6 USD) - 2016/06/15 15:55:46 ET
Table 'Berbericia II' 6-max Seat #1 is the button
Seat 1: tomte999 ($72 in chips)
Seat 6: bugsbubble ($160.50 in chips)
tomte999: posts small blind $1
Kosova1968: is sitting out
bugsbubble: posts big blind $3
*** HOLE CARDS ***
tomte999: raises $3 to $6
bugsbubble: calls $3
*** FLOP *** [5h 2s 3c]
Kosova1968 is disconnected
bugsbubble: checks
tomte999: bets $3
bugsbubble: raises $3 to $6
tomte999: calls $3
*** TURN *** [5h 2s 3c] [Ah]
ogdealer joins the table at seat #3
bugsbubble: checks
tomte999: checks
*** RIVER *** [5h 2s 3c Ah] [2c]
bugsbubble: bets $6
tomte999: calls $6
*** SHOW DOWN ***
bugsbubble: shows [4h As] (a straight, Ace to Five)
tomte999: mucks hand
bugsbubble collected $35.50 from pot
*** SUMMARY ***
Total pot $36 | Rake $0.50
Board [5h 2s 3c Ah 2c]
Seat 1: tomte999 (button) (small blind) mucked
Seat 6: bugsbubble (big blind) showed [4h As] and won ($35.50) with a straight, Ace to Five


PokerStars Hand #154779451685:  Hold'em Limit ($3/$6 USD) - 2016/06/15 15:57:23 ET
Table 'Berbericia II' 6-max Seat #3 is the button
Seat 1: tomte999 ($72 in chips)
Seat 3: ogdealer ($34.64 in chips)
ogdealer: posts small blind $1
bugsbubble: is sitting out
tomte999: posts big blind $3
*** HOLE CARDS ***
vesap joins the table at seat #2
ogdealer: folds
Uncalled bet ($2) returned to tomte999
tomte999 collected $2 from pot
tomte999: doesn't show hand
*** SUMMARY ***
Total pot $2 | Rake $0
Seat 1: tomte999 (big blind) collected ($2)
Seat 3: ogdealer (button) (small blind) folded before Flop


PokerStars Hand #154779570113:  Hold'em Limit ($3/$6 USD) - 2016/06/15 16:00:20 ET
Table 'Berbericia II' 6-max Seat #1 is the button
Seat 1: tomte999 ($95.57 in chips)
Seat 2: vesap ($92.39 in chips)
tomte999: posts small blind $1
vesap: posts big blind $3
*** HOLE CARDS ***
tomte999: raises $3 to $6
kolaz03 joins the table at seat #5
vesap: raises $3 to $9
tomte999: calls $3
*** FLOP *** [Kh Jc Qd]
vesap: bets $3
tomte999: calls $3
*** TURN *** [Kh Jc Qd] [8c]
vesap: bets $6
tomte999: calls $6
*** RIVER *** [Kh Jc Qd 8c] [3s]
vesap: bets $6
tomte999: calls $6
*** SHOW DOWN ***
vesap: shows [Qc 8h] (two pair, Queens and Eights)
tomte999: mucks hand
vesap collected $47.50 from pot
*** SUMMARY ***
Total pot $48 | Rake $0.50
Board [Kh Jc Qd 8c 3s]
Seat 1: tomte999 (button) (small blind) mucked
Seat 2: vesap (big blind) showed [Qc 8h] and won ($47.50) with two pair, Queens and Eights


PokerStars Hand #154779602299:  Hold'em Limit ($3/$6 USD) - 2016/06/15 16:01:05 ET
Table 'Berbericia II' 6-max Seat #1 is the button
Seat 1: tomte999 ($72 in chips)
Seat 2: vesap ($148.89 in chips)
kolaz03 will be allowed to play after the button
tomte999: posts small blind $1
vesap: posts big blind $3
*** HOLE CARDS ***
tomte999: raises $3 to $6
vesap: raises $3 to $9
tomte999: calls $3
*** FLOP *** [Kd 5c Js]
vesap: bets $3
tomte999: calls $3
*** TURN *** [Kd 5c Js] [Ac]
vesap: bets $6
tomte999: calls $6
*** RIVER *** [Kd 5c Js Ac] [Td]
vesap: checks
tomte999: checks
*** SHOW DOWN ***
vesap: shows [8s 9c] (high card Ace)
tomte999: shows [Jc 9h] (a pair of Jacks)
tomte999 collected $35.50 from pot
*** SUMMARY ***
Total pot $36 | Rake $0.50
Board [Kd 5c Js Ac Td]
Seat 1: tomte999 (button) (small blind) showed [Jc 9h] and won ($35.50) with a pair of Jacks
Seat 2: vesap (big blind) showed [8s 9c] and lost with high card Ace


