PokerStars Hand #171495050250:  Hold'em Limit ($3/$6 USD) - 2017/06/08 2:21:30 ET
Table 'Berenike' 6-max Seat #3 is the button
Seat 3: **Geka**555 ($40.64 in chips)
Seat 5: nizogor77 ($68.76 in chips)
**Geka**555: posts small blind $1
nizogor77: posts big blind $3
*** HOLE CARDS ***
**Geka**555: raises $3 to $6
nizogor77: folds
Uncalled bet ($3) returned to **Geka**555
**Geka**555 collected $6 from pot
**Geka**555: doesn't show hand
*** SUMMARY ***
Total pot $6 | Rake $0
Seat 3: **Geka**555 (button) (small blind) collected ($6)
Seat 5: nizogor77 (big blind) folded before Flop


PokerStars Hand #171495047811:  Hold'em Limit ($3/$6 USD) - 2017/06/08 2:21:20 ET
Table 'Berenike' 6-max Seat #5 is the button
Seat 3: **Geka**555 ($46.64 in chips)
Seat 5: nizogor77 ($63 in chips)
nizogor77: posts small blind $1
**Geka**555: posts big blind $3
*** HOLE CARDS ***
nizogor77: raises $3 to $6
**Geka**555: calls $3
*** FLOP *** [Kd 4s Ad]
**Geka**555: checks
nizogor77: bets $3
**Geka**555: folds
Uncalled bet ($3) returned to nizogor77
nizogor77 collected $11.76 from pot
nizogor77: doesn't show hand
*** SUMMARY ***
Total pot $12 | Rake $0.24
Board [Kd 4s Ad]
Seat 3: **Geka**555 (big blind) folded on the Flop
Seat 5: nizogor77 (button) (small blind) collected ($11.76)


PokerStars Hand #171495043889:  Hold'em Limit ($3/$6 USD) - 2017/06/08 2:21:05 ET
Table 'Berenike' 6-max Seat #3 is the button
Seat 3: **Geka**555 ($38 in chips)
Seat 5: nizogor77 ($72 in chips)
**Geka**555: posts small blind $1
nizogor77: posts big blind $3
*** HOLE CARDS ***
**Geka**555: calls $2
nizogor77: checks
*** FLOP *** [Ks Ac Ad]
nizogor77: checks
VolkovDmitri leaves the table
**Geka**555: checks
*** TURN *** [Ks Ac Ad] [7h]
nizogor77: bets $6
**Geka**555: raises $6 to $12
nizogor77: folds
Uncalled bet ($6) returned to **Geka**555
**Geka**555 collected $17.64 from pot
**Geka**555: doesn't show hand
*** SUMMARY ***
Total pot $18 | Rake $0.36
Board [Ks Ac Ad 7h]
Seat 3: **Geka**555 (button) (small blind) collected ($17.64)
Seat 5: nizogor77 (big blind) folded on the Turn


PokerStars Hand #171495064995:  Hold'em Limit ($3/$6 USD) - 2017/06/08 2:22:28 ET
Table 'Berenike' 6-max Seat #3 is the button
Seat 3: **Geka**555 ($30.40 in chips)
Seat 5: nizogor77 ($78.26 in chips)
**Geka**555: posts small blind $1
nizogor77: posts big blind $3
*** HOLE CARDS ***
**Geka**555: folds
Uncalled bet ($2) returned to nizogor77
nizogor77 collected $2 from pot
nizogor77: doesn't show hand
*** SUMMARY ***
Total pot $2 | Rake $0
Seat 3: **Geka**555 (button) (small blind) folded before Flop
Seat 5: nizogor77 (big blind) collected ($2)


PokerStars Hand #171495063498:  Hold'em Limit ($3/$6 USD) - 2017/06/08 2:22:22 ET
Table 'Berenike' 6-max Seat #5 is the button
Seat 3: **Geka**555 ($29.40 in chips)
Seat 5: nizogor77 ($79.26 in chips)
nizogor77: posts small blind $1
**Geka**555: posts big blind $3
*** HOLE CARDS ***
nizogor77: folds
Uncalled bet ($2) returned to **Geka**555
**Geka**555 collected $2 from pot
**Geka**555: doesn't show hand
*** SUMMARY ***
Total pot $2 | Rake $0
Seat 3: **Geka**555 (big blind) collected ($2)
Seat 5: nizogor77 (button) (small blind) folded before Flop


PokerStars Hand #171495061001:  Hold'em Limit ($3/$6 USD) - 2017/06/08 2:22:12 ET
Table 'Berenike' 6-max Seat #3 is the button
Seat 3: **Geka**555 ($23.64 in chips)
Seat 5: nizogor77 ($85.26 in chips)
**Geka**555: posts small blind $1
nizogor77: posts big blind $3
*** HOLE CARDS ***
**Geka**555: raises $3 to $6
nizogor77: calls $3
*** FLOP *** [6s 5c Jc]
nizogor77: checks
**Geka**555: bets $3
nizogor77: folds
Uncalled bet ($3) returned to **Geka**555
**Geka**555 collected $11.76 from pot
**Geka**555: doesn't show hand
*** SUMMARY ***
Total pot $12 | Rake $0.24
Board [6s 5c Jc]
Seat 3: **Geka**555 (button) (small blind) collected ($11.76)
Seat 5: nizogor77 (big blind) folded on the Flop


PokerStars Hand #171495051588:  Hold'em Limit ($3/$6 USD) - 2017/06/08 2:21:35 ET
Table 'Berenike' 6-max Seat #5 is the button
Seat 3: **Geka**555 ($43.64 in chips)
Seat 5: nizogor77 ($65.76 in chips)
nizogor77: posts small blind $1
**Geka**555: posts big blind $3
*** HOLE CARDS ***
nizogor77: raises $3 to $6
**Geka**555: raises $3 to $9
nizogor77: calls $3
*** FLOP *** [8h 7c Qh]
**Geka**555: bets $3
nizogor77: calls $3
*** TURN *** [8h 7c Qh] [2d]
**Geka**555: bets $6
nizogor77: calls $6
*** RIVER *** [8h 7c Qh 2d] [4s]
**Geka**555: bets $6
nizogor77: calls $6
*** SHOW DOWN ***
**Geka**555: shows [8c Ah] (a pair of Eights)
nizogor77: shows [Ts Qd] (a pair of Queens)
nizogor77 collected $47.50 from pot
*** SUMMARY ***
Total pot $48 | Rake $0.50
Board [8h 7c Qh 2d 4s]
Seat 3: **Geka**555 (big blind) showed [8c Ah] and lost with a pair of Eights
Seat 5: nizogor77 (button) (small blind) showed [Ts Qd] and won ($47.50) with a pair of Queens


PokerStars Hand #171495059775:  Hold'em Limit ($3/$6 USD) - 2017/06/08 2:22:07 ET
Table 'Berenike' 6-max Seat #5 is the button
Seat 3: **Geka**555 ($22.64 in chips)
Seat 5: nizogor77 ($86.26 in chips)
nizogor77: posts small blind $1
**Geka**555: posts big blind $3
*** HOLE CARDS ***
nizogor77: folds
Uncalled bet ($2) returned to **Geka**555
**Geka**555 collected $2 from pot
**Geka**555: doesn't show hand
*** SUMMARY ***
Total pot $2 | Rake $0
Seat 3: **Geka**555 (big blind) collected ($2)
Seat 5: nizogor77 (button) (small blind) folded before Flop


PokerStars Hand #171495056423:  Hold'em Limit ($3/$6 USD) - 2017/06/08 2:21:54 ET
Table 'Berenike' 6-max Seat #3 is the button
Seat 3: **Geka**555 ($19.64 in chips)
Seat 5: nizogor77 ($89.26 in chips)
**Geka**555: posts small blind $1
nizogor77: posts big blind $3
*** HOLE CARDS ***
**Geka**555: raises $3 to $6
nizogor77: folds
Uncalled bet ($3) returned to **Geka**555
**Geka**555 collected $6 from pot
**Geka**555: doesn't show hand
*** SUMMARY ***
Total pot $6 | Rake $0
Seat 3: **Geka**555 (button) (small blind) collected ($6)
Seat 5: nizogor77 (big blind) folded before Flop


PokerStars Hand #171495066231:  Hold'em Limit ($3/$6 USD) - 2017/06/08 2:22:33 ET
Table 'Berenike' 6-max Seat #5 is the button
Seat 3: **Geka**555 ($29.40 in chips)
Seat 5: nizogor77 ($79.26 in chips)
nizogor77: posts small blind $1
**Geka**555: posts big blind $3
*** HOLE CARDS ***
nizogor77: calls $2
**Geka**555: raises $3 to $6
nizogor77: calls $3
*** FLOP *** [8c 8h Kc]
**Geka**555: bets $3
nizogor77: calls $3
*** TURN *** [8c 8h Kc] [7d]
**Geka**555: checks
nizogor77: bets $6
**Geka**555: raises $6 to $12
nizogor77: raises $6 to $18
**Geka**555: raises $2.40 to $20.40 and is all-in
Betting is capped
nizogor77: calls $2.40
*** RIVER *** [8c 8h Kc 7d] [4h]
*** SHOW DOWN ***
**Geka**555: shows [Kd Th] (two pair, Kings and Eights)
nizogor77: shows [6d 5c] (a straight, Four to Eight)
nizogor77 collected $58.30 from pot
*** SUMMARY ***
Total pot $58.80 | Rake $0.50
Board [8c 8h Kc 7d 4h]
Seat 3: **Geka**555 (big blind) showed [Kd Th] and lost with two pair, Kings and Eights
Seat 5: nizogor77 (button) (small blind) showed [6d 5c] and won ($58.30) with a straight, Four to Eight


