PokerStars Hand #160864194662:  Hold'em Limit ($3/$6 USD) - 2016/11/03 20:06:40 ET
Table 'Berenike' 6-max Seat #3 is the button
Seat 3: LWNS ($119.34 in chips)
Seat 6: krytalex ($168.77 in chips)
LWNS: posts small blind $1
GrumpyGonzo: is sitting out
krytalex: posts big blind $3
*** HOLE CARDS ***
LWNS: folds
Uncalled bet ($2) returned to krytalex
krytalex collected $2 from pot
*** SUMMARY ***
Total pot $2 | Rake $0
Seat 3: LWNS (button) (small blind) folded before Flop
Seat 6: krytalex (big blind) collected ($2)


PokerStars Hand #160864301083:  Hold'em Limit ($3/$6 USD) - 2016/11/03 20:09:11 ET
Table 'Berenike' 6-max Seat #1 is the button
Seat 1: loessoe16 ($121 in chips)
Seat 6: krytalex ($168.77 in chips)
loessoe16: posts small blind $1
krytalex: posts big blind $3
*** HOLE CARDS ***
loessoe16: calls $2
krytalex: checks
*** FLOP *** [As 7c Ts]
krytalex: bets $3
loessoe16: folds
Uncalled bet ($3) returned to krytalex
krytalex collected $5.88 from pot
*** SUMMARY ***
Total pot $6 | Rake $0.12
Board [As 7c Ts]
Seat 1: loessoe16 (button) (small blind) folded on the Flop
Seat 6: krytalex (big blind) collected ($5.88)


PokerStars Hand #160864285386:  Hold'em Limit ($3/$6 USD) - 2016/11/03 20:08:47 ET
Table 'Berenike' 6-max Seat #6 is the button
Seat 1: loessoe16 ($120 in chips)
Seat 6: krytalex ($169.77 in chips)
krytalex: posts small blind $1
loessoe16: posts big blind $3
*** HOLE CARDS ***
krytalex: folds
Uncalled bet ($2) returned to loessoe16
loessoe16 collected $2 from pot
loessoe16: doesn't show hand
*** SUMMARY ***
Total pot $2 | Rake $0
Seat 1: loessoe16 (big blind) collected ($2)
Seat 6: krytalex (button) (small blind) folded before Flop


PokerStars Hand #160864336109:  Hold'em Limit ($3/$6 USD) - 2016/11/03 20:10:06 ET
Table 'Berenike' 6-max Seat #1 is the button
Seat 1: loessoe16 ($126.64 in chips)
Seat 6: krytalex ($162.65 in chips)
loessoe16: posts small blind $1
krytalex: posts big blind $3
*** HOLE CARDS ***
ToDaFelt joins the table at seat #2
loessoe16: folds
Uncalled bet ($2) returned to krytalex
krytalex collected $2 from pot
*** SUMMARY ***
Total pot $2 | Rake $0
Seat 1: loessoe16 (button) (small blind) folded before Flop
Seat 6: krytalex (big blind) collected ($2)


PokerStars Hand #160864310791:  Hold'em Limit ($3/$6 USD) - 2016/11/03 20:09:26 ET
Table 'Berenike' 6-max Seat #6 is the button
Seat 1: loessoe16 ($118 in chips)
Seat 6: krytalex ($171.65 in chips)
krytalex: posts small blind $1
loessoe16: posts big blind $3
*** HOLE CARDS ***
krytalex: raises $3 to $6
loessoe16: calls $3
*** FLOP *** [9c 6c Jd]
loessoe16: bets $3
krytalex: calls $3
*** TURN *** [9c 6c Jd] [7h]
loessoe16: bets $6
krytalex: folds
Uncalled bet ($6) returned to loessoe16
loessoe16 collected $17.64 from pot
loessoe16: doesn't show hand
*** SUMMARY ***
Total pot $18 | Rake $0.36
Board [9c 6c Jd 7h]
Seat 1: loessoe16 (big blind) collected ($17.64)
Seat 6: krytalex (button) (small blind) folded on the Turn


PokerStars Hand #160864340421:  Hold'em Limit ($3/$6 USD) - 2016/11/03 20:10:12 ET
Table 'Berenike' 6-max Seat #6 is the button
Seat 1: loessoe16 ($125.64 in chips)
Seat 6: krytalex ($163.65 in chips)
krytalex: posts small blind $1
loessoe16: posts big blind $3
*** HOLE CARDS ***
krytalex: raises $3 to $6
loessoe16: raises $3 to $9
krytalex: calls $3
*** FLOP *** [2h Qd 6c]
loessoe16: bets $3
krytalex: folds
Uncalled bet ($3) returned to loessoe16
loessoe16 collected $17.64 from pot
*** SUMMARY ***
Total pot $18 | Rake $0.36
Board [2h Qd 6c]
Seat 1: loessoe16 (big blind) collected ($17.64)
Seat 6: krytalex (button) (small blind) folded on the Flop


PokerStars Hand #160865132629:  Hold'em Limit ($3/$6 USD) - 2016/11/03 20:31:33 ET
Table 'Berenike' 6-max Seat #2 is the button
Seat 2: ToDaFelt ($126.15 in chips)
Seat 6: krytalex ($118.56 in chips)
ToDaFelt: posts small blind $1
krytalex: posts big blind $3
*** HOLE CARDS ***
ToDaFelt: raises $3 to $6
Jordanovvv leaves the table
krytalex: calls $3
*** FLOP *** [7s Jd Qh]
krytalex: checks
ToDaFelt: bets $3
krytalex: calls $3
*** TURN *** [7s Jd Qh] [5c]
krytalex: checks
ToDaFelt: bets $6
krytalex: folds
Uncalled bet ($6) returned to ToDaFelt
ToDaFelt collected $17.64 from pot
ToDaFelt: doesn't show hand
*** SUMMARY ***
Total pot $18 | Rake $0.36
Board [7s Jd Qh 5c]
Seat 2: ToDaFelt (button) (small blind) collected ($17.64)
Seat 6: krytalex (big blind) folded on the Turn


