PokerStars Hand #160027087158:  Hold'em Limit ($3/$6 USD) - 2016/10/16 15:57:08 ET
Table 'Bernoulli' 6-max Seat #4 is the button
Seat 1: Coldhandnik ($50 in chips)
Seat 4: FHstyles ($89.50 in chips)
FHstyles: posts small blind $1
Coldhandnik: posts big blind $3
*** HOLE CARDS ***
-25an- joins the table at seat #3
FHstyles: raises $3 to $6
Coldhandnik: folds
Uncalled bet ($3) returned to FHstyles
FHstyles collected $6 from pot
FHstyles: doesn't show hand
*** SUMMARY ***
Total pot $6 | Rake $0
Seat 1: Coldhandnik (big blind) folded before Flop
Seat 4: FHstyles (button) (small blind) collected ($6)


PokerStars Hand #160027064890:  Hold'em Limit ($3/$6 USD) - 2016/10/16 15:56:37 ET
Table 'Bernoulli' 6-max Seat #1 is the button
Seat 1: Coldhandnik ($80 in chips)
Seat 4: FHstyles ($60 in chips)
Coldhandnik: posts small blind $1
FHstyles: posts big blind $3
*** HOLE CARDS ***
Coldhandnik: raises $3 to $6
FHstyles: calls $3
*** FLOP *** [9s Kd Tc]
FHstyles: checks
Coldhandnik: bets $3
FHstyles: raises $3 to $6
Coldhandnik: calls $3
*** TURN *** [9s Kd Tc] [8s]
FHstyles: bets $6
Coldhandnik: raises $6 to $12
FHstyles: calls $6
*** RIVER *** [9s Kd Tc 8s] [Kc]
FHstyles: checks
Coldhandnik: bets $6
FHstyles: calls $6
*** SHOW DOWN ***
Coldhandnik: shows [2c Jh] (a pair of Kings)
FHstyles: shows [Ts 2d] (two pair, Kings and Tens)
FHstyles collected $59.50 from pot
*** SUMMARY ***
Total pot $60 | Rake $0.50
Board [9s Kd Tc 8s Kc]
Seat 1: Coldhandnik (button) (small blind) showed [2c Jh] and lost with a pair of Kings
Seat 4: FHstyles (big blind) showed [Ts 2d] and won ($59.50) with two pair, Kings and Tens


PokerStars Hand #160027136487:  Hold'em Limit ($3/$6 USD) - 2016/10/16 15:58:17 ET
Table 'Bernoulli' 6-max Seat #3 is the button
Seat 3: -25an- ($32 in chips)
Seat 4: FHstyles ($149.32 in chips)
dmonr will be allowed to play after the button
-25an-: posts small blind $1
FHstyles: posts big blind $3
*** HOLE CARDS ***
-25an-: folds
Uncalled bet ($2) returned to FHstyles
FHstyles collected $2 from pot
FHstyles: doesn't show hand
*** SUMMARY ***
Total pot $2 | Rake $0
Seat 3: -25an- (button) (small blind) folded before Flop
Seat 4: FHstyles (big blind) collected ($2)


PokerStars Hand #160030594387:  Hold'em Limit ($3/$6 USD) - 2016/10/16 17:00:28 ET
Table 'Bernoulli' 6-max Seat #5 is the button
Seat 5: h83yj ($521.30 in chips)
Seat 6: Great_Kang ($120.07 in chips)
h83yj: posts small blind $1
Great_Kang: posts big blind $3
*** HOLE CARDS ***
h83yj: raises $3 to $6
Great_Kang: raises $3 to $9
pöci9 joins the table at seat #4
h83yj: calls $3
*** FLOP *** [4s 9s 2s]
Great_Kang: bets $3
h83yj: raises $3 to $6
Great_Kang: folds
Uncalled bet ($3) returned to h83yj
h83yj collected $23.52 from pot
h83yj: doesn't show hand
*** SUMMARY ***
Total pot $24 | Rake $0.48
Board [4s 9s 2s]
Seat 5: h83yj (button) (small blind) collected ($23.52)
Seat 6: Great_Kang (big blind) folded on the Flop


PokerStars Hand #160030566859:  Hold'em Limit ($3/$6 USD) - 2016/10/16 16:59:50 ET
Table 'Bernoulli' 6-max Seat #6 is the button
Seat 5: h83yj ($512.66 in chips)
Seat 6: Great_Kang ($129.07 in chips)
Great_Kang: posts small blind $1
h83yj: posts big blind $3
*** HOLE CARDS ***
Great_Kang: raises $3 to $6
h83yj: calls $3
*** FLOP *** [Jc 2h 9d]
h83yj: checks
Great_Kang: bets $3
h83yj: calls $3
*** TURN *** [Jc 2h 9d] [Kc]
h83yj: checks
Great_Kang: checks
*** RIVER *** [Jc 2h 9d Kc] [Jd]
h83yj: bets $6
Great_Kang: folds
Uncalled bet ($6) returned to h83yj
h83yj collected $17.64 from pot
h83yj: doesn't show hand
*** SUMMARY ***
Total pot $18 | Rake $0.36
Board [Jc 2h 9d Kc Jd]
Seat 5: h83yj (big blind) collected ($17.64)
Seat 6: Great_Kang (button) (small blind) folded on the River


PokerStars Hand #160033707903:  Hold'em Limit ($3/$6 USD) - 2016/10/16 17:59:40 ET
Table 'Bernoulli' 6-max Seat #2 is the button
Seat 2: RaisemyNut$ ($127.48 in chips)
Seat 6: arocar ($169.29 in chips)
ABATAPP will be allowed to play after the button
RaisemyNut$: posts small blind $1
arocar: posts big blind $3
*** HOLE CARDS ***
RaisemyNut$: raises $3 to $6
arocar: raises $3 to $9
RaisemyNut$: calls $3
*** FLOP *** [2s Kc 3h]
arocar: bets $3
RaisemyNut$: calls $3
*** TURN *** [2s Kc 3h] [Ah]
arocar: bets $6
RaisemyNut$: raises $6 to $12
arocar: calls $6
*** RIVER *** [2s Kc 3h Ah] [9s]
arocar: checks
RaisemyNut$: bets $6
arocar: calls $6
*** SHOW DOWN ***
RaisemyNut$: shows [4s Ad] (a pair of Aces)
arocar: shows [As Jc] (a pair of Aces - King+Jack kicker)
arocar collected $59.50 from pot
*** SUMMARY ***
Total pot $60 | Rake $0.50
Board [2s Kc 3h Ah 9s]
Seat 2: RaisemyNut$ (button) (small blind) showed [4s Ad] and lost with a pair of Aces
Seat 6: arocar (big blind) showed [As Jc] and won ($59.50) with a pair of Aces


PokerStars Hand #160033770382:  Hold'em Limit ($3/$6 USD) - 2016/10/16 18:01:06 ET
Table 'Bernoulli' 6-max Seat #1 is the button
Seat 1: ABATAPP ($95 in chips)
Seat 2: RaisemyNut$ ($116.13 in chips)
ABATAPP: posts small blind $1
RaisemyNut$: posts big blind $3
*** HOLE CARDS ***
arocar leaves the table
ABATAPP: folds
Uncalled bet ($2) returned to RaisemyNut$
ABATAPP leaves the table
RaisemyNut$ collected $2 from pot
RaisemyNut$: doesn't show hand
*** SUMMARY ***
Total pot $2 | Rake $0
Seat 1: ABATAPP (button) (small blind) folded before Flop
Seat 2: RaisemyNut$ (big blind) collected ($2)


