PokerStars Hand #146262594240:  Hold'em Limit ($3/$6 USD) - 2016/01/01 5:39:15 ET
Table 'Bernardina' 2-max Seat #2 is the button
Seat 1: kaputnikoff ($60 in chips)
Seat 2: vitalik1203 ($78.32 in chips)
vitalik1203: posts small blind $1
kaputnikoff: posts big blind $3
*** HOLE CARDS ***
vitalik1203: raises $3 to $6
kaputnikoff: raises $3 to $9
vitalik1203: calls $3
*** FLOP *** [Qh 7c 8c]
kaputnikoff: bets $3
vitalik1203: calls $3
*** TURN *** [Qh 7c 8c] [Kc]
kaputnikoff: checks
vitalik1203: bets $6
kaputnikoff: calls $6
*** RIVER *** [Qh 7c 8c Kc] [9d]
kaputnikoff: checks
vitalik1203: checks
*** SHOW DOWN ***
kaputnikoff: shows [Tc Ad] (high card Ace)
vitalik1203: mucks hand
kaputnikoff collected $35.50 from pot
*** SUMMARY ***
Total pot $36 | Rake $0.50
Board [Qh 7c 8c Kc 9d]
Seat 1: kaputnikoff (big blind) showed [Tc Ad] and won ($35.50) with high card Ace
Seat 2: vitalik1203 (button) (small blind) mucked


PokerStars Hand #146262613250:  Hold'em Limit ($3/$6 USD) - 2016/01/01 5:40:00 ET
Table 'Bernardina' 2-max Seat #2 is the button
Seat 1: kaputnikoff ($71.50 in chips)
Seat 2: vitalik1203 ($66.08 in chips)
vitalik1203: posts small blind $1
kaputnikoff: posts big blind $3
*** HOLE CARDS ***
vitalik1203: calls $2
kaputnikoff: raises $3 to $6
vitalik1203: raises $3 to $9
kaputnikoff: calls $3
*** FLOP *** [8h 4c 6h]
kaputnikoff: checks
vitalik1203: bets $3
kaputnikoff: calls $3
*** TURN *** [8h 4c 6h] [9c]
kaputnikoff: checks
vitalik1203: bets $6
kaputnikoff: folds
Uncalled bet ($6) returned to vitalik1203
vitalik1203 collected $23.52 from pot
*** SUMMARY ***
Total pot $24 | Rake $0.48
Board [8h 4c 6h 9c]
Seat 1: kaputnikoff (big blind) folded on the Turn
Seat 2: vitalik1203 (button) (small blind) collected ($23.52)


PokerStars Hand #146262607959:  Hold'em Limit ($3/$6 USD) - 2016/01/01 5:39:47 ET
Table 'Bernardina' 2-max Seat #1 is the button
Seat 1: kaputnikoff ($77.50 in chips)
Seat 2: vitalik1203 ($60.32 in chips)
kaputnikoff: posts small blind $1
vitalik1203: posts big blind $3
*** HOLE CARDS ***
kaputnikoff: raises $3 to $6
vitalik1203: calls $3
*** FLOP *** [Ts 9c 9d]
vitalik1203: bets $3
kaputnikoff: folds
Uncalled bet ($3) returned to vitalik1203
vitalik1203 collected $11.76 from pot
vitalik1203: doesn't show hand
*** SUMMARY ***
Total pot $12 | Rake $0.24
Board [Ts 9c 9d]
Seat 1: kaputnikoff (button) (small blind) folded on the Flop
Seat 2: vitalik1203 (big blind) collected ($11.76)


PokerStars Hand #146262652597:  Hold'em Limit ($3/$6 USD) - 2016/01/01 5:41:31 ET
Table 'Bernardina' 2-max Seat #2 is the button
Seat 1: kaputnikoff ($86.50 in chips)
Seat 2: vitalik1203 ($50.60 in chips)
vitalik1203: posts small blind $1
kaputnikoff: posts big blind $3
*** HOLE CARDS ***
vitalik1203: raises $3 to $6
kaputnikoff: folds
Uncalled bet ($3) returned to vitalik1203
vitalik1203 collected $6 from pot
vitalik1203: doesn't show hand
*** SUMMARY ***
Total pot $6 | Rake $0
Seat 1: kaputnikoff (big blind) folded before Flop
Seat 2: vitalik1203 (button) (small blind) collected ($6)


PokerStars Hand #146262635583:  Hold'em Limit ($3/$6 USD) - 2016/01/01 5:40:52 ET
Table 'Bernardina' 2-max Seat #1 is the button
Seat 1: kaputnikoff ($60 in chips)
Seat 2: vitalik1203 ($77.60 in chips)
kaputnikoff: posts small blind $1
vitalik1203: posts big blind $3
*** HOLE CARDS ***
kaputnikoff: raises $3 to $6
vitalik1203: calls $3
*** FLOP *** [Th 4h 6c]
vitalik1203: bets $3
kaputnikoff: calls $3
*** TURN *** [Th 4h 6c] [9h]
vitalik1203: bets $6
kaputnikoff: raises $6 to $12
vitalik1203: calls $6
*** RIVER *** [Th 4h 6c 9h] [4d]
vitalik1203: checks
kaputnikoff: bets $6
vitalik1203: calls $6
*** SHOW DOWN ***
kaputnikoff: shows [8h Ah] (a flush, Ace high)
vitalik1203: mucks hand
kaputnikoff collected $53.50 from pot
*** SUMMARY ***
Total pot $54 | Rake $0.50
Board [Th 4h 6c 9h 4d]
Seat 1: kaputnikoff (button) (small blind) showed [8h Ah] and won ($53.50) with a flush, Ace high
Seat 2: vitalik1203 (big blind) mucked


PokerStars Hand #146262673757:  Hold'em Limit ($3/$6 USD) - 2016/01/01 5:42:21 ET
Table 'Bernardina' 2-max Seat #1 is the button
Seat 1: kaputnikoff ($97.90 in chips)
Seat 2: vitalik1203 ($38.60 in chips)
kaputnikoff: posts small blind $1
vitalik1203: posts big blind $3
*** HOLE CARDS ***
kaputnikoff: raises $3 to $6
vitalik1203: calls $3
*** FLOP *** [Th Qs 4d]
vitalik1203: bets $3
kaputnikoff: calls $3
*** TURN *** [Th Qs 4d] [Kh]
vitalik1203: checks
kaputnikoff: checks
*** RIVER *** [Th Qs 4d Kh] [3d]
vitalik1203: bets $6
kaputnikoff: calls $6
*** SHOW DOWN ***
vitalik1203: shows [4s 2c] (a pair of Fours)
kaputnikoff: mucks hand
vitalik1203 collected $29.50 from pot
*** SUMMARY ***
Total pot $30 | Rake $0.50
Board [Th Qs 4d Kh 3d]
Seat 1: kaputnikoff (button) (small blind) mucked
Seat 2: vitalik1203 (big blind) showed [4s 2c] and won ($29.50) with a pair of Fours


PokerStars Hand #146262664146:  Hold'em Limit ($3/$6 USD) - 2016/01/01 5:41:58 ET
Table 'Bernardina' 2-max Seat #2 is the button
Seat 1: kaputnikoff ($92.14 in chips)
Seat 2: vitalik1203 ($44.60 in chips)
vitalik1203: posts small blind $1
kaputnikoff: posts big blind $3
*** HOLE CARDS ***
vitalik1203: raises $3 to $6
kaputnikoff: calls $3
*** FLOP *** [Qd 5c Kd]
kaputnikoff: checks
vitalik1203: checks
*** TURN *** [Qd 5c Kd] [2c]
kaputnikoff: checks
vitalik1203: checks
*** RIVER *** [Qd 5c Kd 2c] [Qc]
kaputnikoff: checks
vitalik1203: checks
*** SHOW DOWN ***
kaputnikoff: shows [Js 2d] (two pair, Queens and Deuces)
vitalik1203: mucks hand
kaputnikoff collected $11.76 from pot
*** SUMMARY ***
Total pot $12 | Rake $0.24
Board [Qd 5c Kd 2c Qc]
Seat 1: kaputnikoff (big blind) showed [Js 2d] and won ($11.76) with two pair, Queens and Deuces
Seat 2: vitalik1203 (button) (small blind) mucked


PokerStars Hand #146262658003:  Hold'em Limit ($3/$6 USD) - 2016/01/01 5:41:44 ET
Table 'Bernardina' 2-max Seat #1 is the button
Seat 1: kaputnikoff ($83.50 in chips)
Seat 2: vitalik1203 ($53.60 in chips)
kaputnikoff: posts small blind $1
vitalik1203: posts big blind $3
*** HOLE CARDS ***
kaputnikoff: raises $3 to $6
vitalik1203: raises $3 to $9
kaputnikoff: calls $3
*** FLOP *** [4h 3h Jh]
vitalik1203: checks
kaputnikoff: bets $3
vitalik1203: folds
Uncalled bet ($3) returned to kaputnikoff
kaputnikoff collected $17.64 from pot
kaputnikoff: doesn't show hand
*** SUMMARY ***
Total pot $18 | Rake $0.36
Board [4h 3h Jh]
Seat 1: kaputnikoff (button) (small blind) collected ($17.64)
Seat 2: vitalik1203 (big blind) folded on the Flop


PokerStars Hand #146262695243:  Hold'em Limit ($3/$6 USD) - 2016/01/01 5:43:11 ET
Table 'Bernardina' 2-max Seat #2 is the button
Seat 1: kaputnikoff ($84.78 in chips)
Seat 2: vitalik1203 ($51.10 in chips)
vitalik1203: posts small blind $1
kaputnikoff: posts big blind $3
*** HOLE CARDS ***
vitalik1203: calls $2
kaputnikoff: raises $3 to $6
vitalik1203: calls $3
*** FLOP *** [6c 9d Jh]
kaputnikoff: bets $3
vitalik1203: calls $3
*** TURN *** [6c 9d Jh] [6h]
kaputnikoff: checks
vitalik1203: checks
*** RIVER *** [6c 9d Jh 6h] [As]
kaputnikoff: bets $6
vitalik1203: folds
Uncalled bet ($6) returned to kaputnikoff
kaputnikoff collected $17.64 from pot
kaputnikoff: doesn't show hand
*** SUMMARY ***
Total pot $18 | Rake $0.36
Board [6c 9d Jh 6h As]
Seat 1: kaputnikoff (big blind) collected ($17.64)
Seat 2: vitalik1203 (button) (small blind) folded on the River


PokerStars Hand #146262692047:  Hold'em Limit ($3/$6 USD) - 2016/01/01 5:43:04 ET
Table 'Bernardina' 2-max Seat #1 is the button
Seat 1: kaputnikoff ($85.78 in chips)
Seat 2: vitalik1203 ($50.10 in chips)
kaputnikoff: posts small blind $1
vitalik1203: posts big blind $3
*** HOLE CARDS ***
kaputnikoff: folds
Uncalled bet ($2) returned to vitalik1203
vitalik1203 collected $2 from pot
*** SUMMARY ***
Total pot $2 | Rake $0
Seat 1: kaputnikoff (button) (small blind) folded before Flop
Seat 2: vitalik1203 (big blind) collected ($2)


PokerStars Hand #146262682212:  Hold'em Limit ($3/$6 USD) - 2016/01/01 5:42:40 ET
Table 'Bernardina' 2-max Seat #2 is the button
Seat 1: kaputnikoff ($82.90 in chips)
Seat 2: vitalik1203 ($53.10 in chips)
vitalik1203: posts small blind $1
kaputnikoff: posts big blind $3
*** HOLE CARDS ***
vitalik1203: calls $2
kaputnikoff: checks
*** FLOP *** [3c Qs 8c]
kaputnikoff: checks
vitalik1203: checks
*** TURN *** [3c Qs 8c] [5d]
kaputnikoff: checks
vitalik1203: checks
*** RIVER *** [3c Qs 8c 5d] [5s]
kaputnikoff: bets $6
vitalik1203: folds
Uncalled bet ($6) returned to kaputnikoff
kaputnikoff collected $5.88 from pot
kaputnikoff: doesn't show hand
*** SUMMARY ***
Total pot $6 | Rake $0.12
Board [3c Qs 8c 5d 5s]
Seat 1: kaputnikoff (big blind) collected ($5.88)
Seat 2: vitalik1203 (button) (small blind) folded on the River


PokerStars Hand #146262727884:  Hold'em Limit ($3/$6 USD) - 2016/01/01 5:44:27 ET
Table 'Bernardina' 2-max Seat #1 is the button
Seat 1: kaputnikoff ($60 in chips)
Seat 2: vitalik1203 ($77.36 in chips)
kaputnikoff: posts small blind $1
vitalik1203: posts big blind $3
*** HOLE CARDS ***
kaputnikoff: raises $3 to $6
vitalik1203: raises $3 to $9
kaputnikoff: calls $3
*** FLOP *** [5d 2c 6h]
vitalik1203: bets $3
kaputnikoff: calls $3
*** TURN *** [5d 2c 6h] [Js]
vitalik1203: bets $6
kaputnikoff: calls $6
*** RIVER *** [5d 2c 6h Js] [Jh]
vitalik1203: bets $6
kaputnikoff: calls $6
*** SHOW DOWN ***
vitalik1203: shows [7h 7s] (two pair, Jacks and Sevens)
kaputnikoff: mucks hand
vitalik1203 collected $47.50 from pot
*** SUMMARY ***
Total pot $48 | Rake $0.50
Board [5d 2c 6h Js Jh]
Seat 1: kaputnikoff (button) (small blind) mucked
Seat 2: vitalik1203 (big blind) showed [7h 7s] and won ($47.50) with two pair, Jacks and Sevens


PokerStars Hand #146262722854:  Hold'em Limit ($3/$6 USD) - 2016/01/01 5:44:15 ET
Table 'Bernardina' 2-max Seat #2 is the button
Seat 1: kaputnikoff ($63.42 in chips)
Seat 2: vitalik1203 ($71.60 in chips)
vitalik1203: posts small blind $1
kaputnikoff: posts big blind $3
*** HOLE CARDS ***
vitalik1203: raises $3 to $6
kaputnikoff: calls $3
*** FLOP *** [Th 8s 7d]
kaputnikoff: checks
vitalik1203: bets $3
kaputnikoff: folds
Uncalled bet ($3) returned to vitalik1203
vitalik1203 collected $11.76 from pot
vitalik1203: doesn't show hand
*** SUMMARY ***
Total pot $12 | Rake $0.24
Board [Th 8s 7d]
Seat 1: kaputnikoff (big blind) folded on the Flop
Seat 2: vitalik1203 (button) (small blind) collected ($11.76)


PokerStars Hand #146262719588:  Hold'em Limit ($3/$6 USD) - 2016/01/01 5:44:07 ET
Table 'Bernardina' 2-max Seat #1 is the button
Seat 1: kaputnikoff ($64.42 in chips)
Seat 2: vitalik1203 ($70.60 in chips)
kaputnikoff: posts small blind $1
vitalik1203: posts big blind $3
*** HOLE CARDS ***
kaputnikoff: folds
Uncalled bet ($2) returned to vitalik1203
vitalik1203 collected $2 from pot
vitalik1203: doesn't show hand
*** SUMMARY ***
Total pot $2 | Rake $0
Seat 1: kaputnikoff (button) (small blind) folded before Flop
Seat 2: vitalik1203 (big blind) collected ($2)


PokerStars Hand #146262716326:  Hold'em Limit ($3/$6 USD) - 2016/01/01 5:44:00 ET
Table 'Bernardina' 2-max Seat #2 is the button
Seat 1: kaputnikoff ($63.42 in chips)
Seat 2: vitalik1203 ($71.60 in chips)
vitalik1203: posts small blind $1
kaputnikoff: posts big blind $3
*** HOLE CARDS ***
vitalik1203: folds
Uncalled bet ($2) returned to kaputnikoff
kaputnikoff collected $2 from pot
kaputnikoff: doesn't show hand
*** SUMMARY ***
Total pot $2 | Rake $0
Seat 1: kaputnikoff (big blind) collected ($2)
Seat 2: vitalik1203 (button) (small blind) folded before Flop


PokerStars Hand #146262706142:  Hold'em Limit ($3/$6 USD) - 2016/01/01 5:43:36 ET
Table 'Bernardina' 2-max Seat #1 is the button
Seat 1: kaputnikoff ($93.42 in chips)
Seat 2: vitalik1203 ($42.10 in chips)
kaputnikoff: posts small blind $1
vitalik1203: posts big blind $3
*** HOLE CARDS ***
kaputnikoff: raises $3 to $6
vitalik1203: raises $3 to $9
kaputnikoff: calls $3
*** FLOP *** [As 3h 5c]
vitalik1203: bets $3
kaputnikoff: calls $3
*** TURN *** [As 3h 5c] [9h]
vitalik1203: bets $6
kaputnikoff: raises $6 to $12
vitalik1203: calls $6
*** RIVER *** [As 3h 5c 9h] [5s]
vitalik1203: bets $6
kaputnikoff: calls $6
*** SHOW DOWN ***
vitalik1203: shows [Jh Ah] (two pair, Aces and Fives)
kaputnikoff: mucks hand
vitalik1203 collected $59.50 from pot
*** SUMMARY ***
Total pot $60 | Rake $0.50
Board [As 3h 5c 9h 5s]
Seat 1: kaputnikoff (button) (small blind) mucked
Seat 2: vitalik1203 (big blind) showed [Jh Ah] and won ($59.50) with two pair, Aces and Fives


PokerStars Hand #146262754519:  Hold'em Limit ($3/$6 USD) - 2016/01/01 5:45:29 ET
Table 'Bernardina' 2-max Seat #2 is the button
Seat 1: kaputnikoff ($80.38 in chips)
Seat 2: vitalik1203 ($79.86 in chips)
vitalik1203: posts small blind $1
kaputnikoff: posts big blind $3
*** HOLE CARDS ***
vitalik1203: folds
Uncalled bet ($2) returned to kaputnikoff
kaputnikoff collected $2 from pot
kaputnikoff: doesn't show hand
*** SUMMARY ***
Total pot $2 | Rake $0
Seat 1: kaputnikoff (big blind) collected ($2)
Seat 2: vitalik1203 (button) (small blind) folded before Flop


PokerStars Hand #146262743858:  Hold'em Limit ($3/$6 USD) - 2016/01/01 5:45:04 ET
Table 'Bernardina' 2-max Seat #1 is the button
Seat 1: kaputnikoff ($62.88 in chips)
Seat 2: vitalik1203 ($97.86 in chips)
kaputnikoff: posts small blind $1
vitalik1203: posts big blind $3
*** HOLE CARDS ***
kaputnikoff: raises $3 to $6
vitalik1203: raises $3 to $9
kaputnikoff: calls $3
*** FLOP *** [8s 5d 7d]
vitalik1203: bets $3
kaputnikoff: calls $3
*** TURN *** [8s 5d 7d] [3d]
vitalik1203: checks
kaputnikoff: bets $6
vitalik1203: calls $6
*** RIVER *** [8s 5d 7d 3d] [6s]
vitalik1203: checks
kaputnikoff: bets $6
vitalik1203: folds
Uncalled bet ($6) returned to kaputnikoff
kaputnikoff collected $35.50 from pot
kaputnikoff: doesn't show hand
*** SUMMARY ***
Total pot $36 | Rake $0.50
Board [8s 5d 7d 3d 6s]
Seat 1: kaputnikoff (button) (small blind) collected ($35.50)
Seat 2: vitalik1203 (big blind) folded on the River


PokerStars Hand #146262737412:  Hold'em Limit ($3/$6 USD) - 2016/01/01 5:44:49 ET
Table 'Bernardina' 2-max Seat #2 is the button
Seat 1: kaputnikoff ($60 in chips)
Seat 2: vitalik1203 ($100.86 in chips)
vitalik1203: posts small blind $1
kaputnikoff: posts big blind $3
*** HOLE CARDS ***
vitalik1203: calls $2
kaputnikoff: checks
*** FLOP *** [9s 7h 7c]
kaputnikoff: checks
vitalik1203: checks
*** TURN *** [9s 7h 7c] [6s]
kaputnikoff: bets $6
vitalik1203: folds
Uncalled bet ($6) returned to kaputnikoff
kaputnikoff collected $5.88 from pot
kaputnikoff: doesn't show hand
*** SUMMARY ***
Total pot $6 | Rake $0.12
Board [9s 7h 7c 6s]
Seat 1: kaputnikoff (big blind) collected ($5.88)
Seat 2: vitalik1203 (button) (small blind) folded on the Turn


PokerStars Hand #146262788028:  Hold'em Limit ($3/$6 USD) - 2016/01/01 5:46:47 ET
Table 'Bernardina' 2-max Seat #2 is the button
Seat 1: kaputnikoff ($110.28 in chips)
Seat 2: vitalik1203 ($48.86 in chips)
vitalik1203: posts small blind $1
kaputnikoff: posts big blind $3
*** HOLE CARDS ***
vitalik1203: folds
Uncalled bet ($2) returned to kaputnikoff
kaputnikoff collected $2 from pot
kaputnikoff: doesn't show hand
*** SUMMARY ***
Total pot $2 | Rake $0
Seat 1: kaputnikoff (big blind) collected ($2)
Seat 2: vitalik1203 (button) (small blind) folded before Flop


PokerStars Hand #146262778262:  Hold'em Limit ($3/$6 USD) - 2016/01/01 5:46:24 ET
Table 'Bernardina' 2-max Seat #1 is the button
Seat 1: kaputnikoff ($95.78 in chips)
Seat 2: vitalik1203 ($63.86 in chips)
kaputnikoff: posts small blind $1
vitalik1203: posts big blind $3
*** HOLE CARDS ***
kaputnikoff: raises $3 to $6
vitalik1203: calls $3
*** FLOP *** [Jc 9s Ac]
vitalik1203: bets $3
kaputnikoff: calls $3
*** TURN *** [Jc 9s Ac] [Jd]
vitalik1203: bets $6
kaputnikoff: raises $6 to $12
vitalik1203: folds
Uncalled bet ($6) returned to kaputnikoff
kaputnikoff collected $29.50 from pot
kaputnikoff: doesn't show hand
*** SUMMARY ***
Total pot $30 | Rake $0.50
Board [Jc 9s Ac Jd]
Seat 1: kaputnikoff (button) (small blind) collected ($29.50)
Seat 2: vitalik1203 (big blind) folded on the Turn


PokerStars Hand #146262768771:  Hold'em Limit ($3/$6 USD) - 2016/01/01 5:46:02 ET
Table 'Bernardina' 2-max Seat #2 is the button
Seat 1: kaputnikoff ($90.02 in chips)
Seat 2: vitalik1203 ($69.86 in chips)
vitalik1203: posts small blind $1
kaputnikoff: posts big blind $3
*** HOLE CARDS ***
vitalik1203: calls $2
kaputnikoff: checks
*** FLOP *** [Kd 4d Qc]
kaputnikoff: checks
vitalik1203: bets $3
kaputnikoff: calls $3
*** TURN *** [Kd 4d Qc] [3s]
kaputnikoff: checks
vitalik1203: checks
*** RIVER *** [Kd 4d Qc 3s] [8s]
kaputnikoff: checks
vitalik1203: checks
*** SHOW DOWN ***
kaputnikoff: shows [7s 4s] (a pair of Fours)
vitalik1203: mucks hand
kaputnikoff collected $11.76 from pot
*** SUMMARY ***
Total pot $12 | Rake $0.24
Board [Kd 4d Qc 3s 8s]
Seat 1: kaputnikoff (big blind) showed [7s 4s] and won ($11.76) with a pair of Fours
Seat 2: vitalik1203 (button) (small blind) mucked


PokerStars Hand #146262756490:  Hold'em Limit ($3/$6 USD) - 2016/01/01 5:45:33 ET
Table 'Bernardina' 2-max Seat #1 is the button
Seat 1: kaputnikoff ($81.38 in chips)
Seat 2: vitalik1203 ($78.86 in chips)
kaputnikoff: posts small blind $1
vitalik1203: posts big blind $3
*** HOLE CARDS ***
kaputnikoff: raises $3 to $6
vitalik1203: calls $3
*** FLOP *** [8h Th 8d]
vitalik1203: bets $3
kaputnikoff: calls $3
*** TURN *** [8h Th 8d] [9s]
vitalik1203: checks
kaputnikoff: bets $6
vitalik1203: folds
Uncalled bet ($6) returned to kaputnikoff
kaputnikoff collected $17.64 from pot
kaputnikoff: doesn't show hand
*** SUMMARY ***
Total pot $18 | Rake $0.36
Board [8h Th 8d 9s]
Seat 1: kaputnikoff (button) (small blind) collected ($17.64)
Seat 2: vitalik1203 (big blind) folded on the Turn


PokerStars Hand #146262790215:  Hold'em Limit ($3/$6 USD) - 2016/01/01 5:46:52 ET
Table 'Bernardina' 2-max Seat #1 is the button
Seat 1: kaputnikoff ($111.28 in chips)
Seat 2: vitalik1203 ($47.86 in chips)
kaputnikoff: posts small blind $1
vitalik1203: posts big blind $3
*** HOLE CARDS ***
kaputnikoff: raises $3 to $6
vitalik1203: calls $3
*** FLOP *** [Ac Td 7c]
vitalik1203: checks
kaputnikoff: bets $3
vitalik1203: folds
Uncalled bet ($3) returned to kaputnikoff
kaputnikoff collected $11.76 from pot
kaputnikoff: doesn't show hand
*** SUMMARY ***
Total pot $12 | Rake $0.24
Board [Ac Td 7c]
Seat 1: kaputnikoff (button) (small blind) collected ($11.76)
Seat 2: vitalik1203 (big blind) folded on the Flop


PokerStars Hand #146262829459:  Hold'em Limit ($3/$6 USD) - 2016/01/01 5:47:58 ET
Table 'Bernardina' 2-max Seat #1 is the button
Seat 1: kaputnikoff ($96.04 in chips)
Seat 2: vitalik1203 ($62.36 in chips)
kaputnikoff: posts small blind $1
vitalik1203: posts big blind $3
*** HOLE CARDS ***
kaputnikoff: raises $3 to $6
vitalik1203: calls $3
*** FLOP *** [8d 9d 6s]
vitalik1203: bets $3
kaputnikoff: calls $3
*** TURN *** [8d 9d 6s] [4h]
vitalik1203: bets $6
kaputnikoff: folds
Uncalled bet ($6) returned to vitalik1203
vitalik1203 collected $17.64 from pot
vitalik1203: doesn't show hand
*** SUMMARY ***
Total pot $18 | Rake $0.36
Board [8d 9d 6s 4h]
Seat 1: kaputnikoff (button) (small blind) folded on the Turn
Seat 2: vitalik1203 (big blind) collected ($17.64)


PokerStars Hand #146262800765:  Hold'em Limit ($3/$6 USD) - 2016/01/01 5:47:07 ET
Table 'Bernardina' 2-max Seat #2 is the button
Seat 1: kaputnikoff ($117.04 in chips)
Seat 2: vitalik1203 ($41.86 in chips)
vitalik1203: posts small blind $1
kaputnikoff: posts big blind $3
*** HOLE CARDS ***
vitalik1203: calls $2
kaputnikoff: checks
*** FLOP *** [Qd 9h 5c]
kaputnikoff: bets $3
vitalik1203: raises $3 to $6
kaputnikoff: calls $3
*** TURN *** [Qd 9h 5c] [Qh]
kaputnikoff: checks
vitalik1203: bets $6
kaputnikoff: calls $6
*** RIVER *** [Qd 9h 5c Qh] [9s]
kaputnikoff: checks
vitalik1203: bets $6
kaputnikoff: calls $6
*** SHOW DOWN ***
vitalik1203: shows [6c Qs] (a full house, Queens full of Nines)
kaputnikoff: mucks hand
vitalik1203 collected $41.50 from pot
*** SUMMARY ***
Total pot $42 | Rake $0.50
Board [Qd 9h 5c Qh 9s]
Seat 1: kaputnikoff (big blind) mucked
Seat 2: vitalik1203 (button) (small blind) showed [6c Qs] and won ($41.50) with a full house, Queens full of Nines


PokerStars Hand #146262849888:  Hold'em Limit ($3/$6 USD) - 2016/01/01 5:48:45 ET
Table 'Bernardina' 2-max Seat #2 is the button
Seat 1: kaputnikoff ($87.04 in chips)
Seat 2: vitalik1203 ($71 in chips)
vitalik1203: posts small blind $1
kaputnikoff: posts big blind $3
*** HOLE CARDS ***
vitalik1203: raises $3 to $6
kaputnikoff: calls $3
*** FLOP *** [9h 3h 9d]
kaputnikoff: checks
vitalik1203: bets $3
kaputnikoff: raises $3 to $6
vitalik1203: calls $3
*** TURN *** [9h 3h 9d] [8s]
kaputnikoff: bets $6
vitalik1203: calls $6
*** RIVER *** [9h 3h 9d 8s] [Jd]
kaputnikoff: bets $6
vitalik1203 has timed out
vitalik1203: folds
Uncalled bet ($6) returned to kaputnikoff
kaputnikoff collected $35.50 from pot
kaputnikoff: doesn't show hand
*** SUMMARY ***
Total pot $36 | Rake $0.50
Board [9h 3h 9d 8s Jd]
Seat 1: kaputnikoff (big blind) collected ($35.50)
Seat 2: vitalik1203 (button) (small blind) folded on the River


PokerStars Hand #146263208172:  Hold'em Limit ($3/$6 USD) - 2016/01/01 6:02:51 ET
Table 'Bernardina' 2-max Seat #1 is the button
Seat 1: kaputnikoff ($104.54 in chips)
Seat 2: vitalik1203 ($53 in chips)
kaputnikoff: posts small blind $1
vitalik1203: posts big blind $3
*** HOLE CARDS ***
kaputnikoff: folds
Uncalled bet ($2) returned to vitalik1203
vitalik1203 collected $2 from pot
*** SUMMARY ***
Total pot $2 | Rake $0
Seat 1: kaputnikoff (button) (small blind) folded before Flop
Seat 2: vitalik1203 (big blind) collected ($2)


PokerStars Hand #146263212763:  Hold'em Limit ($3/$6 USD) - 2016/01/01 6:03:01 ET
Table 'Bernardina' 2-max Seat #2 is the button
Seat 1: kaputnikoff ($103.54 in chips)
Seat 2: vitalik1203 ($54 in chips)
vitalik1203: posts small blind $1
kaputnikoff: posts big blind $3
*** HOLE CARDS ***
vitalik1203: calls $2
kaputnikoff: raises $3 to $6
vitalik1203: calls $3
*** FLOP *** [Ac As Jh]
kaputnikoff: bets $3
vitalik1203: calls $3
*** TURN *** [Ac As Jh] [8s]
kaputnikoff: bets $6
vitalik1203: calls $6
*** RIVER *** [Ac As Jh 8s] [4c]
kaputnikoff: checks
vitalik1203: checks
*** SHOW DOWN ***
kaputnikoff: shows [9s Th] (a pair of Aces)
vitalik1203: shows [2c Jc] (two pair, Aces and Jacks)
vitalik1203 collected $29.50 from pot
*** SUMMARY ***
Total pot $30 | Rake $0.50
Board [Ac As Jh 8s 4c]
Seat 1: kaputnikoff (big blind) showed [9s Th] and lost with a pair of Aces
Seat 2: vitalik1203 (button) (small blind) showed [2c Jc] and won ($29.50) with two pair, Aces and Jacks


PokerStars Hand #146263224383:  Hold'em Limit ($3/$6 USD) - 2016/01/01 6:03:27 ET
Table 'Bernardina' 2-max Seat #1 is the button
Seat 1: kaputnikoff ($88.54 in chips)
Seat 2: vitalik1203 ($68.50 in chips)
kaputnikoff: posts small blind $1
vitalik1203: posts big blind $3
*** HOLE CARDS ***
kaputnikoff: raises $3 to $6
vitalik1203: raises $3 to $9
kaputnikoff: calls $3
*** FLOP *** [4c 7d Qc]
vitalik1203: bets $3
kaputnikoff: calls $3
*** TURN *** [4c 7d Qc] [7c]
vitalik1203: bets $6
kaputnikoff: calls $6
*** RIVER *** [4c 7d Qc 7c] [Ah]
vitalik1203: bets $6
kaputnikoff: raises $6 to $12
vitalik1203: raises $6 to $18
kaputnikoff: folds
Uncalled bet ($6) returned to vitalik1203
vitalik1203 collected $59.50 from pot
*** SUMMARY ***
Total pot $60 | Rake $0.50
Board [4c 7d Qc 7c Ah]
Seat 1: kaputnikoff (button) (small blind) folded on the River
Seat 2: vitalik1203 (big blind) collected ($59.50)


PokerStars Hand #146263241865:  Hold'em Limit ($3/$6 USD) - 2016/01/01 6:04:05 ET
Table 'Bernardina' 2-max Seat #2 is the button
Seat 1: kaputnikoff ($60 in chips)
Seat 2: vitalik1203 ($98 in chips)
vitalik1203: posts small blind $1
kaputnikoff: posts big blind $3
*** HOLE CARDS ***
vitalik1203: calls $2
kaputnikoff: checks
*** FLOP *** [9c 7d Kd]
kaputnikoff: checks
vitalik1203: checks
*** TURN *** [9c 7d Kd] [Qh]
kaputnikoff: checks
vitalik1203: checks
*** RIVER *** [9c 7d Kd Qh] [6s]
kaputnikoff: bets $6
vitalik1203: folds
Uncalled bet ($6) returned to kaputnikoff
kaputnikoff collected $5.88 from pot
kaputnikoff: doesn't show hand
*** SUMMARY ***
Total pot $6 | Rake $0.12
Board [9c 7d Kd Qh 6s]
Seat 1: kaputnikoff (big blind) collected ($5.88)
Seat 2: vitalik1203 (button) (small blind) folded on the River


PokerStars Hand #146263253135:  Hold'em Limit ($3/$6 USD) - 2016/01/01 6:04:29 ET
Table 'Bernardina' 2-max Seat #1 is the button
Seat 1: kaputnikoff ($62.88 in chips)
Seat 2: vitalik1203 ($95 in chips)
kaputnikoff: posts small blind $1
vitalik1203: posts big blind $3
*** HOLE CARDS ***
kaputnikoff: raises $3 to $6
vitalik1203: raises $3 to $9
kaputnikoff: calls $3
*** FLOP *** [3h Jd 5h]
vitalik1203: bets $3
kaputnikoff: calls $3
*** TURN *** [3h Jd 5h] [8h]
vitalik1203: bets $6
kaputnikoff: folds
Uncalled bet ($6) returned to vitalik1203
vitalik1203 collected $23.52 from pot
vitalik1203: doesn't show hand
*** SUMMARY ***
Total pot $24 | Rake $0.48
Board [3h Jd 5h 8h]
Seat 1: kaputnikoff (button) (small blind) folded on the Turn
Seat 2: vitalik1203 (big blind) collected ($23.52)


PokerStars Hand #146263260866:  Hold'em Limit ($3/$6 USD) - 2016/01/01 6:04:46 ET
Table 'Bernardina' 2-max Seat #2 is the button
Seat 1: kaputnikoff ($60 in chips)
Seat 2: vitalik1203 ($106.52 in chips)
vitalik1203: posts small blind $1
kaputnikoff: posts big blind $3
*** HOLE CARDS ***
vitalik1203: raises $3 to $6
kaputnikoff: folds
Uncalled bet ($3) returned to vitalik1203
vitalik1203 collected $6 from pot
vitalik1203: doesn't show hand
*** SUMMARY ***
Total pot $6 | Rake $0
Seat 1: kaputnikoff (big blind) folded before Flop
Seat 2: vitalik1203 (button) (small blind) collected ($6)


PokerStars Hand #146263275373:  Hold'em Limit ($3/$6 USD) - 2016/01/01 6:05:18 ET
Table 'Bernardina' 2-max Seat #2 is the button
Seat 1: kaputnikoff ($60 in chips)
Seat 2: vitalik1203 ($130.02 in chips)
vitalik1203: posts small blind $1
kaputnikoff: posts big blind $3
*** HOLE CARDS ***
vitalik1203: folds
Uncalled bet ($2) returned to kaputnikoff
kaputnikoff collected $2 from pot
kaputnikoff: doesn't show hand
*** SUMMARY ***
Total pot $2 | Rake $0
Seat 1: kaputnikoff (big blind) collected ($2)
Seat 2: vitalik1203 (button) (small blind) folded before Flop


PokerStars Hand #146263267189:  Hold'em Limit ($3/$6 USD) - 2016/01/01 6:05:00 ET
Table 'Bernardina' 2-max Seat #1 is the button
Seat 1: kaputnikoff ($60 in chips)
Seat 2: vitalik1203 ($109.52 in chips)
kaputnikoff: posts small blind $1
vitalik1203: posts big blind $3
*** HOLE CARDS ***
kaputnikoff: raises $3 to $6
vitalik1203: calls $3
*** FLOP *** [4d 8s Qc]
vitalik1203: bets $3
kaputnikoff: calls $3
*** TURN *** [4d 8s Qc] [Jd]
vitalik1203: bets $6
kaputnikoff: calls $6
*** RIVER *** [4d 8s Qc Jd] [3h]
vitalik1203: bets $6
kaputnikoff: calls $6
*** SHOW DOWN ***
vitalik1203: shows [8c Jh] (two pair, Jacks and Eights)
kaputnikoff: mucks hand
vitalik1203 collected $41.50 from pot
*** SUMMARY ***
Total pot $42 | Rake $0.50
Board [4d 8s Qc Jd 3h]
Seat 1: kaputnikoff (button) (small blind) mucked
Seat 2: vitalik1203 (big blind) showed [8c Jh] and won ($41.50) with two pair, Jacks and Eights


PokerStars Hand #146263278721:  Hold'em Limit ($3/$6 USD) - 2016/01/01 6:05:25 ET
Table 'Bernardina' 2-max Seat #1 is the button
Seat 1: kaputnikoff ($61 in chips)
Seat 2: vitalik1203 ($129.02 in chips)
kaputnikoff: posts small blind $1
vitalik1203: posts big blind $3
*** HOLE CARDS ***
kaputnikoff: folds
Uncalled bet ($2) returned to vitalik1203
vitalik1203 collected $2 from pot
vitalik1203: doesn't show hand
*** SUMMARY ***
Total pot $2 | Rake $0
Seat 1: kaputnikoff (button) (small blind) folded before Flop
Seat 2: vitalik1203 (big blind) collected ($2)


PokerStars Hand #146263281690:  Hold'em Limit ($3/$6 USD) - 2016/01/01 6:05:31 ET
Table 'Bernardina' 2-max Seat #2 is the button
Seat 1: kaputnikoff ($60 in chips)
Seat 2: vitalik1203 ($130.02 in chips)
vitalik1203: posts small blind $1
kaputnikoff: posts big blind $3
*** HOLE CARDS ***
vitalik1203: raises $3 to $6
kaputnikoff: calls $3
*** FLOP *** [9c Th 2d]
kaputnikoff: checks
vitalik1203: bets $3
kaputnikoff: calls $3
*** TURN *** [9c Th 2d] [Ac]
kaputnikoff: checks
vitalik1203: bets $6
kaputnikoff: calls $6
*** RIVER *** [9c Th 2d Ac] [8c]
kaputnikoff: checks
vitalik1203: checks
*** SHOW DOWN ***
kaputnikoff: shows [5c 2c] (a flush, Ace high)
vitalik1203: mucks hand
kaputnikoff collected $29.50 from pot
*** SUMMARY ***
Total pot $30 | Rake $0.50
Board [9c Th 2d Ac 8c]
Seat 1: kaputnikoff (big blind) showed [5c 2c] and won ($29.50) with a flush, Ace high
Seat 2: vitalik1203 (button) (small blind) mucked


PokerStars Hand #146263344863:  Hold'em Limit ($3/$6 USD) - 2016/01/01 6:07:48 ET
Table 'Bernardina' 2-max Seat #1 is the button
Seat 1: kaputnikoff ($89.02 in chips)
Seat 2: vitalik1203 ($100.02 in chips)
kaputnikoff: posts small blind $1
vitalik1203: posts big blind $3
*** HOLE CARDS ***
kaputnikoff: raises $3 to $6
vitalik1203: raises $3 to $9
kaputnikoff: calls $3
*** FLOP *** [4s 3s 9c]
vitalik1203: bets $3
kaputnikoff: calls $3
*** TURN *** [4s 3s 9c] [Kc]
vitalik1203: bets $6
kaputnikoff: calls $6
*** RIVER *** [4s 3s 9c Kc] [3c]
vitalik1203: bets $6
kaputnikoff: calls $6
*** SHOW DOWN ***
vitalik1203: shows [8s 6s] (a pair of Threes)
kaputnikoff: shows [Ah Jd] (a pair of Threes - Ace kicker)
kaputnikoff collected $47.50 from pot
*** SUMMARY ***
Total pot $48 | Rake $0.50
Board [4s 3s 9c Kc 3c]
Seat 1: kaputnikoff (button) (small blind) showed [Ah Jd] and won ($47.50) with a pair of Threes
Seat 2: vitalik1203 (big blind) showed [8s 6s] and lost with a pair of Threes


PokerStars Hand #146263306037:  Hold'em Limit ($3/$6 USD) - 2016/01/01 6:06:24 ET
Table 'Bernardina' 2-max Seat #1 is the button
Seat 1: kaputnikoff ($74.50 in chips)
Seat 2: vitalik1203 ($115.02 in chips)
kaputnikoff: posts small blind $1
vitalik1203: posts big blind $3
*** HOLE CARDS ***
kaputnikoff: raises $3 to $6
vitalik1203 has timed out
vitalik1203: folds
Uncalled bet ($3) returned to kaputnikoff
kaputnikoff collected $6 from pot
kaputnikoff: doesn't show hand
*** SUMMARY ***
Total pot $6 | Rake $0
Seat 1: kaputnikoff (button) (small blind) collected ($6)
Seat 2: vitalik1203 (big blind) folded before Flop


PokerStars Hand #146263337418:  Hold'em Limit ($3/$6 USD) - 2016/01/01 6:07:32 ET
Table 'Bernardina' 2-max Seat #2 is the button
Seat 1: kaputnikoff ($77.50 in chips)
Seat 2: vitalik1203 ($112.02 in chips)
vitalik1203: posts small blind $1
kaputnikoff: posts big blind $3
*** HOLE CARDS ***
vitalik1203: raises $3 to $6
kaputnikoff: calls $3
*** FLOP *** [6s 7s 3d]
kaputnikoff: checks
vitalik1203: bets $3
kaputnikoff: raises $3 to $6
vitalik1203: calls $3
*** TURN *** [6s 7s 3d] [3h]
kaputnikoff: bets $6
vitalik1203: folds
Uncalled bet ($6) returned to kaputnikoff
kaputnikoff collected $23.52 from pot
kaputnikoff: doesn't show hand
*** SUMMARY ***
Total pot $24 | Rake $0.48
Board [6s 7s 3d 3h]
Seat 1: kaputnikoff (big blind) collected ($23.52)
Seat 2: vitalik1203 (button) (small blind) folded on the Turn


PokerStars Hand #146263352193:  Hold'em Limit ($3/$6 USD) - 2016/01/01 6:08:04 ET
Table 'Bernardina' 2-max Seat #2 is the button
Seat 1: kaputnikoff ($112.52 in chips)
Seat 2: vitalik1203 ($76.02 in chips)
vitalik1203: posts small blind $1
kaputnikoff: posts big blind $3
*** HOLE CARDS ***
vitalik1203: raises $3 to $6
kaputnikoff: calls $3
*** FLOP *** [Th 6d Ad]
kaputnikoff: checks
vitalik1203: bets $3
kaputnikoff: folds
Uncalled bet ($3) returned to vitalik1203
vitalik1203 collected $11.76 from pot
vitalik1203: doesn't show hand
*** SUMMARY ***
Total pot $12 | Rake $0.24
Board [Th 6d Ad]
Seat 1: kaputnikoff (big blind) folded on the Flop
Seat 2: vitalik1203 (button) (small blind) collected ($11.76)


PokerStars Hand #146263368045:  Hold'em Limit ($3/$6 USD) - 2016/01/01 6:08:39 ET
Table 'Bernardina' 2-max Seat #2 is the button
Seat 1: kaputnikoff ($76.52 in chips)
Seat 2: vitalik1203 ($111.28 in chips)
vitalik1203: posts small blind $1
kaputnikoff: posts big blind $3
*** HOLE CARDS ***
vitalik1203: folds
Uncalled bet ($2) returned to kaputnikoff
kaputnikoff collected $2 from pot
kaputnikoff: doesn't show hand
*** SUMMARY ***
Total pot $2 | Rake $0
Seat 1: kaputnikoff (big blind) collected ($2)
Seat 2: vitalik1203 (button) (small blind) folded before Flop


PokerStars Hand #146263357035:  Hold'em Limit ($3/$6 USD) - 2016/01/01 6:08:15 ET
Table 'Bernardina' 2-max Seat #1 is the button
Seat 1: kaputnikoff ($106.52 in chips)
Seat 2: vitalik1203 ($81.78 in chips)
kaputnikoff: posts small blind $1
vitalik1203: posts big blind $3
*** HOLE CARDS ***
kaputnikoff: raises $3 to $6
vitalik1203: raises $3 to $9
kaputnikoff: calls $3
*** FLOP *** [8c Tc Qd]
vitalik1203: bets $3
kaputnikoff: calls $3
*** TURN *** [8c Tc Qd] [5d]
vitalik1203: bets $6
kaputnikoff: raises $6 to $12
vitalik1203: calls $6
*** RIVER *** [8c Tc Qd 5d] [9h]
vitalik1203: bets $6
kaputnikoff: calls $6
*** SHOW DOWN ***
vitalik1203: shows [6d Jd] (a straight, Eight to Queen)
kaputnikoff: mucks hand
vitalik1203 collected $59.50 from pot
*** SUMMARY ***
Total pot $60 | Rake $0.50
Board [8c Tc Qd 5d 9h]
Seat 1: kaputnikoff (button) (small blind) mucked
Seat 2: vitalik1203 (big blind) showed [6d Jd] and won ($59.50) with a straight, Eight to Queen


PokerStars Hand #146263370303:  Hold'em Limit ($3/$6 USD) - 2016/01/01 6:08:44 ET
Table 'Bernardina' 2-max Seat #1 is the button
Seat 1: kaputnikoff ($77.52 in chips)
Seat 2: vitalik1203 ($110.28 in chips)
kaputnikoff: posts small blind $1
vitalik1203: posts big blind $3
*** HOLE CARDS ***
kaputnikoff: raises $3 to $6
vitalik1203: calls $3
*** FLOP *** [5s 9c Ks]
vitalik1203: checks
kaputnikoff: bets $3
vitalik1203: calls $3
*** TURN *** [5s 9c Ks] [6s]
vitalik1203: checks
kaputnikoff: checks
*** RIVER *** [5s 9c Ks 6s] [8c]
vitalik1203: checks
kaputnikoff: checks
*** SHOW DOWN ***
vitalik1203: shows [5c 4d] (a pair of Fives)
kaputnikoff: mucks hand
vitalik1203 collected $17.64 from pot
*** SUMMARY ***
Total pot $18 | Rake $0.36
Board [5s 9c Ks 6s 8c]
Seat 1: kaputnikoff (button) (small blind) mucked
Seat 2: vitalik1203 (big blind) showed [5c 4d] and won ($17.64) with a pair of Fives


PokerStars Hand #146263407982:  Hold'em Limit ($3/$6 USD) - 2016/01/01 6:10:08 ET
Table 'Bernardina' 2-max Seat #1 is the button
Seat 1: kaputnikoff ($69.52 in chips)
Seat 2: vitalik1203 ($117.92 in chips)
kaputnikoff: posts small blind $1
vitalik1203: posts big blind $3
*** HOLE CARDS ***
kaputnikoff: raises $3 to $6
vitalik1203 has timed out
vitalik1203: folds
Uncalled bet ($3) returned to kaputnikoff
kaputnikoff collected $6 from pot
kaputnikoff: doesn't show hand
*** SUMMARY ***
Total pot $6 | Rake $0
Seat 1: kaputnikoff (button) (small blind) collected ($6)
Seat 2: vitalik1203 (big blind) folded before Flop


PokerStars Hand #146263395109:  Hold'em Limit ($3/$6 USD) - 2016/01/01 6:09:39 ET
Table 'Bernardina' 2-max Seat #2 is the button
Seat 1: kaputnikoff ($68.52 in chips)
Seat 2: vitalik1203 ($118.92 in chips)
vitalik1203: posts small blind $1
kaputnikoff: posts big blind $3
*** HOLE CARDS ***
vitalik1203: folds
Uncalled bet ($2) returned to kaputnikoff
kaputnikoff collected $2 from pot
kaputnikoff: doesn't show hand
*** SUMMARY ***
Total pot $2 | Rake $0
Seat 1: kaputnikoff (big blind) collected ($2)
Seat 2: vitalik1203 (button) (small blind) folded before Flop


