PokerStars Hand #174927039328:  Hold'em Limit ($3/$6 USD) - 2017/08/28 23:58:51 ET
Table 'Bernardina' 6-max Seat #4 is the button
Seat 2: axnesq777 ($47.67 in chips)
Seat 4: DirtyDouble2 ($114.36 in chips)
DirtyDouble2: posts small blind $1
axnesq777: posts big blind $3
*** HOLE CARDS ***
DirtyDouble2: folds
Uncalled bet ($2) returned to axnesq777
axnesq777 collected $2 from pot
*** SUMMARY ***
Total pot $2 | Rake $0
Seat 2: axnesq777 (big blind) collected ($2)
Seat 4: DirtyDouble2 (button) (small blind) folded before Flop


PokerStars Hand #174927035496:  Hold'em Limit ($3/$6 USD) - 2017/08/28 23:58:35 ET
Table 'Bernardina' 6-max Seat #2 is the button
Seat 2: axnesq777 ($44.79 in chips)
Seat 4: DirtyDouble2 ($117.36 in chips)
axnesq777: posts small blind $1
DirtyDouble2: posts big blind $3
*** HOLE CARDS ***
axnesq777: calls $2
DirtyDouble2: checks
*** FLOP *** [2s 3h Ac]
DirtyDouble2: checks
axnesq777: checks
*** TURN *** [2s 3h Ac] [7c]
DirtyDouble2: checks
axnesq777: checks
*** RIVER *** [2s 3h Ac 7c] [Th]
DirtyDouble2: checks
axnesq777: checks
*** SHOW DOWN ***
DirtyDouble2: shows [8s 6s] (high card Ace)
axnesq777: shows [Kd Jh] (high card Ace - King kicker)
axnesq777 collected $5.88 from pot
*** SUMMARY ***
Total pot $6 | Rake $0.12
Board [2s 3h Ac 7c Th]
Seat 2: axnesq777 (button) (small blind) showed [Kd Jh] and won ($5.88) with high card Ace
Seat 4: DirtyDouble2 (big blind) showed [8s 6s] and lost with high card Ace


PokerStars Hand #174927031260:  Hold'em Limit ($3/$6 USD) - 2017/08/28 23:58:17 ET
Table 'Bernardina' 6-max Seat #4 is the button
Seat 2: axnesq777 ($36.15 in chips)
Seat 4: DirtyDouble2 ($126.36 in chips)
DirtyDouble2: posts small blind $1
fleabaggs: is sitting out
axnesq777: posts big blind $3
*** HOLE CARDS ***
DirtyDouble2: raises $3 to $6
fleabaggs leaves the table
axnesq777: calls $3
*** FLOP *** [7c 4d Ah]
axnesq777: checks
DirtyDouble2: bets $3
axnesq777: calls $3
*** TURN *** [7c 4d Ah] [Jd]
axnesq777: checks
DirtyDouble2: checks
*** RIVER *** [7c 4d Ah Jd] [Jc]
axnesq777: bets $6
DirtyDouble2: folds
Uncalled bet ($6) returned to axnesq777
axnesq777 collected $17.64 from pot
*** SUMMARY ***
Total pot $18 | Rake $0.36
Board [7c 4d Ah Jd Jc]
Seat 2: axnesq777 (big blind) collected ($17.64)
Seat 4: DirtyDouble2 (button) (small blind) folded on the River


PokerStars Hand #174927040537:  Hold'em Limit ($3/$6 USD) - 2017/08/28 23:58:56 ET
Table 'Bernardina' 6-max Seat #2 is the button
Seat 2: axnesq777 ($48.67 in chips)
Seat 4: DirtyDouble2 ($113.36 in chips)
axnesq777: posts small blind $1
DirtyDouble2: posts big blind $3
*** HOLE CARDS ***
axnesq777: calls $2
DirtyDouble2: checks
*** FLOP *** [5s Td 8d]
DirtyDouble2: checks
axnesq777: checks
*** TURN *** [5s Td 8d] [Ad]
DirtyDouble2: bets $6
fleabaggs joins the table at seat #5
axnesq777: folds
Uncalled bet ($6) returned to DirtyDouble2
DirtyDouble2 collected $5.88 from pot
*** SUMMARY ***
Total pot $6 | Rake $0.12
Board [5s Td 8d Ad]
Seat 2: axnesq777 (button) (small blind) folded on the Turn
Seat 4: DirtyDouble2 (big blind) collected ($5.88)


PokerStars Hand #174927906270:  Hold'em Limit ($3/$6 USD) - 2017/08/29 0:55:52 ET
Table 'Bernardina' 6-max Seat #4 is the button
Seat 3: Brama Br ($137.50 in chips)
Seat 4: zimin10 ($72 in chips)
zimin10: posts small blind $1
Brama Br: posts big blind $3
*** HOLE CARDS ***
zimin10: raises $3 to $6
Brama Br: calls $3
*** FLOP *** [3d Jd 3c]
Brama Br: checks
zimin10: bets $3
Brama Br: calls $3
*** TURN *** [3d Jd 3c] [7c]
Brama Br: checks
zimin10: bets $6
Brama Br: calls $6
*** RIVER *** [3d Jd 3c 7c] [9d]
Brama Br: checks
zimin10: checks
*** SHOW DOWN ***
Brama Br: shows [Jc 6d] (two pair, Jacks and Threes)
zimin10: mucks hand
Brama Br collected $29.50 from pot
*** SUMMARY ***
Total pot $30 | Rake $0.50
Board [3d Jd 3c 7c 9d]
Seat 3: Brama Br (big blind) showed [Jc 6d] and won ($29.50) with two pair, Jacks and Threes
Seat 4: zimin10 (button) (small blind) mucked


PokerStars Hand #174927903187:  Hold'em Limit ($3/$6 USD) - 2017/08/29 0:55:37 ET
Table 'Bernardina' 6-max Seat #3 is the button
Seat 3: Brama Br ($134.50 in chips)
Seat 4: zimin10 ($72 in chips)
Brama Br: posts small blind $1
zimin10: posts big blind $3
*** HOLE CARDS ***
Brama Br: raises $3 to $6
zimin10: folds
Uncalled bet ($3) returned to Brama Br
Brama Br collected $6 from pot
*** SUMMARY ***
Total pot $6 | Rake $0
Seat 3: Brama Br (button) (small blind) collected ($6)
Seat 4: zimin10 (big blind) folded before Flop


PokerStars Hand #174927896146:  Hold'em Limit ($3/$6 USD) - 2017/08/29 0:55:05 ET
Table 'Bernardina' 6-max Seat #4 is the button
Seat 3: Brama Br ($120 in chips)
Seat 4: zimin10 ($72 in chips)
zimin10: posts small blind $1
Brama Br: posts big blind $3
*** HOLE CARDS ***
zimin10: raises $3 to $6
Brama Br: calls $3
*** FLOP *** [As 3s 6c]
Brama Br: checks
zimin10: bets $3
Brama Br: calls $3
*** TURN *** [As 3s 6c] [Tc]
Brama Br: checks
zimin10: bets $6
Brama Br: raises $6 to $12
zimin10: folds
Uncalled bet ($6) returned to Brama Br
Brama Br collected $29.50 from pot
*** SUMMARY ***
Total pot $30 | Rake $0.50
Board [As 3s 6c Tc]
Seat 3: Brama Br (big blind) collected ($29.50)
Seat 4: zimin10 (button) (small blind) folded on the Turn


PokerStars Hand #174927912227:  Hold'em Limit ($3/$6 USD) - 2017/08/29 0:56:19 ET
Table 'Bernardina' 6-max Seat #3 is the button
Seat 3: Brama Br ($152 in chips)
Seat 4: zimin10 ($72 in chips)
Brama Br: posts small blind $1
zimin10: posts big blind $3
*** HOLE CARDS ***
Brama Br: raises $3 to $6
zimin10: calls $3
*** FLOP *** [6h 5h Ad]
zimin10: checks
Brama Br: bets $3
zimin10: raises $3 to $6
Brama Br: calls $3
*** TURN *** [6h 5h Ad] [5s]
zimin10: bets $6
Brama Br: calls $6
*** RIVER *** [6h 5h Ad 5s] [9d]
zimin10: bets $6
Brama Br: folds
Uncalled bet ($6) returned to zimin10
zimin10 collected $35.50 from pot
*** SUMMARY ***
Total pot $36 | Rake $0.50
Board [6h 5h Ad 5s 9d]
Seat 3: Brama Br (button) (small blind) folded on the River
Seat 4: zimin10 (big blind) collected ($35.50)


PokerStars Hand #174927933448:  Hold'em Limit ($3/$6 USD) - 2017/08/29 0:57:58 ET
Table 'Bernardina' 6-max Seat #3 is the button
Seat 3: Brama Br ($107 in chips)
Seat 4: zimin10 ($116 in chips)
Brama Br: posts small blind $1
zimin10: posts big blind $3
*** HOLE CARDS ***
Brama Br: raises $3 to $6
zimin10: calls $3
*** FLOP *** [6h Kh 2c]
zimin10: checks
Brama Br: bets $3
zimin10: folds
Uncalled bet ($3) returned to Brama Br
Brama Br collected $11.76 from pot
*** SUMMARY ***
Total pot $12 | Rake $0.24
Board [6h Kh 2c]
Seat 3: Brama Br (button) (small blind) collected ($11.76)
Seat 4: zimin10 (big blind) folded on the Flop


PokerStars Hand #174927923102:  Hold'em Limit ($3/$6 USD) - 2017/08/29 0:57:10 ET
Table 'Bernardina' 6-max Seat #4 is the button
Seat 3: Brama Br ($134 in chips)
Seat 4: zimin10 ($89.50 in chips)
zimin10: posts small blind $1
Brama Br: posts big blind $3
*** HOLE CARDS ***
zimin10: raises $3 to $6
Brama Br: raises $3 to $9
zimin10: raises $3 to $12
Betting is capped
Brama Br: calls $3
*** FLOP *** [Tc 5d 4d]
Brama Br: bets $3
zimin10: calls $3
*** TURN *** [Tc 5d 4d] [Qd]
Brama Br: bets $6
zimin10: calls $6
*** RIVER *** [Tc 5d 4d Qd] [7h]
Brama Br: bets $6
zimin10: calls $6
*** SHOW DOWN ***
Brama Br: shows [Ah Jh] (high card Ace)
zimin10: shows [Kc Ks] (a pair of Kings)
muzixibei joins the table at seat #2
zimin10 collected $53.50 from pot
*** SUMMARY ***
Total pot $54 | Rake $0.50
Board [Tc 5d 4d Qd 7h]
Seat 3: Brama Br (big blind) showed [Ah Jh] and lost with high card Ace
Seat 4: zimin10 (button) (small blind) showed [Kc Ks] and won ($53.50) with a pair of Kings


PokerStars Hand #174928059407:  Hold'em Limit ($3/$6 USD) - 2017/08/29 1:07:04 ET
Table 'Bernardina' 6-max Seat #4 is the button
Seat 3: Brama Br ($148.95 in chips)
Seat 4: zimin10 ($121.61 in chips)
zimin10: posts small blind $1
Brama Br: posts big blind $3
*** HOLE CARDS ***
zimin10: raises $3 to $6
Brama Br: calls $3
*** FLOP *** [7d 5d Qs]
Brama Br: checks
zimin10: bets $3
Brama Br: calls $3
*** TURN *** [7d 5d Qs] [Kh]
Brama Br: checks
zimin10: bets $6
Brama Br: calls $6
*** RIVER *** [7d 5d Qs Kh] [5s]
Brama Br: checks
zimin10: checks
*** SHOW DOWN ***
Brama Br: shows [7s Ts] (two pair, Sevens and Fives)
zimin10: shows [Kc Qh] (two pair, Kings and Queens)
zimin10 collected $29.50 from pot
*** SUMMARY ***
Total pot $30 | Rake $0.50
Board [7d 5d Qs Kh 5s]
Seat 3: Brama Br (big blind) showed [7s Ts] and lost with two pair, Sevens and Fives
Seat 4: zimin10 (button) (small blind) showed [Kc Qh] and won ($29.50) with two pair, Kings and Queens


PokerStars Hand #174928057780:  Hold'em Limit ($3/$6 USD) - 2017/08/29 1:06:57 ET
Table 'Bernardina' 6-max Seat #3 is the button
Seat 3: Brama Br ($149.95 in chips)
Seat 4: zimin10 ($120.61 in chips)
Brama Br: posts small blind $1
zimin10: posts big blind $3
*** HOLE CARDS ***
Brama Br: folds
Uncalled bet ($2) returned to zimin10
muzixibei leaves the table
zimin10 collected $2 from pot
*** SUMMARY ***
Total pot $2 | Rake $0
Seat 3: Brama Br (button) (small blind) folded before Flop
Seat 4: zimin10 (big blind) collected ($2)


PokerStars Hand #174928069454:  Hold'em Limit ($3/$6 USD) - 2017/08/29 1:07:45 ET
Table 'Bernardina' 6-max Seat #4 is the button
Seat 3: Brama Br ($136.95 in chips)
Seat 4: zimin10 ($133.11 in chips)
zimin10: posts small blind $1
Brama Br: posts big blind $3
*** HOLE CARDS ***
zimin10: raises $3 to $6
Brama Br: calls $3
*** FLOP *** [3d Kd 6c]
Brama Br: checks
zimin10: bets $3
Brama Br: raises $3 to $6
zimin10: calls $3
*** TURN *** [3d Kd 6c] [6h]
Brama Br: bets $6
zimin10: calls $6
*** RIVER *** [3d Kd 6c 6h] [7h]
Brama Br: bets $6
zimin10: calls $6
*** SHOW DOWN ***
Brama Br: shows [9s Kh] (two pair, Kings and Sixes)
zimin10: mucks hand
Brama Br collected $47.50 from pot
*** SUMMARY ***
Total pot $48 | Rake $0.50
Board [3d Kd 6c 6h 7h]
Seat 3: Brama Br (big blind) showed [9s Kh] and won ($47.50) with two pair, Kings and Sixes
Seat 4: zimin10 (button) (small blind) mucked


PokerStars Hand #174928067085:  Hold'em Limit ($3/$6 USD) - 2017/08/29 1:07:35 ET
Table 'Bernardina' 6-max Seat #3 is the button
Seat 3: Brama Br ($133.95 in chips)
Seat 4: zimin10 ($136.11 in chips)
Brama Br: posts small blind $1
zimin10: posts big blind $3
*** HOLE CARDS ***
Brama Br: raises $3 to $6
zimin10: folds
Uncalled bet ($3) returned to Brama Br
Brama Br collected $6 from pot
*** SUMMARY ***
Total pot $6 | Rake $0
Seat 3: Brama Br (button) (small blind) collected ($6)
Seat 4: zimin10 (big blind) folded before Flop


PokerStars Hand #174928079746:  Hold'em Limit ($3/$6 USD) - 2017/08/29 1:08:27 ET
Table 'Bernardina' 6-max Seat #3 is the button
Seat 3: Brama Br ($160.45 in chips)
Seat 4: zimin10 ($109.11 in chips)
Brama Br: posts small blind $1
zimin10: posts big blind $3
*** HOLE CARDS ***
Brama Br: raises $3 to $6
zimin10: raises $3 to $9
Brama Br: calls $3
*** FLOP *** [3d Qs Qc]
zimin10: bets $3
Brama Br: calls $3
*** TURN *** [3d Qs Qc] [Jd]
zimin10: bets $6
Brama Br: calls $6
*** RIVER *** [3d Qs Qc Jd] [3h]
zimin10: bets $6
Brama Br: calls $6
*** SHOW DOWN ***
zimin10: shows [Ac As] (two pair, Aces and Queens)
Brama Br: mucks hand
zimin10 collected $47.50 from pot
*** SUMMARY ***
Total pot $48 | Rake $0.50
Board [3d Qs Qc Jd 3h]
Seat 3: Brama Br (button) (small blind) mucked
Seat 4: zimin10 (big blind) showed [Ac As] and won ($47.50) with two pair, Aces and Queens


PokerStars Hand #174928099361:  Hold'em Limit ($3/$6 USD) - 2017/08/29 1:09:48 ET
Table 'Bernardina' 6-max Seat #4 is the button
Seat 3: Brama Br ($111.45 in chips)
Seat 4: zimin10 ($157.11 in chips)
zimin10: posts small blind $1
Brama Br: posts big blind $3
*** HOLE CARDS ***
zimin10: raises $3 to $6
Brama Br: calls $3
*** FLOP *** [3d 4c Kh]
Brama Br: checks
zimin10: bets $3
Brama Br: calls $3
*** TURN *** [3d 4c Kh] [7c]
Brama Br: checks
zimin10: bets $6
Brama Br: calls $6
*** RIVER *** [3d 4c Kh 7c] [Js]
Brama Br: checks
zimin10: bets $6
Brama Br: calls $6
*** SHOW DOWN ***
zimin10: shows [Jh 6h] (a pair of Jacks)
Brama Br: mucks hand
zimin10 collected $41.50 from pot
*** SUMMARY ***
Total pot $42 | Rake $0.50
Board [3d 4c Kh 7c Js]
Seat 3: Brama Br (big blind) mucked
Seat 4: zimin10 (button) (small blind) showed [Jh 6h] and won ($41.50) with a pair of Jacks


PokerStars Hand #174928097685:  Hold'em Limit ($3/$6 USD) - 2017/08/29 1:09:41 ET
Table 'Bernardina' 6-max Seat #3 is the button
Seat 3: Brama Br ($112.45 in chips)
Seat 4: zimin10 ($156.11 in chips)
Brama Br: posts small blind $1
zimin10: posts big blind $3
*** HOLE CARDS ***
Brama Br: folds
Uncalled bet ($2) returned to zimin10
zimin10 collected $2 from pot
*** SUMMARY ***
Total pot $2 | Rake $0
Seat 3: Brama Br (button) (small blind) folded before Flop
Seat 4: zimin10 (big blind) collected ($2)


PokerStars Hand #174928087640:  Hold'em Limit ($3/$6 USD) - 2017/08/29 1:09:00 ET
Table 'Bernardina' 6-max Seat #4 is the button
Seat 3: Brama Br ($136.45 in chips)
Seat 4: zimin10 ($132.61 in chips)
zimin10: posts small blind $1
Brama Br: posts big blind $3
*** HOLE CARDS ***
zimin10: raises $3 to $6
Brama Br: calls $3
*** FLOP *** [Jh 5h 6c]
Brama Br: checks
zimin10: bets $3
Brama Br: raises $3 to $6
zimin10: calls $3
*** TURN *** [Jh 5h 6c] [8c]
Brama Br: bets $6
zimin10: calls $6
*** RIVER *** [Jh 5h 6c 8c] [Qs]
Brama Br: checks
zimin10: bets $6
Brama Br: calls $6
*** SHOW DOWN ***
zimin10: shows [Js As] (a pair of Jacks)
Brama Br: mucks hand
zimin10 collected $47.50 from pot
*** SUMMARY ***
Total pot $48 | Rake $0.50
Board [Jh 5h 6c 8c Qs]
Seat 3: Brama Br (big blind) mucked
Seat 4: zimin10 (button) (small blind) showed [Js As] and won ($47.50) with a pair of Jacks


PokerStars Hand #174928109122:  Hold'em Limit ($3/$6 USD) - 2017/08/29 1:10:28 ET
Table 'Bernardina' 6-max Seat #3 is the button
Seat 3: Brama Br ($183.63 in chips)
Seat 4: zimin10 ($177.61 in chips)
Brama Br: posts small blind $1
zimin10: posts big blind $3
*** HOLE CARDS ***
Brama Br said, "joga muito"
Brama Br: folds
Uncalled bet ($2) returned to zimin10
zimin10 collected $2 from pot
*** SUMMARY ***
Total pot $2 | Rake $0
Seat 3: Brama Br (button) (small blind) folded before Flop
Seat 4: zimin10 (big blind) collected ($2)


PokerStars Hand #174928113819:  Hold'em Limit ($3/$6 USD) - 2017/08/29 1:10:48 ET
Table 'Bernardina' 6-max Seat #4 is the button
Seat 3: Brama Br ($182.63 in chips)
Seat 4: zimin10 ($178.61 in chips)
zimin10: posts small blind $1
Brama Br: posts big blind $3
*** HOLE CARDS ***
zimin10: raises $3 to $6
Brama Br: calls $3
*** FLOP *** [Ad Qs Qc]
Brama Br: checks
zimin10: bets $3
Brama Br: raises $3 to $6
zimin10: folds
Uncalled bet ($3) returned to Brama Br
Brama Br collected $17.64 from pot
*** SUMMARY ***
Total pot $18 | Rake $0.36
Board [Ad Qs Qc]
Seat 3: Brama Br (big blind) collected ($17.64)
Seat 4: zimin10 (button) (small blind) folded on the Flop


PokerStars Hand #174928119415:  Hold'em Limit ($3/$6 USD) - 2017/08/29 1:11:10 ET
Table 'Bernardina' 6-max Seat #3 is the button
Seat 3: Brama Br ($191.27 in chips)
Seat 4: zimin10 ($169.61 in chips)
Brama Br: posts small blind $1
zimin10: posts big blind $3
*** HOLE CARDS ***
Brama Br: folds
Uncalled bet ($2) returned to zimin10
zimin10 collected $2 from pot
*** SUMMARY ***
Total pot $2 | Rake $0
Seat 3: Brama Br (button) (small blind) folded before Flop
Seat 4: zimin10 (big blind) collected ($2)


PokerStars Hand #174928121007:  Hold'em Limit ($3/$6 USD) - 2017/08/29 1:11:17 ET
Table 'Bernardina' 6-max Seat #4 is the button
Seat 3: Brama Br ($190.27 in chips)
Seat 4: zimin10 ($170.61 in chips)
zimin10: posts small blind $1
Brama Br: posts big blind $3
*** HOLE CARDS ***
zimin10: raises $3 to $6
Brama Br: calls $3
*** FLOP *** [Ah 7s 8h]
Brama Br: checks
zimin10: bets $3
Brama Br: folds
Uncalled bet ($3) returned to zimin10
zimin10 collected $11.76 from pot
*** SUMMARY ***
Total pot $12 | Rake $0.24
Board [Ah 7s 8h]
Seat 3: Brama Br (big blind) folded on the Flop
Seat 4: zimin10 (button) (small blind) collected ($11.76)


PokerStars Hand #174928128227:  Hold'em Limit ($3/$6 USD) - 2017/08/29 1:11:47 ET
Table 'Bernardina' 6-max Seat #3 is the button
Seat 3: Brama Br ($184.27 in chips)
Seat 4: zimin10 ($176.37 in chips)
Brama Br: posts small blind $1
zimin10: posts big blind $3
*** HOLE CARDS ***
Brama Br: folds
Uncalled bet ($2) returned to zimin10
zimin10 collected $2 from pot
*** SUMMARY ***
Total pot $2 | Rake $0
Seat 3: Brama Br (button) (small blind) folded before Flop
Seat 4: zimin10 (big blind) collected ($2)


PokerStars Hand #174928130847:  Hold'em Limit ($3/$6 USD) - 2017/08/29 1:11:58 ET
Table 'Bernardina' 6-max Seat #4 is the button
Seat 3: Brama Br ($183.27 in chips)
Seat 4: zimin10 ($177.37 in chips)
zimin10: posts small blind $1
Brama Br: posts big blind $3
*** HOLE CARDS ***
zimin10: raises $3 to $6
Brama Br: folds
Uncalled bet ($3) returned to zimin10
zimin10 collected $6 from pot
*** SUMMARY ***
Total pot $6 | Rake $0
Seat 3: Brama Br (big blind) folded before Flop
Seat 4: zimin10 (button) (small blind) collected ($6)


PokerStars Hand #174928133015:  Hold'em Limit ($3/$6 USD) - 2017/08/29 1:12:07 ET
Table 'Bernardina' 6-max Seat #3 is the button
Seat 3: Brama Br ($180.27 in chips)
Seat 4: zimin10 ($180.37 in chips)
Brama Br: posts small blind $1
zimin10: posts big blind $3
*** HOLE CARDS ***
Brama Br: raises $3 to $6
zimin10: calls $3
*** FLOP *** [3s 6h 8c]
zimin10: checks
Brama Br: bets $3
zimin10: calls $3
*** TURN *** [3s 6h 8c] [8s]
zimin10: checks
Brama Br: bets $6
zimin10: calls $6
*** RIVER *** [3s 6h 8c 8s] [9h]
zimin10: checks
Brama Br: checks
*** SHOW DOWN ***
zimin10: shows [Td Kh] (a pair of Eights)
Brama Br: mucks hand
zimin10 collected $29.50 from pot
*** SUMMARY ***
Total pot $30 | Rake $0.50
Board [3s 6h 8c 8s 9h]
Seat 3: Brama Br (button) (small blind) mucked
Seat 4: zimin10 (big blind) showed [Td Kh] and won ($29.50) with a pair of Eights


PokerStars Hand #174928149184:  Hold'em Limit ($3/$6 USD) - 2017/08/29 1:13:14 ET
Table 'Bernardina' 6-max Seat #4 is the button
Seat 3: Brama Br ($165.27 in chips)
Seat 4: zimin10 ($194.87 in chips)
zimin10: posts small blind $1
Brama Br: posts big blind $3
*** HOLE CARDS ***
zimin10: folds
Uncalled bet ($2) returned to Brama Br
Brama Br collected $2 from pot
*** SUMMARY ***
Total pot $2 | Rake $0
Seat 3: Brama Br (big blind) collected ($2)
Seat 4: zimin10 (button) (small blind) folded before Flop


PokerStars Hand #174928150501:  Hold'em Limit ($3/$6 USD) - 2017/08/29 1:13:20 ET
Table 'Bernardina' 6-max Seat #3 is the button
Seat 3: Brama Br ($166.27 in chips)
Seat 4: zimin10 ($193.87 in chips)
Brama Br: posts small blind $1
zimin10: posts big blind $3
*** HOLE CARDS ***
Brama Br: folds
Uncalled bet ($2) returned to zimin10
zimin10 collected $2 from pot
*** SUMMARY ***
Total pot $2 | Rake $0
Seat 3: Brama Br (button) (small blind) folded before Flop
Seat 4: zimin10 (big blind) collected ($2)


PokerStars Hand #174928151985:  Hold'em Limit ($3/$6 USD) - 2017/08/29 1:13:26 ET
Table 'Bernardina' 6-max Seat #4 is the button
Seat 3: Brama Br ($165.27 in chips)
Seat 4: zimin10 ($194.87 in chips)
zimin10: posts small blind $1
Brama Br: posts big blind $3
*** HOLE CARDS ***
zimin10: raises $3 to $6
Brama Br: raises $3 to $9
zimin10: calls $3
*** FLOP *** [Kh Jh 7h]
Brama Br: bets $3
zimin10: folds
Uncalled bet ($3) returned to Brama Br
Brama Br collected $17.64 from pot
*** SUMMARY ***
Total pot $18 | Rake $0.36
Board [Kh Jh 7h]
Seat 3: Brama Br (big blind) collected ($17.64)
Seat 4: zimin10 (button) (small blind) folded on the Flop


PokerStars Hand #174928157969:  Hold'em Limit ($3/$6 USD) - 2017/08/29 1:13:51 ET
Table 'Bernardina' 6-max Seat #3 is the button
Seat 3: Brama Br ($173.91 in chips)
Seat 4: zimin10 ($185.87 in chips)
Brama Br: posts small blind $1
zimin10: posts big blind $3
*** HOLE CARDS ***
Brama Br: raises $3 to $6
zimin10: calls $3
*** FLOP *** [Ks 5c Qc]
zimin10: checks
Brama Br: bets $3
zimin10: calls $3
*** TURN *** [Ks 5c Qc] [8s]
zimin10: checks
Brama Br: bets $6
zimin10: calls $6
*** RIVER *** [Ks 5c Qc 8s] [As]
zimin10: bets $6
Brama Br: calls $6
*** SHOW DOWN ***
zimin10: shows [9d Ah] (a pair of Aces)
Brama Br: mucks hand
zimin10 collected $41.50 from pot
*** SUMMARY ***
Total pot $42 | Rake $0.50
Board [Ks 5c Qc 8s As]
Seat 3: Brama Br (button) (small blind) mucked
Seat 4: zimin10 (big blind) showed [9d Ah] and won ($41.50) with a pair of Aces


PokerStars Hand #174928169551:  Hold'em Limit ($3/$6 USD) - 2017/08/29 1:14:36 ET
Table 'Bernardina' 6-max Seat #4 is the button
Seat 3: Brama Br ($152.91 in chips)
Seat 4: zimin10 ($206.37 in chips)
zimin10: posts small blind $1
Brama Br: posts big blind $3
*** HOLE CARDS ***
zimin10: raises $3 to $6
Brama Br: raises $3 to $9
Brama Br said, "doença noku"
zimin10: calls $3
*** FLOP *** [Td Ad 4h]
Brama Br: checks
Brama Br said, "e cha neles"
Brama Br said, "iidiot"
zimin10: checks
*** TURN *** [Td Ad 4h] [Qs]
Brama Br: bets $6
zimin10: folds
Uncalled bet ($6) returned to Brama Br
Brama Br collected $17.64 from pot
*** SUMMARY ***
Total pot $18 | Rake $0.36
Board [Td Ad 4h Qs]
Seat 3: Brama Br (big blind) collected ($17.64)
Seat 4: zimin10 (button) (small blind) folded on the Turn


PokerStars Hand #174928178911:  Hold'em Limit ($3/$6 USD) - 2017/08/29 1:15:15 ET
Table 'Bernardina' 6-max Seat #3 is the button
Seat 3: Brama Br ($161.55 in chips)
Seat 4: zimin10 ($197.37 in chips)
Brama Br: posts small blind $1
zimin10: posts big blind $3
*** HOLE CARDS ***
Brama Br: folds
Uncalled bet ($2) returned to zimin10
zimin10 collected $2 from pot
*** SUMMARY ***
Total pot $2 | Rake $0
Seat 3: Brama Br (button) (small blind) folded before Flop
Seat 4: zimin10 (big blind) collected ($2)


PokerStars Hand #174928180609:  Hold'em Limit ($3/$6 USD) - 2017/08/29 1:15:21 ET
Table 'Bernardina' 6-max Seat #4 is the button
Seat 3: Brama Br ($160.55 in chips)
Seat 4: zimin10 ($198.37 in chips)
zimin10: posts small blind $1
Brama Br: posts big blind $3
*** HOLE CARDS ***
zimin10: raises $3 to $6
Brama Br: calls $3
*** FLOP *** [7h 8c 8d]
Brama Br: checks
zimin10: bets $3
Brama Br: calls $3
*** TURN *** [7h 8c 8d] [2d]
Brama Br: checks
zimin10: checks
*** RIVER *** [7h 8c 8d 2d] [Qc]
Brama Br: bets $6
zimin10: folds
Uncalled bet ($6) returned to Brama Br
Brama Br collected $17.64 from pot
*** SUMMARY ***
Total pot $18 | Rake $0.36
Board [7h 8c 8d 2d Qc]
Seat 3: Brama Br (big blind) collected ($17.64)
Seat 4: zimin10 (button) (small blind) folded on the River


PokerStars Hand #174928192633:  Hold'em Limit ($3/$6 USD) - 2017/08/29 1:16:11 ET
Table 'Bernardina' 6-max Seat #3 is the button
Seat 3: Brama Br ($169.19 in chips)
Seat 4: zimin10 ($189.37 in chips)
Brama Br: posts small blind $1
zimin10: posts big blind $3
*** HOLE CARDS ***
Brama Br: raises $3 to $6
zimin10: folds
Uncalled bet ($3) returned to Brama Br
Brama Br collected $6 from pot
*** SUMMARY ***
Total pot $6 | Rake $0
Seat 3: Brama Br (button) (small blind) collected ($6)
Seat 4: zimin10 (big blind) folded before Flop


PokerStars Hand #174928204029:  Hold'em Limit ($3/$6 USD) - 2017/08/29 1:16:58 ET
Table 'Bernardina' 6-max Seat #4 is the button
Seat 3: Brama Br ($165.19 in chips)
Seat 4: zimin10 ($193.13 in chips)
zimin10: posts small blind $1
Brama Br: posts big blind $3
*** HOLE CARDS ***
zimin10: raises $3 to $6
Brama Br: calls $3
*** FLOP *** [4c Ad Ah]
Brama Br: checks
Brama Br said, "vai se fuder"
zimin10: bets $3
Brama Br said, "palhaço"
Brama Br: calls $3
*** TURN *** [4c Ad Ah] [2s]
Brama Br: checks
zimin10: bets $6
Brama Br: folds
Uncalled bet ($6) returned to zimin10
zimin10 collected $17.64 from pot
*** SUMMARY ***
Total pot $18 | Rake $0.36
Board [4c Ad Ah 2s]
Seat 3: Brama Br (big blind) folded on the Turn
Seat 4: zimin10 (button) (small blind) collected ($17.64)


PokerStars Hand #174928196505:  Hold'em Limit ($3/$6 USD) - 2017/08/29 1:16:27 ET
Table 'Bernardina' 6-max Seat #4 is the button
Seat 3: Brama Br ($172.19 in chips)
Seat 4: zimin10 ($186.37 in chips)
zimin10: posts small blind $1
Brama Br: posts big blind $3
*** HOLE CARDS ***
zimin10: raises $3 to $6
Brama Br: calls $3
*** FLOP *** [4d Jd 9c]
Brama Br: checks
zimin10: bets $3
Brama Br: folds
Uncalled bet ($3) returned to zimin10
zimin10 collected $11.76 from pot
*** SUMMARY ***
Total pot $12 | Rake $0.24
Board [4d Jd 9c]
Seat 3: Brama Br (big blind) folded on the Flop
Seat 4: zimin10 (button) (small blind) collected ($11.76)


PokerStars Hand #174928202571:  Hold'em Limit ($3/$6 USD) - 2017/08/29 1:16:52 ET
Table 'Bernardina' 6-max Seat #3 is the button
Seat 3: Brama Br ($166.19 in chips)
Seat 4: zimin10 ($192.13 in chips)
Brama Br: posts small blind $1
zimin10: posts big blind $3
*** HOLE CARDS ***
Brama Br: folds
Uncalled bet ($2) returned to zimin10
zimin10 collected $2 from pot
*** SUMMARY ***
Total pot $2 | Rake $0
Seat 3: Brama Br (button) (small blind) folded before Flop
Seat 4: zimin10 (big blind) collected ($2)


PokerStars Hand #174928212877:  Hold'em Limit ($3/$6 USD) - 2017/08/29 1:17:33 ET
Table 'Bernardina' 6-max Seat #3 is the button
Seat 3: Brama Br ($156.19 in chips)
Seat 4: zimin10 ($201.77 in chips)
Brama Br: posts small blind $1
zimin10: posts big blind $3
*** HOLE CARDS ***
Brama Br: folds
Uncalled bet ($2) returned to zimin10
zimin10 collected $2 from pot
*** SUMMARY ***
Total pot $2 | Rake $0
Seat 3: Brama Br (button) (small blind) folded before Flop
Seat 4: zimin10 (big blind) collected ($2)


PokerStars Hand #174928216590:  Hold'em Limit ($3/$6 USD) - 2017/08/29 1:17:49 ET
Table 'Bernardina' 6-max Seat #4 is the button
Seat 3: Brama Br ($155.19 in chips)
Seat 4: zimin10 ($202.77 in chips)
zimin10: posts small blind $1
Brama Br: posts big blind $3
*** HOLE CARDS ***
zimin10: raises $3 to $6
Brama Br: raises $3 to $9
zimin10: calls $3
*** FLOP *** [Tc Jc Jh]
Brama Br: bets $3
zimin10: folds
Uncalled bet ($3) returned to Brama Br
Brama Br collected $17.64 from pot
*** SUMMARY ***
Total pot $18 | Rake $0.36
Board [Tc Jc Jh]
Seat 3: Brama Br (big blind) collected ($17.64)
Seat 4: zimin10 (button) (small blind) folded on the Flop


PokerStars Hand #174928224966:  Hold'em Limit ($3/$6 USD) - 2017/08/29 1:18:23 ET
Table 'Bernardina' 6-max Seat #3 is the button
Seat 3: Brama Br ($163.83 in chips)
Seat 4: zimin10 ($193.77 in chips)
Brama Br: posts small blind $1
zimin10: posts big blind $3
*** HOLE CARDS ***
Brama Br: folds
Uncalled bet ($2) returned to zimin10
zimin10 collected $2 from pot
*** SUMMARY ***
Total pot $2 | Rake $0
Seat 3: Brama Br (button) (small blind) folded before Flop
Seat 4: zimin10 (big blind) collected ($2)


PokerStars Hand #174928235524:  Hold'em Limit ($3/$6 USD) - 2017/08/29 1:19:08 ET
Table 'Bernardina' 6-max Seat #3 is the button
Seat 3: Brama Br ($138.83 in chips)
Seat 4: zimin10 ($218.27 in chips)
Brama Br: posts small blind $1
zimin10: posts big blind $3
*** HOLE CARDS ***
Brama Br: folds
Uncalled bet ($2) returned to zimin10
Brama Br leaves the table
zimin10 collected $2 from pot
*** SUMMARY ***
Total pot $2 | Rake $0
Seat 3: Brama Br (button) (small blind) folded before Flop
Seat 4: zimin10 (big blind) collected ($2)


PokerStars Hand #174928226471:  Hold'em Limit ($3/$6 USD) - 2017/08/29 1:18:30 ET
Table 'Bernardina' 6-max Seat #4 is the button
Seat 3: Brama Br ($162.83 in chips)
Seat 4: zimin10 ($194.77 in chips)
zimin10: posts small blind $1
Brama Br: posts big blind $3
*** HOLE CARDS ***
zimin10: raises $3 to $6
Brama Br: calls $3
*** FLOP *** [3h 4h 5d]
Brama Br: checks
zimin10: bets $3
Brama Br: raises $3 to $6
zimin10: calls $3
*** TURN *** [3h 4h 5d] [Th]
Brama Br: bets $6
zimin10: raises $6 to $12
Brama Br: calls $6
*** RIVER *** [3h 4h 5d Th] [Qh]
Brama Br: checks
zimin10: checks
*** SHOW DOWN ***
Brama Br: shows [Qs Jd] (a pair of Queens)
zimin10: shows [5h 2h] (a flush, Queen high)
zimin10 collected $47.50 from pot
*** SUMMARY ***
Total pot $48 | Rake $0.50
Board [3h 4h 5d Th Qh]
Seat 3: Brama Br (big blind) showed [Qs Jd] and lost with a pair of Queens
Seat 4: zimin10 (button) (small blind) showed [5h 2h] and won ($47.50) with a flush, Queen high


