PokerStars Hand #150305211058:  Hold'em Limit ($3/$6 USD) - 2016/03/13 16:18:50 ET
Table 'Bernoulli III' 6-max Seat #2 is the button
Seat 2: Krazy90 ($120 in chips)
Seat 3: Arsenavet ($120 in chips)
Krazy90: posts small blind $1
Arsenavet: posts big blind $3
*** HOLE CARDS ***
Krazy90: raises $3 to $6
Arsenavet: calls $3
*** FLOP *** [8h Jd As]
Arsenavet: checks
Krazy90: bets $3
Arsenavet: calls $3
*** TURN *** [8h Jd As] [3c]
Arsenavet: checks
Krazy90: bets $6
Arsenavet: raises $6 to $12
Krazy90: folds
Uncalled bet ($6) returned to Arsenavet
Arsenavet collected $29.50 from pot
Arsenavet: doesn't show hand
*** SUMMARY ***
Total pot $30 | Rake $0.50
Board [8h Jd As 3c]
Seat 2: Krazy90 (button) (small blind) folded on the Turn
Seat 3: Arsenavet (big blind) collected ($29.50)


PokerStars Hand #150305287781:  Hold'em Limit ($3/$6 USD) - 2016/03/13 16:19:58 ET
Table 'Bernoulli III' 6-max Seat #2 is the button
Seat 2: Krazy90 ($146.50 in chips)
Seat 3: Arsenavet ($107.50 in chips)
Krazy90: posts small blind $1
Arsenavet: posts big blind $3
*** HOLE CARDS ***
Krazy90: folds
Uncalled bet ($2) returned to Arsenavet
Arsenavet collected $2 from pot
Arsenavet: doesn't show hand
*** SUMMARY ***
Total pot $2 | Rake $0
Seat 2: Krazy90 (button) (small blind) folded before Flop
Seat 3: Arsenavet (big blind) collected ($2)


PokerStars Hand #150305255417:  Hold'em Limit ($3/$6 USD) - 2016/03/13 16:19:29 ET
Table 'Bernoulli III' 6-max Seat #3 is the button
Seat 2: Krazy90 ($120 in chips)
Seat 3: Arsenavet ($134.50 in chips)
Arsenavet: posts small blind $1
Krazy90: posts big blind $3
*** HOLE CARDS ***
Arsenavet: calls $2
Krazy90: raises $3 to $6
Arsenavet: calls $3
*** FLOP *** [Tc 4d Qs]
Krazy90: bets $3
Arsenavet: calls $3
*** TURN *** [Tc 4d Qs] [5s]
Krazy90: bets $6
Arsenavet: raises $6 to $12
Krazy90: calls $6
*** RIVER *** [Tc 4d Qs 5s] [Kd]
Krazy90: checks
Arsenavet: bets $6
Krazy90: calls $6
*** SHOW DOWN ***
Arsenavet: shows [Qd 8c] (a pair of Queens)
Krazy90: shows [Qc As] (a pair of Queens - Ace kicker)
Krazy90 collected $53.50 from pot
*** SUMMARY ***
Total pot $54 | Rake $0.50
Board [Tc 4d Qs 5s Kd]
Seat 2: Krazy90 (big blind) showed [Qc As] and won ($53.50) with a pair of Queens
Seat 3: Arsenavet (button) (small blind) showed [Qd 8c] and lost with a pair of Queens


PokerStars Hand #150305356878:  Hold'em Limit ($3/$6 USD) - 2016/03/13 16:21:00 ET
Table 'Bernoulli III' 6-max Seat #3 is the button
Seat 2: Krazy90 ($165 in chips)
Seat 3: Arsenavet ($88.50 in chips)
Arsenavet: posts small blind $1
Krazy90: posts big blind $3
*** HOLE CARDS ***
Arsenavet: folds
Uncalled bet ($2) returned to Krazy90
Krazy90 collected $2 from pot
Krazy90: doesn't show hand
*** SUMMARY ***
Total pot $2 | Rake $0
Seat 2: Krazy90 (big blind) collected ($2)
Seat 3: Arsenavet (button) (small blind) folded before Flop


PokerStars Hand #150305351569:  Hold'em Limit ($3/$6 USD) - 2016/03/13 16:20:56 ET
Table 'Bernoulli III' 6-max Seat #2 is the button
Seat 2: Krazy90 ($166 in chips)
Seat 3: Arsenavet ($87.50 in chips)
Krazy90: posts small blind $1
Arsenavet: posts big blind $3
*** HOLE CARDS ***
Krazy90: folds
Uncalled bet ($2) returned to Arsenavet
Arsenavet collected $2 from pot
Arsenavet: doesn't show hand
*** SUMMARY ***
Total pot $2 | Rake $0
Seat 2: Krazy90 (button) (small blind) folded before Flop
Seat 3: Arsenavet (big blind) collected ($2)


PokerStars Hand #150305316687:  Hold'em Limit ($3/$6 USD) - 2016/03/13 16:20:25 ET
Table 'Bernoulli III' 6-max Seat #3 is the button
Seat 2: Krazy90 ($145.50 in chips)
Seat 3: Arsenavet ($108.50 in chips)
Arsenavet: posts small blind $1
Krazy90: posts big blind $3
*** HOLE CARDS ***
Arsenavet: raises $3 to $6
Krazy90: calls $3
*** FLOP *** [3s 2h 3d]
Krazy90: checks
Arsenavet: bets $3
Krazy90: calls $3
*** TURN *** [3s 2h 3d] [Ad]
Krazy90: checks
Arsenavet: bets $6
Krazy90: calls $6
*** RIVER *** [3s 2h 3d Ad] [6d]
Krazy90: checks
Arsenavet: bets $6
Krazy90: calls $6
*** SHOW DOWN ***
Arsenavet: shows [Js 9d] (a pair of Threes)
Krazy90: shows [Qs Kd] (a pair of Threes - Ace+King kicker)
Krazy90 collected $41.50 from pot
*** SUMMARY ***
Total pot $42 | Rake $0.50
Board [3s 2h 3d Ad 6d]
Seat 2: Krazy90 (big blind) showed [Qs Kd] and won ($41.50) with a pair of Threes
Seat 3: Arsenavet (button) (small blind) showed [Js 9d] and lost with a pair of Threes


PokerStars Hand #150305422394:  Hold'em Limit ($3/$6 USD) - 2016/03/13 16:21:58 ET
Table 'Bernoulli III' 6-max Seat #3 is the button
Seat 2: Krazy90 ($145 in chips)
Seat 3: Arsenavet ($108 in chips)
Arsenavet: posts small blind $1
Krazy90: posts big blind $3
*** HOLE CARDS ***
Arsenavet: calls $2
Krazy90: checks
*** FLOP *** [Ac Qh Ts]
Krazy90: checks
Arsenavet: bets $3
Krazy90: folds
Uncalled bet ($3) returned to Arsenavet
Arsenavet collected $5.88 from pot
Arsenavet: doesn't show hand
*** SUMMARY ***
Total pot $6 | Rake $0.12
Board [Ac Qh Ts]
Seat 2: Krazy90 (big blind) folded on the Flop
Seat 3: Arsenavet (button) (small blind) collected ($5.88)


PokerStars Hand #150305362946:  Hold'em Limit ($3/$6 USD) - 2016/03/13 16:21:06 ET
Table 'Bernoulli III' 6-max Seat #2 is the button
Seat 2: Krazy90 ($166 in chips)
Seat 3: Arsenavet ($87.50 in chips)
Krazy90: posts small blind $1
Arsenavet: posts big blind $3
*** HOLE CARDS ***
Krazy90: calls $2
Arsenavet: raises $3 to $6
Krazy90: calls $3
*** FLOP *** [Kd 9c 6d]
Arsenavet: bets $3
Krazy90: calls $3
*** TURN *** [Kd 9c 6d] [Js]
Arsenavet: bets $6
Krazy90: calls $6
*** RIVER *** [Kd 9c 6d Js] [Qh]
Arsenavet: bets $6
Krazy90: calls $6
*** SHOW DOWN ***
Arsenavet: shows [Jh Ac] (a pair of Jacks)
Krazy90: mucks hand
Arsenavet collected $41.50 from pot
*** SUMMARY ***
Total pot $42 | Rake $0.50
Board [Kd 9c 6d Js Qh]
Seat 2: Krazy90 (button) (small blind) mucked
Seat 3: Arsenavet (big blind) showed [Jh Ac] and won ($41.50) with a pair of Jacks


PokerStars Hand #150305487600:  Hold'em Limit ($3/$6 USD) - 2016/03/13 16:22:56 ET
Table 'Bernoulli III' 6-max Seat #3 is the button
Seat 2: Krazy90 ($162.50 in chips)
Seat 3: Arsenavet ($89.88 in chips)
Arsenavet: posts small blind $1
Krazy90: posts big blind $3
*** HOLE CARDS ***
Arsenavet: raises $3 to $6
Krazy90: calls $3
*** FLOP *** [8c 5d Qs]
Krazy90: checks
Arsenavet: bets $3
Krazy90: calls $3
*** TURN *** [8c 5d Qs] [As]
Krazy90: checks
Arsenavet: checks
*** RIVER *** [8c 5d Qs As] [Qc]
Krazy90: checks
Arsenavet: checks
*** SHOW DOWN ***
Krazy90: shows [Jd Kc] (a pair of Queens)
Arsenavet: shows [9d 8s] (two pair, Queens and Eights)
Arsenavet collected $17.64 from pot
*** SUMMARY ***
Total pot $18 | Rake $0.36
Board [8c 5d Qs As Qc]
Seat 2: Krazy90 (big blind) showed [Jd Kc] and lost with a pair of Queens
Seat 3: Arsenavet (button) (small blind) showed [9d 8s] and won ($17.64) with two pair, Queens and Eights


PokerStars Hand #150305455286:  Hold'em Limit ($3/$6 USD) - 2016/03/13 16:22:28 ET
Table 'Bernoulli III' 6-max Seat #2 is the button
Seat 2: Krazy90 ($142 in chips)
Seat 3: Arsenavet ($110.88 in chips)
Krazy90: posts small blind $1
Arsenavet: posts big blind $3
*** HOLE CARDS ***
Krazy90: raises $3 to $6
Arsenavet: calls $3
*** FLOP *** [Jh 7c Ac]
Arsenavet: checks
Krazy90: bets $3
Arsenavet: calls $3
*** TURN *** [Jh 7c Ac] [Tc]
Arsenavet: checks
Krazy90: bets $6
Arsenavet: calls $6
*** RIVER *** [Jh 7c Ac Tc] [4c]
Arsenavet: checks
Krazy90: bets $6
Arsenavet: calls $6
*** SHOW DOWN ***
Krazy90: shows [Qh Kc] (a flush, Ace high)
Arsenavet: mucks hand
Krazy90 collected $41.50 from pot
*** SUMMARY ***
Total pot $42 | Rake $0.50
Board [Jh 7c Ac Tc 4c]
Seat 2: Krazy90 (button) (small blind) showed [Qh Kc] and won ($41.50) with a flush, Ace high
Seat 3: Arsenavet (big blind) mucked


PokerStars Hand #150305513731:  Hold'em Limit ($3/$6 USD) - 2016/03/13 16:23:20 ET
Table 'Bernoulli III' 6-max Seat #2 is the button
Seat 2: Krazy90 ($153.50 in chips)
Seat 3: Arsenavet ($98.52 in chips)
Krazy90: posts small blind $1
Arsenavet: posts big blind $3
*** HOLE CARDS ***
Krazy90: raises $3 to $6
Arsenavet: raises $3 to $9
Krazy90: calls $3
*** FLOP *** [2s 9c Td]
Arsenavet: bets $3
Krazy90: calls $3
*** TURN *** [2s 9c Td] [Ks]
Arsenavet: bets $6
Krazy90: folds
Uncalled bet ($6) returned to Arsenavet
Arsenavet collected $23.52 from pot
Arsenavet: doesn't show hand
*** SUMMARY ***
Total pot $24 | Rake $0.48
Board [2s 9c Td Ks]
Seat 2: Krazy90 (button) (small blind) folded on the Turn
Seat 3: Arsenavet (big blind) collected ($23.52)


