PokerStars Hand #155307811660:  Hold'em Limit ($3/$6 USD) - 2016/06/28 13:19:44 ET
Table 'Bernardina II' 6-max Seat #5 is the button
Seat 4: VolkovDmitri ($120 in chips)
Seat 5: moveoverover ($131.52 in chips)
moveoverover: posts small blind $1
VolkovDmitri: posts big blind $3
*** HOLE CARDS ***
moveoverover: folds
Uncalled bet ($2) returned to VolkovDmitri
VolkovDmitri collected $2 from pot
VolkovDmitri: doesn't show hand
*** SUMMARY ***
Total pot $2 | Rake $0
Seat 4: VolkovDmitri (big blind) collected ($2)
Seat 5: moveoverover (button) (small blind) folded before Flop


PokerStars Hand #155307795577:  Hold'em Limit ($3/$6 USD) - 2016/06/28 13:19:21 ET
Table 'Bernardina II' 6-max Seat #4 is the button
Seat 4: VolkovDmitri ($120 in chips)
Seat 5: moveoverover ($120 in chips)
VolkovDmitri: posts small blind $1
moveoverover: posts big blind $3
*** HOLE CARDS ***
VolkovDmitri: raises $3 to $6
moveoverover: raises $3 to $9
VolkovDmitri: calls $3
*** FLOP *** [Ts 5d 3h]
moveoverover: bets $3
VolkovDmitri: calls $3
*** TURN *** [Ts 5d 3h] [Kc]
moveoverover: bets $6
VolkovDmitri: folds
Uncalled bet ($6) returned to moveoverover
moveoverover collected $23.52 from pot
*** SUMMARY ***
Total pot $24 | Rake $0.48
Board [Ts 5d 3h Kc]
Seat 4: VolkovDmitri (button) (small blind) folded on the Turn
Seat 5: moveoverover (big blind) collected ($23.52)


PokerStars Hand #155307816287:  Hold'em Limit ($3/$6 USD) - 2016/06/28 13:19:50 ET
Table 'Bernardina II' 6-max Seat #4 is the button
Seat 4: VolkovDmitri ($121 in chips)
Seat 5: moveoverover ($130.52 in chips)
VolkovDmitri: posts small blind $1
moveoverover: posts big blind $3
*** HOLE CARDS ***
VolkovDmitri: raises $3 to $6
moveoverover: calls $3
*** FLOP *** [Kd 9d 7c]
moveoverover: checks
VolkovDmitri: bets $3
moveoverover: folds
Uncalled bet ($3) returned to VolkovDmitri
VolkovDmitri collected $11.76 from pot
VolkovDmitri: doesn't show hand
*** SUMMARY ***
Total pot $12 | Rake $0.24
Board [Kd 9d 7c]
Seat 4: VolkovDmitri (button) (small blind) collected ($11.76)
Seat 5: moveoverover (big blind) folded on the Flop


PokerStars Hand #155307824370:  Hold'em Limit ($3/$6 USD) - 2016/06/28 13:20:02 ET
Table 'Bernardina II' 6-max Seat #5 is the button
Seat 4: VolkovDmitri ($126.76 in chips)
Seat 5: moveoverover ($124.52 in chips)
moveoverover: posts small blind $1
VolkovDmitri: posts big blind $3
*** HOLE CARDS ***
moveoverover: folds
Uncalled bet ($2) returned to VolkovDmitri
VolkovDmitri collected $2 from pot
VolkovDmitri: doesn't show hand
*** SUMMARY ***
Total pot $2 | Rake $0
Seat 4: VolkovDmitri (big blind) collected ($2)
Seat 5: moveoverover (button) (small blind) folded before Flop


PokerStars Hand #155307843521:  Hold'em Limit ($3/$6 USD) - 2016/06/28 13:20:29 ET
Table 'Bernardina II' 6-max Seat #5 is the button
Seat 4: VolkovDmitri ($120 in chips)
Seat 5: moveoverover ($138.02 in chips)
moveoverover: posts small blind $1
VolkovDmitri: posts big blind $3
*** HOLE CARDS ***
moveoverover: folds
Uncalled bet ($2) returned to VolkovDmitri
moveoverover leaves the table
VolkovDmitri collected $2 from pot
VolkovDmitri: doesn't show hand
*** SUMMARY ***
Total pot $2 | Rake $0
Seat 4: VolkovDmitri (big blind) collected ($2)
Seat 5: moveoverover (button) (small blind) folded before Flop


PokerStars Hand #155307828068:  Hold'em Limit ($3/$6 USD) - 2016/06/28 13:20:07 ET
Table 'Bernardina II' 6-max Seat #4 is the button
Seat 4: VolkovDmitri ($127.76 in chips)
Seat 5: moveoverover ($123.52 in chips)
VolkovDmitri: posts small blind $1
moveoverover: posts big blind $3
*** HOLE CARDS ***
VolkovDmitri: raises $3 to $6
moveoverover: raises $3 to $9
VolkovDmitri: calls $3
*** FLOP *** [7h 9h 5h]
moveoverover: bets $3
VolkovDmitri: raises $3 to $6
moveoverover: calls $3
*** TURN *** [7h 9h 5h] [Js]
moveoverover: checks
VolkovDmitri: checks
*** RIVER *** [7h 9h 5h Js] [8d]
moveoverover: checks
VolkovDmitri: checks
*** SHOW DOWN ***
moveoverover: shows [9d Qc] (a pair of Nines)
VolkovDmitri: mucks hand
moveoverover collected $29.50 from pot
*** SUMMARY ***
Total pot $30 | Rake $0.50
Board [7h 9h 5h Js 8d]
Seat 4: VolkovDmitri (button) (small blind) mucked
Seat 5: moveoverover (big blind) showed [9d Qc] and won ($29.50) with a pair of Nines


PokerStars Hand #155308397715:  Hold'em Limit ($3/$6 USD) - 2016/06/28 13:33:21 ET
Table 'Bernardina II' 6-max Seat #3 is the button
Seat 2: BrownieSpy ($72 in chips)
Seat 3: thom's666 ($53.27 in chips)
thom's666: posts small blind $1
VolkovDmitri: is sitting out
BrownieSpy: posts big blind $3
*** HOLE CARDS ***
VolkovDmitri leaves the table
thom's666: folds
Uncalled bet ($2) returned to BrownieSpy
BrownieSpy collected $2 from pot
BrownieSpy: doesn't show hand
*** SUMMARY ***
Total pot $2 | Rake $0
Seat 2: BrownieSpy (big blind) collected ($2)
Seat 3: thom's666 (button) (small blind) folded before Flop


PokerStars Hand #155308404879:  Hold'em Limit ($3/$6 USD) - 2016/06/28 13:33:31 ET
Table 'Bernardina II' 6-max Seat #2 is the button
Seat 2: BrownieSpy ($73 in chips)
Seat 3: thom's666 ($52.27 in chips)
BrownieSpy: posts small blind $1
thom's666: posts big blind $3
*** HOLE CARDS ***
BrownieSpy: folds
Uncalled bet ($2) returned to thom's666
thom's666 collected $2 from pot
*** SUMMARY ***
Total pot $2 | Rake $0
Seat 2: BrownieSpy (button) (small blind) folded before Flop
Seat 3: thom's666 (big blind) collected ($2)


