PokerStars Hand #145046701547:  Hold'em Limit ($3/$6 USD) - 2015/12/08 17:56:50 ET
Table 'Bernoulli' 2-max Seat #1 is the button
Seat 1: aruhtart ($140.50 in chips)
Seat 2: Siwy56 ($27.65 in chips)
aruhtart: posts small blind $1
Siwy56: posts big blind $3
*** HOLE CARDS ***
aruhtart: raises $3 to $6
Siwy56: folds
Uncalled bet ($3) returned to aruhtart
aruhtart collected $6 from pot
*** SUMMARY ***
Total pot $6 | Rake $0
Seat 1: aruhtart (button) (small blind) collected ($6)
Seat 2: Siwy56 (big blind) folded before Flop


PokerStars Hand #145046706105:  Hold'em Limit ($3/$6 USD) - 2015/12/08 17:56:57 ET
Table 'Bernoulli' 2-max Seat #2 is the button
Seat 1: aruhtart ($143.50 in chips)
Seat 2: Siwy56 ($24.65 in chips)
Siwy56: posts small blind $1
aruhtart: posts big blind $3
*** HOLE CARDS ***
Siwy56: calls $2
aruhtart: checks
*** FLOP *** [8d Jc Qs]
aruhtart: checks
Siwy56: bets $3
aruhtart: folds
Uncalled bet ($3) returned to Siwy56
Siwy56 collected $5.88 from pot
Siwy56: doesn't show hand
*** SUMMARY ***
Total pot $6 | Rake $0.12
Board [8d Jc Qs]
Seat 1: aruhtart (big blind) folded on the Flop
Seat 2: Siwy56 (button) (small blind) collected ($5.88)


PokerStars Hand #145046714427:  Hold'em Limit ($3/$6 USD) - 2015/12/08 17:57:09 ET
Table 'Bernoulli' 2-max Seat #1 is the button
Seat 1: aruhtart ($140.50 in chips)
Seat 2: Siwy56 ($27.53 in chips)
aruhtart: posts small blind $1
Siwy56: posts big blind $3
*** HOLE CARDS ***
aruhtart: raises $3 to $6
Siwy56: calls $3
*** FLOP *** [3d Ks Jc]
Siwy56: bets $3
aruhtart: folds
Uncalled bet ($3) returned to Siwy56
Siwy56 collected $11.76 from pot
Siwy56: doesn't show hand
*** SUMMARY ***
Total pot $12 | Rake $0.24
Board [3d Ks Jc]
Seat 1: aruhtart (button) (small blind) folded on the Flop
Seat 2: Siwy56 (big blind) collected ($11.76)


PokerStars Hand #145046726156:  Hold'em Limit ($3/$6 USD) - 2015/12/08 17:57:26 ET
Table 'Bernoulli' 2-max Seat #2 is the button
Seat 1: aruhtart ($134.50 in chips)
Seat 2: Siwy56 ($33.29 in chips)
Siwy56: posts small blind $1
aruhtart: posts big blind $3
*** HOLE CARDS ***
Siwy56: calls $2
aruhtart: raises $3 to $6
Siwy56: calls $3
*** FLOP *** [Ks Ah 3d]
aruhtart: bets $3
Siwy56: folds
Uncalled bet ($3) returned to aruhtart
aruhtart collected $11.76 from pot
aruhtart: doesn't show hand
*** SUMMARY ***
Total pot $12 | Rake $0.24
Board [Ks Ah 3d]
Seat 1: aruhtart (big blind) collected ($11.76)
Seat 2: Siwy56 (button) (small blind) folded on the Flop


PokerStars Hand #145046735411:  Hold'em Limit ($3/$6 USD) - 2015/12/08 17:57:40 ET
Table 'Bernoulli' 2-max Seat #1 is the button
Seat 1: aruhtart ($140.26 in chips)
Seat 2: Siwy56 ($27.29 in chips)
aruhtart: posts small blind $1
Siwy56: posts big blind $3
*** HOLE CARDS ***
aruhtart: folds
Uncalled bet ($2) returned to Siwy56
Siwy56 collected $2 from pot
Siwy56: doesn't show hand
*** SUMMARY ***
Total pot $2 | Rake $0
Seat 1: aruhtart (button) (small blind) folded before Flop
Seat 2: Siwy56 (big blind) collected ($2)


PokerStars Hand #145046742099:  Hold'em Limit ($3/$6 USD) - 2015/12/08 17:57:49 ET
Table 'Bernoulli' 2-max Seat #2 is the button
Seat 1: aruhtart ($139.26 in chips)
Seat 2: Siwy56 ($28.29 in chips)
Siwy56: posts small blind $1
aruhtart: posts big blind $3
*** HOLE CARDS ***
Siwy56: folds
Uncalled bet ($2) returned to aruhtart
aruhtart collected $2 from pot
aruhtart: doesn't show hand
*** SUMMARY ***
Total pot $2 | Rake $0
Seat 1: aruhtart (big blind) collected ($2)
Seat 2: Siwy56 (button) (small blind) folded before Flop


PokerStars Hand #145046745663:  Hold'em Limit ($3/$6 USD) - 2015/12/08 17:57:55 ET
Table 'Bernoulli' 2-max Seat #1 is the button
Seat 1: aruhtart ($140.26 in chips)
Seat 2: Siwy56 ($27.29 in chips)
aruhtart: posts small blind $1
Siwy56: posts big blind $3
*** HOLE CARDS ***
aruhtart: raises $3 to $6
Siwy56: raises $3 to $9
aruhtart: calls $3
*** FLOP *** [6d Js Kc]
Siwy56: checks
aruhtart: bets $3
Siwy56: raises $3 to $6
aruhtart: calls $3
*** TURN *** [6d Js Kc] [5s]
Siwy56: bets $6
aruhtart: raises $6 to $12
Siwy56: raises $0.29 to $12.29 and is all-in
aruhtart: calls $0.29
*** RIVER *** [6d Js Kc 5s] [Jc]
*** SHOW DOWN ***
Siwy56: shows [Qh Kd] (two pair, Kings and Jacks)
aruhtart: shows [Jd Ks] (a full house, Jacks full of Kings)
aruhtart collected $54.08 from pot
*** SUMMARY ***
Total pot $54.58 | Rake $0.50
Board [6d Js Kc 5s Jc]
Seat 1: aruhtart (button) (small blind) showed [Jd Ks] and won ($54.08) with a full house, Jacks full of Kings
Seat 2: Siwy56 (big blind) showed [Qh Kd] and lost with two pair, Kings and Jacks


