PokerStars Hand #147087302554:  Hold'em Limit ($3/$6 USD) - 2016/01/15 13:10:55 ET
Table 'Bernhard' 6-max Seat #3 is the button
Seat 1: VolkovDmitri ($123 in chips)
Seat 3: ROCK2010 ($126.64 in chips)
ROCK2010: posts small blind $1
VolkovDmitri: posts big blind $3
*** HOLE CARDS ***
ROCK2010: calls $2
VolkovDmitri: raises $3 to $6
ROCK2010: calls $3
*** FLOP *** [Th 4d Js]
VolkovDmitri: bets $3
ROCK2010: folds
Uncalled bet ($3) returned to VolkovDmitri
Krazy90 joins the table at seat #4
VolkovDmitri collected $11.76 from pot
VolkovDmitri: doesn't show hand
Nijadperest joins the table at seat #2
*** SUMMARY ***
Total pot $12 | Rake $0.24
Board [Th 4d Js]
Seat 1: VolkovDmitri (big blind) collected ($11.76)
Seat 3: ROCK2010 (button) (small blind) folded on the Flop


PokerStars Hand #147087264416:  Hold'em Limit ($3/$6 USD) - 2016/01/15 13:10:16 ET
Table 'Bernhard' 6-max Seat #3 is the button
Seat 1: VolkovDmitri ($120 in chips)
Seat 3: ROCK2010 ($121 in chips)
ROCK2010: posts small blind $1
VolkovDmitri: posts big blind $3
*** HOLE CARDS ***
ROCK2010: calls $2
VolkovDmitri: raises $3 to $6
ROCK2010: calls $3
*** FLOP *** [Qs Ad 3c]
VolkovDmitri: bets $3
ROCK2010: calls $3
*** TURN *** [Qs Ad 3c] [Ks]
VolkovDmitri: checks
ROCK2010: checks
*** RIVER *** [Qs Ad 3c Ks] [7s]
VolkovDmitri: checks
ROCK2010: checks
*** SHOW DOWN ***
VolkovDmitri: shows [6c Ts] (high card Ace)
ROCK2010: shows [Jh Td] (a straight, Ten to Ace)
ROCK2010 collected $17.64 from pot
*** SUMMARY ***
Total pot $18 | Rake $0.36
Board [Qs Ad 3c Ks 7s]
Seat 1: VolkovDmitri (big blind) showed [6c Ts] and lost with high card Ace
Seat 3: ROCK2010 (button) (small blind) showed [Jh Td] and won ($17.64) with a straight, Ten to Ace


PokerStars Hand #147087292746:  Hold'em Limit ($3/$6 USD) - 2016/01/15 13:10:45 ET
Table 'Bernhard' 6-max Seat #1 is the button
Seat 1: VolkovDmitri ($120 in chips)
Seat 3: ROCK2010 ($129.64 in chips)
VolkovDmitri: posts small blind $1
ROCK2010: posts big blind $3
*** HOLE CARDS ***
VolkovDmitri: raises $3 to $6
ROCK2010: folds
Uncalled bet ($3) returned to VolkovDmitri
VolkovDmitri collected $6 from pot
VolkovDmitri: doesn't show hand
*** SUMMARY ***
Total pot $6 | Rake $0
Seat 1: VolkovDmitri (button) (small blind) collected ($6)
Seat 3: ROCK2010 (big blind) folded before Flop


PokerStars Hand #147087857105:  Hold'em Limit ($3/$6 USD) - 2016/01/15 13:20:30 ET
Table 'Bernhard' 6-max Seat #4 is the button
Seat 4: Krazy90 ($143.53 in chips)
Seat 6: vityapops ($134.37 in chips)
VolkovDmitri will be allowed to play after the button
Nijadperest will be allowed to play after the button
Krazy90: posts small blind $1
soakas: is sitting out
vityapops: posts big blind $3
*** HOLE CARDS ***
Krazy90: raises $3 to $6
soakas leaves the table
vityapops: calls $3
*** FLOP *** [2s Js 3h]
vityapops: checks
Krazy90: bets $3
vityapops: raises $3 to $6
Krazy90: calls $3
*** TURN *** [2s Js 3h] [3d]
vityapops: bets $6
Krazy90: calls $6
*** RIVER *** [2s Js 3h 3d] [3c]
vityapops: bets $6
Krazy90: calls $6
*** SHOW DOWN ***
vityapops: shows [8c Jh] (a full house, Threes full of Jacks)
Krazy90: mucks hand
vityapops collected $47.50 from pot
*** SUMMARY ***
Total pot $48 | Rake $0.50
Board [2s Js 3h 3d 3c]
Seat 4: Krazy90 (button) (small blind) mucked
Seat 6: vityapops (big blind) showed [8c Jh] and won ($47.50) with a full house, Threes full of Jacks


PokerStars Hand #147094261619:  Hold'em Limit ($3/$6 USD) - 2016/01/15 15:09:50 ET
Table 'Bernhard' 6-max Seat #4 is the button
Seat 4: Krazy90 ($147.21 in chips)
Seat 6: ogdealer ($35 in chips)
Krazy90: posts small blind $1
ogdealer: posts big blind $3
*** HOLE CARDS ***
Titanic001 leaves the table
Krazy90: raises $3 to $6
ogdealer: calls $3
*** FLOP *** [9d Tc Ts]
PelonCabelao joins the table at seat #1
ogdealer: checks
Krazy90: bets $3
ogdealer: folds
Uncalled bet ($3) returned to Krazy90
Krazy90 collected $11.76 from pot
Krazy90: doesn't show hand
*** SUMMARY ***
Total pot $12 | Rake $0.24
Board [9d Tc Ts]
Seat 4: Krazy90 (button) (small blind) collected ($11.76)
Seat 6: ogdealer (big blind) folded on the Flop


PokerStars Hand #147094219055:  Hold'em Limit ($3/$6 USD) - 2016/01/15 15:09:10 ET
Table 'Bernhard' 6-max Seat #1 is the button
Seat 1: Titanic001 ($17 in chips)
Seat 4: Krazy90 ($130.71 in chips)
Titanic001: posts small blind $1
Krazy90: posts big blind $3
*** HOLE CARDS ***
Titanic001: raises $3 to $6
PelonCabelao leaves the table
Krazy90: calls $3
*** FLOP *** [5c 2h 3h]
Krazy90: checks
Titanic001: bets $3
soakas leaves the table
Krazy90: raises $3 to $6
Titanic001: calls $3
*** TURN *** [5c 2h 3h] [7d]
Krazy90: bets $6
Titanic001: calls $5 and is all-in
Uncalled bet ($1) returned to Krazy90
ogdealer joins the table at seat #6
*** RIVER *** [5c 2h 3h 7d] [Kc]
*** SHOW DOWN ***
Krazy90: shows [As 4h] (a straight, Ace to Five)
Titanic001: shows [Qh 2d] (a pair of Deuces)
Krazy90 collected $33.50 from pot
*** SUMMARY ***
Total pot $34 | Rake $0.50
Board [5c 2h 3h 7d Kc]
Seat 1: Titanic001 (button) (small blind) showed [Qh 2d] and lost with a pair of Deuces
Seat 4: Krazy90 (big blind) showed [As 4h] and won ($33.50) with a straight, Ace to Five


PokerStars Hand #147094186471:  Hold'em Limit ($3/$6 USD) - 2016/01/15 15:08:39 ET
Table 'Bernhard' 6-max Seat #4 is the button
Seat 1: Titanic001 ($23 in chips)
Seat 4: Krazy90 ($124.95 in chips)
Krazy90: posts small blind $1
MusicalClown: is sitting out
Titanic001: posts big blind $3
*** HOLE CARDS ***
MusicalClown leaves the table
Krazy90: raises $3 to $6
Titanic001: calls $3
*** FLOP *** [2c 4c 4h]
Titanic001: checks
Krazy90: bets $3
Titanic001: folds
Uncalled bet ($3) returned to Krazy90
Krazy90 collected $11.76 from pot
Krazy90: doesn't show hand
*** SUMMARY ***
Total pot $12 | Rake $0.24
Board [2c 4c 4h]
Seat 1: Titanic001 (big blind) folded on the Flop
Seat 4: Krazy90 (button) (small blind) collected ($11.76)


PokerStars Hand #147094311098:  Hold'em Limit ($3/$6 USD) - 2016/01/15 15:10:37 ET
Table 'Bernhard' 6-max Seat #1 is the button
Seat 1: PelonCabelao ($94.56 in chips)
Seat 6: ogdealer ($5 in chips)
PelonCabelao: posts small blind $1
chezlaw was removed from the table for failing to post
ogdealer: posts big blind $3
*** HOLE CARDS ***
PelonCabelao: raises $3 to $6
ogdealer: calls $2 and is all-in
Uncalled bet ($1) returned to PelonCabelao
*** FLOP *** [Ks 8c Qc]
*** TURN *** [Ks 8c Qc] [2h]
*** RIVER *** [Ks 8c Qc 2h] [7h]
*** SHOW DOWN ***
ogdealer: shows [7d 3s] (a pair of Sevens)
PelonCabelao: shows [8d 5d] (a pair of Eights)
PelonCabelao collected $9.80 from pot
*** SUMMARY ***
Total pot $10 | Rake $0.20
Board [Ks 8c Qc 2h 7h]
Seat 1: PelonCabelao (button) (small blind) showed [8d 5d] and won ($9.80) with a pair of Eights
Seat 6: ogdealer (big blind) showed [7d 3s] and lost with a pair of Sevens


