PokerStars Hand #147637841702:  Hold'em Limit ($3/$6 USD) - 2016/01/25 2:31:20 ET
Table 'Bernhard' 6-max Seat #4 is the button
Seat 1: tomhradil112 ($65.76 in chips)
Seat 4: BuzovaPro ($72 in chips)
BuzovaPro: posts small blind $1
tomhradil112: posts big blind $3
*** HOLE CARDS ***
BuzovaPro: raises $3 to $6
tomhradil112: calls $3
*** FLOP *** [Qd 3h Ah]
tomhradil112: checks
BuzovaPro: bets $3
tomhradil112: calls $3
*** TURN *** [Qd 3h Ah] [Js]
tomhradil112: checks
BuzovaPro: bets $6
tomhradil112: calls $6
*** RIVER *** [Qd 3h Ah Js] [8d]
tomhradil112: checks
BuzovaPro: bets $6
tomhradil112: calls $6
*** SHOW DOWN ***
BuzovaPro: shows [Qc 8s] (two pair, Queens and Eights)
tomhradil112: mucks hand
BuzovaPro collected $41.50 from pot
*** SUMMARY ***
Total pot $42 | Rake $0.50
Board [Qd 3h Ah Js 8d]
Seat 1: tomhradil112 (big blind) mucked
Seat 4: BuzovaPro (button) (small blind) showed [Qc 8s] and won ($41.50) with two pair, Queens and Eights


PokerStars Hand #147637835562:  Hold'em Limit ($3/$6 USD) - 2016/01/25 2:30:58 ET
Table 'Bernhard' 6-max Seat #1 is the button
Seat 1: tomhradil112 ($60 in chips)
Seat 4: BuzovaPro ($72 in chips)
tomhradil112: posts small blind $1
BuzovaPro: posts big blind $3
*** HOLE CARDS ***
tomhradil112: raises $3 to $6
BuzovaPro: calls $3
*** FLOP *** [Jh Jc Ah]
BuzovaPro: checks
tomhradil112: bets $3
BuzovaPro: folds
Uncalled bet ($3) returned to tomhradil112
tomhradil112 collected $11.76 from pot
tomhradil112: doesn't show hand
*** SUMMARY ***
Total pot $12 | Rake $0.24
Board [Jh Jc Ah]
Seat 1: tomhradil112 (button) (small blind) collected ($11.76)
Seat 4: BuzovaPro (big blind) folded on the Flop


PokerStars Hand #147637833938:  Hold'em Limit ($3/$6 USD) - 2016/01/25 2:30:53 ET
Table 'Bernhard' 6-max Seat #4 is the button
Seat 1: tomhradil112 ($59 in chips)
Seat 4: BuzovaPro ($73 in chips)
BuzovaPro: posts small blind $1
tomhradil112: posts big blind $3
*** HOLE CARDS ***
BuzovaPro: folds
Uncalled bet ($2) returned to tomhradil112
tomhradil112 collected $2 from pot
tomhradil112: doesn't show hand
*** SUMMARY ***
Total pot $2 | Rake $0
Seat 1: tomhradil112 (big blind) collected ($2)
Seat 4: BuzovaPro (button) (small blind) folded before Flop


PokerStars Hand #147637847702:  Hold'em Limit ($3/$6 USD) - 2016/01/25 2:31:41 ET
Table 'Bernhard' 6-max Seat #1 is the button
Seat 1: tomhradil112 ($44.76 in chips)
Seat 4: BuzovaPro ($92.50 in chips)
tomhradil112: posts small blind $1
BuzovaPro: posts big blind $3
*** HOLE CARDS ***
tomhradil112 said, "lol"
tomhradil112: raises $3 to $6
BuzovaPro: raises $3 to $9
tomhradil112: calls $3
*** FLOP *** [4d Jc Js]
BuzovaPro: bets $3
tomhradil112: calls $3
*** TURN *** [4d Jc Js] [6h]
BuzovaPro: bets $6
tomhradil112: raises $6 to $12
BuzovaPro: calls $6
*** RIVER *** [4d Jc Js 6h] [5c]
BuzovaPro: checks
tomhradil112: bets $6
BuzovaPro: calls $6
*** SHOW DOWN ***
tomhradil112: shows [Th Qc] (a pair of Jacks)
BuzovaPro: shows [Td Ts] (two pair, Jacks and Tens)
BuzovaPro collected $59.50 from pot
*** SUMMARY ***
Total pot $60 | Rake $0.50
Board [4d Jc Js 6h 5c]
Seat 1: tomhradil112 (button) (small blind) showed [Th Qc] and lost with a pair of Jacks
Seat 4: BuzovaPro (big blind) showed [Td Ts] and won ($59.50) with two pair, Jacks and Tens


PokerStars Hand #147637854488:  Hold'em Limit ($3/$6 USD) - 2016/01/25 2:32:05 ET
Table 'Bernhard' 6-max Seat #4 is the button
Seat 1: tomhradil112 ($14.76 in chips)
Seat 4: BuzovaPro ($122 in chips)
BuzovaPro: posts small blind $1
tomhradil112: posts big blind $3
*** HOLE CARDS ***
tomhradil112 said, "lol gay"
BuzovaPro: raises $3 to $6
tomhradil112: raises $3 to $9
BuzovaPro: calls $3
*** FLOP *** [Qd Kh 7d]
tomhradil112: bets $3
BuzovaPro: calls $3
*** TURN *** [Qd Kh 7d] [3s]
tomhradil112: bets $2.76 and is all-in
BuzovaPro: calls $2.76
*** RIVER *** [Qd Kh 7d 3s] [5h]
*** SHOW DOWN ***
tomhradil112: shows [5c 6s] (a pair of Fives)
BuzovaPro: shows [Kd Jc] (a pair of Kings)
BuzovaPro collected $29.02 from pot
tomhradil112 leaves the table
*** SUMMARY ***
Total pot $29.52 | Rake $0.50
Board [Qd Kh 7d 3s 5h]
Seat 1: tomhradil112 (big blind) showed [5c 6s] and lost with a pair of Fives
Seat 4: BuzovaPro (button) (small blind) showed [Kd Jc] and won ($29.02) with a pair of Kings


