PokerStars Hand #150746249881:  Hold'em Limit ($3/$6 USD) - 2016/03/22 6:00:45 ET
Table 'Bernardina' 10-max Seat #10 is the button
Seat 9: Headgtboy ($59.01 in chips)
Seat 10: MTails ($120 in chips)
MTails: posts small blind $1
Headgtboy: posts big blind $3
*** HOLE CARDS ***
MTails: raises $3 to $6
Headgtboy: raises $3 to $9
MTails: calls $3
*** FLOP *** [3d Kd 4c]
Headgtboy: bets $3
MTails: calls $3
*** TURN *** [3d Kd 4c] [5s]
Headgtboy: bets $6
MTails: calls $6
*** RIVER *** [3d Kd 4c 5s] [3h]
Headgtboy: bets $6
MTails: calls $6
*** SHOW DOWN ***
Headgtboy: shows [9h Td] (a pair of Threes)
MTails: shows [4d Qs] (two pair, Fours and Threes)
MTails collected $47.50 from pot
*** SUMMARY ***
Total pot $48 | Rake $0.50
Board [3d Kd 4c 5s 3h]
Seat 9: Headgtboy (big blind) showed [9h Td] and lost with a pair of Threes
Seat 10: MTails (button) (small blind) showed [4d Qs] and won ($47.50) with two pair, Fours and Threes


PokerStars Hand #150746280447:  Hold'em Limit ($3/$6 USD) - 2016/03/22 6:01:59 ET
Table 'Bernardina' 10-max Seat #9 is the button
Seat 9: Headgtboy ($57.51 in chips)
Seat 10: MTails ($120.50 in chips)
Headgtboy: posts small blind $1
MTails: posts big blind $3
*** HOLE CARDS ***
Headgtboy: raises $3 to $6
MTails: calls $3
*** FLOP *** [Ah 4s Qc]
MTails: checks
Headgtboy: bets $3
MTails: folds
Uncalled bet ($3) returned to Headgtboy
Headgtboy collected $11.76 from pot
Headgtboy: doesn't show hand
*** SUMMARY ***
Total pot $12 | Rake $0.24
Board [Ah 4s Qc]
Seat 9: Headgtboy (button) (small blind) collected ($11.76)
Seat 10: MTails (big blind) folded on the Flop


PokerStars Hand #150746263991:  Hold'em Limit ($3/$6 USD) - 2016/03/22 6:01:20 ET
Table 'Bernardina' 10-max Seat #10 is the button
Seat 9: Headgtboy ($34.01 in chips)
Seat 10: MTails ($144.50 in chips)
MTails: posts small blind $1
Headgtboy: posts big blind $3
*** HOLE CARDS ***
MTails: raises $3 to $6
Headgtboy: calls $3
*** FLOP *** [4c 5d 9d]
Headgtboy: checks
MTails: bets $3
Headgtboy: raises $3 to $6
MTails: calls $3
*** TURN *** [4c 5d 9d] [As]
Headgtboy: bets $6
MTails: calls $6
*** RIVER *** [4c 5d 9d As] [4h]
Headgtboy: bets $6
MTails: calls $6
*** SHOW DOWN ***
Headgtboy: shows [7d 5s] (two pair, Fives and Fours)
MTails: mucks hand
Headgtboy collected $47.50 from pot
*** SUMMARY ***
Total pot $48 | Rake $0.50
Board [4c 5d 9d As 4h]
Seat 9: Headgtboy (big blind) showed [7d 5s] and won ($47.50) with two pair, Fives and Fours
Seat 10: MTails (button) (small blind) mucked


PokerStars Hand #150746261771:  Hold'em Limit ($3/$6 USD) - 2016/03/22 6:01:15 ET
Table 'Bernardina' 10-max Seat #9 is the button
Seat 9: Headgtboy ($35.01 in chips)
Seat 10: MTails ($143.50 in chips)
Headgtboy: posts small blind $1
MTails: posts big blind $3
*** HOLE CARDS ***
Headgtboy: folds
Uncalled bet ($2) returned to MTails
MTails collected $2 from pot
*** SUMMARY ***
Total pot $2 | Rake $0
Seat 9: Headgtboy (button) (small blind) folded before Flop
Seat 10: MTails (big blind) collected ($2)


PokerStars Hand #150746306023:  Hold'em Limit ($3/$6 USD) - 2016/03/22 6:03:01 ET
Table 'Bernardina' 10-max Seat #9 is the button
Seat 9: Headgtboy ($95.27 in chips)
Seat 10: MTails ($81.50 in chips)
Headgtboy: posts small blind $1
MTails: posts big blind $3
*** HOLE CARDS ***
Headgtboy: folds
Uncalled bet ($2) returned to MTails
MTails collected $2 from pot
MTails: doesn't show hand
*** SUMMARY ***
Total pot $2 | Rake $0
Seat 9: Headgtboy (button) (small blind) folded before Flop
Seat 10: MTails (big blind) collected ($2)


PokerStars Hand #150746297521:  Hold'em Limit ($3/$6 USD) - 2016/03/22 6:02:40 ET
Table 'Bernardina' 10-max Seat #10 is the button
Seat 9: Headgtboy ($77.77 in chips)
Seat 10: MTails ($99.50 in chips)
MTails: posts small blind $1
Headgtboy: posts big blind $3
*** HOLE CARDS ***
MTails: raises $3 to $6
Headgtboy: calls $3
*** FLOP *** [9s 9c 4h]
Headgtboy: checks
MTails: bets $3
Headgtboy: raises $3 to $6
MTails: calls $3
*** TURN *** [9s 9c 4h] [6d]
Headgtboy: bets $6
MTails: calls $6
*** RIVER *** [9s 9c 4h 6d] [2s]
Headgtboy: bets $6
MTails: folds
Uncalled bet ($6) returned to Headgtboy
Headgtboy collected $35.50 from pot
Headgtboy: doesn't show hand
*** SUMMARY ***
Total pot $36 | Rake $0.50
Board [9s 9c 4h 6d 2s]
Seat 9: Headgtboy (big blind) collected ($35.50)
Seat 10: MTails (button) (small blind) folded on the River


PokerStars Hand #150746290245:  Hold'em Limit ($3/$6 USD) - 2016/03/22 6:02:23 ET
Table 'Bernardina' 10-max Seat #9 is the button
Seat 9: Headgtboy ($60.27 in chips)
Seat 10: MTails ($117.50 in chips)
Headgtboy: posts small blind $1
MTails: posts big blind $3
*** HOLE CARDS ***
Headgtboy: raises $3 to $6
MTails: calls $3
*** FLOP *** [Ac 7d 5c]
MTails: checks
Headgtboy: bets $3
MTails: raises $3 to $6
Headgtboy: calls $3
*** TURN *** [Ac 7d 5c] [Kc]
MTails: bets $6
Headgtboy: raises $6 to $12
MTails: folds
Uncalled bet ($6) returned to Headgtboy
Headgtboy collected $35.50 from pot
Headgtboy: doesn't show hand
*** SUMMARY ***
Total pot $36 | Rake $0.50
Board [Ac 7d 5c Kc]
Seat 9: Headgtboy (button) (small blind) collected ($35.50)
Seat 10: MTails (big blind) folded on the Turn


PokerStars Hand #150746287603:  Hold'em Limit ($3/$6 USD) - 2016/03/22 6:02:17 ET
Table 'Bernardina' 10-max Seat #10 is the button
Seat 9: Headgtboy ($63.27 in chips)
Seat 10: MTails ($114.50 in chips)
MTails: posts small blind $1
Headgtboy: posts big blind $3
*** HOLE CARDS ***
MTails: raises $3 to $6
Headgtboy: folds
Uncalled bet ($3) returned to MTails
MTails collected $6 from pot
*** SUMMARY ***
Total pot $6 | Rake $0
Seat 9: Headgtboy (big blind) folded before Flop
Seat 10: MTails (button) (small blind) collected ($6)


PokerStars Hand #150746321787:  Hold'em Limit ($3/$6 USD) - 2016/03/22 6:03:38 ET
Table 'Bernardina' 10-max Seat #9 is the button
Seat 9: Headgtboy ($104.77 in chips)
Seat 10: MTails ($71.50 in chips)
Headgtboy: posts small blind $1
MTails: posts big blind $3
*** HOLE CARDS ***
Headgtboy: folds
Uncalled bet ($2) returned to MTails
MTails collected $2 from pot
*** SUMMARY ***
Total pot $2 | Rake $0
Seat 9: Headgtboy (button) (small blind) folded before Flop
Seat 10: MTails (big blind) collected ($2)


PokerStars Hand #150746319183:  Hold'em Limit ($3/$6 USD) - 2016/03/22 6:03:32 ET
Table 'Bernardina' 10-max Seat #10 is the button
Seat 9: Headgtboy ($107.77 in chips)
Seat 10: MTails ($68.50 in chips)
MTails: posts small blind $1
Headgtboy: posts big blind $3
*** HOLE CARDS ***
MTails: raises $3 to $6
Headgtboy: folds
Uncalled bet ($3) returned to MTails
MTails collected $6 from pot
*** SUMMARY ***
Total pot $6 | Rake $0
Seat 9: Headgtboy (big blind) folded before Flop
Seat 10: MTails (button) (small blind) collected ($6)


PokerStars Hand #150746317003:  Hold'em Limit ($3/$6 USD) - 2016/03/22 6:03:27 ET
Table 'Bernardina' 10-max Seat #9 is the button
Seat 9: Headgtboy ($108.77 in chips)
Seat 10: MTails ($67.50 in chips)
Headgtboy: posts small blind $1
MTails: posts big blind $3
*** HOLE CARDS ***
Headgtboy: folds
Uncalled bet ($2) returned to MTails
MTails collected $2 from pot
*** SUMMARY ***
Total pot $2 | Rake $0
Seat 9: Headgtboy (button) (small blind) folded before Flop
Seat 10: MTails (big blind) collected ($2)


PokerStars Hand #150746308189:  Hold'em Limit ($3/$6 USD) - 2016/03/22 6:03:06 ET
Table 'Bernardina' 10-max Seat #10 is the button
Seat 9: Headgtboy ($94.27 in chips)
Seat 10: MTails ($82.50 in chips)
MTails: posts small blind $1
Headgtboy: posts big blind $3
*** HOLE CARDS ***
MTails: raises $3 to $6
Headgtboy: calls $3
*** FLOP *** [4s 2h 2d]
Headgtboy: checks
MTails: bets $3
Headgtboy: calls $3
*** TURN *** [4s 2h 2d] [8c]
Headgtboy: checks
MTails: bets $6
Headgtboy: raises $6 to $12
MTails: folds
Uncalled bet ($6) returned to Headgtboy
Headgtboy collected $29.50 from pot
Headgtboy: doesn't show hand
*** SUMMARY ***
Total pot $30 | Rake $0.50
Board [4s 2h 2d 8c]
Seat 9: Headgtboy (big blind) collected ($29.50)
Seat 10: MTails (button) (small blind) folded on the Turn


PokerStars Hand #150751032730:  Hold'em Limit ($3/$6 USD) - 2016/03/22 8:44:41 ET
Table 'Bernardina' 10-max Seat #5 is the button
Seat 5: __P0o_P0o__ ($143.50 in chips)
Seat 10: MTails ($48.50 in chips)
__P0o_P0o__: posts small blind $1
MTails: posts big blind $3
*** HOLE CARDS ***
__P0o_P0o__: folds
Uncalled bet ($2) returned to MTails
MTails collected $2 from pot
*** SUMMARY ***
Total pot $2 | Rake $0
Seat 5: __P0o_P0o__ (button) (small blind) folded before Flop
Seat 10: MTails (big blind) collected ($2)


PokerStars Hand #150751023043:  Hold'em Limit ($3/$6 USD) - 2016/03/22 8:44:24 ET
Table 'Bernardina' 10-max Seat #10 is the button
Seat 5: __P0o_P0o__ ($120 in chips)
Seat 10: MTails ($72.50 in chips)
MTails: posts small blind $1
__P0o_P0o__: posts big blind $3
*** HOLE CARDS ***
MTails: raises $3 to $6
__P0o_P0o__: raises $3 to $9
MTails: calls $3
*** FLOP *** [8d 6h Td]
__P0o_P0o__: bets $3
MTails: calls $3
*** TURN *** [8d 6h Td] [9s]
__P0o_P0o__: bets $6
MTails: calls $6
*** RIVER *** [8d 6h Td 9s] [7c]
__P0o_P0o__: bets $6
MTails: calls $6
*** SHOW DOWN ***
__P0o_P0o__: shows [Ac Jd] (a straight, Seven to Jack)
MTails: mucks hand
__P0o_P0o__ collected $47.50 from pot
*** SUMMARY ***
Total pot $48 | Rake $0.50
Board [8d 6h Td 9s 7c]
Seat 5: __P0o_P0o__ (big blind) showed [Ac Jd] and won ($47.50) with a straight, Seven to Jack
Seat 10: MTails (button) (small blind) mucked


PokerStars Hand #150751066146:  Hold'em Limit ($3/$6 USD) - 2016/03/22 8:45:42 ET
Table 'Bernardina' 10-max Seat #5 is the button
Seat 5: __P0o_P0o__ ($205.78 in chips)
Seat 10: MTails ($44.50 in chips)
__P0o_P0o__: posts small blind $1
MTails: posts big blind $3
*** HOLE CARDS ***
__P0o_P0o__: raises $3 to $6
MTails: folds
Uncalled bet ($3) returned to __P0o_P0o__
__P0o_P0o__ collected $6 from pot
*** SUMMARY ***
Total pot $6 | Rake $0
Seat 5: __P0o_P0o__ (button) (small blind) collected ($6)
Seat 10: MTails (big blind) folded before Flop


PokerStars Hand #150751056160:  Hold'em Limit ($3/$6 USD) - 2016/03/22 8:45:24 ET
Table 'Bernardina' 10-max Seat #10 is the button
Seat 5: __P0o_P0o__ ($185.28 in chips)
Seat 10: MTails ($65.50 in chips)
MTails: posts small blind $1
__P0o_P0o__: posts big blind $3
*** HOLE CARDS ***
MTails: raises $3 to $6
__P0o_P0o__: calls $3
*** FLOP *** [Jh Ks Kd]
__P0o_P0o__: checks
MTails: bets $3
__P0o_P0o__: raises $3 to $6
MTails: raises $3 to $9
__P0o_P0o__: calls $3
*** TURN *** [Jh Ks Kd] [2s]
__P0o_P0o__: checks
MTails: checks
*** RIVER *** [Jh Ks Kd 2s] [8d]
__P0o_P0o__: bets $6
MTails: calls $6
*** SHOW DOWN ***
__P0o_P0o__: shows [Jd 7d] (two pair, Kings and Jacks)
MTails: mucks hand
__P0o_P0o__ collected $41.50 from pot
*** SUMMARY ***
Total pot $42 | Rake $0.50
Board [Jh Ks Kd 2s 8d]
Seat 5: __P0o_P0o__ (big blind) showed [Jd 7d] and won ($41.50) with two pair, Kings and Jacks
Seat 10: MTails (button) (small blind) mucked


PokerStars Hand #150751053802:  Hold'em Limit ($3/$6 USD) - 2016/03/22 8:45:20 ET
Table 'Bernardina' 10-max Seat #5 is the button
Seat 5: __P0o_P0o__ ($186.28 in chips)
Seat 10: MTails ($64.50 in chips)
__P0o_P0o__: posts small blind $1
MTails: posts big blind $3
*** HOLE CARDS ***
__P0o_P0o__: folds
Uncalled bet ($2) returned to MTails
MTails collected $2 from pot
MTails: doesn't show hand
*** SUMMARY ***
Total pot $2 | Rake $0
Seat 5: __P0o_P0o__ (button) (small blind) folded before Flop
Seat 10: MTails (big blind) collected ($2)


PokerStars Hand #150751049299:  Hold'em Limit ($3/$6 USD) - 2016/03/22 8:45:11 ET
Table 'Bernardina' 10-max Seat #10 is the button
Seat 5: __P0o_P0o__ ($177.64 in chips)
Seat 10: MTails ($73.50 in chips)
MTails: posts small blind $1
__P0o_P0o__: posts big blind $3
*** HOLE CARDS ***
MTails: raises $3 to $6
__P0o_P0o__: raises $3 to $9
MTails: calls $3
*** FLOP *** [6h As 6c]
__P0o_P0o__: bets $3
MTails: folds
Uncalled bet ($3) returned to __P0o_P0o__
__P0o_P0o__ collected $17.64 from pot
*** SUMMARY ***
Total pot $18 | Rake $0.36
Board [6h As 6c]
Seat 5: __P0o_P0o__ (big blind) collected ($17.64)
Seat 10: MTails (button) (small blind) folded on the Flop


PokerStars Hand #150751040349:  Hold'em Limit ($3/$6 USD) - 2016/03/22 8:44:55 ET
Table 'Bernardina' 10-max Seat #5 is the button
Seat 5: __P0o_P0o__ ($151.14 in chips)
Seat 10: MTails ($100.50 in chips)
__P0o_P0o__: posts small blind $1
MTails: posts big blind $3
*** HOLE CARDS ***
__P0o_P0o__: raises $3 to $6
MTails: calls $3
*** FLOP *** [3h Jc 6c]
MTails: checks
__P0o_P0o__: bets $3
MTails: calls $3
*** TURN *** [3h Jc 6c] [4h]
MTails: checks
__P0o_P0o__: bets $6
MTails: raises $6 to $12
__P0o_P0o__: calls $6
*** RIVER *** [3h Jc 6c 4h] [4c]
MTails: bets $6
__P0o_P0o__: raises $6 to $12
MTails: folds
Uncalled bet ($6) returned to __P0o_P0o__
__P0o_P0o__ collected $53.50 from pot
*** SUMMARY ***
Total pot $54 | Rake $0.50
Board [3h Jc 6c 4h 4c]
Seat 5: __P0o_P0o__ (button) (small blind) collected ($53.50)
Seat 10: MTails (big blind) folded on the River


PokerStars Hand #150751035147:  Hold'em Limit ($3/$6 USD) - 2016/03/22 8:44:46 ET
Table 'Bernardina' 10-max Seat #10 is the button
Seat 5: __P0o_P0o__ ($142.50 in chips)
Seat 10: MTails ($49.50 in chips)
MTails: posts small blind $1
__P0o_P0o__: posts big blind $3
*** HOLE CARDS ***
MTails: raises $3 to $6
__P0o_P0o__: calls $3
*** FLOP *** [6d 9c Js]
__P0o_P0o__: checks
MTails: bets $3
__P0o_P0o__: raises $3 to $6
MTails: folds
Uncalled bet ($3) returned to __P0o_P0o__
__P0o_P0o__ collected $17.64 from pot
*** SUMMARY ***
Total pot $18 | Rake $0.36
Board [6d 9c Js]
Seat 5: __P0o_P0o__ (big blind) collected ($17.64)
Seat 10: MTails (button) (small blind) folded on the Flop


PokerStars Hand #150751093200:  Hold'em Limit ($3/$6 USD) - 2016/03/22 8:46:31 ET
Table 'Bernardina' 10-max Seat #10 is the button
Seat 5: __P0o_P0o__ ($237.78 in chips)
Seat 10: MTails ($70.78 in chips)
MTails: posts small blind $1
__P0o_P0o__: posts big blind $3
*** HOLE CARDS ***
MTails: raises $3 to $6
__P0o_P0o__: calls $3
*** FLOP *** [6c 7h 2h]
__P0o_P0o__: checks
MTails: checks
*** TURN *** [6c 7h 2h] [Kd]
__P0o_P0o__: bets $6
MTails: raises $6 to $12
__P0o_P0o__: folds
Uncalled bet ($6) returned to MTails
MTails collected $23.52 from pot
*** SUMMARY ***
Total pot $24 | Rake $0.48
Board [6c 7h 2h Kd]
Seat 5: __P0o_P0o__ (big blind) folded on the Turn
Seat 10: MTails (button) (small blind) collected ($23.52)


PokerStars Hand #150751087512:  Hold'em Limit ($3/$6 USD) - 2016/03/22 8:46:21 ET
Table 'Bernardina' 10-max Seat #5 is the button
Seat 5: __P0o_P0o__ ($246.78 in chips)
Seat 10: MTails ($62.14 in chips)
__P0o_P0o__: posts small blind $1
MTails: posts big blind $3
*** HOLE CARDS ***
__P0o_P0o__: raises $3 to $6
MTails: raises $3 to $9
__P0o_P0o__: calls $3
*** FLOP *** [Kd Qc Js]
MTails: bets $3
__P0o_P0o__: folds
Uncalled bet ($3) returned to MTails
MTails collected $17.64 from pot
*** SUMMARY ***
Total pot $18 | Rake $0.36
Board [Kd Qc Js]
Seat 5: __P0o_P0o__ (button) (small blind) folded on the Flop
Seat 10: MTails (big blind) collected ($17.64)


PokerStars Hand #150751080276:  Hold'em Limit ($3/$6 USD) - 2016/03/22 8:46:08 ET
Table 'Bernardina' 10-max Seat #10 is the button
Seat 5: __P0o_P0o__ ($217.28 in chips)
Seat 10: MTails ($92.14 in chips)
MTails: posts small blind $1
__P0o_P0o__: posts big blind $3
*** HOLE CARDS ***
MTails: raises $3 to $6
__P0o_P0o__: raises $3 to $9
MTails: calls $3
*** FLOP *** [4h 4d Qh]
__P0o_P0o__: bets $3
MTails: calls $3
*** TURN *** [4h 4d Qh] [7c]
__P0o_P0o__: bets $6
MTails: raises $6 to $12
__P0o_P0o__: calls $6
*** RIVER *** [4h 4d Qh 7c] [3s]
__P0o_P0o__: checks
MTails: bets $6
__P0o_P0o__: calls $6
*** SHOW DOWN ***
MTails: shows [Ts Tc] (two pair, Tens and Fours)
__P0o_P0o__: shows [Jc Js] (two pair, Jacks and Fours)
__P0o_P0o__ collected $59.50 from pot
*** SUMMARY ***
Total pot $60 | Rake $0.50
Board [4h 4d Qh 7c 3s]
Seat 5: __P0o_P0o__ (big blind) showed [Jc Js] and won ($59.50) with two pair, Jacks and Fours
Seat 10: MTails (button) (small blind) showed [Ts Tc] and lost with two pair, Tens and Fours


PokerStars Hand #150751075731:  Hold'em Limit ($3/$6 USD) - 2016/03/22 8:45:59 ET
Table 'Bernardina' 10-max Seat #5 is the button
Seat 5: __P0o_P0o__ ($226.28 in chips)
Seat 10: MTails ($83.50 in chips)
__P0o_P0o__: posts small blind $1
MTails: posts big blind $3
*** HOLE CARDS ***
__P0o_P0o__: raises $3 to $6
MTails: raises $3 to $9
__P0o_P0o__: calls $3
*** FLOP *** [6c Ad 2d]
MTails: bets $3
__P0o_P0o__: folds
Uncalled bet ($3) returned to MTails
MTails collected $17.64 from pot
MTails: doesn't show hand
*** SUMMARY ***
Total pot $18 | Rake $0.36
Board [6c Ad 2d]
Seat 5: __P0o_P0o__ (button) (small blind) folded on the Flop
Seat 10: MTails (big blind) collected ($17.64)


PokerStars Hand #150751068939:  Hold'em Limit ($3/$6 USD) - 2016/03/22 8:45:47 ET
Table 'Bernardina' 10-max Seat #10 is the button
Seat 5: __P0o_P0o__ ($208.78 in chips)
Seat 10: MTails ($101.50 in chips)
MTails: posts small blind $1
__P0o_P0o__: posts big blind $3
*** HOLE CARDS ***
MTails: raises $3 to $6
__P0o_P0o__: calls $3
*** FLOP *** [5c Ts 8d]
__P0o_P0o__: checks
MTails: checks
*** TURN *** [5c Ts 8d] [4h]
__P0o_P0o__: bets $6
MTails: calls $6
*** RIVER *** [5c Ts 8d 4h] [3c]
__P0o_P0o__: bets $6
MTails: calls $6
*** SHOW DOWN ***
__P0o_P0o__: shows [5d Qd] (a pair of Fives)
MTails: mucks hand
__P0o_P0o__ collected $35.50 from pot
*** SUMMARY ***
Total pot $36 | Rake $0.50
Board [5c Ts 8d 4h 3c]
Seat 5: __P0o_P0o__ (big blind) showed [5d Qd] and won ($35.50) with a pair of Fives
Seat 10: MTails (button) (small blind) mucked


PokerStars Hand #150751123349:  Hold'em Limit ($3/$6 USD) - 2016/03/22 8:47:25 ET
Table 'Bernardina' 10-max Seat #5 is the button
Seat 5: __P0o_P0o__ ($233.28 in chips)
Seat 10: MTails ($73.58 in chips)
__P0o_P0o__: posts small blind $1
MTails: posts big blind $3
*** HOLE CARDS ***
__P0o_P0o__: folds
Uncalled bet ($2) returned to MTails
MTails collected $2 from pot
MTails: doesn't show hand
*** SUMMARY ***
Total pot $2 | Rake $0
Seat 5: __P0o_P0o__ (button) (small blind) folded before Flop
Seat 10: MTails (big blind) collected ($2)


PokerStars Hand #150751118400:  Hold'em Limit ($3/$6 USD) - 2016/03/22 8:47:16 ET
Table 'Bernardina' 10-max Seat #10 is the button
Seat 5: __P0o_P0o__ ($239.28 in chips)
Seat 10: MTails ($67.82 in chips)
MTails: posts small blind $1
__P0o_P0o__: posts big blind $3
*** HOLE CARDS ***
MTails: raises $3 to $6
__P0o_P0o__: calls $3
*** FLOP *** [Qc Ac 8c]
__P0o_P0o__: checks
MTails: bets $3
__P0o_P0o__: folds
Uncalled bet ($3) returned to MTails
MTails collected $11.76 from pot
MTails: doesn't show hand
*** SUMMARY ***
Total pot $12 | Rake $0.24
Board [Qc Ac 8c]
Seat 5: __P0o_P0o__ (big blind) folded on the Flop
Seat 10: MTails (button) (small blind) collected ($11.76)


PokerStars Hand #150751115832:  Hold'em Limit ($3/$6 USD) - 2016/03/22 8:47:12 ET
Table 'Bernardina' 10-max Seat #5 is the button
Seat 5: __P0o_P0o__ ($240.28 in chips)
Seat 10: MTails ($66.82 in chips)
__P0o_P0o__: posts small blind $1
MTails: posts big blind $3
*** HOLE CARDS ***
__P0o_P0o__: folds
Uncalled bet ($2) returned to MTails
MTails collected $2 from pot
MTails: doesn't show hand
*** SUMMARY ***
Total pot $2 | Rake $0
Seat 5: __P0o_P0o__ (button) (small blind) folded before Flop
Seat 10: MTails (big blind) collected ($2)


PokerStars Hand #150751106932:  Hold'em Limit ($3/$6 USD) - 2016/03/22 8:46:56 ET
Table 'Bernardina' 10-max Seat #10 is the button
Seat 5: __P0o_P0o__ ($213.78 in chips)
Seat 10: MTails ($93.82 in chips)
MTails: posts small blind $1
__P0o_P0o__: posts big blind $3
*** HOLE CARDS ***
MTails: raises $3 to $6
__P0o_P0o__: calls $3
*** FLOP *** [Qc 6h 6s]
__P0o_P0o__: checks
MTails: bets $3
__P0o_P0o__: calls $3
*** TURN *** [Qc 6h 6s] [5s]
__P0o_P0o__: checks
MTails: checks
*** RIVER *** [Qc 6h 6s 5s] [5d]
__P0o_P0o__: bets $6
MTails: raises $6 to $12
__P0o_P0o__: raises $6 to $18
MTails: calls $6
*** SHOW DOWN ***
__P0o_P0o__: shows [6c Ks] (a full house, Sixes full of Fives)
MTails: mucks hand
__P0o_P0o__ collected $53.50 from pot
*** SUMMARY ***
Total pot $54 | Rake $0.50
Board [Qc 6h 6s 5s 5d]
Seat 5: __P0o_P0o__ (big blind) showed [6c Ks] and won ($53.50) with a full house, Sixes full of Fives
Seat 10: MTails (button) (small blind) mucked


PokerStars Hand #150751100263:  Hold'em Limit ($3/$6 USD) - 2016/03/22 8:46:44 ET
Table 'Bernardina' 10-max Seat #5 is the button
Seat 5: __P0o_P0o__ ($225.78 in chips)
Seat 10: MTails ($82.30 in chips)
__P0o_P0o__: posts small blind $1
MTails: posts big blind $3
*** HOLE CARDS ***
__P0o_P0o__: raises $3 to $6
MTails: raises $3 to $9
__P0o_P0o__: calls $3
*** FLOP *** [3h 7s 3d]
MTails: bets $3
__P0o_P0o__: calls $3
*** TURN *** [3h 7s 3d] [Th]
MTails: bets $6
__P0o_P0o__: folds
Uncalled bet ($6) returned to MTails
MTails collected $23.52 from pot
*** SUMMARY ***
Total pot $24 | Rake $0.48
Board [3h 7s 3d Th]
Seat 5: __P0o_P0o__ (button) (small blind) folded on the Turn
Seat 10: MTails (big blind) collected ($23.52)


PokerStars Hand #150756662883:  Hold'em Limit ($3/$6 USD) - 2016/03/22 11:14:15 ET
Table 'Bernardina' 10-max Seat #1 is the button
Seat 1: MTails ($120 in chips)
Seat 9: perten ($72.42 in chips)
MTails: posts small blind $1
perten: posts big blind $3
*** HOLE CARDS ***
MTails: raises $3 to $6
perten: raises $3 to $9
MTails: calls $3
*** FLOP *** [Ac 4s Ad]
perten: bets $3
MTails: calls $3
*** TURN *** [Ac 4s Ad] [6c]
perten: bets $6
MTails: calls $6
*** RIVER *** [Ac 4s Ad 6c] [2d]
perten: bets $6
MTails: calls $6
*** SHOW DOWN ***
perten: shows [Qd Qs] (two pair, Aces and Queens)
MTails: mucks hand
perten collected $47.50 from pot
*** SUMMARY ***
Total pot $48 | Rake $0.50
Board [Ac 4s Ad 6c 2d]
Seat 1: MTails (button) (small blind) mucked
Seat 9: perten (big blind) showed [Qd Qs] and won ($47.50) with two pair, Aces and Queens


PokerStars Hand #150760261684:  Hold'em Limit ($3/$6 USD) - 2016/03/22 12:35:01 ET
Table 'Bernardina' 10-max Seat #2 is the button
Seat 2: Zubasa07 ($500 in chips)
Seat 6: ManuelSikora ($36 in chips)
Zubasa07: posts small blind $1
ManuelSikora: posts big blind $3
*** HOLE CARDS ***
Zubasa07: raises $3 to $6
ManuelSikora: raises $3 to $9
Zubasa07: calls $3
*** FLOP *** [3c 4h 8s]
ManuelSikora: bets $3
Zubasa07: calls $3
*** TURN *** [3c 4h 8s] [Ah]
ManuelSikora: bets $6
Zubasa07: folds
Uncalled bet ($6) returned to ManuelSikora
ManuelSikora collected $23.52 from pot
ManuelSikora: doesn't show hand
*** SUMMARY ***
Total pot $24 | Rake $0.48
Board [3c 4h 8s Ah]
Seat 2: Zubasa07 (button) (small blind) folded on the Turn
Seat 6: ManuelSikora (big blind) collected ($23.52)


PokerStars Hand #150760286452:  Hold'em Limit ($3/$6 USD) - 2016/03/22 12:35:32 ET
Table 'Bernardina' 10-max Seat #6 is the button
Seat 2: Zubasa07 ($488 in chips)
Seat 6: ManuelSikora ($47.52 in chips)
ManuelSikora: posts small blind $1
Zubasa07: posts big blind $3
*** HOLE CARDS ***
ManuelSikora: calls $2
Zubasa07: raises $3 to $6
ManuelSikora: calls $3
*** FLOP *** [5h Kc 6d]
Zubasa07: bets $3
ManuelSikora: raises $3 to $6
Zubasa07: calls $3
*** TURN *** [5h Kc 6d] [Th]
Zubasa07: checks
ManuelSikora: checks
*** RIVER *** [5h Kc 6d Th] [2h]
Zubasa07: checks
ManuelSikora: checks
*** SHOW DOWN ***
Zubasa07: shows [Qd Ad] (high card Ace)
ManuelSikora: shows [3d 5c] (a pair of Fives)
ManuelSikora collected $23.52 from pot
*** SUMMARY ***
Total pot $24 | Rake $0.48
Board [5h Kc 6d Th 2h]
Seat 2: Zubasa07 (big blind) showed [Qd Ad] and lost with high card Ace
Seat 6: ManuelSikora (button) (small blind) showed [3d 5c] and won ($23.52) with a pair of Fives


PokerStars Hand #150760364574:  Hold'em Limit ($3/$6 USD) - 2016/03/22 12:37:10 ET
Table 'Bernardina' 10-max Seat #2 is the button
Seat 2: Zubasa07 ($474.94 in chips)
Seat 6: ManuelSikora ($59.98 in chips)
Zubasa07: posts small blind $1
ManuelSikora: posts big blind $3
*** HOLE CARDS ***
Zubasa07: folds
Uncalled bet ($2) returned to ManuelSikora
ManuelSikora collected $2 from pot
ManuelSikora: doesn't show hand
*** SUMMARY ***
Total pot $2 | Rake $0
Seat 2: Zubasa07 (button) (small blind) folded before Flop
Seat 6: ManuelSikora (big blind) collected ($2)


PokerStars Hand #150760335846:  Hold'em Limit ($3/$6 USD) - 2016/03/22 12:36:34 ET
Table 'Bernardina' 10-max Seat #6 is the button
Seat 2: Zubasa07 ($475 in chips)
Seat 6: ManuelSikora ($60.04 in chips)
ManuelSikora: posts small blind $1
Zubasa07: posts big blind $3
*** HOLE CARDS ***
ManuelSikora: calls $2
Zubasa07: checks
*** FLOP *** [Qc Ts Th]
Zubasa07: checks
ManuelSikora: checks
*** TURN *** [Qc Ts Th] [Kc]
Zubasa07: checks
ManuelSikora: checks
*** RIVER *** [Qc Ts Th Kc] [9s]
Zubasa07: checks
ManuelSikora: checks
*** SHOW DOWN ***
Zubasa07: shows [5h 3d] (a pair of Tens)
ManuelSikora: shows [7c 8h] (a pair of Tens)
Zubasa07 collected $2.94 from pot
ManuelSikora collected $2.94 from pot
*** SUMMARY ***
Total pot $6 | Rake $0.12
Board [Qc Ts Th Kc 9s]
Seat 2: Zubasa07 (big blind) showed [5h 3d] and won ($2.94) with a pair of Tens
Seat 6: ManuelSikora (button) (small blind) showed [7c 8h] and won ($2.94) with a pair of Tens


PokerStars Hand #150760331879:  Hold'em Limit ($3/$6 USD) - 2016/03/22 12:36:29 ET
Table 'Bernardina' 10-max Seat #2 is the button
Seat 2: Zubasa07 ($476 in chips)
Seat 6: ManuelSikora ($59.04 in chips)
Zubasa07: posts small blind $1
ManuelSikora: posts big blind $3
*** HOLE CARDS ***
Zubasa07: folds
Uncalled bet ($2) returned to ManuelSikora
ManuelSikora collected $2 from pot
ManuelSikora: doesn't show hand
*** SUMMARY ***
Total pot $2 | Rake $0
Seat 2: Zubasa07 (button) (small blind) folded before Flop
Seat 6: ManuelSikora (big blind) collected ($2)


PokerStars Hand #150760414355:  Hold'em Limit ($3/$6 USD) - 2016/03/22 12:38:12 ET
Table 'Bernardina' 10-max Seat #2 is the button
Seat 2: Zubasa07 ($449.94 in chips)
Seat 6: ManuelSikora ($84.48 in chips)
Zubasa07: posts small blind $1
ManuelSikora: posts big blind $3
*** HOLE CARDS ***
Zubasa07: folds
Uncalled bet ($2) returned to ManuelSikora
ManuelSikora collected $2 from pot
ManuelSikora: doesn't show hand
*** SUMMARY ***
Total pot $2 | Rake $0
Seat 2: Zubasa07 (button) (small blind) folded before Flop
Seat 6: ManuelSikora (big blind) collected ($2)


PokerStars Hand #150760373974:  Hold'em Limit ($3/$6 USD) - 2016/03/22 12:37:22 ET
Table 'Bernardina' 10-max Seat #6 is the button
Seat 2: Zubasa07 ($473.94 in chips)
Seat 6: ManuelSikora ($60.98 in chips)
ManuelSikora: posts small blind $1
Zubasa07: posts big blind $3
*** HOLE CARDS ***
ManuelSikora: calls $2
Zubasa07: raises $3 to $6
ManuelSikora: calls $3
*** FLOP *** [6d 9d 6h]
Zubasa07: bets $3
ManuelSikora: raises $3 to $6
Zubasa07: calls $3
*** TURN *** [6d 9d 6h] [4c]
Zubasa07: checks
ManuelSikora: bets $6
Zubasa07: calls $6
*** RIVER *** [6d 9d 6h 4c] [Kh]
Zubasa07: bets $6
ManuelSikora: raises $6 to $12
Zubasa07: folds
Uncalled bet ($6) returned to ManuelSikora
ManuelSikora collected $47.50 from pot
ManuelSikora: doesn't show hand
*** SUMMARY ***
Total pot $48 | Rake $0.50
Board [6d 9d 6h 4c Kh]
Seat 2: Zubasa07 (big blind) folded on the River
Seat 6: ManuelSikora (button) (small blind) collected ($47.50)


PokerStars Hand #150760418945:  Hold'em Limit ($3/$6 USD) - 2016/03/22 12:38:18 ET
Table 'Bernardina' 10-max Seat #6 is the button
Seat 2: Zubasa07 ($448.94 in chips)
Seat 6: ManuelSikora ($85.48 in chips)
ManuelSikora: posts small blind $1
Zubasa07: posts big blind $3
*** HOLE CARDS ***
ManuelSikora: folds
Uncalled bet ($2) returned to Zubasa07
Zubasa07 collected $2 from pot
Zubasa07: doesn't show hand
*** SUMMARY ***
Total pot $2 | Rake $0
Seat 2: Zubasa07 (big blind) collected ($2)
Seat 6: ManuelSikora (button) (small blind) folded before Flop


PokerStars Hand #150760459050:  Hold'em Limit ($3/$6 USD) - 2016/03/22 12:39:09 ET
Table 'Bernardina' 10-max Seat #6 is the button
Seat 2: Zubasa07 ($425.94 in chips)
Seat 6: ManuelSikora ($107.98 in chips)
ManuelSikora: posts small blind $1
Zubasa07: posts big blind $3
*** HOLE CARDS ***
ManuelSikora: folds
Uncalled bet ($2) returned to Zubasa07
Zubasa07 collected $2 from pot
Zubasa07: doesn't show hand
*** SUMMARY ***
Total pot $2 | Rake $0
Seat 2: Zubasa07 (big blind) collected ($2)
Seat 6: ManuelSikora (button) (small blind) folded before Flop


PokerStars Hand #150763561699:  Hold'em Limit ($3/$6 USD) - 2016/03/22 13:40:49 ET
Table 'Bernardina' 10-max Seat #2 is the button
Seat 2: pizzamannen ($116.89 in chips)
Seat 3: RockKillerTY ($145.39 in chips)
pizzamannen: posts small blind $1
RockKillerTY: posts big blind $3
*** HOLE CARDS ***
pizzamannen: raises $3 to $6
RockKillerTY: calls $3
*** FLOP *** [4h Ac 8c]
RockKillerTY: checks
pizzamannen: bets $3
RockKillerTY: calls $3
*** TURN *** [4h Ac 8c] [2h]
RockKillerTY: checks
pizzamannen: checks
*** RIVER *** [4h Ac 8c 2h] [Ks]
RockKillerTY: checks
pizzamannen: checks
*** SHOW DOWN ***
RockKillerTY: shows [6c 4c] (a pair of Fours)
pizzamannen: mucks hand
RockKillerTY collected $17.64 from pot
*** SUMMARY ***
Total pot $18 | Rake $0.36
Board [4h Ac 8c 2h Ks]
Seat 2: pizzamannen (button) (small blind) mucked
Seat 3: RockKillerTY (big blind) showed [6c 4c] and won ($17.64) with a pair of Fours


PokerStars Hand #150763557818:  Hold'em Limit ($3/$6 USD) - 2016/03/22 13:40:45 ET
Table 'Bernardina' 10-max Seat #3 is the button
Seat 2: pizzamannen ($115.89 in chips)
Seat 3: RockKillerTY ($146.39 in chips)
RockKillerTY: posts small blind $1
pizzamannen: posts big blind $3
*** HOLE CARDS ***
RockKillerTY: folds
Uncalled bet ($2) returned to pizzamannen
pizzamannen collected $2 from pot
pizzamannen: doesn't show hand
*** SUMMARY ***
Total pot $2 | Rake $0
Seat 2: pizzamannen (big blind) collected ($2)
Seat 3: RockKillerTY (button) (small blind) folded before Flop


PokerStars Hand #150763552574:  Hold'em Limit ($3/$6 USD) - 2016/03/22 13:40:39 ET
Table 'Bernardina' 10-max Seat #2 is the button
Seat 2: pizzamannen ($116.89 in chips)
Seat 3: RockKillerTY ($145.39 in chips)
pizzamannen: posts small blind $1
RockKillerTY: posts big blind $3
*** HOLE CARDS ***
pizzamannen: folds
Uncalled bet ($2) returned to RockKillerTY
RockKillerTY collected $2 from pot
RockKillerTY: doesn't show hand
*** SUMMARY ***
Total pot $2 | Rake $0
Seat 2: pizzamannen (button) (small blind) folded before Flop
Seat 3: RockKillerTY (big blind) collected ($2)


PokerStars Hand #150763527122:  Hold'em Limit ($3/$6 USD) - 2016/03/22 13:40:10 ET
Table 'Bernardina' 10-max Seat #3 is the button
Seat 2: pizzamannen ($131.89 in chips)
Seat 3: RockKillerTY ($130.89 in chips)
RockKillerTY: posts small blind $1
TinaTurner72: is sitting out
Zubasa07: is sitting out
pizzamannen: posts big blind $3
*** HOLE CARDS ***
RockKillerTY: raises $3 to $6
pizzamannen: calls $3
*** FLOP *** [Kc Tc 4d]
pizzamannen: bets $3
TinaTurner72 leaves the table
RockKillerTY: calls $3
*** TURN *** [Kc Tc 4d] [Jc]
pizzamannen: bets $6
RockKillerTY: raises $6 to $12
pizzamannen: folds
Uncalled bet ($6) returned to RockKillerTY
RockKillerTY collected $29.50 from pot
RockKillerTY: doesn't show hand
*** SUMMARY ***
Total pot $30 | Rake $0.50
Board [Kc Tc 4d Jc]
Seat 2: pizzamannen (big blind) folded on the Turn
Seat 3: RockKillerTY (button) (small blind) collected ($29.50)


PokerStars Hand #150763635032:  Hold'em Limit ($3/$6 USD) - 2016/03/22 13:42:04 ET
Table 'Bernardina' 10-max Seat #3 is the button
Seat 2: pizzamannen ($104.65 in chips)
Seat 3: RockKillerTY ($156.67 in chips)
RockKillerTY: posts small blind $1
pizzamannen: posts big blind $3
*** HOLE CARDS ***
RockKillerTY: raises $3 to $6
pizzamannen: folds
Uncalled bet ($3) returned to RockKillerTY
RockKillerTY collected $6 from pot
RockKillerTY: doesn't show hand
*** SUMMARY ***
Total pot $6 | Rake $0
Seat 2: pizzamannen (big blind) folded before Flop
Seat 3: RockKillerTY (button) (small blind) collected ($6)


PokerStars Hand #150763611812:  Hold'em Limit ($3/$6 USD) - 2016/03/22 13:41:38 ET
Table 'Bernardina' 10-max Seat #2 is the button
Seat 2: pizzamannen ($98.89 in chips)
Seat 3: RockKillerTY ($162.67 in chips)
pizzamannen: posts small blind $1
RockKillerTY: posts big blind $3
*** HOLE CARDS ***
pizzamannen: raises $3 to $6
RockKillerTY: calls $3
*** FLOP *** [8h 2c 4h]
RockKillerTY: checks
pizzamannen: bets $3
RockKillerTY: folds
Uncalled bet ($3) returned to pizzamannen
pizzamannen collected $11.76 from pot
pizzamannen: doesn't show hand
*** SUMMARY ***
Total pot $12 | Rake $0.24
Board [8h 2c 4h]
Seat 2: pizzamannen (button) (small blind) collected ($11.76)
Seat 3: RockKillerTY (big blind) folded on the Flop


PokerStars Hand #150763580976:  Hold'em Limit ($3/$6 USD) - 2016/03/22 13:41:11 ET
Table 'Bernardina' 10-max Seat #3 is the button
Seat 2: pizzamannen ($107.89 in chips)
Seat 3: RockKillerTY ($154.03 in chips)
RockKillerTY: posts small blind $1
pizzamannen: posts big blind $3
*** HOLE CARDS ***
RockKillerTY: raises $3 to $6
pizzamannen: calls $3
*** FLOP *** [Kh 4s 6s]
pizzamannen: checks
RockKillerTY: bets $3
pizzamannen: calls $3
*** TURN *** [Kh 4s 6s] [Ts]
pizzamannen: checks
RockKillerTY: checks
*** RIVER *** [Kh 4s 6s Ts] [Ks]
pizzamannen: checks
RockKillerTY: bets $6
pizzamannen: folds
Uncalled bet ($6) returned to RockKillerTY
RockKillerTY collected $17.64 from pot
RockKillerTY: doesn't show hand
*** SUMMARY ***
Total pot $18 | Rake $0.36
Board [Kh 4s 6s Ts Ks]
Seat 2: pizzamannen (big blind) folded on the River
Seat 3: RockKillerTY (button) (small blind) collected ($17.64)


PokerStars Hand #150763703006:  Hold'em Limit ($3/$6 USD) - 2016/03/22 13:43:22 ET
Table 'Bernardina' 10-max Seat #3 is the button
Seat 2: pizzamannen ($106.15 in chips)
Seat 3: RockKillerTY ($154.31 in chips)
RockKillerTY: posts small blind $1
pizzamannen: posts big blind $3
*** HOLE CARDS ***
RockKillerTY: folds
Uncalled bet ($2) returned to pizzamannen
pizzamannen collected $2 from pot
pizzamannen: doesn't show hand
*** SUMMARY ***
Total pot $2 | Rake $0
Seat 2: pizzamannen (big blind) collected ($2)
Seat 3: RockKillerTY (button) (small blind) folded before Flop


PokerStars Hand #150763698443:  Hold'em Limit ($3/$6 USD) - 2016/03/22 13:43:17 ET
Table 'Bernardina' 10-max Seat #2 is the button
Seat 2: pizzamannen ($107.15 in chips)
Seat 3: RockKillerTY ($153.31 in chips)
pizzamannen: posts small blind $1
RockKillerTY: posts big blind $3
*** HOLE CARDS ***
pizzamannen: folds
Uncalled bet ($2) returned to RockKillerTY
RockKillerTY collected $2 from pot
RockKillerTY: doesn't show hand
*** SUMMARY ***
Total pot $2 | Rake $0
Seat 2: pizzamannen (button) (small blind) folded before Flop
Seat 3: RockKillerTY (big blind) collected ($2)


PokerStars Hand #150763677596:  Hold'em Limit ($3/$6 USD) - 2016/03/22 13:42:53 ET
Table 'Bernardina' 10-max Seat #3 is the button
Seat 2: pizzamannen ($116.15 in chips)
Seat 3: RockKillerTY ($144.67 in chips)
RockKillerTY: posts small blind $1
pizzamannen: posts big blind $3
*** HOLE CARDS ***
RockKillerTY: raises $3 to $6
pizzamannen: calls $3
*** FLOP *** [4h Tc 4c]
pizzamannen: checks
RockKillerTY: bets $3
pizzamannen: calls $3
*** TURN *** [4h Tc 4c] [5d]
pizzamannen: checks
RockKillerTY: bets $6
pizzamannen: folds
Uncalled bet ($6) returned to RockKillerTY
RockKillerTY collected $17.64 from pot
RockKillerTY: doesn't show hand
*** SUMMARY ***
Total pot $18 | Rake $0.36
Board [4h Tc 4c 5d]
Seat 2: pizzamannen (big blind) folded on the Turn
Seat 3: RockKillerTY (button) (small blind) collected ($17.64)


PokerStars Hand #150763672786:  Hold'em Limit ($3/$6 USD) - 2016/03/22 13:42:48 ET
Table 'Bernardina' 10-max Seat #2 is the button
Seat 2: pizzamannen ($117.15 in chips)
Seat 3: RockKillerTY ($143.67 in chips)
pizzamannen: posts small blind $1
RockKillerTY: posts big blind $3
*** HOLE CARDS ***
pizzamannen: folds
Uncalled bet ($2) returned to RockKillerTY
RockKillerTY collected $2 from pot
RockKillerTY: doesn't show hand
*** SUMMARY ***
Total pot $2 | Rake $0
Seat 2: pizzamannen (button) (small blind) folded before Flop
Seat 3: RockKillerTY (big blind) collected ($2)


PokerStars Hand #150763666513:  Hold'em Limit ($3/$6 USD) - 2016/03/22 13:42:40 ET
Table 'Bernardina' 10-max Seat #3 is the button
Seat 2: pizzamannen ($116.15 in chips)
Seat 3: RockKillerTY ($144.67 in chips)
RockKillerTY: posts small blind $1
pizzamannen: posts big blind $3
*** HOLE CARDS ***
RockKillerTY: folds
Uncalled bet ($2) returned to pizzamannen
pizzamannen collected $2 from pot
pizzamannen: doesn't show hand
*** SUMMARY ***
Total pot $2 | Rake $0
Seat 2: pizzamannen (big blind) collected ($2)
Seat 3: RockKillerTY (button) (small blind) folded before Flop


PokerStars Hand #150763641274:  Hold'em Limit ($3/$6 USD) - 2016/03/22 13:42:11 ET
Table 'Bernardina' 10-max Seat #2 is the button
Seat 2: pizzamannen ($101.65 in chips)
Seat 3: RockKillerTY ($159.67 in chips)
pizzamannen: posts small blind $1
RockKillerTY: posts big blind $3
*** HOLE CARDS ***
pizzamannen: raises $3 to $6
RockKillerTY: calls $3
*** FLOP *** [3s Td 4h]
RockKillerTY: checks
pizzamannen: bets $3
RockKillerTY: calls $3
*** TURN *** [3s Td 4h] [5h]
RockKillerTY: checks
pizzamannen: bets $6
RockKillerTY: calls $6
*** RIVER *** [3s Td 4h 5h] [3c]
RockKillerTY: checks
pizzamannen: bets $6
RockKillerTY: folds
Uncalled bet ($6) returned to pizzamannen
pizzamannen collected $29.50 from pot
pizzamannen: doesn't show hand
*** SUMMARY ***
Total pot $30 | Rake $0.50
Board [3s Td 4h 5h 3c]
Seat 2: pizzamannen (button) (small blind) collected ($29.50)
Seat 3: RockKillerTY (big blind) folded on the River


PokerStars Hand #150763707630:  Hold'em Limit ($3/$6 USD) - 2016/03/22 13:43:27 ET
Table 'Bernardina' 10-max Seat #2 is the button
Seat 2: pizzamannen ($107.15 in chips)
Seat 3: RockKillerTY ($153.31 in chips)
pizzamannen: posts small blind $1
RockKillerTY: posts big blind $3
*** HOLE CARDS ***
pizzamannen: raises $3 to $6
RockKillerTY: calls $3
*** FLOP *** [Td Ts 6d]
RockKillerTY: checks
pizzamannen: bets $3
RockKillerTY: calls $3
*** TURN *** [Td Ts 6d] [Qd]
RockKillerTY: checks
pizzamannen: bets $6
RockKillerTY: calls $6
*** RIVER *** [Td Ts 6d Qd] [5d]
RockKillerTY: bets $6
pizzamannen: calls $6
*** SHOW DOWN ***
RockKillerTY: shows [7d Ks] (a flush, Queen high)
pizzamannen: mucks hand
RockKillerTY collected $41.50 from pot
*** SUMMARY ***
Total pot $42 | Rake $0.50
Board [Td Ts 6d Qd 5d]
Seat 2: pizzamannen (button) (small blind) mucked
Seat 3: RockKillerTY (big blind) showed [7d Ks] and won ($41.50) with a flush, Queen high


PokerStars Hand #150763736889:  Hold'em Limit ($3/$6 USD) - 2016/03/22 13:44:01 ET
Table 'Bernardina' 10-max Seat #3 is the button
Seat 2: pizzamannen ($86.15 in chips)
Seat 3: RockKillerTY ($173.81 in chips)
RockKillerTY: posts small blind $1
pizzamannen: posts big blind $3
*** HOLE CARDS ***
RockKillerTY: raises $3 to $6
pizzamannen: calls $3
*** FLOP *** [5h 6c 3s]
pizzamannen: bets $3
RockKillerTY: calls $3
*** TURN *** [5h 6c 3s] [5s]
pizzamannen: bets $6
RockKillerTY: calls $6
*** RIVER *** [5h 6c 3s 5s] [Qc]
pizzamannen: checks
RockKillerTY: checks
*** SHOW DOWN ***
pizzamannen: shows [9d Kh] (a pair of Fives)
RockKillerTY: mucks hand
pizzamannen collected $29.50 from pot
*** SUMMARY ***
Total pot $30 | Rake $0.50
Board [5h 6c 3s 5s Qc]
Seat 2: pizzamannen (big blind) showed [9d Kh] and won ($29.50) with a pair of Fives
Seat 3: RockKillerTY (button) (small blind) mucked


PokerStars Hand #150763760849:  Hold'em Limit ($3/$6 USD) - 2016/03/22 13:44:28 ET
Table 'Bernardina' 10-max Seat #2 is the button
Seat 2: pizzamannen ($100.65 in chips)
Seat 3: RockKillerTY ($158.81 in chips)
pizzamannen: posts small blind $1
RockKillerTY: posts big blind $3
*** HOLE CARDS ***
pizzamannen: raises $3 to $6
RockKillerTY: calls $3
*** FLOP *** [Td 8d 5h]
RockKillerTY: checks
pizzamannen: bets $3
RockKillerTY: raises $3 to $6
Zubasa07 leaves the table
pizzamannen: calls $3
*** TURN *** [Td 8d 5h] [Qc]
RockKillerTY: bets $6
pizzamannen: raises $6 to $12
RockKillerTY: calls $6
*** RIVER *** [Td 8d 5h Qc] [3c]
RockKillerTY: checks
pizzamannen: bets $6
RockKillerTY: folds
Uncalled bet ($6) returned to pizzamannen
pizzamannen collected $47.50 from pot
pizzamannen: doesn't show hand
*** SUMMARY ***
Total pot $48 | Rake $0.50
Board [Td 8d 5h Qc 3c]
Seat 2: pizzamannen (button) (small blind) collected ($47.50)
Seat 3: RockKillerTY (big blind) folded on the River


PokerStars Hand #150763829354:  Hold'em Limit ($3/$6 USD) - 2016/03/22 13:45:47 ET
Table 'Bernardina' 10-max Seat #2 is the button
Seat 2: pizzamannen ($129.91 in chips)
Seat 3: RockKillerTY ($128.81 in chips)
pizzamannen: posts small blind $1
RockKillerTY: posts big blind $3
*** HOLE CARDS ***
pizzamannen: folds
Uncalled bet ($2) returned to RockKillerTY
RockKillerTY collected $2 from pot
RockKillerTY: doesn't show hand
*** SUMMARY ***
Total pot $2 | Rake $0
Seat 2: pizzamannen (button) (small blind) folded before Flop
Seat 3: RockKillerTY (big blind) collected ($2)


PokerStars Hand #150763810400:  Hold'em Limit ($3/$6 USD) - 2016/03/22 13:45:25 ET
Table 'Bernardina' 10-max Seat #3 is the button
Seat 2: pizzamannen ($124.15 in chips)
Seat 3: RockKillerTY ($134.81 in chips)
RockKillerTY: posts small blind $1
pizzamannen: posts big blind $3
*** HOLE CARDS ***
RockKillerTY: raises $3 to $6
pizzamannen: calls $3
*** FLOP *** [6s 3s 8s]
pizzamannen: checks
RockKillerTY: checks
*** TURN *** [6s 3s 8s] [7c]
pizzamannen: bets $6
RockKillerTY: folds
Uncalled bet ($6) returned to pizzamannen
pizzamannen collected $11.76 from pot
pizzamannen: doesn't show hand
*** SUMMARY ***
Total pot $12 | Rake $0.24
Board [6s 3s 8s 7c]
Seat 2: pizzamannen (big blind) collected ($11.76)
Seat 3: RockKillerTY (button) (small blind) folded on the Turn


PokerStars Hand #150763867516:  Hold'em Limit ($3/$6 USD) - 2016/03/22 13:46:30 ET
Table 'Bernardina' 10-max Seat #2 is the button
Seat 2: pizzamannen ($137.55 in chips)
Seat 3: RockKillerTY ($120.81 in chips)
pizzamannen: posts small blind $1
RockKillerTY: posts big blind $3
*** HOLE CARDS ***
pizzamannen: folds
Uncalled bet ($2) returned to RockKillerTY
RockKillerTY collected $2 from pot
RockKillerTY: doesn't show hand
*** SUMMARY ***
Total pot $2 | Rake $0
Seat 2: pizzamannen (button) (small blind) folded before Flop
Seat 3: RockKillerTY (big blind) collected ($2)


PokerStars Hand #150763834165:  Hold'em Limit ($3/$6 USD) - 2016/03/22 13:45:52 ET
Table 'Bernardina' 10-max Seat #3 is the button
Seat 2: pizzamannen ($128.91 in chips)
Seat 3: RockKillerTY ($129.81 in chips)
RockKillerTY: posts small blind $1
pizzamannen: posts big blind $3
*** HOLE CARDS ***
RockKillerTY: raises $3 to $6
pizzamannen: calls $3
*** FLOP *** [8s 7h 8d]
pizzamannen: checks
RockKillerTY: bets $3
pizzamannen: calls $3
*** TURN *** [8s 7h 8d] [Th]
pizzamannen: bets $6
RockKillerTY: folds
Uncalled bet ($6) returned to pizzamannen
pizzamannen collected $17.64 from pot
pizzamannen: doesn't show hand
*** SUMMARY ***
Total pot $18 | Rake $0.36
Board [8s 7h 8d Th]
Seat 2: pizzamannen (big blind) collected ($17.64)
Seat 3: RockKillerTY (button) (small blind) folded on the Turn


PokerStars Hand #150763872816:  Hold'em Limit ($3/$6 USD) - 2016/03/22 13:46:36 ET
Table 'Bernardina' 10-max Seat #3 is the button
Seat 2: pizzamannen ($136.55 in chips)
Seat 3: RockKillerTY ($121.81 in chips)
RockKillerTY: posts small blind $1
pizzamannen: posts big blind $3
*** HOLE CARDS ***
RockKillerTY: raises $3 to $6
pizzamannen: calls $3
*** FLOP *** [As Ah 8s]
pizzamannen: bets $3
RockKillerTY: calls $3
*** TURN *** [As Ah 8s] [Qh]
pizzamannen: checks
RockKillerTY: bets $6
pizzamannen: folds
Uncalled bet ($6) returned to RockKillerTY
RockKillerTY collected $17.64 from pot
RockKillerTY: doesn't show hand
*** SUMMARY ***
Total pot $18 | Rake $0.36
Board [As Ah 8s Qh]
Seat 2: pizzamannen (big blind) folded on the Turn
Seat 3: RockKillerTY (button) (small blind) collected ($17.64)


PokerStars Hand #150763899977:  Hold'em Limit ($3/$6 USD) - 2016/03/22 13:47:06 ET
Table 'Bernardina' 10-max Seat #2 is the button
Seat 2: pizzamannen ($127.55 in chips)
Seat 3: RockKillerTY ($130.45 in chips)
pizzamannen: posts small blind $1
RockKillerTY: posts big blind $3
*** HOLE CARDS ***
pizzamannen: calls $2
RockKillerTY: raises $3 to $6
pizzamannen: calls $3
*** FLOP *** [Ah 5h 6s]
RockKillerTY: bets $3
pizzamannen: folds
Uncalled bet ($3) returned to RockKillerTY
RockKillerTY collected $11.76 from pot
RockKillerTY: doesn't show hand
*** SUMMARY ***
Total pot $12 | Rake $0.24
Board [Ah 5h 6s]
Seat 2: pizzamannen (button) (small blind) folded on the Flop
Seat 3: RockKillerTY (big blind) collected ($11.76)


PokerStars Hand #150763916796:  Hold'em Limit ($3/$6 USD) - 2016/03/22 13:47:25 ET
Table 'Bernardina' 10-max Seat #3 is the button
Seat 2: pizzamannen ($121.55 in chips)
Seat 3: RockKillerTY ($136.21 in chips)
RockKillerTY: posts small blind $1
pizzamannen: posts big blind $3
*** HOLE CARDS ***
RockKillerTY: raises $3 to $6
pizzamannen: folds
Uncalled bet ($3) returned to RockKillerTY
RockKillerTY collected $6 from pot
RockKillerTY: doesn't show hand
*** SUMMARY ***
Total pot $6 | Rake $0
Seat 2: pizzamannen (big blind) folded before Flop
Seat 3: RockKillerTY (button) (small blind) collected ($6)


