PokerStars Hand #150646272060:  Hold'em Limit ($3/$6 USD) - 2016/03/20 10:16:45 ET
Table 'Beryl II' 6-max Seat #5 is the button
Seat 5: Great_Kang ($121 in chips)
Seat 6: kr.poker8029 ($119 in chips)
Great_Kang: posts small blind $1
kr.poker8029: posts big blind $3
*** HOLE CARDS ***
Great_Kang: raises $3 to $6
kr.poker8029: calls $3
*** FLOP *** [Qs Kh 8d]
kr.poker8029: checks
Great_Kang: bets $3
kr.poker8029: calls $3
*** TURN *** [Qs Kh 8d] [Th]
kr.poker8029: checks
Great_Kang: checks
*** RIVER *** [Qs Kh 8d Th] [Kc]
kr.poker8029: bets $6
Great_Kang: calls $6
*** SHOW DOWN ***
kr.poker8029: shows [9c 8c] (two pair, Kings and Eights)
Great_Kang: shows [8s 3s] (two pair, Kings and Eights)
kr.poker8029 collected $14.75 from pot
Great_Kang collected $14.75 from pot
*** SUMMARY ***
Total pot $30 | Rake $0.50
Board [Qs Kh 8d Th Kc]
Seat 5: Great_Kang (button) (small blind) showed [8s 3s] and won ($14.75) with two pair, Kings and Eights
Seat 6: kr.poker8029 (big blind) showed [9c 8c] and won ($14.75) with two pair, Kings and Eights


PokerStars Hand #150646294803:  Hold'em Limit ($3/$6 USD) - 2016/03/20 10:17:12 ET
Table 'Beryl II' 6-max Seat #6 is the button
Seat 5: Great_Kang ($120.75 in chips)
Seat 6: kr.poker8029 ($118.75 in chips)
kr.poker8029: posts small blind $1
Great_Kang: posts big blind $3
*** HOLE CARDS ***
kr.poker8029: raises $3 to $6
Great_Kang: calls $3
*** FLOP *** [8h Qd 8c]
Great_Kang: checks
kr.poker8029: bets $3
Great_Kang: calls $3
*** TURN *** [8h Qd 8c] [6h]
Great_Kang: checks
kr.poker8029: bets $6
Great_Kang: calls $6
*** RIVER *** [8h Qd 8c 6h] [Qs]
Great_Kang: checks
kr.poker8029: checks
*** SHOW DOWN ***
Great_Kang: shows [Ah 5s] (two pair, Queens and Eights)
kr.poker8029: mucks hand
Great_Kang collected $29.50 from pot
*** SUMMARY ***
Total pot $30 | Rake $0.50
Board [8h Qd 8c 6h Qs]
Seat 5: Great_Kang (big blind) showed [Ah 5s] and won ($29.50) with two pair, Queens and Eights
Seat 6: kr.poker8029 (button) (small blind) mucked


PokerStars Hand #150646325705:  Hold'em Limit ($3/$6 USD) - 2016/03/20 10:17:50 ET
Table 'Beryl II' 6-max Seat #5 is the button
Seat 5: Great_Kang ($135.25 in chips)
Seat 6: kr.poker8029 ($103.75 in chips)
Great_Kang: posts small blind $1
kr.poker8029: posts big blind $3
*** HOLE CARDS ***
Great_Kang: raises $3 to $6
kr.poker8029: raises $3 to $9
Great_Kang: calls $3
*** FLOP *** [7h Ks Th]
kr.poker8029: bets $3
Great_Kang: folds
Uncalled bet ($3) returned to kr.poker8029
kr.poker8029 collected $17.64 from pot
*** SUMMARY ***
Total pot $18 | Rake $0.36
Board [7h Ks Th]
Seat 5: Great_Kang (button) (small blind) folded on the Flop
Seat 6: kr.poker8029 (big blind) collected ($17.64)


PokerStars Hand #150646337982:  Hold'em Limit ($3/$6 USD) - 2016/03/20 10:18:05 ET
Table 'Beryl II' 6-max Seat #6 is the button
Seat 5: Great_Kang ($126.25 in chips)
Seat 6: kr.poker8029 ($112.39 in chips)
kr.poker8029: posts small blind $1
Great_Kang: posts big blind $3
*** HOLE CARDS ***
kr.poker8029: raises $3 to $6
Great_Kang: calls $3
*** FLOP *** [5d Ks Ad]
Great_Kang: checks
kr.poker8029: bets $3
Great_Kang: folds
Uncalled bet ($3) returned to kr.poker8029
kr.poker8029 collected $11.76 from pot
*** SUMMARY ***
Total pot $12 | Rake $0.24
Board [5d Ks Ad]
Seat 5: Great_Kang (big blind) folded on the Flop
Seat 6: kr.poker8029 (button) (small blind) collected ($11.76)


PokerStars Hand #150646356088:  Hold'em Limit ($3/$6 USD) - 2016/03/20 10:18:27 ET
Table 'Beryl II' 6-max Seat #5 is the button
Seat 5: Great_Kang ($120.25 in chips)
Seat 6: kr.poker8029 ($118.15 in chips)
Great_Kang: posts small blind $1
kr.poker8029: posts big blind $3
*** HOLE CARDS ***
Great_Kang: raises $3 to $6
kr.poker8029: calls $3
*** FLOP *** [4d 2s Qh]
kr.poker8029: checks
Great_Kang: bets $3
kr.poker8029: folds
Uncalled bet ($3) returned to Great_Kang
Great_Kang collected $11.76 from pot
Great_Kang: doesn't show hand
*** SUMMARY ***
Total pot $12 | Rake $0.24
Board [4d 2s Qh]
Seat 5: Great_Kang (button) (small blind) collected ($11.76)
Seat 6: kr.poker8029 (big blind) folded on the Flop


PokerStars Hand #150646378718:  Hold'em Limit ($3/$6 USD) - 2016/03/20 10:18:54 ET
Table 'Beryl II' 6-max Seat #5 is the button
Seat 5: Great_Kang ($120.01 in chips)
Seat 6: kr.poker8029 ($117.91 in chips)
Great_Kang: posts small blind $1
kr.poker8029: posts big blind $3
*** HOLE CARDS ***
Great_Kang: raises $3 to $6
kr.poker8029: calls $3
*** FLOP *** [Qc 5c 9d]
kr.poker8029: checks
Great_Kang: bets $3
kr.poker8029: raises $3 to $6
Great_Kang: calls $3
*** TURN *** [Qc 5c 9d] [Td]
kr.poker8029: bets $6
Great_Kang: calls $6
*** RIVER *** [Qc 5c 9d Td] [7h]
kr.poker8029: bets $6
Great_Kang: folds
Uncalled bet ($6) returned to kr.poker8029
kr.poker8029 collected $35.50 from pot
*** SUMMARY ***
Total pot $36 | Rake $0.50
Board [Qc 5c 9d Td 7h]
Seat 5: Great_Kang (button) (small blind) folded on the River
Seat 6: kr.poker8029 (big blind) collected ($35.50)


PokerStars Hand #150646369393:  Hold'em Limit ($3/$6 USD) - 2016/03/20 10:18:43 ET
Table 'Beryl II' 6-max Seat #6 is the button
Seat 5: Great_Kang ($126.01 in chips)
Seat 6: kr.poker8029 ($112.15 in chips)
kr.poker8029: posts small blind $1
Great_Kang: posts big blind $3
*** HOLE CARDS ***
kr.poker8029: raises $3 to $6
Great_Kang: calls $3
*** FLOP *** [6c 3h Kc]
Great_Kang: checks
kr.poker8029: bets $3
Great_Kang: folds
Uncalled bet ($3) returned to kr.poker8029
kr.poker8029 collected $11.76 from pot
*** SUMMARY ***
Total pot $12 | Rake $0.24
Board [6c 3h Kc]
Seat 5: Great_Kang (big blind) folded on the Flop
Seat 6: kr.poker8029 (button) (small blind) collected ($11.76)


PokerStars Hand #150646432785:  Hold'em Limit ($3/$6 USD) - 2016/03/20 10:20:00 ET
Table 'Beryl II' 6-max Seat #5 is the button
Seat 5: Great_Kang ($134.50 in chips)
Seat 6: kr.poker8029 ($120.41 in chips)
Great_Kang: posts small blind $1
kr.poker8029: posts big blind $3
*** HOLE CARDS ***
BasilAnochin joins the table at seat #4
Great_Kang: raises $3 to $6
kr.poker8029: calls $3
*** FLOP *** [Qh 3d 5s]
kr.poker8029: checks
Great_Kang: bets $3
kr.poker8029: raises $3 to $6
Great_Kang: calls $3
*** TURN *** [Qh 3d 5s] [2s]
kr.poker8029: bets $6
Great_Kang: calls $6
*** RIVER *** [Qh 3d 5s 2s] [7d]
kr.poker8029: bets $6
Great_Kang: raises $6 to $12
kr.poker8029: folds
Uncalled bet ($6) returned to Great_Kang
Great_Kang collected $47.50 from pot
Great_Kang: doesn't show hand
*** SUMMARY ***
Total pot $48 | Rake $0.50
Board [Qh 3d 5s 2s 7d]
Seat 5: Great_Kang (button) (small blind) collected ($47.50)
Seat 6: kr.poker8029 (big blind) folded on the River


PokerStars Hand #150646408279:  Hold'em Limit ($3/$6 USD) - 2016/03/20 10:19:30 ET
Table 'Beryl II' 6-max Seat #6 is the button
Seat 5: Great_Kang ($120 in chips)
Seat 6: kr.poker8029 ($135.41 in chips)
kr.poker8029: posts small blind $1
Great_Kang: posts big blind $3
*** HOLE CARDS ***
kr.poker8029: calls $2
Great_Kang: checks
*** FLOP *** [4d Qs 7h]
Great_Kang: checks
kr.poker8029: checks
*** TURN *** [4d Qs 7h] [5d]
Great_Kang: bets $6
kr.poker8029: calls $6
*** RIVER *** [4d Qs 7h 5d] [Th]
Great_Kang: checks
kr.poker8029: bets $6
Great_Kang: calls $6
*** SHOW DOWN ***
kr.poker8029: shows [Js 6s] (high card Queen)
Great_Kang: shows [4h 3d] (a pair of Fours)
Great_Kang collected $29.50 from pot
*** SUMMARY ***
Total pot $30 | Rake $0.50
Board [4d Qs 7h 5d Th]
Seat 5: Great_Kang (big blind) showed [4h 3d] and won ($29.50) with a pair of Fours
Seat 6: kr.poker8029 (button) (small blind) showed [Js 6s] and lost with high card Queen


PokerStars Hand #150648474541:  Hold'em Limit ($3/$6 USD) - 2016/03/20 11:01:07 ET
Table 'Beryl II' 6-max Seat #1 is the button
Seat 1: DonTheSash ($151.48 in chips)
Seat 5: Great_Kang ($133.34 in chips)
DonTheSash: posts small blind $1
Great_Kang: posts big blind $3
*** HOLE CARDS ***
DonTheSash: raises $3 to $6
Great_Kang: calls $3
*** FLOP *** [Jd 4d 6c]
Great_Kang: checks
DonTheSash: bets $3
Great_Kang: folds
Uncalled bet ($3) returned to DonTheSash
DonTheSash collected $11.76 from pot
Necromadx leaves the table
*** SUMMARY ***
Total pot $12 | Rake $0.24
Board [Jd 4d 6c]
Seat 1: DonTheSash (button) (small blind) collected ($11.76)
Seat 5: Great_Kang (big blind) folded on the Flop


PokerStars Hand #150648491843:  Hold'em Limit ($3/$6 USD) - 2016/03/20 11:01:28 ET
Table 'Beryl II' 6-max Seat #5 is the button
Seat 1: DonTheSash ($157.24 in chips)
Seat 5: Great_Kang ($127.34 in chips)
Great_Kang: posts small blind $1
DonTheSash: posts big blind $3
*** HOLE CARDS ***
Great_Kang: raises $3 to $6
DonTheSash: folds
Uncalled bet ($3) returned to Great_Kang
Great_Kang collected $6 from pot
Great_Kang: doesn't show hand
*** SUMMARY ***
Total pot $6 | Rake $0
Seat 1: DonTheSash (big blind) folded before Flop
Seat 5: Great_Kang (button) (small blind) collected ($6)


PokerStars Hand #150648528924:  Hold'em Limit ($3/$6 USD) - 2016/03/20 11:02:12 ET
Table 'Beryl II' 6-max Seat #5 is the button
Seat 1: DonTheSash ($133.24 in chips)
Seat 5: Great_Kang ($150.84 in chips)
Great_Kang: posts small blind $1
DonTheSash: posts big blind $3
*** HOLE CARDS ***
Great_Kang: raises $3 to $6
DonTheSash: folds
Uncalled bet ($3) returned to Great_Kang
Great_Kang collected $6 from pot
Great_Kang: doesn't show hand
*** SUMMARY ***
Total pot $6 | Rake $0
Seat 1: DonTheSash (big blind) folded before Flop
Seat 5: Great_Kang (button) (small blind) collected ($6)


PokerStars Hand #150648498845:  Hold'em Limit ($3/$6 USD) - 2016/03/20 11:01:37 ET
Table 'Beryl II' 6-max Seat #1 is the button
Seat 1: DonTheSash ($154.24 in chips)
Seat 5: Great_Kang ($130.34 in chips)
DonTheSash: posts small blind $1
Great_Kang: posts big blind $3
*** HOLE CARDS ***
DonTheSash: raises $3 to $6
Great_Kang: calls $3
*** FLOP *** [Qd Jh 5h]
Great_Kang: checks
DonTheSash: bets $3
Great_Kang: calls $3
*** TURN *** [Qd Jh 5h] [4c]
Great_Kang: checks
DonTheSash: bets $6
Great_Kang: calls $6
*** RIVER *** [Qd Jh 5h 4c] [8s]
Great_Kang: checks
DonTheSash: bets $6
Great_Kang: calls $6
*** SHOW DOWN ***
DonTheSash: shows [9s Ad] (high card Ace)
Great_Kang: shows [Ks 5d] (a pair of Fives)
Great_Kang collected $41.50 from pot
*** SUMMARY ***
Total pot $42 | Rake $0.50
Board [Qd Jh 5h 4c 8s]
Seat 1: DonTheSash (button) (small blind) showed [9s Ad] and lost with high card Ace
Seat 5: Great_Kang (big blind) showed [Ks 5d] and won ($41.50) with a pair of Fives


PokerStars Hand #150648537808:  Hold'em Limit ($3/$6 USD) - 2016/03/20 11:02:22 ET
Table 'Beryl II' 6-max Seat #1 is the button
Seat 1: DonTheSash ($130.24 in chips)
Seat 5: Great_Kang ($153.84 in chips)
DonTheSash: posts small blind $1
Great_Kang: posts big blind $3
*** HOLE CARDS ***
DonTheSash: raises $3 to $6
Great_Kang: calls $3
*** FLOP *** [2c 4s 5h]
Great_Kang: checks
DonTheSash: checks
*** TURN *** [2c 4s 5h] [Kd]
Great_Kang: bets $6
DonTheSash: folds
Uncalled bet ($6) returned to Great_Kang
Great_Kang collected $11.76 from pot
Great_Kang: doesn't show hand
*** SUMMARY ***
Total pot $12 | Rake $0.24
Board [2c 4s 5h Kd]
Seat 1: DonTheSash (button) (small blind) folded on the Turn
Seat 5: Great_Kang (big blind) collected ($11.76)


PokerStars Hand #150648571295:  Hold'em Limit ($3/$6 USD) - 2016/03/20 11:03:01 ET
Table 'Beryl II' 6-max Seat #5 is the button
Seat 1: DonTheSash ($124.24 in chips)
Seat 5: Great_Kang ($159.60 in chips)
Great_Kang: posts small blind $1
DonTheSash: posts big blind $3
*** HOLE CARDS ***
Great_Kang: raises $3 to $6
DonTheSash: calls $3
*** FLOP *** [Qc 5c 5d]
DonTheSash: checks
Great_Kang: bets $3
DonTheSash: calls $3
*** TURN *** [Qc 5c 5d] [Ad]
DonTheSash: checks
Great_Kang: checks
*** RIVER *** [Qc 5c 5d Ad] [7s]
DonTheSash: checks
Great_Kang: checks
*** SHOW DOWN ***
DonTheSash: shows [Js Tc] (a pair of Fives)
Great_Kang: mucks hand
DonTheSash collected $17.64 from pot
*** SUMMARY ***
Total pot $18 | Rake $0.36
Board [Qc 5c 5d Ad 7s]
Seat 1: DonTheSash (big blind) showed [Js Tc] and won ($17.64) with a pair of Fives
Seat 5: Great_Kang (button) (small blind) mucked


PokerStars Hand #150648619173:  Hold'em Limit ($3/$6 USD) - 2016/03/20 11:03:54 ET
Table 'Beryl II' 6-max Seat #1 is the button
Seat 1: DonTheSash ($132.88 in chips)
Seat 5: Great_Kang ($150.60 in chips)
DonTheSash: posts small blind $1
Great_Kang: posts big blind $3
*** HOLE CARDS ***
DonTheSash: raises $3 to $6
Great_Kang: calls $3
*** FLOP *** [Qc Ah 4d]
Great_Kang: checks
DonTheSash: bets $3
Great_Kang: calls $3
*** TURN *** [Qc Ah 4d] [Th]
Great_Kang: checks
DonTheSash: bets $6
Great_Kang: calls $6
*** RIVER *** [Qc Ah 4d Th] [5h]
Great_Kang: checks
DonTheSash: bets $6
Great_Kang: calls $6
*** SHOW DOWN ***
DonTheSash: shows [Jh 8h] (a flush, Ace high)
Great_Kang: mucks hand
DonTheSash collected $41.50 from pot
*** SUMMARY ***
Total pot $42 | Rake $0.50
Board [Qc Ah 4d Th 5h]
Seat 1: DonTheSash (button) (small blind) showed [Jh 8h] and won ($41.50) with a flush, Ace high
Seat 5: Great_Kang (big blind) mucked


PokerStars Hand #150648652861:  Hold'em Limit ($3/$6 USD) - 2016/03/20 11:04:31 ET
Table 'Beryl II' 6-max Seat #5 is the button
Seat 1: DonTheSash ($153.38 in chips)
Seat 5: Great_Kang ($129.60 in chips)
Great_Kang: posts small blind $1
DonTheSash: posts big blind $3
*** HOLE CARDS ***
Great_Kang: raises $3 to $6
DonTheSash: calls $3
*** FLOP *** [Jc Qh 2h]
DonTheSash: checks
Great_Kang: bets $3
DonTheSash: calls $3
*** TURN *** [Jc Qh 2h] [Tc]
DonTheSash: checks
Great_Kang: checks
*** RIVER *** [Jc Qh 2h Tc] [8c]
DonTheSash: bets $6
Great_Kang: calls $6
*** SHOW DOWN ***
DonTheSash: shows [Kd 9s] (a straight, Nine to King)
Great_Kang: mucks hand
DonTheSash collected $29.50 from pot
*** SUMMARY ***
Total pot $30 | Rake $0.50
Board [Jc Qh 2h Tc 8c]
Seat 1: DonTheSash (big blind) showed [Kd 9s] and won ($29.50) with a straight, Nine to King
Seat 5: Great_Kang (button) (small blind) mucked


PokerStars Hand #150648688906:  Hold'em Limit ($3/$6 USD) - 2016/03/20 11:05:11 ET
Table 'Beryl II' 6-max Seat #1 is the button
Seat 1: DonTheSash ($167.88 in chips)
Seat 5: Great_Kang ($120 in chips)
DonTheSash: posts small blind $1
Great_Kang: posts big blind $3
*** HOLE CARDS ***
DonTheSash: raises $3 to $6
Great_Kang: calls $3
*** FLOP *** [Qc Th 6s]
Great_Kang: checks
DonTheSash: bets $3
Great_Kang: raises $3 to $6
DonTheSash: calls $3
*** TURN *** [Qc Th 6s] [7h]
Great_Kang: bets $6
DonTheSash: calls $6
*** RIVER *** [Qc Th 6s 7h] [6d]
Great_Kang: bets $6
DonTheSash: calls $6
*** SHOW DOWN ***
Great_Kang: shows [8h 9d] (a straight, Six to Ten)
DonTheSash: shows [Qs Kc] (two pair, Queens and Sixes)
Great_Kang collected $47.50 from pot
*** SUMMARY ***
Total pot $48 | Rake $0.50
Board [Qc Th 6s 7h 6d]
Seat 1: DonTheSash (button) (small blind) showed [Qs Kc] and lost with two pair, Queens and Sixes
Seat 5: Great_Kang (big blind) showed [8h 9d] and won ($47.50) with a straight, Six to Ten


PokerStars Hand #150648720670:  Hold'em Limit ($3/$6 USD) - 2016/03/20 11:05:46 ET
Table 'Beryl II' 6-max Seat #5 is the button
Seat 1: DonTheSash ($143.88 in chips)
Seat 5: Great_Kang ($143.50 in chips)
Great_Kang: posts small blind $1
DonTheSash: posts big blind $3
*** HOLE CARDS ***
Great_Kang: folds
Uncalled bet ($2) returned to DonTheSash
DonTheSash collected $2 from pot
*** SUMMARY ***
Total pot $2 | Rake $0
Seat 1: DonTheSash (big blind) collected ($2)
Seat 5: Great_Kang (button) (small blind) folded before Flop


