PokerStars Hand #176662466419:  Hold'em Limit ($3/$6 USD) - 2017/10/08 15:04:11 ET
Table 'Beryl' 6-max Seat #2 is the button
Seat 1: igorkabmw ($35 in chips)
Seat 2: vestimokrec ($120 in chips)
vestimokrec: posts small blind $1
GoliafUa: is sitting out
igorkabmw: posts big blind $3
*** HOLE CARDS ***
vestimokrec: folds
Uncalled bet ($2) returned to igorkabmw
igorkabmw collected $2 from pot
igorkabmw: doesn't show hand
*** SUMMARY ***
Total pot $2 | Rake $0
Seat 1: igorkabmw (big blind) collected ($2)
Seat 2: vestimokrec (button) (small blind) folded before Flop


PokerStars Hand #176662519024:  Hold'em Limit ($3/$6 USD) - 2017/10/08 15:05:07 ET
Table 'Beryl' 6-max Seat #1 is the button
Seat 1: igorkabmw ($26.76 in chips)
Seat 2: vestimokrec ($127.50 in chips)
igorkabmw: posts small blind $1
vestimokrec: posts big blind $3
*** HOLE CARDS ***
igorkabmw: calls $2
Zubasa07 joins the table at seat #3
vestimokrec: checks
*** FLOP *** [7s Qh Ah]
vestimokrec: checks
igorkabmw: checks
*** TURN *** [7s Qh Ah] [4c]
vestimokrec: checks
igorkabmw: checks
*** RIVER *** [7s Qh Ah 4c] [8d]
vestimokrec: checks
igorkabmw: checks
*** SHOW DOWN ***
vestimokrec: shows [4s 5d] (a pair of Fours)
igorkabmw: mucks hand
vestimokrec collected $5.88 from pot
*** SUMMARY ***
Total pot $6 | Rake $0.12
Board [7s Qh Ah 4c 8d]
Seat 1: igorkabmw (button) (small blind) mucked
Seat 2: vestimokrec (big blind) showed [4s 5d] and won ($5.88) with a pair of Fours


PokerStars Hand #176662506828:  Hold'em Limit ($3/$6 USD) - 2017/10/08 15:04:54 ET
Table 'Beryl' 6-max Seat #2 is the button
Seat 1: igorkabmw ($21 in chips)
Seat 2: vestimokrec ($133.50 in chips)
vestimokrec: posts small blind $1
igorkabmw: posts big blind $3
*** HOLE CARDS ***
vestimokrec: raises $3 to $6
igorkabmw: calls $3
*** FLOP *** [2d 6s Ts]
GoliafUa leaves the table
igorkabmw: bets $3
vestimokrec: folds
Uncalled bet ($3) returned to igorkabmw
igorkabmw collected $11.76 from pot
igorkabmw: doesn't show hand
*** SUMMARY ***
Total pot $12 | Rake $0.24
Board [2d 6s Ts]
Seat 1: igorkabmw (big blind) collected ($11.76)
Seat 2: vestimokrec (button) (small blind) folded on the Flop


PokerStars Hand #176662476598:  Hold'em Limit ($3/$6 USD) - 2017/10/08 15:04:22 ET
Table 'Beryl' 6-max Seat #1 is the button
Seat 1: igorkabmw ($36 in chips)
Seat 2: vestimokrec ($119 in chips)
igorkabmw: posts small blind $1
vestimokrec: posts big blind $3
*** HOLE CARDS ***
igorkabmw: calls $2
vestimokrec: raises $3 to $6
igorkabmw: calls $3
*** FLOP *** [3h 2s Kd]
vestimokrec: bets $3
igorkabmw: calls $3
*** TURN *** [3h 2s Kd] [Jc]
vestimokrec: checks
igorkabmw: checks
*** RIVER *** [3h 2s Kd Jc] [Qs]
vestimokrec: bets $6
igorkabmw: calls $6
*** SHOW DOWN ***
vestimokrec: shows [As Ks] (a pair of Kings)
igorkabmw: mucks hand
vestimokrec collected $29.50 from pot
*** SUMMARY ***
Total pot $30 | Rake $0.50
Board [3h 2s Kd Jc Qs]
Seat 1: igorkabmw (button) (small blind) mucked
Seat 2: vestimokrec (big blind) showed [As Ks] and won ($29.50) with a pair of Kings


PokerStars Hand #176662752449:  Hold'em Limit ($3/$6 USD) - 2017/10/08 15:09:10 ET
Table 'Beryl' 6-max Seat #2 is the button
Seat 1: igorkabmw ($13.61 in chips)
Seat 2: vestimokrec ($151.10 in chips)
vestimokrec: posts small blind $1
Zubasa07: is sitting out
igorkabmw: posts big blind $3
*** HOLE CARDS ***
vestimokrec: raises $3 to $6
igorkabmw: calls $3
*** FLOP *** [5d 6h 5s]
igorkabmw: bets $3
vestimokrec: calls $3
*** TURN *** [5d 6h 5s] [2d]
igorkabmw: bets $4.61 and is all-in
vestimokrec: calls $4.61
*** RIVER *** [5d 6h 5s 2d] [Ks]
*** SHOW DOWN ***
igorkabmw: shows [8c Td] (a pair of Fives)
vestimokrec: shows [Jc 5c] (three of a kind, Fives)
vestimokrec collected $26.72 from pot
*** SUMMARY ***
Total pot $27.22 | Rake $0.50
Board [5d 6h 5s 2d Ks]
Seat 1: igorkabmw (big blind) showed [8c Td] and lost with a pair of Fives
Seat 2: vestimokrec (button) (small blind) showed [Jc 5c] and won ($26.72) with three of a kind, Fives


