PokerStars Hand #161616820571:  Hold'em Limit ($3/$6 USD) - 2016/11/18 20:27:39 ET
Table 'Betelgeuse' 6-max Seat #6 is the button
Seat 1: assitoni ($72 in chips)
Seat 6: vanhetpadje ($117.15 in chips)
vanhetpadje: posts small blind $1
assitoni: posts big blind $3
*** HOLE CARDS ***
vanhetpadje: folds
Uncalled bet ($2) returned to assitoni
assitoni collected $2 from pot
assitoni: doesn't show hand
*** SUMMARY ***
Total pot $2 | Rake $0
Seat 1: assitoni (big blind) collected ($2)
Seat 6: vanhetpadje (button) (small blind) folded before Flop


PokerStars Hand #161616825760:  Hold'em Limit ($3/$6 USD) - 2016/11/18 20:27:49 ET
Table 'Betelgeuse' 6-max Seat #1 is the button
Seat 1: assitoni ($73 in chips)
Seat 6: vanhetpadje ($116.15 in chips)
assitoni: posts small blind $1
vanhetpadje: posts big blind $3
*** HOLE CARDS ***
assitoni: raises $3 to $6
vanhetpadje: calls $3
*** FLOP *** [7c 5s Ah]
vanhetpadje: bets $3
assitoni: calls $3
*** TURN *** [7c 5s Ah] [3h]
Chessnok joins the table at seat #2
vanhetpadje: bets $6
assitoni: folds
Uncalled bet ($6) returned to vanhetpadje
vanhetpadje collected $17.64 from pot
vanhetpadje: doesn't show hand
*** SUMMARY ***
Total pot $18 | Rake $0.36
Board [7c 5s Ah 3h]
Seat 1: assitoni (button) (small blind) folded on the Turn
Seat 6: vanhetpadje (big blind) collected ($17.64)


PokerStars Hand #161616878334:  Hold'em Limit ($3/$6 USD) - 2016/11/18 20:29:25 ET
Table 'Betelgeuse' 6-max Seat #6 is the button
Seat 2: Chessnok ($87 in chips)
Seat 6: vanhetpadje ($156.93 in chips)
vanhetpadje: posts small blind $1
Chessnok: posts big blind $3
*** HOLE CARDS ***
vanhetpadje: raises $3 to $6
Chessnok: calls $3
*** FLOP *** [2d 7c Qc]
Chessnok: checks
vanhetpadje: bets $3
Chessnok: raises $3 to $6
vanhetpadje: calls $3
*** TURN *** [2d 7c Qc] [5h]
Chessnok: bets $6
vanhetpadje: calls $6
*** RIVER *** [2d 7c Qc 5h] [6h]
Chessnok: bets $6
vanhetpadje: calls $6
*** SHOW DOWN ***
Chessnok: shows [Qh Jd] (a pair of Queens)
vanhetpadje: mucks hand
Chessnok collected $47.50 from pot
*** SUMMARY ***
Total pot $48 | Rake $0.50
Board [2d 7c Qc 5h 6h]
Seat 2: Chessnok (big blind) showed [Qh Jd] and won ($47.50) with a pair of Queens
Seat 6: vanhetpadje (button) (small blind) mucked


PokerStars Hand #161616872775:  Hold'em Limit ($3/$6 USD) - 2016/11/18 20:29:14 ET
Table 'Betelgeuse' 6-max Seat #2 is the button
Seat 2: Chessnok ($96 in chips)
Seat 6: vanhetpadje ($148.29 in chips)
Chessnok: posts small blind $1
vanhetpadje: posts big blind $3
*** HOLE CARDS ***
Chessnok: raises $3 to $6
vanhetpadje: raises $3 to $9
Chessnok: calls $3
*** FLOP *** [6s Ah 6c]
vanhetpadje: bets $3
Chessnok: folds
Uncalled bet ($3) returned to vanhetpadje
vanhetpadje collected $17.64 from pot
vanhetpadje: doesn't show hand
*** SUMMARY ***
Total pot $18 | Rake $0.36
Board [6s Ah 6c]
Seat 2: Chessnok (button) (small blind) folded on the Flop
Seat 6: vanhetpadje (big blind) collected ($17.64)


PokerStars Hand #161616856251:  Hold'em Limit ($3/$6 USD) - 2016/11/18 20:28:43 ET
Table 'Betelgeuse' 6-max Seat #6 is the button
Seat 2: Chessnok ($120 in chips)
Seat 6: vanhetpadje ($124.79 in chips)
vanhetpadje: posts small blind $1
Chessnok: posts big blind $3
*** HOLE CARDS ***
vanhetpadje: raises $3 to $6
Chessnok: calls $3
*** FLOP *** [3h Qs 5h]
Chessnok: bets $3
vanhetpadje: raises $3 to $6
Chessnok: calls $3
*** TURN *** [3h Qs 5h] [8h]
Chessnok: checks
vanhetpadje: bets $6
Chessnok: calls $6
*** RIVER *** [3h Qs 5h 8h] [7d]
Chessnok: checks
vanhetpadje: bets $6
Chessnok: calls $6
*** SHOW DOWN ***
vanhetpadje: shows [Kd Ks] (a pair of Kings)
Chessnok: mucks hand
vanhetpadje collected $47.50 from pot
*** SUMMARY ***
Total pot $48 | Rake $0.50
Board [3h Qs 5h 8h 7d]
Seat 2: Chessnok (big blind) mucked
Seat 6: vanhetpadje (button) (small blind) showed [Kd Ks] and won ($47.50) with a pair of Kings


PokerStars Hand #161616894608:  Hold'em Limit ($3/$6 USD) - 2016/11/18 20:29:56 ET
Table 'Betelgeuse' 6-max Seat #6 is the button
Seat 2: Chessnok ($119.14 in chips)
Seat 6: vanhetpadje ($123.93 in chips)
vanhetpadje: posts small blind $1
Chessnok: posts big blind $3
*** HOLE CARDS ***
vanhetpadje: raises $3 to $6
Chessnok: folds
Uncalled bet ($3) returned to vanhetpadje
vanhetpadje collected $6 from pot
vanhetpadje: doesn't show hand
*** SUMMARY ***
Total pot $6 | Rake $0
Seat 2: Chessnok (big blind) folded before Flop
Seat 6: vanhetpadje (button) (small blind) collected ($6)


PokerStars Hand #161616886336:  Hold'em Limit ($3/$6 USD) - 2016/11/18 20:29:40 ET
Table 'Betelgeuse' 6-max Seat #2 is the button
Seat 2: Chessnok ($110.50 in chips)
Seat 6: vanhetpadje ($132.93 in chips)
Chessnok: posts small blind $1
vanhetpadje: posts big blind $3
*** HOLE CARDS ***
Chessnok: raises $3 to $6
engine12888 joins the table at seat #3
vanhetpadje: calls $3
*** FLOP *** [Qc Kh 9h]
vanhetpadje: checks
Chessnok: bets $3
vanhetpadje: calls $3
*** TURN *** [Qc Kh 9h] [6s]
vanhetpadje: checks
Chessnok: bets $6
vanhetpadje: folds
Uncalled bet ($6) returned to Chessnok
Chessnok collected $17.64 from pot
S.sybev joins the table at seat #4
Chessnok: doesn't show hand
*** SUMMARY ***
Total pot $18 | Rake $0.36
Board [Qc Kh 9h 6s]
Seat 2: Chessnok (button) (small blind) collected ($17.64)
Seat 6: vanhetpadje (big blind) folded on the Turn


PokerStars Hand #161620634081:  Hold'em Limit ($3/$6 USD) - 2016/11/18 22:53:00 ET
Table 'Betelgeuse' 6-max Seat #1 is the button
Seat 1: ToDaFelt ($190.32 in chips)
Seat 5: I M GOIN OFF ($338.41 in chips)
ToDaFelt: posts small blind $1
swics1202: is sitting out
I M GOIN OFF: posts big blind $3
*** HOLE CARDS ***
ToDaFelt: raises $3 to $6
I M GOIN OFF: folds
Uncalled bet ($3) returned to ToDaFelt
ToDaFelt collected $6 from pot
ToDaFelt: doesn't show hand
*** SUMMARY ***
Total pot $6 | Rake $0
Seat 1: ToDaFelt (button) (small blind) collected ($6)
Seat 5: I M GOIN OFF (big blind) folded before Flop


PokerStars Hand #161620644450:  Hold'em Limit ($3/$6 USD) - 2016/11/18 22:53:29 ET
Table 'Betelgeuse' 6-max Seat #5 is the button
Seat 5: I M GOIN OFF ($335.41 in chips)
Seat 6: DDC153 ($120 in chips)
I M GOIN OFF: posts small blind $1
DDC153: posts big blind $3
*** HOLE CARDS ***
I M GOIN OFF: raises $3 to $6
DDC153: folds
Uncalled bet ($3) returned to I M GOIN OFF
KingBoogie04 leaves the table
I M GOIN OFF collected $6 from pot
I M GOIN OFF: doesn't show hand
*** SUMMARY ***
Total pot $6 | Rake $0
Seat 5: I M GOIN OFF (button) (small blind) collected ($6)
Seat 6: DDC153 (big blind) folded before Flop


PokerStars Hand #161622208762:  Hold'em Limit ($3/$6 USD) - 2016/11/19 0:15:40 ET
Table 'Betelgeuse' 6-max Seat #2 is the button
Seat 2: I M GOIN OFF ($216.78 in chips)
Seat 4: mikgar85 ($144.80 in chips)
I M GOIN OFF: posts small blind $1
mikgar85: posts big blind $3
*** HOLE CARDS ***
I M GOIN OFF: folds
Uncalled bet ($2) returned to mikgar85
mikgar85 collected $2 from pot
*** SUMMARY ***
Total pot $2 | Rake $0
Seat 2: I M GOIN OFF (button) (small blind) folded before Flop
Seat 4: mikgar85 (big blind) collected ($2)


PokerStars Hand #161622210369:  Hold'em Limit ($3/$6 USD) - 2016/11/19 0:15:45 ET
Table 'Betelgeuse' 6-max Seat #4 is the button
Seat 2: I M GOIN OFF ($215.78 in chips)
Seat 4: mikgar85 ($145.80 in chips)
mikgar85: posts small blind $1
tamnt10549 was removed from the table for failing to post
I M GOIN OFF: posts big blind $3
*** HOLE CARDS ***
mikgar85: raises $3 to $6
I M GOIN OFF: raises $3 to $9
mikgar85: calls $3
*** FLOP *** [7s 4d 2s]
I M GOIN OFF: bets $3
mikgar85: calls $3
*** TURN *** [7s 4d 2s] [3c]
I M GOIN OFF: bets $6
mikgar85: folds
Uncalled bet ($6) returned to I M GOIN OFF
I M GOIN OFF collected $23.52 from pot
I M GOIN OFF: doesn't show hand
*** SUMMARY ***
Total pot $24 | Rake $0.48
Board [7s 4d 2s 3c]
Seat 2: I M GOIN OFF (big blind) collected ($23.52)
Seat 4: mikgar85 (button) (small blind) folded on the Turn


PokerStars Hand #161622193732:  Hold'em Limit ($3/$6 USD) - 2016/11/19 0:14:48 ET
Table 'Betelgeuse' 6-max Seat #4 is the button
Seat 2: I M GOIN OFF ($202.28 in chips)
Seat 4: mikgar85 ($159.80 in chips)
mikgar85: posts small blind $1
Velbor107: is sitting out
I M GOIN OFF: posts big blind $3
*** HOLE CARDS ***
mikgar85: raises $3 to $6
Velbor107 leaves the table
I M GOIN OFF: calls $3
*** FLOP *** [Js 2c 5c]
I M GOIN OFF: checks
mikgar85: bets $3
I M GOIN OFF: calls $3
*** TURN *** [Js 2c 5c] [Th]
I M GOIN OFF: checks
mikgar85: checks
*** RIVER *** [Js 2c 5c Th] [7d]
I M GOIN OFF: bets $6
mikgar85: calls $6
*** SHOW DOWN ***
I M GOIN OFF: shows [Ts Kc] (a pair of Tens)
mikgar85: mucks hand
I M GOIN OFF collected $29.50 from pot
*** SUMMARY ***
Total pot $30 | Rake $0.50
Board [Js 2c 5c Th 7d]
Seat 2: I M GOIN OFF (big blind) showed [Ts Kc] and won ($29.50) with a pair of Tens
Seat 4: mikgar85 (button) (small blind) mucked


PokerStars Hand #161622224740:  Hold'em Limit ($3/$6 USD) - 2016/11/19 0:16:34 ET
Table 'Betelgeuse' 6-max Seat #4 is the button
Seat 2: I M GOIN OFF ($209.30 in chips)
Seat 4: mikgar85 ($151.30 in chips)
mikgar85: posts small blind $1
I M GOIN OFF: posts big blind $3
*** HOLE CARDS ***
mikgar85: folds
Uncalled bet ($2) returned to I M GOIN OFF
I M GOIN OFF collected $2 from pot
I M GOIN OFF: doesn't show hand
*** SUMMARY ***
Total pot $2 | Rake $0
Seat 2: I M GOIN OFF (big blind) collected ($2)
Seat 4: mikgar85 (button) (small blind) folded before Flop


PokerStars Hand #161622217317:  Hold'em Limit ($3/$6 USD) - 2016/11/19 0:16:09 ET
Table 'Betelgeuse' 6-max Seat #2 is the button
Seat 2: I M GOIN OFF ($227.30 in chips)
Seat 4: mikgar85 ($133.80 in chips)
I M GOIN OFF: posts small blind $1
mikgar85: posts big blind $3
*** HOLE CARDS ***
I M GOIN OFF: raises $3 to $6
mikgar85: calls $3
*** FLOP *** [Js 8s 8d]
mikgar85: checks
I M GOIN OFF: bets $3
mikgar85: raises $3 to $6
I M GOIN OFF: calls $3
*** TURN *** [Js 8s 8d] [6c]
mikgar85: checks
I M GOIN OFF: checks
*** RIVER *** [Js 8s 8d 6c] [3d]
mikgar85: bets $6
I M GOIN OFF: calls $6
*** SHOW DOWN ***
mikgar85: shows [Ks 8c] (three of a kind, Eights)
I M GOIN OFF: mucks hand
mikgar85 collected $35.50 from pot
*** SUMMARY ***
Total pot $36 | Rake $0.50
Board [Js 8s 8d 6c 3d]
Seat 2: I M GOIN OFF (button) (small blind) mucked
Seat 4: mikgar85 (big blind) showed [Ks 8c] and won ($35.50) with three of a kind, Eights


PokerStars Hand #161622233817:  Hold'em Limit ($3/$6 USD) - 2016/11/19 0:17:05 ET
Table 'Betelgeuse' 6-max Seat #4 is the button
Seat 2: I M GOIN OFF ($230.80 in chips)
Seat 4: mikgar85 ($129.30 in chips)
mikgar85: posts small blind $1
I M GOIN OFF: posts big blind $3
*** HOLE CARDS ***
mikgar85: folds
Uncalled bet ($2) returned to I M GOIN OFF
I M GOIN OFF collected $2 from pot
I M GOIN OFF: doesn't show hand
*** SUMMARY ***
Total pot $2 | Rake $0
Seat 2: I M GOIN OFF (big blind) collected ($2)
Seat 4: mikgar85 (button) (small blind) folded before Flop


PokerStars Hand #161622226324:  Hold'em Limit ($3/$6 USD) - 2016/11/19 0:16:40 ET
Table 'Betelgeuse' 6-max Seat #2 is the button
Seat 2: I M GOIN OFF ($210.30 in chips)
Seat 4: mikgar85 ($150.30 in chips)
I M GOIN OFF: posts small blind $1
mikgar85: posts big blind $3
*** HOLE CARDS ***
I M GOIN OFF: raises $3 to $6
mikgar85: calls $3
*** FLOP *** [5s Js 9h]
mikgar85: checks
I M GOIN OFF: bets $3
mikgar85: calls $3
*** TURN *** [5s Js 9h] [Qh]
mikgar85: checks
I M GOIN OFF: bets $6
mikgar85: calls $6
*** RIVER *** [5s Js 9h Qh] [Jd]
mikgar85: checks
I M GOIN OFF: bets $6
mikgar85: calls $6
*** SHOW DOWN ***
I M GOIN OFF: shows [9s Ad] (two pair, Jacks and Nines)
mikgar85: mucks hand
I M GOIN OFF collected $41.50 from pot
*** SUMMARY ***
Total pot $42 | Rake $0.50
Board [5s Js 9h Qh Jd]
Seat 2: I M GOIN OFF (button) (small blind) showed [9s Ad] and won ($41.50) with two pair, Jacks and Nines
Seat 4: mikgar85 (big blind) mucked


PokerStars Hand #161622235300:  Hold'em Limit ($3/$6 USD) - 2016/11/19 0:17:10 ET
Table 'Betelgeuse' 6-max Seat #2 is the button
Seat 2: I M GOIN OFF ($231.80 in chips)
Seat 4: mikgar85 ($128.30 in chips)
I M GOIN OFF: posts small blind $1
mikgar85: posts big blind $3
*** HOLE CARDS ***
I M GOIN OFF: raises $3 to $6
mikgar85: raises $3 to $9
I M GOIN OFF: calls $3
*** FLOP *** [2s 6s 5h]
mikgar85: bets $3
I M GOIN OFF: calls $3
*** TURN *** [2s 6s 5h] [Ks]
mikgar85: bets $6
I M GOIN OFF: folds
Uncalled bet ($6) returned to mikgar85
mikgar85 collected $23.52 from pot
*** SUMMARY ***
Total pot $24 | Rake $0.48
Board [2s 6s 5h Ks]
Seat 2: I M GOIN OFF (button) (small blind) folded on the Turn
Seat 4: mikgar85 (big blind) collected ($23.52)


PokerStars Hand #161622265644:  Hold'em Limit ($3/$6 USD) - 2016/11/19 0:18:54 ET
Table 'Betelgeuse' 6-max Seat #4 is the button
Seat 2: I M GOIN OFF ($174.80 in chips)
Seat 4: mikgar85 ($183.96 in chips)
mikgar85: posts small blind $1
I M GOIN OFF: posts big blind $3
*** HOLE CARDS ***
mikgar85: raises $3 to $6
I M GOIN OFF: calls $3
*** FLOP *** [3s 6d Ks]
I M GOIN OFF: checks
mikgar85: bets $3
I M GOIN OFF: raises $3 to $6
mikgar85: calls $3
*** TURN *** [3s 6d Ks] [2s]
I M GOIN OFF: bets $6
mikgar85: folds
Uncalled bet ($6) returned to I M GOIN OFF
I M GOIN OFF collected $23.52 from pot
I M GOIN OFF: doesn't show hand
*** SUMMARY ***
Total pot $24 | Rake $0.48
Board [3s 6d Ks 2s]
Seat 2: I M GOIN OFF (big blind) collected ($23.52)
Seat 4: mikgar85 (button) (small blind) folded on the Turn


PokerStars Hand #161622259592:  Hold'em Limit ($3/$6 USD) - 2016/11/19 0:18:34 ET
Table 'Betelgeuse' 6-max Seat #2 is the button
Seat 2: I M GOIN OFF ($183.80 in chips)
Seat 4: mikgar85 ($175.32 in chips)
I M GOIN OFF: posts small blind $1
mikgar85: posts big blind $3
*** HOLE CARDS ***
I M GOIN OFF: raises $3 to $6
mikgar85: calls $3
*** FLOP *** [Jh 6c 4d]
mikgar85: checks
I M GOIN OFF: bets $3
mikgar85: calls $3
*** TURN *** [Jh 6c 4d] [Qs]
mikgar85: checks
I M GOIN OFF: checks
*** RIVER *** [Jh 6c 4d Qs] [7h]
mikgar85: checks
loossenup joins the table at seat #3
I M GOIN OFF: checks
*** SHOW DOWN ***
mikgar85: shows [9s Qh] (a pair of Queens)
I M GOIN OFF: mucks hand
mikgar85 collected $17.64 from pot
*** SUMMARY ***
Total pot $18 | Rake $0.36
Board [Jh 6c 4d Qs 7h]
Seat 2: I M GOIN OFF (button) (small blind) mucked
Seat 4: mikgar85 (big blind) showed [9s Qh] and won ($17.64) with a pair of Queens


PokerStars Hand #161622245065:  Hold'em Limit ($3/$6 USD) - 2016/11/19 0:17:43 ET
Table 'Betelgeuse' 6-max Seat #4 is the button
Seat 2: I M GOIN OFF ($219.80 in chips)
Seat 4: mikgar85 ($139.82 in chips)
mikgar85: posts small blind $1
I M GOIN OFF: posts big blind $3
*** HOLE CARDS ***
mikgar85: raises $3 to $6
I M GOIN OFF: calls $3
*** FLOP *** [7c 9s Kc]
I M GOIN OFF: checks
mikgar85: bets $3
I M GOIN OFF: raises $3 to $6
mikgar85: raises $3 to $9
I M GOIN OFF: raises $3 to $12
Betting is capped
mikgar85: calls $3
*** TURN *** [7c 9s Kc] [Ts]
I M GOIN OFF: bets $6
mikgar85: raises $6 to $12
I M GOIN OFF: calls $6
*** RIVER *** [7c 9s Kc Ts] [4s]
I M GOIN OFF: checks
mikgar85: bets $6
I M GOIN OFF: calls $6
*** SHOW DOWN ***
mikgar85: shows [As Ks] (a flush, Ace high)
I M GOIN OFF: mucks hand
mikgar85 collected $71.50 from pot
*** SUMMARY ***
Total pot $72 | Rake $0.50
Board [7c 9s Kc Ts 4s]
Seat 2: I M GOIN OFF (big blind) mucked
Seat 4: mikgar85 (button) (small blind) showed [As Ks] and won ($71.50) with a flush, Ace high


PokerStars Hand #161625610063:  Hold'em Limit ($3/$6 USD) - 2016/11/19 3:25:47 ET
Table 'Betelgeuse' 6-max Seat #4 is the button
Seat 1: beng_51 ($265.26 in chips)
Seat 4: gazzzzzza ($115.31 in chips)
gazzzzzza: posts small blind $1
HAL9QQQ: is sitting out
beng_51: posts big blind $3
*** HOLE CARDS ***
gazzzzzza: raises $3 to $6
beng_51: calls $3
*** FLOP *** [4c 2d Tc]
beng_51: checks
gazzzzzza: bets $3
beng_51: calls $3
*** TURN *** [4c 2d Tc] [3d]
beng_51: checks
gazzzzzza: bets $6
beng_51: folds
Uncalled bet ($6) returned to gazzzzzza
gazzzzzza collected $17.64 from pot
*** SUMMARY ***
Total pot $18 | Rake $0.36
Board [4c 2d Tc 3d]
Seat 1: beng_51 (big blind) folded on the Turn
Seat 4: gazzzzzza (button) (small blind) collected ($17.64)


