PokerStars Hand #175640883660:  Hold'em Limit ($3/$6 USD) - 2017/09/14 14:39:10 ET
Table 'Bethgea' 6-max Seat #3 is the button
Seat 3: xcgxcg2005 ($67.02 in chips)
Seat 5: krytalex ($120 in chips)
xcgxcg2005: posts small blind $1
krytalex: posts big blind $3
*** HOLE CARDS ***
xcgxcg2005: raises $3 to $6
krytalex: raises $3 to $9
xcgxcg2005: calls $3
*** FLOP *** [9d 2s 3d]
krytalex: bets $3
xcgxcg2005: raises $3 to $6
krytalex: calls $3
*** TURN *** [9d 2s 3d] [5s]
krytalex: checks
xcgxcg2005: bets $6
krytalex: calls $6
*** RIVER *** [9d 2s 3d 5s] [Tc]
krytalex: checks
xcgxcg2005: bets $6
krytalex: calls $6
*** SHOW DOWN ***
xcgxcg2005: shows [Ad 4s] (a straight, Ace to Five)
krytalex: mucks hand
xcgxcg2005 collected $53.50 from pot
*** SUMMARY ***
Total pot $54 | Rake $0.50
Board [9d 2s 3d 5s Tc]
Seat 3: xcgxcg2005 (button) (small blind) showed [Ad 4s] and won ($53.50) with a straight, Ace to Five
Seat 5: krytalex (big blind) mucked


PokerStars Hand #175640913912:  Hold'em Limit ($3/$6 USD) - 2017/09/14 14:39:48 ET
Table 'Bethgea' 6-max Seat #5 is the button
Seat 3: xcgxcg2005 ($93.52 in chips)
Seat 5: krytalex ($93 in chips)
krytalex: posts small blind $1
xcgxcg2005: posts big blind $3
*** HOLE CARDS ***
krytalex: raises $3 to $6
xcgxcg2005: raises $3 to $9
krytalex: calls $3
*** FLOP *** [Th 9c 3s]
xcgxcg2005: bets $3
krytalex: calls $3
*** TURN *** [Th 9c 3s] [4c]
xcgxcg2005: bets $6
krytalex: calls $6
*** RIVER *** [Th 9c 3s 4c] [2d]
xcgxcg2005: checks
krytalex: bets $6
xcgxcg2005: folds
Uncalled bet ($6) returned to krytalex
krytalex collected $35.50 from pot
*** SUMMARY ***
Total pot $36 | Rake $0.50
Board [Th 9c 3s 4c 2d]
Seat 3: xcgxcg2005 (big blind) folded on the River
Seat 5: krytalex (button) (small blind) collected ($35.50)


PokerStars Hand #175640940607:  Hold'em Limit ($3/$6 USD) - 2017/09/14 14:40:22 ET
Table 'Bethgea' 6-max Seat #5 is the button
Seat 3: xcgxcg2005 ($74.52 in chips)
Seat 5: krytalex ($111.50 in chips)
krytalex: posts small blind $1
xcgxcg2005: posts big blind $3
*** HOLE CARDS ***
krytalex: folds
Uncalled bet ($2) returned to xcgxcg2005
xcgxcg2005 collected $2 from pot
xcgxcg2005: doesn't show hand
*** SUMMARY ***
Total pot $2 | Rake $0
Seat 3: xcgxcg2005 (big blind) collected ($2)
Seat 5: krytalex (button) (small blind) folded before Flop


PokerStars Hand #175640959356:  Hold'em Limit ($3/$6 USD) - 2017/09/14 14:40:46 ET
Table 'Bethgea' 6-max Seat #5 is the button
Seat 3: xcgxcg2005 ($74.52 in chips)
Seat 5: krytalex ($111.50 in chips)
krytalex: posts small blind $1
xcgxcg2005: posts big blind $3
*** HOLE CARDS ***
krytalex: raises $3 to $6
xcgxcg2005: folds
Uncalled bet ($3) returned to krytalex
krytalex collected $6 from pot
*** SUMMARY ***
Total pot $6 | Rake $0
Seat 3: xcgxcg2005 (big blind) folded before Flop
Seat 5: krytalex (button) (small blind) collected ($6)


PokerStars Hand #175640966353:  Hold'em Limit ($3/$6 USD) - 2017/09/14 14:40:55 ET
Table 'Bethgea' 6-max Seat #3 is the button
Seat 3: xcgxcg2005 ($71.52 in chips)
Seat 5: krytalex ($114.50 in chips)
xcgxcg2005: posts small blind $1
krytalex: posts big blind $3
*** HOLE CARDS ***
xcgxcg2005: folds
Uncalled bet ($2) returned to krytalex
krytalex collected $2 from pot
*** SUMMARY ***
Total pot $2 | Rake $0
Seat 3: xcgxcg2005 (button) (small blind) folded before Flop
Seat 5: krytalex (big blind) collected ($2)


PokerStars Hand #175641009424:  Hold'em Limit ($3/$6 USD) - 2017/09/14 14:41:50 ET
Table 'Bethgea' 6-max Seat #5 is the button
Seat 3: xcgxcg2005 ($64.28 in chips)
Seat 5: krytalex ($121.02 in chips)
krytalex: posts small blind $1
xcgxcg2005: posts big blind $3
*** HOLE CARDS ***
krytalex: folds
Uncalled bet ($2) returned to xcgxcg2005
xcgxcg2005 collected $2 from pot
xcgxcg2005: doesn't show hand
*** SUMMARY ***
Total pot $2 | Rake $0
Seat 3: xcgxcg2005 (big blind) collected ($2)
Seat 5: krytalex (button) (small blind) folded before Flop


PokerStars Hand #175640970768:  Hold'em Limit ($3/$6 USD) - 2017/09/14 14:41:01 ET
Table 'Bethgea' 6-max Seat #5 is the button
Seat 3: xcgxcg2005 ($70.52 in chips)
Seat 5: krytalex ($115.50 in chips)
krytalex: posts small blind $1
xcgxcg2005: posts big blind $3
*** HOLE CARDS ***
krytalex: raises $3 to $6
xcgxcg2005: raises $3 to $9
krytalex: calls $3
*** FLOP *** [Qh 7h 9d]
xcgxcg2005: bets $3
krytalex: calls $3
*** TURN *** [Qh 7h 9d] [3c]
xcgxcg2005: checks
krytalex: bets $6
xcgxcg2005: folds
Uncalled bet ($6) returned to krytalex
krytalex collected $23.52 from pot
*** SUMMARY ***
Total pot $24 | Rake $0.48
Board [Qh 7h 9d 3c]
Seat 3: xcgxcg2005 (big blind) folded on the Turn
Seat 5: krytalex (button) (small blind) collected ($23.52)


PokerStars Hand #175640990617:  Hold'em Limit ($3/$6 USD) - 2017/09/14 14:41:26 ET
Table 'Bethgea' 6-max Seat #3 is the button
Seat 3: xcgxcg2005 ($58.52 in chips)
Seat 5: krytalex ($127.02 in chips)
xcgxcg2005: posts small blind $1
krytalex: posts big blind $3
*** HOLE CARDS ***
xcgxcg2005: raises $3 to $6
krytalex: calls $3
*** FLOP *** [6h 4d Ad]
krytalex: checks
xcgxcg2005: bets $3
krytalex: folds
Uncalled bet ($3) returned to xcgxcg2005
xcgxcg2005 collected $11.76 from pot
xcgxcg2005: doesn't show hand
*** SUMMARY ***
Total pot $12 | Rake $0.24
Board [6h 4d Ad]
Seat 3: xcgxcg2005 (button) (small blind) collected ($11.76)
Seat 5: krytalex (big blind) folded on the Flop


