PokerStars Hand #164777573930:  Hold'em Limit ($3/$6 USD) - 2017/01/18 10:52:40 ET
Table 'Bethgea' 6-max Seat #3 is the button
Seat 3: TinaTurner72 ($121 in chips)
Seat 6: tamnt10549 ($29 in chips)
TinaTurner72: posts small blind $1
tamnt10549: posts big blind $3
*** HOLE CARDS ***
TinaTurner72 has timed out
TinaTurner72: folds
Uncalled bet ($2) returned to tamnt10549
tamnt10549 collected $2 from pot
tamnt10549: doesn't show hand
*** SUMMARY ***
Total pot $2 | Rake $0
Seat 3: TinaTurner72 (button) (small blind) folded before Flop
Seat 6: tamnt10549 (big blind) collected ($2)


PokerStars Hand #164777653617:  Hold'em Limit ($3/$6 USD) - 2017/01/18 10:54:24 ET
Table 'Bethgea' 6-max Seat #4 is the button
Seat 4: Fantomet ($50 in chips)
Seat 5: Great_Kang ($120 in chips)
Fantomet: posts small blind $1
Great_Kang: posts big blind $3
*** HOLE CARDS ***
Fantomet: raises $3 to $6
Great_Kang: calls $3
*** FLOP *** [3d Ts Tc]
Great_Kang: checks
Fantomet: bets $3
Great_Kang: calls $3
*** TURN *** [3d Ts Tc] [4d]
Great_Kang: checks
Fantomet: bets $6
Great_Kang: folds
Uncalled bet ($6) returned to Fantomet
Fantomet collected $17.64 from pot
*** SUMMARY ***
Total pot $18 | Rake $0.36
Board [3d Ts Tc 4d]
Seat 4: Fantomet (button) (small blind) collected ($17.64)
Seat 5: Great_Kang (big blind) folded on the Turn


PokerStars Hand #164777677459:  Hold'em Limit ($3/$6 USD) - 2017/01/18 10:54:55 ET
Table 'Bethgea' 6-max Seat #5 is the button
Seat 4: Fantomet ($58.64 in chips)
Seat 5: Great_Kang ($120 in chips)
Great_Kang: posts small blind $1
Fantomet: posts big blind $3
*** HOLE CARDS ***
Great_Kang: raises $3 to $6
Fantomet: calls $3
*** FLOP *** [8s 2h 7c]
Fantomet: checks
Great_Kang: bets $3
Fantomet: calls $3
*** TURN *** [8s 2h 7c] [Jc]
Fantomet: checks
Great_Kang: bets $6
Fantomet: raises $6 to $12
Great_Kang: calls $6
*** RIVER *** [8s 2h 7c Jc] [6d]
Fantomet: bets $6
Great_Kang: calls $6
*** SHOW DOWN ***
Fantomet: shows [6s 7d] (two pair, Sevens and Sixes)
Great_Kang: mucks hand
Fantomet collected $53.50 from pot
*** SUMMARY ***
Total pot $54 | Rake $0.50
Board [8s 2h 7c Jc 6d]
Seat 4: Fantomet (big blind) showed [6s 7d] and won ($53.50) with two pair, Sevens and Sixes
Seat 5: Great_Kang (button) (small blind) mucked


PokerStars Hand #164777725631:  Hold'em Limit ($3/$6 USD) - 2017/01/18 10:56:06 ET
Table 'Bethgea' 6-max Seat #4 is the button
Seat 4: Fantomet ($70.14 in chips)
Seat 5: Great_Kang ($134.52 in chips)
Fantomet: posts small blind $1
Great_Kang: posts big blind $3
*** HOLE CARDS ***
Fantomet: raises $3 to $6
Great_Kang: calls $3
*** FLOP *** [Ks Kh 5h]
Great_Kang: checks
Fantomet: bets $3
byrgyi joins the table at seat #1
Great_Kang: folds
Uncalled bet ($3) returned to Fantomet
Fantomet collected $11.76 from pot
*** SUMMARY ***
Total pot $12 | Rake $0.24
Board [Ks Kh 5h]
Seat 4: Fantomet (button) (small blind) collected ($11.76)
Seat 5: Great_Kang (big blind) folded on the Flop


PokerStars Hand #164777720673:  Hold'em Limit ($3/$6 USD) - 2017/01/18 10:55:58 ET
Table 'Bethgea' 6-max Seat #5 is the button
Seat 4: Fantomet ($73.14 in chips)
Seat 5: Great_Kang ($131.52 in chips)
Great_Kang: posts small blind $1
Fantomet: posts big blind $3
*** HOLE CARDS ***
Great_Kang: raises $3 to $6
Fantomet: folds
Uncalled bet ($3) returned to Great_Kang
Great_Kang collected $6 from pot
Great_Kang: doesn't show hand
*** SUMMARY ***
Total pot $6 | Rake $0
Seat 4: Fantomet (big blind) folded before Flop
Seat 5: Great_Kang (button) (small blind) collected ($6)


PokerStars Hand #164777701714:  Hold'em Limit ($3/$6 USD) - 2017/01/18 10:55:29 ET
Table 'Bethgea' 6-max Seat #4 is the button
Seat 4: Fantomet ($85.14 in chips)
Seat 5: Great_Kang ($120 in chips)
Fantomet: posts small blind $1
Great_Kang: posts big blind $3
*** HOLE CARDS ***
Fantomet: raises $3 to $6
Great_Kang: calls $3
*** FLOP *** [Tc 8s 2c]
Great_Kang: checks
Fantomet: bets $3
Great_Kang: raises $3 to $6
Fantomet: calls $3
*** TURN *** [Tc 8s 2c] [Kd]
Great_Kang: bets $6
Fantomet: folds
Uncalled bet ($6) returned to Great_Kang
Great_Kang collected $23.52 from pot
Great_Kang: doesn't show hand
*** SUMMARY ***
Total pot $24 | Rake $0.48
Board [Tc 8s 2c Kd]
Seat 4: Fantomet (button) (small blind) folded on the Turn
Seat 5: Great_Kang (big blind) collected ($23.52)


PokerStars Hand #164778128114:  Hold'em Limit ($3/$6 USD) - 2017/01/18 11:05:31 ET
Table 'Bethgea' 6-max Seat #1 is the button
Seat 1: byrgyi ($216.48 in chips)
Seat 5: Great_Kang ($120 in chips)
byrgyi: posts small blind $1
TinaTurner72: is sitting out
Great_Kang: posts big blind $3
*** HOLE CARDS ***
TinaTurner72 leaves the table
byrgyi: folds
Uncalled bet ($2) returned to Great_Kang
Great_Kang collected $2 from pot
Great_Kang: doesn't show hand
*** SUMMARY ***
Total pot $2 | Rake $0
Seat 1: byrgyi (button) (small blind) folded before Flop
Seat 5: Great_Kang (big blind) collected ($2)


PokerStars Hand #164778165725:  Hold'em Limit ($3/$6 USD) - 2017/01/18 11:06:19 ET
Table 'Bethgea' 6-max Seat #1 is the button
Seat 1: byrgyi ($194.48 in chips)
Seat 5: Great_Kang ($141.50 in chips)
byrgyi: posts small blind $1
Great_Kang: posts big blind $3
*** HOLE CARDS ***
byrgyi: folds
Uncalled bet ($2) returned to Great_Kang
byrgyi leaves the table
Great_Kang collected $2 from pot
Great_Kang: doesn't show hand
*** SUMMARY ***
Total pot $2 | Rake $0
Seat 1: byrgyi (button) (small blind) folded before Flop
Seat 5: Great_Kang (big blind) collected ($2)


PokerStars Hand #164778133764:  Hold'em Limit ($3/$6 USD) - 2017/01/18 11:05:38 ET
Table 'Bethgea' 6-max Seat #5 is the button
Seat 1: byrgyi ($215.48 in chips)
Seat 5: Great_Kang ($121 in chips)
Great_Kang: posts small blind $1
byrgyi: posts big blind $3
*** HOLE CARDS ***
Great_Kang: raises $3 to $6
byrgyi: calls $3
*** FLOP *** [Kc 7c 3h]
byrgyi: checks
Great_Kang: bets $3
byrgyi: calls $3
*** TURN *** [Kc 7c 3h] [9h]
byrgyi: checks
Great_Kang: bets $6
byrgyi: calls $6
*** RIVER *** [Kc 7c 3h 9h] [Ad]
byrgyi: checks
Great_Kang: bets $6
byrgyi: calls $6
*** SHOW DOWN ***
Great_Kang: shows [3d 3c] (three of a kind, Threes)
byrgyi: mucks hand
Great_Kang collected $41.50 from pot
*** SUMMARY ***
Total pot $42 | Rake $0.50
Board [Kc 7c 3h 9h Ad]
Seat 1: byrgyi (big blind) mucked
Seat 5: Great_Kang (button) (small blind) showed [3d 3c] and won ($41.50) with three of a kind, Threes


