PokerStars Hand #162358754899:  Hold'em Limit ($3/$6 USD) - 2016/12/03 15:12:38 ET
Table 'Bethgea II' 6-max Seat #2 is the button
Seat 1: AnVan ($37.76 in chips)
Seat 2: Krazy90 ($155.40 in chips)
Krazy90: posts small blind $1
AnVan: posts big blind $3
*** HOLE CARDS ***
Krazy90: raises $3 to $6
AnVan: calls $3
*** FLOP *** [3h 4c 2d]
AnVan: checks
Krazy90: bets $3
AnVan: calls $3
*** TURN *** [3h 4c 2d] [4s]
AnVan: checks
Krazy90: bets $6
AnVan: calls $6
*** RIVER *** [3h 4c 2d 4s] [Kh]
AnVan: bets $6
Krazy90: raises $6 to $12
AnVan: folds
Uncalled bet ($6) returned to Krazy90
Krazy90 collected $41.50 from pot
Krazy90: doesn't show hand
*** SUMMARY ***
Total pot $42 | Rake $0.50
Board [3h 4c 2d 4s Kh]
Seat 1: AnVan (big blind) folded on the River
Seat 2: Krazy90 (button) (small blind) collected ($41.50)


PokerStars Hand #162358810060:  Hold'em Limit ($3/$6 USD) - 2016/12/03 15:13:31 ET
Table 'Bethgea II' 6-max Seat #2 is the button
Seat 1: AnVan ($33.02 in chips)
Seat 2: Krazy90 ($159.14 in chips)
Krazy90: posts small blind $1
AnVan: posts big blind $3
*** HOLE CARDS ***
Krazy90: raises $3 to $6
hasky156 joins the table at seat #4
AnVan: raises $3 to $9
Krazy90: calls $3
*** FLOP *** [Qs 2h 8d]
AnVan: checks
Krazy90: bets $3
AnVan: calls $3
*** TURN *** [Qs 2h 8d] [6s]
AnVan: checks
Krazy90: bets $6
AnVan: raises $6 to $12
Krazy90: folds
Uncalled bet ($6) returned to AnVan
AnVan collected $35.50 from pot
*** SUMMARY ***
Total pot $36 | Rake $0.50
Board [Qs 2h 8d 6s]
Seat 1: AnVan (big blind) collected ($35.50)
Seat 2: Krazy90 (button) (small blind) folded on the Turn


PokerStars Hand #162358792267:  Hold'em Limit ($3/$6 USD) - 2016/12/03 15:13:14 ET
Table 'Bethgea II' 6-max Seat #1 is the button
Seat 1: AnVan ($16.76 in chips)
Seat 2: Krazy90 ($175.90 in chips)
AnVan: posts small blind $1
Krazy90: posts big blind $3
*** HOLE CARDS ***
AnVan: calls $2
Krazy90: raises $3 to $6
AnVan: calls $3
*** FLOP *** [8h 9d 4s]
Krazy90: bets $3
AnVan: calls $3
*** TURN *** [8h 9d 4s] [5c]
Krazy90: bets $6
AnVan: raises $1.76 to $7.76 and is all-in
Krazy90: calls $1.76
*** RIVER *** [8h 9d 4s 5c] [8s]
*** SHOW DOWN ***
Krazy90: shows [Kh Ah] (a pair of Eights)
AnVan: shows [7c 6s] (a straight, Five to Nine)
AnVan collected $33.02 from pot
*** SUMMARY ***
Total pot $33.52 | Rake $0.50
Board [8h 9d 4s 5c 8s]
Seat 1: AnVan (button) (small blind) showed [7c 6s] and won ($33.02) with a straight, Five to Nine
Seat 2: Krazy90 (big blind) showed [Kh Ah] and lost with a pair of Eights


PokerStars Hand #162358836266:  Hold'em Limit ($3/$6 USD) - 2016/12/03 15:13:56 ET
Table 'Bethgea II' 6-max Seat #1 is the button
Seat 1: AnVan ($50.52 in chips)
Seat 2: Krazy90 ($141.14 in chips)
AnVan: posts small blind $1
Krazy90: posts big blind $3
*** HOLE CARDS ***
AnVan: raises $3 to $6
Krazy90: calls $3
*** FLOP *** [7c 9c As]
Krazy90: checks
AnVan: checks
*** TURN *** [7c 9c As] [9s]
pr0pl0s0 joins the table at seat #3
Krazy90: checks
AnVan: bets $6
Krazy90: folds
Uncalled bet ($6) returned to AnVan
AnVan collected $11.76 from pot
*** SUMMARY ***
Total pot $12 | Rake $0.24
Board [7c 9c As 9s]
Seat 1: AnVan (button) (small blind) collected ($11.76)
Seat 2: Krazy90 (big blind) folded on the Turn


PokerStars Hand #162358889291:  Hold'em Limit ($3/$6 USD) - 2016/12/03 15:14:47 ET
Table 'Bethgea II' 6-max Seat #1 is the button
Seat 1: AnVan ($38.28 in chips)
Seat 2: Krazy90 ($181.14 in chips)
hasky156 will be allowed to play after the button
AnVan: posts small blind $1
Krazy90: posts big blind $3
*** HOLE CARDS ***
AnVan: raises $3 to $6
Krazy90: calls $3
*** FLOP *** [7c 6s 8h]
Krazy90: checks
AnVan: checks
*** TURN *** [7c 6s 8h] [4d]
vestimokrec joins the table at seat #5
Krazy90: bets $6
AnVan: folds
Uncalled bet ($6) returned to Krazy90
Krazy90 collected $11.76 from pot
Krazy90: doesn't show hand
*** SUMMARY ***
Total pot $12 | Rake $0.24
Board [7c 6s 8h 4d]
Seat 1: AnVan (button) (small blind) folded on the Turn
Seat 2: Krazy90 (big blind) collected ($11.76)


PokerStars Hand #162361098991:  Hold'em Limit ($3/$6 USD) - 2016/12/03 15:52:15 ET
Table 'Bethgea II' 6-max Seat #6 is the button
Seat 2: DECAlpha ($136.08 in chips)
Seat 6: alwaysyes ($34.83 in chips)
alwaysyes: posts small blind $1
Isenvaden: is sitting out
DECAlpha: posts big blind $3
*** HOLE CARDS ***
alwaysyes: folds
Uncalled bet ($2) returned to DECAlpha
DECAlpha collected $2 from pot
DECAlpha: doesn't show hand
*** SUMMARY ***
Total pot $2 | Rake $0
Seat 2: DECAlpha (big blind) collected ($2)
Seat 6: alwaysyes (button) (small blind) folded before Flop


PokerStars Hand #162361104968:  Hold'em Limit ($3/$6 USD) - 2016/12/03 15:52:22 ET
Table 'Bethgea II' 6-max Seat #2 is the button
Seat 2: DECAlpha ($137.08 in chips)
Seat 6: alwaysyes ($33.83 in chips)
DECAlpha: posts small blind $1
alwaysyes: posts big blind $3
*** HOLE CARDS ***
DECAlpha: folds
Uncalled bet ($2) returned to alwaysyes
alwaysyes collected $2 from pot
*** SUMMARY ***
Total pot $2 | Rake $0
Seat 2: DECAlpha (button) (small blind) folded before Flop
Seat 6: alwaysyes (big blind) collected ($2)


