PokerStars Hand #147635252012:  Hold'em Limit ($3/$6 USD) - 2016/01/24 23:50:25 ET
Table 'Bethgea' 6-max Seat #4 is the button
Seat 1: megabaitt ($60.94 in chips)
Seat 4: AzureCaper ($73 in chips)
AzureCaper: posts small blind $1
megabaitt: posts big blind $3
*** HOLE CARDS ***
AzureCaper: folds
Uncalled bet ($2) returned to megabaitt
megabaitt collected $2 from pot
megabaitt: doesn't show hand
*** SUMMARY ***
Total pot $2 | Rake $0
Seat 1: megabaitt (big blind) collected ($2)
Seat 4: AzureCaper (button) (small blind) folded before Flop


PokerStars Hand #147635249189:  Hold'em Limit ($3/$6 USD) - 2016/01/24 23:50:15 ET
Table 'Bethgea' 6-max Seat #1 is the button
Seat 1: megabaitt ($61.94 in chips)
Seat 4: AzureCaper ($72 in chips)
megabaitt: posts small blind $1
AzureCaper: posts big blind $3
*** HOLE CARDS ***
megabaitt: folds
Uncalled bet ($2) returned to AzureCaper
AzureCaper collected $2 from pot
AzureCaper: doesn't show hand
*** SUMMARY ***
Total pot $2 | Rake $0
Seat 1: megabaitt (button) (small blind) folded before Flop
Seat 4: AzureCaper (big blind) collected ($2)


PokerStars Hand #147635265587:  Hold'em Limit ($3/$6 USD) - 2016/01/24 23:51:13 ET
Table 'Bethgea' 6-max Seat #4 is the button
Seat 1: megabaitt ($64.70 in chips)
Seat 4: AzureCaper ($72 in chips)
AzureCaper: posts small blind $1
megabaitt: posts big blind $3
*** HOLE CARDS ***
AzureCaper: raises $3 to $6
megabaitt: calls $3
*** FLOP *** [7s Qs Kd]
megabaitt: checks
AzureCaper: bets $3
megabaitt: folds
Uncalled bet ($3) returned to AzureCaper
AzureCaper collected $11.76 from pot
AzureCaper: doesn't show hand
*** SUMMARY ***
Total pot $12 | Rake $0.24
Board [7s Qs Kd]
Seat 1: megabaitt (big blind) folded on the Flop
Seat 4: AzureCaper (button) (small blind) collected ($11.76)


PokerStars Hand #147635253779:  Hold'em Limit ($3/$6 USD) - 2016/01/24 23:50:32 ET
Table 'Bethgea' 6-max Seat #1 is the button
Seat 1: megabaitt ($61.94 in chips)
Seat 4: AzureCaper ($72 in chips)
megabaitt: posts small blind $1
AzureCaper: posts big blind $3
*** HOLE CARDS ***
megabaitt: calls $2
AzureCaper: checks
*** FLOP *** [Jd 2d 3h]
AzureCaper: checks
megabaitt: bets $3
AzureCaper: folds
Uncalled bet ($3) returned to megabaitt
megabaitt collected $5.88 from pot
megabaitt: doesn't show hand
*** SUMMARY ***
Total pot $6 | Rake $0.12
Board [Jd 2d 3h]
Seat 1: megabaitt (button) (small blind) collected ($5.88)
Seat 4: AzureCaper (big blind) folded on the Flop


PokerStars Hand #147635258238:  Hold'em Limit ($3/$6 USD) - 2016/01/24 23:50:47 ET
Table 'Bethgea' 6-max Seat #4 is the button
Seat 1: megabaitt ($64.82 in chips)
Seat 4: AzureCaper ($72 in chips)
AzureCaper: posts small blind $1
megabaitt: posts big blind $3
*** HOLE CARDS ***
AzureCaper: raises $3 to $6
megabaitt: folds
Uncalled bet ($3) returned to AzureCaper
AzureCaper collected $6 from pot
AzureCaper: doesn't show hand
*** SUMMARY ***
Total pot $6 | Rake $0
Seat 1: megabaitt (big blind) folded before Flop
Seat 4: AzureCaper (button) (small blind) collected ($6)


PokerStars Hand #147635260367:  Hold'em Limit ($3/$6 USD) - 2016/01/24 23:50:55 ET
Table 'Bethgea' 6-max Seat #1 is the button
Seat 1: megabaitt ($61.82 in chips)
Seat 4: AzureCaper ($75 in chips)
megabaitt: posts small blind $1
AzureCaper: posts big blind $3
*** HOLE CARDS ***
megabaitt: calls $2
AzureCaper: checks
*** FLOP *** [4h 6c Qc]
AzureCaper: checks
megabaitt: bets $3
AzureCaper: folds
Uncalled bet ($3) returned to megabaitt
megabaitt collected $5.88 from pot
*** SUMMARY ***
Total pot $6 | Rake $0.12
Board [4h 6c Qc]
Seat 1: megabaitt (button) (small blind) collected ($5.88)
Seat 4: AzureCaper (big blind) folded on the Flop


PokerStars Hand #147635272012:  Hold'em Limit ($3/$6 USD) - 2016/01/24 23:51:37 ET
Table 'Bethgea' 6-max Seat #1 is the button
Seat 1: megabaitt ($58.70 in chips)
Seat 4: AzureCaper ($77.76 in chips)
megabaitt: posts small blind $1
AzureCaper: posts big blind $3
*** HOLE CARDS ***
megabaitt: raises $3 to $6
AzureCaper: calls $3
*** FLOP *** [4s 8c As]
AzureCaper: checks
megabaitt: bets $3
AzureCaper: calls $3
*** TURN *** [4s 8c As] [7s]
AzureCaper: checks
megabaitt: checks
*** RIVER *** [4s 8c As 7s] [9d]
AzureCaper: bets $6
megabaitt: folds
Uncalled bet ($6) returned to AzureCaper
AzureCaper collected $17.64 from pot
AzureCaper: doesn't show hand
*** SUMMARY ***
Total pot $18 | Rake $0.36
Board [4s 8c As 7s 9d]
Seat 1: megabaitt (button) (small blind) folded on the River
Seat 4: AzureCaper (big blind) collected ($17.64)


PokerStars Hand #147635278377:  Hold'em Limit ($3/$6 USD) - 2016/01/24 23:51:59 ET
Table 'Bethgea' 6-max Seat #4 is the button
Seat 1: megabaitt ($49.70 in chips)
Seat 4: AzureCaper ($86.40 in chips)
AzureCaper: posts small blind $1
megabaitt: posts big blind $3
*** HOLE CARDS ***
AzureCaper: raises $3 to $6
megabaitt: calls $3
*** FLOP *** [3s 6c 4h]
megabaitt: checks
AzureCaper: bets $3
megabaitt: calls $3
*** TURN *** [3s 6c 4h] [Kc]
megabaitt: bets $6
AzureCaper: calls $6
*** RIVER *** [3s 6c 4h Kc] [Ah]
megabaitt: bets $6
AzureCaper: folds
Uncalled bet ($6) returned to megabaitt
megabaitt collected $29.50 from pot
megabaitt: doesn't show hand
*** SUMMARY ***
Total pot $30 | Rake $0.50
Board [3s 6c 4h Kc Ah]
Seat 1: megabaitt (big blind) collected ($29.50)
Seat 4: AzureCaper (button) (small blind) folded on the River


PokerStars Hand #147635285149:  Hold'em Limit ($3/$6 USD) - 2016/01/24 23:52:24 ET
Table 'Bethgea' 6-max Seat #1 is the button
Seat 1: megabaitt ($64.20 in chips)
Seat 4: AzureCaper ($72 in chips)
megabaitt: posts small blind $1
AzureCaper: posts big blind $3
*** HOLE CARDS ***
megabaitt: calls $2
AzureCaper: checks
*** FLOP *** [Th 7d 3c]
AzureCaper: checks
megabaitt: bets $3
AzureCaper: raises $3 to $6
megabaitt: calls $3
*** TURN *** [Th 7d 3c] [Ah]
AzureCaper: bets $6
megabaitt: calls $6
*** RIVER *** [Th 7d 3c Ah] [Qs]
AzureCaper: checks
megabaitt: bets $6
AzureCaper: calls $6
*** SHOW DOWN ***
megabaitt: shows [Ad Kh] (a pair of Aces)
AzureCaper: mucks hand
megabaitt collected $41.50 from pot
*** SUMMARY ***
Total pot $42 | Rake $0.50
Board [Th 7d 3c Ah Qs]
Seat 1: megabaitt (button) (small blind) showed [Ad Kh] and won ($41.50) with a pair of Aces
Seat 4: AzureCaper (big blind) mucked


PokerStars Hand #147635296828:  Hold'em Limit ($3/$6 USD) - 2016/01/24 23:53:06 ET
Table 'Bethgea' 6-max Seat #4 is the button
Seat 1: megabaitt ($84.70 in chips)
Seat 4: AzureCaper ($72 in chips)
AzureCaper: posts small blind $1
megabaitt: posts big blind $3
*** HOLE CARDS ***
AzureCaper: raises $3 to $6
megabaitt: calls $3
*** FLOP *** [Ah Th 5h]
megabaitt: checks
AzureCaper: bets $3
megabaitt: calls $3
*** TURN *** [Ah Th 5h] [9s]
megabaitt: checks
AzureCaper: checks
*** RIVER *** [Ah Th 5h 9s] [9h]
megabaitt: checks
AzureCaper: checks
*** SHOW DOWN ***
megabaitt: shows [2s Ad] (two pair, Aces and Nines)
AzureCaper: mucks hand
megabaitt collected $17.64 from pot
*** SUMMARY ***
Total pot $18 | Rake $0.36
Board [Ah Th 5h 9s 9h]
Seat 1: megabaitt (big blind) showed [2s Ad] and won ($17.64) with two pair, Aces and Nines
Seat 4: AzureCaper (button) (small blind) mucked


PokerStars Hand #147635310105:  Hold'em Limit ($3/$6 USD) - 2016/01/24 23:53:54 ET
Table 'Bethgea' 6-max Seat #4 is the button
Seat 1: megabaitt ($96.22 in chips)
Seat 4: AzureCaper ($72 in chips)
AzureCaper: posts small blind $1
megabaitt: posts big blind $3
*** HOLE CARDS ***
AzureCaper: folds
Uncalled bet ($2) returned to megabaitt
megabaitt collected $2 from pot
megabaitt: doesn't show hand
*** SUMMARY ***
Total pot $2 | Rake $0
Seat 1: megabaitt (big blind) collected ($2)
Seat 4: AzureCaper (button) (small blind) folded before Flop


PokerStars Hand #147635305273:  Hold'em Limit ($3/$6 USD) - 2016/01/24 23:53:36 ET
Table 'Bethgea' 6-max Seat #1 is the button
Seat 1: megabaitt ($93.34 in chips)
Seat 4: AzureCaper ($72 in chips)
megabaitt: posts small blind $1
AzureCaper: posts big blind $3
*** HOLE CARDS ***
megabaitt: calls $2
AzureCaper: checks
*** FLOP *** [Kd 5c Tc]
AzureCaper: checks
megabaitt: bets $3
AzureCaper: folds
Uncalled bet ($3) returned to megabaitt
megabaitt collected $5.88 from pot
megabaitt: doesn't show hand
*** SUMMARY ***
Total pot $6 | Rake $0.12
Board [Kd 5c Tc]
Seat 1: megabaitt (button) (small blind) collected ($5.88)
Seat 4: AzureCaper (big blind) folded on the Flop


PokerStars Hand #147637410107:  Hold'em Limit ($3/$6 USD) - 2016/01/25 2:05:20 ET
Table 'Bethgea' 6-max Seat #1 is the button
Seat 1: chipmover360 ($55.42 in chips)
Seat 4: Masqb ($126 in chips)
chipmover360: posts small blind $1
Masqb: posts big blind $3
*** HOLE CARDS ***
chipmover360: folds
Uncalled bet ($2) returned to Masqb
Masqb collected $2 from pot
Masqb: doesn't show hand
*** SUMMARY ***
Total pot $2 | Rake $0
Seat 1: chipmover360 (button) (small blind) folded before Flop
Seat 4: Masqb (big blind) collected ($2)


PokerStars Hand #147637414354:  Hold'em Limit ($3/$6 USD) - 2016/01/25 2:05:36 ET
Table 'Bethgea' 6-max Seat #1 is the button
Seat 1: chipmover360 ($51.42 in chips)
Seat 4: Masqb ($130 in chips)
chipmover360: posts small blind $1
Masqb: posts big blind $3
*** HOLE CARDS ***
chipmover360: raises $3 to $6
Masqb: folds
Uncalled bet ($3) returned to chipmover360
chipmover360 collected $6 from pot
chipmover360: doesn't show hand
*** SUMMARY ***
Total pot $6 | Rake $0
Seat 1: chipmover360 (button) (small blind) collected ($6)
Seat 4: Masqb (big blind) folded before Flop


PokerStars Hand #147637412517:  Hold'em Limit ($3/$6 USD) - 2016/01/25 2:05:29 ET
Table 'Bethgea' 6-max Seat #4 is the button
Seat 1: chipmover360 ($54.42 in chips)
Seat 4: Masqb ($127 in chips)
Masqb: posts small blind $1
chipmover360: posts big blind $3
*** HOLE CARDS ***
Masqb: raises $3 to $6
chipmover360: folds
Uncalled bet ($3) returned to Masqb
Masqb collected $6 from pot
Masqb: doesn't show hand
*** SUMMARY ***
Total pot $6 | Rake $0
Seat 1: chipmover360 (big blind) folded before Flop
Seat 4: Masqb (button) (small blind) collected ($6)


PokerStars Hand #147637415969:  Hold'em Limit ($3/$6 USD) - 2016/01/25 2:05:42 ET
Table 'Bethgea' 6-max Seat #4 is the button
Seat 1: chipmover360 ($54.42 in chips)
Seat 4: Masqb ($127 in chips)
Masqb: posts small blind $1
chipmover360: posts big blind $3
*** HOLE CARDS ***
Masqb: raises $3 to $6
chipmover360: calls $3
*** FLOP *** [Ah Js 5c]
chipmover360: checks
Masqb: bets $3
chipmover360: raises $3 to $6
chezlaw joins the table at seat #2
Masqb: calls $3
*** TURN *** [Ah Js 5c] [9s]
chipmover360: bets $6
Masqb: calls $6
*** RIVER *** [Ah Js 5c 9s] [Qs]
chipmover360: bets $6
Masqb: raises $6 to $12
chipmover360: folds
Uncalled bet ($6) returned to Masqb
Masqb collected $47.50 from pot
Masqb: doesn't show hand
*** SUMMARY ***
Total pot $48 | Rake $0.50
Board [Ah Js 5c 9s Qs]
Seat 1: chipmover360 (big blind) folded on the River
Seat 4: Masqb (button) (small blind) collected ($47.50)


PokerStars Hand #147637556019:  Hold'em Limit ($3/$6 USD) - 2016/01/25 2:14:14 ET
Table 'Bethgea' 6-max Seat #5 is the button
Seat 2: chezlaw ($204.96 in chips)
Seat 5: Crosby9 ($232.06 in chips)
Oxm0x will be allowed to play after the button
Crosby9: posts small blind $1
fire852181: is sitting out
chezlaw: posts big blind $3
*** HOLE CARDS ***
Crosby9: raises $3 to $6
chezlaw: folds
Uncalled bet ($3) returned to Crosby9
Crosby9 collected $6 from pot
Crosby9: doesn't show hand
*** SUMMARY ***
Total pot $6 | Rake $0
Seat 2: chezlaw (big blind) folded before Flop
Seat 5: Crosby9 (button) (small blind) collected ($6)


PokerStars Hand #147638198088:  Hold'em Limit ($3/$6 USD) - 2016/01/25 2:51:12 ET
Table 'Bethgea' 6-max Seat #3 is the button
Seat 3: Oxm0x ($252.61 in chips)
Seat 6: fire852181 ($210.54 in chips)
Oxm0x: posts small blind $1
fire852181: posts big blind $3
*** HOLE CARDS ***
Oxm0x: raises $3 to $6
fire852181: folds
Uncalled bet ($3) returned to Oxm0x
Oxm0x collected $6 from pot
Oxm0x: doesn't show hand
*** SUMMARY ***
Total pot $6 | Rake $0
Seat 3: Oxm0x (button) (small blind) collected ($6)
Seat 6: fire852181 (big blind) folded before Flop


PokerStars Hand #147638192609:  Hold'em Limit ($3/$6 USD) - 2016/01/25 2:50:55 ET
Table 'Bethgea' 6-max Seat #6 is the button
Seat 3: Oxm0x ($249.73 in chips)
Seat 6: fire852181 ($213.54 in chips)
fire852181: posts small blind $1
Oxm0x: posts big blind $3
*** HOLE CARDS ***
fire852181: calls $2
Oxm0x: checks
*** FLOP *** [4h As 2c]
Oxm0x: checks
fire852181: checks
*** TURN *** [4h As 2c] [Ks]
Oxm0x: checks
fire852181: checks
*** RIVER *** [4h As 2c Ks] [8h]
Oxm0x: checks
fire852181: checks
*** SHOW DOWN ***
Oxm0x: shows [Ts 6h] (high card Ace)
fire852181: mucks hand
Oxm0x collected $5.88 from pot
*** SUMMARY ***
Total pot $6 | Rake $0.12
Board [4h As 2c Ks 8h]
Seat 3: Oxm0x (big blind) showed [Ts 6h] and won ($5.88) with high card Ace
Seat 6: fire852181 (button) (small blind) mucked


PokerStars Hand #147638190533:  Hold'em Limit ($3/$6 USD) - 2016/01/25 2:50:48 ET
Table 'Bethgea' 6-max Seat #3 is the button
Seat 3: Oxm0x ($246.73 in chips)
Seat 6: fire852181 ($216.54 in chips)
Oxm0x: posts small blind $1
fire852181: posts big blind $3
*** HOLE CARDS ***
Oxm0x: raises $3 to $6
fire852181: folds
Uncalled bet ($3) returned to Oxm0x
Oxm0x collected $6 from pot
Oxm0x: doesn't show hand
*** SUMMARY ***
Total pot $6 | Rake $0
Seat 3: Oxm0x (button) (small blind) collected ($6)
Seat 6: fire852181 (big blind) folded before Flop


PokerStars Hand #147638186283:  Hold'em Limit ($3/$6 USD) - 2016/01/25 2:50:35 ET
Table 'Bethgea' 6-max Seat #6 is the button
Seat 3: Oxm0x ($240.97 in chips)
Seat 6: fire852181 ($222.54 in chips)
fire852181: posts small blind $1
Chessnok: is sitting out
Oxm0x: posts big blind $3
*** HOLE CARDS ***
fire852181: raises $3 to $6
Oxm0x: calls $3
*** FLOP *** [8h 5d Ac]
Oxm0x: bets $3
fire852181: folds
Uncalled bet ($3) returned to Oxm0x
Oxm0x collected $11.76 from pot
Oxm0x: doesn't show hand
*** SUMMARY ***
Total pot $12 | Rake $0.24
Board [8h 5d Ac]
Seat 3: Oxm0x (big blind) collected ($11.76)
Seat 6: fire852181 (button) (small blind) folded on the Flop


PokerStars Hand #147638206311:  Hold'em Limit ($3/$6 USD) - 2016/01/25 2:51:38 ET
Table 'Bethgea' 6-max Seat #6 is the button
Seat 3: Oxm0x ($267.25 in chips)
Seat 6: fire852181 ($195.54 in chips)
fire852181: posts small blind $1
Oxm0x: posts big blind $3
*** HOLE CARDS ***
fire852181: calls $2
Oxm0x: checks
*** FLOP *** [2s 9d Td]
Oxm0x: checks
fire852181: bets $3
Oxm0x: folds
Uncalled bet ($3) returned to fire852181
fire852181 collected $5.88 from pot
fire852181: doesn't show hand
*** SUMMARY ***
Total pot $6 | Rake $0.12
Board [2s 9d Td]
Seat 3: Oxm0x (big blind) folded on the Flop
Seat 6: fire852181 (button) (small blind) collected ($5.88)


PokerStars Hand #147638204455:  Hold'em Limit ($3/$6 USD) - 2016/01/25 2:51:32 ET
Table 'Bethgea' 6-max Seat #3 is the button
Seat 3: Oxm0x ($264.25 in chips)
Seat 6: fire852181 ($198.54 in chips)
Oxm0x: posts small blind $1
fire852181: posts big blind $3
*** HOLE CARDS ***
Oxm0x: raises $3 to $6
fire852181: folds
Uncalled bet ($3) returned to Oxm0x
Oxm0x collected $6 from pot
Oxm0x: doesn't show hand
*** SUMMARY ***
Total pot $6 | Rake $0
Seat 3: Oxm0x (button) (small blind) collected ($6)
Seat 6: fire852181 (big blind) folded before Flop


PokerStars Hand #147638200181:  Hold'em Limit ($3/$6 USD) - 2016/01/25 2:51:19 ET
Table 'Bethgea' 6-max Seat #6 is the button
Seat 3: Oxm0x ($255.61 in chips)
Seat 6: fire852181 ($207.54 in chips)
fire852181: posts small blind $1
Oxm0x: posts big blind $3
*** HOLE CARDS ***
fire852181: raises $3 to $6
Oxm0x: raises $3 to $9
fire852181: calls $3
*** FLOP *** [5d 4d Kc]
Oxm0x: bets $3
fire852181: folds
Uncalled bet ($3) returned to Oxm0x
Oxm0x collected $17.64 from pot
Oxm0x: doesn't show hand
*** SUMMARY ***
Total pot $18 | Rake $0.36
Board [5d 4d Kc]
Seat 3: Oxm0x (big blind) collected ($17.64)
Seat 6: fire852181 (button) (small blind) folded on the Flop


PokerStars Hand #147638218207:  Hold'em Limit ($3/$6 USD) - 2016/01/25 2:52:16 ET
Table 'Bethgea' 6-max Seat #6 is the button
Seat 3: Oxm0x ($274.01 in chips)
Seat 6: fire852181 ($188.42 in chips)
fire852181: posts small blind $1
Oxm0x: posts big blind $3
*** HOLE CARDS ***
fire852181: folds
Uncalled bet ($2) returned to Oxm0x
Oxm0x collected $2 from pot
Oxm0x: doesn't show hand
*** SUMMARY ***
Total pot $2 | Rake $0
Seat 3: Oxm0x (big blind) collected ($2)
Seat 6: fire852181 (button) (small blind) folded before Flop


PokerStars Hand #147638216117:  Hold'em Limit ($3/$6 USD) - 2016/01/25 2:52:09 ET
Table 'Bethgea' 6-max Seat #3 is the button
Seat 3: Oxm0x ($271.01 in chips)
Seat 6: fire852181 ($191.42 in chips)
Oxm0x: posts small blind $1
fire852181: posts big blind $3
*** HOLE CARDS ***
Oxm0x: raises $3 to $6
fire852181: folds
Uncalled bet ($3) returned to Oxm0x
Oxm0x collected $6 from pot
Oxm0x: doesn't show hand
*** SUMMARY ***
Total pot $6 | Rake $0
Seat 3: Oxm0x (button) (small blind) collected ($6)
Seat 6: fire852181 (big blind) folded before Flop


PokerStars Hand #147638214085:  Hold'em Limit ($3/$6 USD) - 2016/01/25 2:52:03 ET
Table 'Bethgea' 6-max Seat #6 is the button
Seat 3: Oxm0x ($270.01 in chips)
Seat 6: fire852181 ($192.42 in chips)
fire852181: posts small blind $1
Oxm0x: posts big blind $3
*** HOLE CARDS ***
fire852181: folds
Uncalled bet ($2) returned to Oxm0x
Oxm0x collected $2 from pot
Oxm0x: doesn't show hand
*** SUMMARY ***
Total pot $2 | Rake $0
Seat 3: Oxm0x (big blind) collected ($2)
Seat 6: fire852181 (button) (small blind) folded before Flop


PokerStars Hand #147638210053:  Hold'em Limit ($3/$6 USD) - 2016/01/25 2:51:50 ET
Table 'Bethgea' 6-max Seat #3 is the button
Seat 3: Oxm0x ($264.25 in chips)
Seat 6: fire852181 ($198.42 in chips)
Oxm0x: posts small blind $1
fire852181: posts big blind $3
*** HOLE CARDS ***
Oxm0x: raises $3 to $6
fire852181: calls $3
*** FLOP *** [As 6d Ah]
fire852181: checks
Oxm0x: bets $3
fire852181: folds
Uncalled bet ($3) returned to Oxm0x
Oxm0x collected $11.76 from pot
Oxm0x: doesn't show hand
*** SUMMARY ***
Total pot $12 | Rake $0.24
Board [As 6d Ah]
Seat 3: Oxm0x (button) (small blind) collected ($11.76)
Seat 6: fire852181 (big blind) folded on the Flop


PokerStars Hand #147638227114:  Hold'em Limit ($3/$6 USD) - 2016/01/25 2:52:43 ET
Table 'Bethgea' 6-max Seat #6 is the button
Seat 3: Oxm0x ($254.01 in chips)
Seat 6: fire852181 ($207.92 in chips)
fire852181: posts small blind $1
Oxm0x: posts big blind $3
*** HOLE CARDS ***
fire852181: folds
Uncalled bet ($2) returned to Oxm0x
Oxm0x collected $2 from pot
Oxm0x: doesn't show hand
*** SUMMARY ***
Total pot $2 | Rake $0
Seat 3: Oxm0x (big blind) collected ($2)
Seat 6: fire852181 (button) (small blind) folded before Flop


PokerStars Hand #147638220037:  Hold'em Limit ($3/$6 USD) - 2016/01/25 2:52:21 ET
Table 'Bethgea' 6-max Seat #3 is the button
Seat 3: Oxm0x ($275.01 in chips)
Seat 6: fire852181 ($187.42 in chips)
Oxm0x: posts small blind $1
fire852181: posts big blind $3
*** HOLE CARDS ***
Oxm0x: raises $3 to $6
fire852181: calls $3
*** FLOP *** [6d 2c 4d]
fire852181: checks
Oxm0x: bets $3
fire852181: raises $3 to $6
Oxm0x: raises $3 to $9
fire852181: calls $3
*** TURN *** [6d 2c 4d] [Qh]
fire852181: checks
Oxm0x: bets $6
fire852181: calls $6
*** RIVER *** [6d 2c 4d Qh] [Qd]
fire852181: checks
Oxm0x: checks
*** SHOW DOWN ***
fire852181: shows [9h 9d] (two pair, Queens and Nines)
Oxm0x: mucks hand
fire852181 collected $41.50 from pot
*** SUMMARY ***
Total pot $42 | Rake $0.50
Board [6d 2c 4d Qh Qd]
Seat 3: Oxm0x (button) (small blind) mucked
Seat 6: fire852181 (big blind) showed [9h 9d] and won ($41.50) with two pair, Queens and Nines


PokerStars Hand #147638229071:  Hold'em Limit ($3/$6 USD) - 2016/01/25 2:52:49 ET
Table 'Bethgea' 6-max Seat #3 is the button
Seat 3: Oxm0x ($255.01 in chips)
Seat 6: fire852181 ($206.92 in chips)
Oxm0x: posts small blind $1
fire852181: posts big blind $3
*** HOLE CARDS ***
Oxm0x: folds
Uncalled bet ($2) returned to fire852181
fire852181 collected $2 from pot
fire852181: doesn't show hand
*** SUMMARY ***
Total pot $2 | Rake $0
Seat 3: Oxm0x (button) (small blind) folded before Flop
Seat 6: fire852181 (big blind) collected ($2)


PokerStars Hand #147638237357:  Hold'em Limit ($3/$6 USD) - 2016/01/25 2:53:15 ET
Table 'Bethgea' 6-max Seat #3 is the button
Seat 3: Oxm0x ($259.77 in chips)
Seat 6: fire852181 ($201.92 in chips)
Oxm0x: posts small blind $1
fire852181: posts big blind $3
*** HOLE CARDS ***
Oxm0x: raises $3 to $6
fire852181: raises $3 to $9
Oxm0x: raises $3 to $12
Betting is capped
fire852181: calls $3
*** FLOP *** [3d 9s Ad]
fire852181: checks
Oxm0x: bets $3
fire852181: calls $3
*** TURN *** [3d 9s Ad] [Qs]
fire852181: checks
Oxm0x: bets $6
fire852181: calls $6
*** RIVER *** [3d 9s Ad Qs] [7h]
fire852181: checks
Oxm0x: checks
*** SHOW DOWN ***
fire852181: shows [Kc Kh] (a pair of Kings)
Oxm0x: mucks hand
fire852181 collected $41.50 from pot
*** SUMMARY ***
Total pot $42 | Rake $0.50
Board [3d 9s Ad Qs 7h]
Seat 3: Oxm0x (button) (small blind) mucked
Seat 6: fire852181 (big blind) showed [Kc Kh] and won ($41.50) with a pair of Kings


PokerStars Hand #147638254836:  Hold'em Limit ($3/$6 USD) - 2016/01/25 2:54:10 ET
Table 'Bethgea' 6-max Seat #3 is the button
Seat 2: Headgtboy ($37 in chips)
Seat 3: Oxm0x ($229.77 in chips)
Oxm0x: posts small blind $1
fire852181: is sitting out
Headgtboy: posts big blind $3
*** HOLE CARDS ***
Oxm0x: raises $3 to $6
Headgtboy: calls $3
*** FLOP *** [Kc 5s 7s]
Headgtboy: checks
Oxm0x: bets $3
Headgtboy: calls $3
*** TURN *** [Kc 5s 7s] [6c]
Headgtboy: checks
Oxm0x: bets $6
Headgtboy: calls $6
*** RIVER *** [Kc 5s 7s 6c] [2c]
Headgtboy: checks
Oxm0x: bets $6
Headgtboy: calls $6
*** SHOW DOWN ***
Oxm0x: shows [7h 6s] (two pair, Sevens and Sixes)
Headgtboy: mucks hand
Oxm0x collected $41.50 from pot
*** SUMMARY ***
Total pot $42 | Rake $0.50
Board [Kc 5s 7s 6c 2c]
Seat 2: Headgtboy (big blind) mucked
Seat 3: Oxm0x (button) (small blind) showed [7h 6s] and won ($41.50) with two pair, Sevens and Sixes


PokerStars Hand #147638262029:  Hold'em Limit ($3/$6 USD) - 2016/01/25 2:54:33 ET
Table 'Bethgea' 6-max Seat #2 is the button
Seat 2: Headgtboy ($16 in chips)
Seat 3: Oxm0x ($250.27 in chips)
Headgtboy: posts small blind $1
Oxm0x: posts big blind $3
*** HOLE CARDS ***
Headgtboy: raises $3 to $6
Oxm0x: raises $3 to $9
Headgtboy: calls $3
*** FLOP *** [Qd 9h Kd]
Oxm0x: bets $3
Headgtboy: calls $3
*** TURN *** [Qd 9h Kd] [5h]
Oxm0x: bets $6
Headgtboy: calls $4 and is all-in
Uncalled bet ($2) returned to Oxm0x
*** RIVER *** [Qd 9h Kd 5h] [3h]
*** SHOW DOWN ***
Oxm0x: shows [Th Ks] (a pair of Kings)
Headgtboy: shows [9c 7h] (a pair of Nines)
Oxm0x collected $31.50 from pot
*** SUMMARY ***
Total pot $32 | Rake $0.50
Board [Qd 9h Kd 5h 3h]
Seat 2: Headgtboy (button) (small blind) showed [9c 7h] and lost with a pair of Nines
Seat 3: Oxm0x (big blind) showed [Th Ks] and won ($31.50) with a pair of Kings


