PokerStars Hand #157096337905:  Hold'em Limit ($3/$6 USD) - 2016/08/10 8:01:24 ET
Table 'Bethgea' 6-max Seat #2 is the button
Seat 2: Mr.Reaper47 ($32.71 in chips)
Seat 4: Agrotait ($74.52 in chips)
Mr.Reaper47: posts small blind $1
Agrotait: posts big blind $3
*** HOLE CARDS ***
Mr.Reaper47: raises $3 to $6
Agrotait: calls $3
*** FLOP *** [9h 4h 4s]
Agrotait: checks
Mr.Reaper47: checks
*** TURN *** [9h 4h 4s] [6d]
Agrotait: bets $6
Mr.Reaper47: calls $6
*** RIVER *** [9h 4h 4s 6d] [6c]
Agrotait: checks
Mr.Reaper47: bets $6
Agrotait: folds
Uncalled bet ($6) returned to Mr.Reaper47
Mr.Reaper47 collected $23.52 from pot
Mr.Reaper47: doesn't show hand
*** SUMMARY ***
Total pot $24 | Rake $0.48
Board [9h 4h 4s 6d 6c]
Seat 2: Mr.Reaper47 (button) (small blind) collected ($23.52)
Seat 4: Agrotait (big blind) folded on the River


PokerStars Hand #157096379364:  Hold'em Limit ($3/$6 USD) - 2016/08/10 8:02:55 ET
Table 'Bethgea' 6-max Seat #2 is the button
Seat 2: Mr.Reaper47 ($23.23 in chips)
Seat 4: Agrotait ($83.02 in chips)
Mr.Reaper47: posts small blind $1
Agrotait: posts big blind $3
*** HOLE CARDS ***
Mr.Reaper47: folds
Uncalled bet ($2) returned to Agrotait
Agrotait collected $2 from pot
Agrotait: doesn't show hand
*** SUMMARY ***
Total pot $2 | Rake $0
Seat 2: Mr.Reaper47 (button) (small blind) folded before Flop
Seat 4: Agrotait (big blind) collected ($2)


PokerStars Hand #157096361875:  Hold'em Limit ($3/$6 USD) - 2016/08/10 8:02:17 ET
Table 'Bethgea' 6-max Seat #4 is the button
Seat 2: Mr.Reaper47 ($44.23 in chips)
Seat 4: Agrotait ($62.52 in chips)
Agrotait: posts small blind $1
Mr.Reaper47: posts big blind $3
*** HOLE CARDS ***
Agrotait: raises $3 to $6
Mr.Reaper47: calls $3
*** FLOP *** [Kd 4h 3d]
Mr.Reaper47: checks
Agrotait: bets $3
Mr.Reaper47: calls $3
*** TURN *** [Kd 4h 3d] [7d]
Mr.Reaper47: checks
Agrotait: bets $6
Mr.Reaper47: calls $6
*** RIVER *** [Kd 4h 3d 7d] [Qc]
Mr.Reaper47: checks
Agrotait: bets $6
Mr.Reaper47: calls $6
*** SHOW DOWN ***
Agrotait: shows [Ks 6c] (a pair of Kings)
Mr.Reaper47: mucks hand
Agrotait collected $41.50 from pot
*** SUMMARY ***
Total pot $42 | Rake $0.50
Board [Kd 4h 3d 7d Qc]
Seat 2: Mr.Reaper47 (big blind) mucked
Seat 4: Agrotait (button) (small blind) showed [Ks 6c] and won ($41.50) with a pair of Kings


PokerStars Hand #157096381477:  Hold'em Limit ($3/$6 USD) - 2016/08/10 8:03:00 ET
Table 'Bethgea' 6-max Seat #4 is the button
Seat 2: Mr.Reaper47 ($22.23 in chips)
Seat 4: Agrotait ($84.02 in chips)
Agrotait: posts small blind $1
Mr.Reaper47: posts big blind $3
*** HOLE CARDS ***
Agrotait: raises $3 to $6
Mr.Reaper47: calls $3
*** FLOP *** [3c 2s 7c]
Mr.Reaper47: bets $3
Agrotait: calls $3
*** TURN *** [3c 2s 7c] [Jh]
Mr.Reaper47: bets $6
Agrotait: calls $6
*** RIVER *** [3c 2s 7c Jh] [2d]
Mr.Reaper47: bets $6
Agrotait: calls $6
*** SHOW DOWN ***
Mr.Reaper47: shows [Ac 5h] (a pair of Deuces)
Agrotait: shows [Tc As] (a pair of Deuces - Ace+Jack+Ten kicker)
Agrotait collected $41.50 from pot
*** SUMMARY ***
Total pot $42 | Rake $0.50
Board [3c 2s 7c Jh 2d]
Seat 2: Mr.Reaper47 (big blind) showed [Ac 5h] and lost with a pair of Deuces
Seat 4: Agrotait (button) (small blind) showed [Tc As] and won ($41.50) with a pair of Deuces


