PokerStars Hand #149462091685:  Hold'em Limit ($3/$6 USD) - 2016/02/26 16:18:37 ET
Table 'Betria' 6-max Seat #3 is the button
Seat 3: minigus575 ($124.76 in chips)
Seat 4: AzureCaper ($72.64 in chips)
minigus575: posts small blind $1
AzureCaper: posts big blind $3
*** HOLE CARDS ***
minigus575: raises $3 to $6
Chessnok joins the table at seat #5
AzureCaper: folds
Uncalled bet ($3) returned to minigus575
minigus575 collected $6 from pot
minigus575: doesn't show hand
*** SUMMARY ***
Total pot $6 | Rake $0
Seat 3: minigus575 (button) (small blind) collected ($6)
Seat 4: AzureCaper (big blind) folded before Flop


PokerStars Hand #149462087452:  Hold'em Limit ($3/$6 USD) - 2016/02/26 16:18:32 ET
Table 'Betria' 6-max Seat #4 is the button
Seat 3: minigus575 ($123.76 in chips)
Seat 4: AzureCaper ($73.64 in chips)
AzureCaper: posts small blind $1
minigus575: posts big blind $3
*** HOLE CARDS ***
AzureCaper: folds
Uncalled bet ($2) returned to minigus575
minigus575 collected $2 from pot
minigus575: doesn't show hand
*** SUMMARY ***
Total pot $2 | Rake $0
Seat 3: minigus575 (big blind) collected ($2)
Seat 4: AzureCaper (button) (small blind) folded before Flop


PokerStars Hand #149462082670:  Hold'em Limit ($3/$6 USD) - 2016/02/26 16:18:28 ET
Table 'Betria' 6-max Seat #3 is the button
Seat 3: minigus575 ($124.76 in chips)
Seat 4: AzureCaper ($72.64 in chips)
minigus575: posts small blind $1
AzureCaper: posts big blind $3
*** HOLE CARDS ***
minigus575: folds
Uncalled bet ($2) returned to AzureCaper
AzureCaper collected $2 from pot
AzureCaper: doesn't show hand
*** SUMMARY ***
Total pot $2 | Rake $0
Seat 3: minigus575 (button) (small blind) folded before Flop
Seat 4: AzureCaper (big blind) collected ($2)


PokerStars Hand #149462076043:  Hold'em Limit ($3/$6 USD) - 2016/02/26 16:18:21 ET
Table 'Betria' 6-max Seat #4 is the button
Seat 3: minigus575 ($123.76 in chips)
Seat 4: AzureCaper ($73.64 in chips)
AzureCaper: posts small blind $1
minigus575: posts big blind $3
*** HOLE CARDS ***
AzureCaper: folds
Uncalled bet ($2) returned to minigus575
minigus575 collected $2 from pot
minigus575: doesn't show hand
*** SUMMARY ***
Total pot $2 | Rake $0
Seat 3: minigus575 (big blind) collected ($2)
Seat 4: AzureCaper (button) (small blind) folded before Flop


PokerStars Hand #149462071649:  Hold'em Limit ($3/$6 USD) - 2016/02/26 16:18:16 ET
Table 'Betria' 6-max Seat #3 is the button
Seat 3: minigus575 ($120.76 in chips)
Seat 4: AzureCaper ($76.64 in chips)
minigus575: posts small blind $1
AzureCaper: posts big blind $3
*** HOLE CARDS ***
minigus575: raises $3 to $6
AzureCaper: folds
Uncalled bet ($3) returned to minigus575
minigus575 collected $6 from pot
minigus575: doesn't show hand
*** SUMMARY ***
Total pot $6 | Rake $0
Seat 3: minigus575 (button) (small blind) collected ($6)
Seat 4: AzureCaper (big blind) folded before Flop


PokerStars Hand #149462067019:  Hold'em Limit ($3/$6 USD) - 2016/02/26 16:18:12 ET
Table 'Betria' 6-max Seat #4 is the button
Seat 3: minigus575 ($119.76 in chips)
Seat 4: AzureCaper ($77.64 in chips)
AzureCaper: posts small blind $1
minigus575: posts big blind $3
*** HOLE CARDS ***
AzureCaper: folds
Uncalled bet ($2) returned to minigus575
minigus575 collected $2 from pot
minigus575: doesn't show hand
*** SUMMARY ***
Total pot $2 | Rake $0
Seat 3: minigus575 (big blind) collected ($2)
Seat 4: AzureCaper (button) (small blind) folded before Flop


PokerStars Hand #149462060813:  Hold'em Limit ($3/$6 USD) - 2016/02/26 16:18:05 ET
Table 'Betria' 6-max Seat #3 is the button
Seat 3: minigus575 ($116.76 in chips)
Seat 4: AzureCaper ($80.64 in chips)
minigus575: posts small blind $1
AzureCaper: posts big blind $3
*** HOLE CARDS ***
minigus575: raises $3 to $6
AzureCaper: folds
Uncalled bet ($3) returned to minigus575
minigus575 collected $6 from pot
minigus575: doesn't show hand
*** SUMMARY ***
Total pot $6 | Rake $0
Seat 3: minigus575 (button) (small blind) collected ($6)
Seat 4: AzureCaper (big blind) folded before Flop


PokerStars Hand #149462038818:  Hold'em Limit ($3/$6 USD) - 2016/02/26 16:17:43 ET
Table 'Betria' 6-max Seat #4 is the button
Seat 3: minigus575 ($125.76 in chips)
Seat 4: AzureCaper ($72 in chips)
AzureCaper: posts small blind $1
minigus575: posts big blind $3
*** HOLE CARDS ***
AzureCaper: raises $3 to $6
minigus575: calls $3
*** FLOP *** [6s 3s Qs]
minigus575: checks
AzureCaper: bets $3
minigus575: calls $3
*** TURN *** [6s 3s Qs] [7c]
minigus575: checks
AzureCaper: bets $6
minigus575: folds
Uncalled bet ($6) returned to AzureCaper
AzureCaper collected $17.64 from pot
AzureCaper: doesn't show hand
*** SUMMARY ***
Total pot $18 | Rake $0.36
Board [6s 3s Qs 7c]
Seat 3: minigus575 (big blind) folded on the Turn
Seat 4: AzureCaper (button) (small blind) collected ($17.64)


