PokerStars Hand #157636153940:  Hold'em Limit ($3/$6 USD) - 2016/08/23 9:30:44 ET
Table 'Betulia' 6-max Seat #3 is the button
Seat 3: cadre472 ($120 in chips)
Seat 4: Agrotait ($72 in chips)
cadre472: posts small blind $1
Agrotait: posts big blind $3
*** HOLE CARDS ***
cadre472: calls $2
Agrotait: checks
*** FLOP *** [Kc 8c 7h]
Agrotait: bets $3
cadre472: calls $3
*** TURN *** [Kc 8c 7h] [Kh]
Agrotait: bets $6
cadre472: folds
Uncalled bet ($6) returned to Agrotait
Agrotait collected $11.76 from pot
Agrotait: doesn't show hand
*** SUMMARY ***
Total pot $12 | Rake $0.24
Board [Kc 8c 7h Kh]
Seat 3: cadre472 (button) (small blind) folded on the Turn
Seat 4: Agrotait (big blind) collected ($11.76)


PokerStars Hand #157636169414:  Hold'em Limit ($3/$6 USD) - 2016/08/23 9:31:14 ET
Table 'Betulia' 6-max Seat #4 is the button
Seat 3: cadre472 ($114 in chips)
Seat 4: Agrotait ($77.76 in chips)
Agrotait: posts small blind $1
cadre472: posts big blind $3
*** HOLE CARDS ***
Agrotait: raises $3 to $6
cadre472: calls $3
*** FLOP *** [Ah 7c 2s]
cadre472: checks
Agrotait: bets $3
cadre472: calls $3
*** TURN *** [Ah 7c 2s] [Td]
cadre472: checks
Agrotait: checks
*** RIVER *** [Ah 7c 2s Td] [Qs]
cadre472: bets $6
Agrotait: folds
Uncalled bet ($6) returned to cadre472
cadre472 collected $17.64 from pot
cadre472: doesn't show hand
*** SUMMARY ***
Total pot $18 | Rake $0.36
Board [Ah 7c 2s Td Qs]
Seat 3: cadre472 (big blind) collected ($17.64)
Seat 4: Agrotait (button) (small blind) folded on the River


PokerStars Hand #157636185769:  Hold'em Limit ($3/$6 USD) - 2016/08/23 9:31:45 ET
Table 'Betulia' 6-max Seat #3 is the button
Seat 3: cadre472 ($122.64 in chips)
Seat 4: Agrotait ($68.76 in chips)
cadre472: posts small blind $1
Agrotait: posts big blind $3
*** HOLE CARDS ***
cadre472: raises $3 to $6
Agrotait: calls $3
*** FLOP *** [2c 7h 3s]
Agrotait: checks
cadre472: checks
*** TURN *** [2c 7h 3s] [Td]
Agrotait: bets $6
cadre472: calls $6
*** RIVER *** [2c 7h 3s Td] [7s]
Agrotait: bets $6
cadre472: folds
Uncalled bet ($6) returned to Agrotait
Agrotait collected $23.52 from pot
Agrotait: doesn't show hand
*** SUMMARY ***
Total pot $24 | Rake $0.48
Board [2c 7h 3s Td 7s]
Seat 3: cadre472 (button) (small blind) folded on the River
Seat 4: Agrotait (big blind) collected ($23.52)


PokerStars Hand #157636196695:  Hold'em Limit ($3/$6 USD) - 2016/08/23 9:32:06 ET
Table 'Betulia' 6-max Seat #4 is the button
Seat 3: cadre472 ($110.64 in chips)
Seat 4: Agrotait ($80.28 in chips)
Agrotait: posts small blind $1
cadre472: posts big blind $3
*** HOLE CARDS ***
Agrotait: raises $3 to $6
cadre472: calls $3
*** FLOP *** [Kd 3s 3d]
cadre472: checks
Agrotait: bets $3
cadre472: folds
Uncalled bet ($3) returned to Agrotait
Agrotait collected $11.76 from pot
Agrotait: doesn't show hand
*** SUMMARY ***
Total pot $12 | Rake $0.24
Board [Kd 3s 3d]
Seat 3: cadre472 (big blind) folded on the Flop
Seat 4: Agrotait (button) (small blind) collected ($11.76)


