PokerStars Hand #146554076139:  Hold'em Limit ($3/$6 USD) - 2016/01/06 4:37:39 ET
Table 'Betulia' 2-max Seat #1 is the button
Seat 1: svoy2 ($620 in chips)
Seat 2: MTails ($147.14 in chips)
svoy2: posts small blind $1
MTails: posts big blind $3
*** HOLE CARDS ***
svoy2: folds
Uncalled bet ($2) returned to MTails
MTails collected $2 from pot
MTails: doesn't show hand
*** SUMMARY ***
Total pot $2 | Rake $0
Seat 1: svoy2 (button) (small blind) folded before Flop
Seat 2: MTails (big blind) collected ($2)


PokerStars Hand #146554070804:  Hold'em Limit ($3/$6 USD) - 2016/01/06 4:37:26 ET
Table 'Betulia' 2-max Seat #2 is the button
Seat 1: svoy2 ($638 in chips)
Seat 2: MTails ($129.64 in chips)
MTails: posts small blind $1
svoy2: posts big blind $3
*** HOLE CARDS ***
MTails: raises $3 to $6
svoy2: calls $3
*** FLOP *** [3s 9c 3c]
svoy2: checks
MTails: bets $3
svoy2: raises $3 to $6
MTails: calls $3
*** TURN *** [3s 9c 3c] [Qd]
svoy2: bets $6
MTails: raises $6 to $12
svoy2: folds
Uncalled bet ($6) returned to MTails
MTails collected $35.50 from pot
*** SUMMARY ***
Total pot $36 | Rake $0.50
Board [3s 9c 3c Qd]
Seat 1: svoy2 (big blind) folded on the Turn
Seat 2: MTails (button) (small blind) collected ($35.50)


PokerStars Hand #146554068989:  Hold'em Limit ($3/$6 USD) - 2016/01/06 4:37:22 ET
Table 'Betulia' 2-max Seat #1 is the button
Seat 1: svoy2 ($639 in chips)
Seat 2: MTails ($128.64 in chips)
svoy2: posts small blind $1
MTails: posts big blind $3
*** HOLE CARDS ***
svoy2: folds
Uncalled bet ($2) returned to MTails
MTails collected $2 from pot
MTails: doesn't show hand
*** SUMMARY ***
Total pot $2 | Rake $0
Seat 1: svoy2 (button) (small blind) folded before Flop
Seat 2: MTails (big blind) collected ($2)


PokerStars Hand #146554089367:  Hold'em Limit ($3/$6 USD) - 2016/01/06 4:38:10 ET
Table 'Betulia' 2-max Seat #1 is the button
Seat 1: svoy2 ($586 in chips)
Seat 2: MTails ($180.40 in chips)
svoy2: posts small blind $1
MTails: posts big blind $3
*** HOLE CARDS ***
svoy2: raises $3 to $6
MTails: calls $3
*** FLOP *** [5h Ah 3h]
MTails: checks
svoy2: checks
*** TURN *** [5h Ah 3h] [4h]
MTails: checks
svoy2: checks
*** RIVER *** [5h Ah 3h 4h] [7d]
MTails: bets $6
svoy2: folds
Uncalled bet ($6) returned to MTails
MTails collected $11.76 from pot
*** SUMMARY ***
Total pot $12 | Rake $0.24
Board [5h Ah 3h 4h 7d]
Seat 1: svoy2 (button) (small blind) folded on the River
Seat 2: MTails (big blind) collected ($11.76)


PokerStars Hand #146554083043:  Hold'em Limit ($3/$6 USD) - 2016/01/06 4:37:55 ET
Table 'Betulia' 2-max Seat #2 is the button
Seat 1: svoy2 ($616 in chips)
Seat 2: MTails ($150.90 in chips)
MTails: posts small blind $1
svoy2: posts big blind $3
*** HOLE CARDS ***
MTails: raises $3 to $6
svoy2: raises $3 to $9
MTails: calls $3
*** FLOP *** [6d 6s 5c]
svoy2: bets $3
MTails: calls $3
*** TURN *** [6d 6s 5c] [3d]
svoy2: bets $6
MTails: raises $6 to $12
svoy2: calls $6
*** RIVER *** [6d 6s 5c 3d] [9d]
svoy2: checks
MTails: bets $6
svoy2: calls $6
*** SHOW DOWN ***
MTails: shows [Qh Qs] (two pair, Queens and Sixes)
svoy2: mucks hand
MTails collected $59.50 from pot
*** SUMMARY ***
Total pot $60 | Rake $0.50
Board [6d 6s 5c 3d 9d]
Seat 1: svoy2 (big blind) mucked
Seat 2: MTails (button) (small blind) showed [Qh Qs] and won ($59.50) with two pair, Queens and Sixes


PokerStars Hand #146554081117:  Hold'em Limit ($3/$6 USD) - 2016/01/06 4:37:51 ET
Table 'Betulia' 2-max Seat #1 is the button
Seat 1: svoy2 ($613 in chips)
Seat 2: MTails ($153.90 in chips)
svoy2: posts small blind $1
MTails: posts big blind $3
*** HOLE CARDS ***
svoy2: raises $3 to $6
MTails: folds
Uncalled bet ($3) returned to svoy2
svoy2 collected $6 from pot
svoy2: doesn't show hand
*** SUMMARY ***
Total pot $6 | Rake $0
Seat 1: svoy2 (button) (small blind) collected ($6)
Seat 2: MTails (big blind) folded before Flop


PokerStars Hand #146554077817:  Hold'em Limit ($3/$6 USD) - 2016/01/06 4:37:43 ET
Table 'Betulia' 2-max Seat #2 is the button
Seat 1: svoy2 ($619 in chips)
Seat 2: MTails ($148.14 in chips)
MTails: posts small blind $1
svoy2: posts big blind $3
*** HOLE CARDS ***
MTails: raises $3 to $6
svoy2: calls $3
*** FLOP *** [2s 2h 6s]
svoy2: checks
MTails: bets $3
svoy2: folds
Uncalled bet ($3) returned to MTails
MTails collected $11.76 from pot
*** SUMMARY ***
Total pot $12 | Rake $0.24
Board [2s 2h 6s]
Seat 1: svoy2 (big blind) folded on the Flop
Seat 2: MTails (button) (small blind) collected ($11.76)


PokerStars Hand #146554113292:  Hold'em Limit ($3/$6 USD) - 2016/01/06 4:39:08 ET
Table 'Betulia' 2-max Seat #2 is the button
Seat 1: svoy2 ($586.28 in chips)
Seat 2: MTails ($178.92 in chips)
MTails: posts small blind $1
svoy2: posts big blind $3
*** HOLE CARDS ***
MTails: raises $3 to $6
svoy2: calls $3
*** FLOP *** [7d Qs 5d]
svoy2: checks
MTails: bets $3
svoy2: folds
Uncalled bet ($3) returned to MTails
MTails collected $11.76 from pot
*** SUMMARY ***
Total pot $12 | Rake $0.24
Board [7d Qs 5d]
Seat 1: svoy2 (big blind) folded on the Flop
Seat 2: MTails (button) (small blind) collected ($11.76)


PokerStars Hand #146554111449:  Hold'em Limit ($3/$6 USD) - 2016/01/06 4:39:03 ET
Table 'Betulia' 2-max Seat #1 is the button
Seat 1: svoy2 ($587.28 in chips)
Seat 2: MTails ($177.92 in chips)
svoy2: posts small blind $1
MTails: posts big blind $3
*** HOLE CARDS ***
svoy2: folds
Uncalled bet ($2) returned to MTails
MTails collected $2 from pot
*** SUMMARY ***
Total pot $2 | Rake $0
Seat 1: svoy2 (button) (small blind) folded before Flop
Seat 2: MTails (big blind) collected ($2)


PokerStars Hand #146554117621:  Hold'em Limit ($3/$6 USD) - 2016/01/06 4:39:18 ET
Table 'Betulia' 2-max Seat #1 is the button
Seat 1: svoy2 ($580.28 in chips)
Seat 2: MTails ($184.68 in chips)
svoy2: posts small blind $1
MTails: posts big blind $3
*** HOLE CARDS ***
svoy2: raises $3 to $6
MTails: calls $3
*** FLOP *** [9h Qd Ts]
MTails: checks
svoy2: checks
*** TURN *** [9h Qd Ts] [5d]
MTails: bets $6
svoy2: calls $6
*** RIVER *** [9h Qd Ts 5d] [5h]
MTails: bets $6
svoy2: calls $6
*** SHOW DOWN ***
MTails: shows [4d 7h] (a pair of Fives)
svoy2: shows [Ah 8h] (a pair of Fives - Ace kicker)
svoy2 collected $35.50 from pot
*** SUMMARY ***
Total pot $36 | Rake $0.50
Board [9h Qd Ts 5d 5h]
Seat 1: svoy2 (button) (small blind) showed [Ah 8h] and won ($35.50) with a pair of Fives
Seat 2: MTails (big blind) showed [4d 7h] and lost with a pair of Fives


PokerStars Hand #146554109390:  Hold'em Limit ($3/$6 USD) - 2016/01/06 4:38:58 ET
Table 'Betulia' 2-max Seat #2 is the button
Seat 1: svoy2 ($590.28 in chips)
Seat 2: MTails ($174.92 in chips)
MTails: posts small blind $1
svoy2: posts big blind $3
*** HOLE CARDS ***
MTails: raises $3 to $6
svoy2: folds
Uncalled bet ($3) returned to MTails
MTails collected $6 from pot
*** SUMMARY ***
Total pot $6 | Rake $0
Seat 1: svoy2 (big blind) folded before Flop
Seat 2: MTails (button) (small blind) collected ($6)


PokerStars Hand #146554104808:  Hold'em Limit ($3/$6 USD) - 2016/01/06 4:38:47 ET
Table 'Betulia' 2-max Seat #1 is the button
Seat 1: svoy2 ($581.64 in chips)
Seat 2: MTails ($183.92 in chips)
svoy2: posts small blind $1
MTails: posts big blind $3
*** HOLE CARDS ***
svoy2: raises $3 to $6
MTails: calls $3
*** FLOP *** [Kd 3h 5c]
MTails: checks
svoy2: bets $3
MTails: calls $3
*** TURN *** [Kd 3h 5c] [3c]
MTails: checks
svoy2: bets $6
MTails: folds
Uncalled bet ($6) returned to svoy2
svoy2 collected $17.64 from pot
svoy2: doesn't show hand
*** SUMMARY ***
Total pot $18 | Rake $0.36
Board [Kd 3h 5c 3c]
Seat 1: svoy2 (button) (small blind) collected ($17.64)
Seat 2: MTails (big blind) folded on the Turn


PokerStars Hand #146554100083:  Hold'em Limit ($3/$6 USD) - 2016/01/06 4:38:36 ET
Table 'Betulia' 2-max Seat #1 is the button
Seat 1: svoy2 ($588.64 in chips)
Seat 2: MTails ($177.16 in chips)
svoy2: posts small blind $1
MTails: posts big blind $3
*** HOLE CARDS ***
svoy2: folds
Uncalled bet ($2) returned to MTails
MTails collected $2 from pot
MTails: doesn't show hand
*** SUMMARY ***
Total pot $2 | Rake $0
Seat 1: svoy2 (button) (small blind) folded before Flop
Seat 2: MTails (big blind) collected ($2)


PokerStars Hand #146554095154:  Hold'em Limit ($3/$6 USD) - 2016/01/06 4:38:24 ET
Table 'Betulia' 2-max Seat #2 is the button
Seat 1: svoy2 ($580 in chips)
Seat 2: MTails ($186.16 in chips)
MTails: posts small blind $1
svoy2: posts big blind $3
*** HOLE CARDS ***
MTails: raises $3 to $6
svoy2: calls $3
*** FLOP *** [7c Kc 4d]
svoy2: checks
MTails: bets $3
svoy2: calls $3
*** TURN *** [7c Kc 4d] [5d]
svoy2: checks
MTails: checks
*** RIVER *** [7c Kc 4d 5d] [2c]
svoy2: bets $6
MTails: folds
Uncalled bet ($6) returned to svoy2
svoy2 collected $17.64 from pot
svoy2: doesn't show hand
*** SUMMARY ***
Total pot $18 | Rake $0.36
Board [7c Kc 4d 5d 2c]
Seat 1: svoy2 (big blind) collected ($17.64)
Seat 2: MTails (button) (small blind) folded on the River


PokerStars Hand #146554101916:  Hold'em Limit ($3/$6 USD) - 2016/01/06 4:38:40 ET
Table 'Betulia' 2-max Seat #2 is the button
Seat 1: svoy2 ($587.64 in chips)
Seat 2: MTails ($178.16 in chips)
MTails: posts small blind $1
svoy2: posts big blind $3
*** HOLE CARDS ***
MTails: raises $3 to $6
svoy2: calls $3
*** FLOP *** [8d Tc 4c]
svoy2: checks
MTails: bets $3
svoy2: folds
Uncalled bet ($3) returned to MTails
MTails collected $11.76 from pot
*** SUMMARY ***
Total pot $12 | Rake $0.24
Board [8d Tc 4c]
Seat 1: svoy2 (big blind) folded on the Flop
Seat 2: MTails (button) (small blind) collected ($11.76)


PokerStars Hand #146554135621:  Hold'em Limit ($3/$6 USD) - 2016/01/06 4:40:01 ET
Table 'Betulia' 2-max Seat #1 is the button
Seat 1: svoy2 ($561.78 in chips)
Seat 2: MTails ($201.82 in chips)
svoy2: posts small blind $1
MTails: posts big blind $3
*** HOLE CARDS ***
svoy2: raises $3 to $6
MTails: calls $3
*** FLOP *** [Qd Jc 3h]
MTails: checks
svoy2: bets $3
MTails: folds
Uncalled bet ($3) returned to svoy2
svoy2 collected $11.76 from pot
svoy2: doesn't show hand
*** SUMMARY ***
Total pot $12 | Rake $0.24
Board [Qd Jc 3h]
Seat 1: svoy2 (button) (small blind) collected ($11.76)
Seat 2: MTails (big blind) folded on the Flop


PokerStars Hand #146554146213:  Hold'em Limit ($3/$6 USD) - 2016/01/06 4:40:25 ET
Table 'Betulia' 2-max Seat #1 is the button
Seat 1: svoy2 ($591.04 in chips)
Seat 2: MTails ($171.82 in chips)
svoy2: posts small blind $1
MTails: posts big blind $3
*** HOLE CARDS ***
svoy2: folds
Uncalled bet ($2) returned to MTails
MTails collected $2 from pot
*** SUMMARY ***
Total pot $2 | Rake $0
Seat 1: svoy2 (button) (small blind) folded before Flop
Seat 2: MTails (big blind) collected ($2)


PokerStars Hand #146554140029:  Hold'em Limit ($3/$6 USD) - 2016/01/06 4:40:11 ET
Table 'Betulia' 2-max Seat #2 is the button
Seat 1: svoy2 ($567.54 in chips)
Seat 2: MTails ($195.82 in chips)
MTails: posts small blind $1
svoy2: posts big blind $3
*** HOLE CARDS ***
MTails: raises $3 to $6
svoy2: raises $3 to $9
MTails: calls $3
*** FLOP *** [Tc Jh 9s]
svoy2: bets $3
MTails: calls $3
*** TURN *** [Tc Jh 9s] [Qc]
svoy2: bets $6
MTails: calls $6
*** RIVER *** [Tc Jh 9s Qc] [3s]
svoy2: bets $6
MTails: calls $6
*** SHOW DOWN ***
svoy2: shows [8s As] (a straight, Eight to Queen)
MTails: mucks hand
svoy2 collected $47.50 from pot
*** SUMMARY ***
Total pot $48 | Rake $0.50
Board [Tc Jh 9s Qc 3s]
Seat 1: svoy2 (big blind) showed [8s As] and won ($47.50) with a straight, Eight to Queen
Seat 2: MTails (button) (small blind) mucked


PokerStars Hand #146554133447:  Hold'em Limit ($3/$6 USD) - 2016/01/06 4:39:56 ET
Table 'Betulia' 2-max Seat #2 is the button
Seat 1: svoy2 ($564.78 in chips)
Seat 2: MTails ($198.82 in chips)
MTails: posts small blind $1
svoy2: posts big blind $3
*** HOLE CARDS ***
MTails: raises $3 to $6
svoy2: folds
Uncalled bet ($3) returned to MTails
MTails collected $6 from pot
*** SUMMARY ***
Total pot $6 | Rake $0
Seat 1: svoy2 (big blind) folded before Flop
Seat 2: MTails (button) (small blind) collected ($6)


PokerStars Hand #146554128037:  Hold'em Limit ($3/$6 USD) - 2016/01/06 4:39:43 ET
Table 'Betulia' 2-max Seat #1 is the button
Seat 1: svoy2 ($573.78 in chips)
Seat 2: MTails ($190.18 in chips)
svoy2: posts small blind $1
MTails: posts big blind $3
*** HOLE CARDS ***
svoy2: raises $3 to $6
MTails: calls $3
*** FLOP *** [3s As Qd]
MTails: checks
svoy2: bets $3
MTails: calls $3
*** TURN *** [3s As Qd] [Kc]
MTails: checks
svoy2: checks
*** RIVER *** [3s As Qd Kc] [5h]
MTails: bets $6
svoy2: folds
Uncalled bet ($6) returned to MTails
MTails collected $17.64 from pot
*** SUMMARY ***
Total pot $18 | Rake $0.36
Board [3s As Qd Kc 5h]
Seat 1: svoy2 (button) (small blind) folded on the River
Seat 2: MTails (big blind) collected ($17.64)


PokerStars Hand #146554122183:  Hold'em Limit ($3/$6 USD) - 2016/01/06 4:39:29 ET
Table 'Betulia' 2-max Seat #2 is the button
Seat 1: svoy2 ($597.78 in chips)
Seat 2: MTails ($166.68 in chips)
MTails: posts small blind $1
svoy2: posts big blind $3
*** HOLE CARDS ***
MTails: raises $3 to $6
svoy2: calls $3
*** FLOP *** [Ts 6c 3c]
svoy2: checks
MTails: bets $3
svoy2: raises $3 to $6
MTails: calls $3
*** TURN *** [Ts 6c 3c] [Jd]
svoy2: bets $6
MTails: calls $6
*** RIVER *** [Ts 6c 3c Jd] [6d]
svoy2: bets $6
MTails: raises $6 to $12
svoy2: folds
Uncalled bet ($6) returned to MTails
MTails collected $47.50 from pot
*** SUMMARY ***
Total pot $48 | Rake $0.50
Board [Ts 6c 3c Jd 6d]
Seat 1: svoy2 (big blind) folded on the River
Seat 2: MTails (button) (small blind) collected ($47.50)


PokerStars Hand #146554168446:  Hold'em Limit ($3/$6 USD) - 2016/01/06 4:41:18 ET
Table 'Betulia' 2-max Seat #1 is the button
Seat 1: svoy2 ($570.68 in chips)
Seat 2: MTails ($191.10 in chips)
svoy2: posts small blind $1
MTails: posts big blind $3
*** HOLE CARDS ***
svoy2: raises $3 to $6
MTails: calls $3
*** FLOP *** [4c Jd 9c]
MTails: checks
svoy2: checks
*** TURN *** [4c Jd 9c] [Ks]
MTails: bets $6
svoy2: folds
Uncalled bet ($6) returned to MTails
MTails collected $11.76 from pot
MTails: doesn't show hand
*** SUMMARY ***
Total pot $12 | Rake $0.24
Board [4c Jd 9c Ks]
Seat 1: svoy2 (button) (small blind) folded on the Turn
Seat 2: MTails (big blind) collected ($11.76)


PokerStars Hand #146554166553:  Hold'em Limit ($3/$6 USD) - 2016/01/06 4:41:13 ET
Table 'Betulia' 2-max Seat #2 is the button
Seat 1: svoy2 ($573.68 in chips)
Seat 2: MTails ($188.10 in chips)
MTails: posts small blind $1
svoy2: posts big blind $3
*** HOLE CARDS ***
MTails: raises $3 to $6
svoy2: folds
Uncalled bet ($3) returned to MTails
MTails collected $6 from pot
*** SUMMARY ***
Total pot $6 | Rake $0
Seat 1: svoy2 (big blind) folded before Flop
Seat 2: MTails (button) (small blind) collected ($6)


PokerStars Hand #146554161407:  Hold'em Limit ($3/$6 USD) - 2016/01/06 4:41:01 ET
Table 'Betulia' 2-max Seat #1 is the button
Seat 1: svoy2 ($565.04 in chips)
Seat 2: MTails ($197.10 in chips)
svoy2: posts small blind $1
MTails: posts big blind $3
*** HOLE CARDS ***
svoy2: raises $3 to $6
MTails: calls $3
*** FLOP *** [Js 6c Jd]
MTails: checks
svoy2: bets $3
MTails: calls $3
*** TURN *** [Js 6c Jd] [Qh]
MTails: checks
svoy2: bets $6
MTails: folds
Uncalled bet ($6) returned to svoy2
svoy2 collected $17.64 from pot
svoy2: doesn't show hand
*** SUMMARY ***
Total pot $18 | Rake $0.36
Board [Js 6c Jd Qh]
Seat 1: svoy2 (button) (small blind) collected ($17.64)
Seat 2: MTails (big blind) folded on the Turn


PokerStars Hand #146554159612:  Hold'em Limit ($3/$6 USD) - 2016/01/06 4:40:57 ET
Table 'Betulia' 2-max Seat #2 is the button
Seat 1: svoy2 ($568.04 in chips)
Seat 2: MTails ($194.10 in chips)
MTails: posts small blind $1
svoy2: posts big blind $3
*** HOLE CARDS ***
MTails: raises $3 to $6
svoy2: folds
Uncalled bet ($3) returned to MTails
MTails collected $6 from pot
*** SUMMARY ***
Total pot $6 | Rake $0
Seat 1: svoy2 (big blind) folded before Flop
Seat 2: MTails (button) (small blind) collected ($6)


PokerStars Hand #146554155500:  Hold'em Limit ($3/$6 USD) - 2016/01/06 4:40:47 ET
Table 'Betulia' 2-max Seat #1 is the button
Seat 1: svoy2 ($580.04 in chips)
Seat 2: MTails ($182.58 in chips)
svoy2: posts small blind $1
MTails: posts big blind $3
*** HOLE CARDS ***
svoy2: raises $3 to $6
MTails: raises $3 to $9
svoy2: calls $3
*** FLOP *** [3c 6s 4s]
MTails: bets $3
svoy2: calls $3
*** TURN *** [3c 6s 4s] [Ah]
MTails: bets $6
svoy2: folds
Uncalled bet ($6) returned to MTails
MTails collected $23.52 from pot
*** SUMMARY ***
Total pot $24 | Rake $0.48
Board [3c 6s 4s Ah]
Seat 1: svoy2 (button) (small blind) folded on the Turn
Seat 2: MTails (big blind) collected ($23.52)


PokerStars Hand #146554151407:  Hold'em Limit ($3/$6 USD) - 2016/01/06 4:40:38 ET
Table 'Betulia' 2-max Seat #1 is the button
Seat 1: svoy2 ($584.04 in chips)
Seat 2: MTails ($178.58 in chips)
svoy2: posts small blind $1
MTails: posts big blind $3
*** HOLE CARDS ***
svoy2: folds
Uncalled bet ($2) returned to MTails
MTails collected $2 from pot
MTails: doesn't show hand
*** SUMMARY ***
Total pot $2 | Rake $0
Seat 1: svoy2 (button) (small blind) folded before Flop
Seat 2: MTails (big blind) collected ($2)


PokerStars Hand #146554148051:  Hold'em Limit ($3/$6 USD) - 2016/01/06 4:40:30 ET
Table 'Betulia' 2-max Seat #2 is the button
Seat 1: svoy2 ($590.04 in chips)
Seat 2: MTails ($172.82 in chips)
MTails: posts small blind $1
svoy2: posts big blind $3
*** HOLE CARDS ***
MTails: raises $3 to $6
svoy2: calls $3
*** FLOP *** [Qs 7d Tc]
svoy2: checks
MTails: bets $3
svoy2: folds
Uncalled bet ($3) returned to MTails
MTails collected $11.76 from pot
*** SUMMARY ***
Total pot $12 | Rake $0.24
Board [Qs 7d Tc]
Seat 1: svoy2 (big blind) folded on the Flop
Seat 2: MTails (button) (small blind) collected ($11.76)


PokerStars Hand #146554153234:  Hold'em Limit ($3/$6 USD) - 2016/01/06 4:40:42 ET
Table 'Betulia' 2-max Seat #2 is the button
Seat 1: svoy2 ($583.04 in chips)
Seat 2: MTails ($179.58 in chips)
MTails: posts small blind $1
svoy2: posts big blind $3
*** HOLE CARDS ***
MTails: raises $3 to $6
svoy2: folds
Uncalled bet ($3) returned to MTails
MTails collected $6 from pot
*** SUMMARY ***
Total pot $6 | Rake $0
Seat 1: svoy2 (big blind) folded before Flop
Seat 2: MTails (button) (small blind) collected ($6)


PokerStars Hand #146554179909:  Hold'em Limit ($3/$6 USD) - 2016/01/06 4:41:44 ET
Table 'Betulia' 2-max Seat #2 is the button
Seat 1: svoy2 ($582.18 in chips)
Seat 2: MTails ($178.86 in chips)
MTails: posts small blind $1
svoy2: posts big blind $3
*** HOLE CARDS ***
MTails: raises $3 to $6
svoy2: raises $3 to $9
MTails: calls $3
*** FLOP *** [5c 6d Qd]
svoy2: bets $3
MTails: calls $3
*** TURN *** [5c 6d Qd] [Js]
svoy2: checks
MTails: bets $6
svoy2: calls $6
*** RIVER *** [5c 6d Qd Js] [4d]
svoy2: checks
MTails: bets $6
svoy2: calls $6
*** SHOW DOWN ***
MTails: shows [6h 4h] (two pair, Sixes and Fours)
svoy2: mucks hand
MTails collected $47.50 from pot
*** SUMMARY ***
Total pot $48 | Rake $0.50
Board [5c 6d Qd Js 4d]
Seat 1: svoy2 (big blind) mucked
Seat 2: MTails (button) (small blind) showed [6h 4h] and won ($47.50) with two pair, Sixes and Fours


PokerStars Hand #146554194350:  Hold'em Limit ($3/$6 USD) - 2016/01/06 4:42:16 ET
Table 'Betulia' 2-max Seat #1 is the button
Seat 1: svoy2 ($572.58 in chips)
Seat 2: MTails ($187.36 in chips)
svoy2: posts small blind $1
MTails: posts big blind $3
*** HOLE CARDS ***
svoy2: raises $3 to $6
MTails: raises $3 to $9
svoy2: calls $3
*** FLOP *** [3c Jh 7c]
MTails: bets $3
svoy2: calls $3
*** TURN *** [3c Jh 7c] [8s]
MTails: bets $6
svoy2: raises $6 to $12
MTails: raises $6 to $18
svoy2: raises $6 to $24
Betting is capped
MTails: calls $6
*** RIVER *** [3c Jh 7c 8s] [Kh]
MTails: checks
svoy2: checks
*** SHOW DOWN ***
MTails: shows [Jd Kc] (two pair, Kings and Jacks)
svoy2: mucks hand
MTails collected $71.50 from pot
*** SUMMARY ***
Total pot $72 | Rake $0.50
Board [3c Jh 7c 8s Kh]
Seat 1: svoy2 (button) (small blind) mucked
Seat 2: MTails (big blind) showed [Jd Kc] and won ($71.50) with two pair, Kings and Jacks


PokerStars Hand #146554190412:  Hold'em Limit ($3/$6 USD) - 2016/01/06 4:42:07 ET
Table 'Betulia' 2-max Seat #2 is the button
Seat 1: svoy2 ($563.94 in chips)
Seat 2: MTails ($196.36 in chips)
MTails: posts small blind $1
svoy2: posts big blind $3
*** HOLE CARDS ***
MTails: raises $3 to $6
svoy2: calls $3
*** FLOP *** [9d 4c 8h]
svoy2: checks
MTails: bets $3
svoy2: raises $3 to $6
MTails: folds
Uncalled bet ($3) returned to svoy2
svoy2 collected $17.64 from pot
svoy2: doesn't show hand
*** SUMMARY ***
Total pot $18 | Rake $0.36
Board [9d 4c 8h]
Seat 1: svoy2 (big blind) collected ($17.64)
Seat 2: MTails (button) (small blind) folded on the Flop


PokerStars Hand #146554186171:  Hold'em Limit ($3/$6 USD) - 2016/01/06 4:41:59 ET
Table 'Betulia' 2-max Seat #1 is the button
Seat 1: svoy2 ($558.18 in chips)
Seat 2: MTails ($202.36 in chips)
svoy2: posts small blind $1
MTails: posts big blind $3
*** HOLE CARDS ***
svoy2: raises $3 to $6
MTails: calls $3
*** FLOP *** [7h 8s Qh]
MTails: checks
svoy2: bets $3
MTails: folds
Uncalled bet ($3) returned to svoy2
svoy2 collected $11.76 from pot
*** SUMMARY ***
Total pot $12 | Rake $0.24
Board [7h 8s Qh]
Seat 1: svoy2 (button) (small blind) collected ($11.76)
Seat 2: MTails (big blind) folded on the Flop


PokerStars Hand #146554177941:  Hold'em Limit ($3/$6 USD) - 2016/01/06 4:41:39 ET
Table 'Betulia' 2-max Seat #1 is the button
Seat 1: svoy2 ($579.18 in chips)
Seat 2: MTails ($181.86 in chips)
svoy2: posts small blind $1
MTails: posts big blind $3
*** HOLE CARDS ***
svoy2: raises $3 to $6
MTails: folds
Uncalled bet ($3) returned to svoy2
svoy2 collected $6 from pot
svoy2: doesn't show hand
*** SUMMARY ***
Total pot $6 | Rake $0
Seat 1: svoy2 (button) (small blind) collected ($6)
Seat 2: MTails (big blind) folded before Flop


PokerStars Hand #146554172351:  Hold'em Limit ($3/$6 USD) - 2016/01/06 4:41:27 ET
Table 'Betulia' 2-max Seat #2 is the button
Seat 1: svoy2 ($564.68 in chips)
Seat 2: MTails ($196.86 in chips)
MTails: posts small blind $1
svoy2: posts big blind $3
*** HOLE CARDS ***
MTails: raises $3 to $6
svoy2: calls $3
*** FLOP *** [Ah 8s 5c]
svoy2: checks
MTails: bets $3
svoy2: calls $3
*** TURN *** [Ah 8s 5c] [Tc]
svoy2: checks
MTails: bets $6
svoy2: calls $6
*** RIVER *** [Ah 8s 5c Tc] [6c]
svoy2: checks
MTails: checks
*** SHOW DOWN ***
svoy2: shows [Js Kd] (high card Ace)
MTails: mucks hand
svoy2 collected $29.50 from pot
*** SUMMARY ***
Total pot $30 | Rake $0.50
Board [Ah 8s 5c Tc 6c]
Seat 1: svoy2 (big blind) showed [Js Kd] and won ($29.50) with high card Ace
Seat 2: MTails (button) (small blind) mucked


PokerStars Hand #146554212305:  Hold'em Limit ($3/$6 USD) - 2016/01/06 4:42:57 ET
Table 'Betulia' 2-max Seat #2 is the button
Seat 1: svoy2 ($518.58 in chips)
Seat 2: MTails ($240.36 in chips)
MTails: posts small blind $1
svoy2: posts big blind $3
*** HOLE CARDS ***
MTails: raises $3 to $6
svoy2: raises $3 to $9
MTails: calls $3
*** FLOP *** [7h 3c Jh]
svoy2: bets $3
MTails: calls $3
*** TURN *** [7h 3c Jh] [4c]
svoy2: checks
MTails: bets $6
svoy2: raises $6 to $12
MTails: calls $6
*** RIVER *** [7h 3c Jh 4c] [2s]
svoy2: bets $6
MTails: raises $6 to $12
svoy2: calls $6
*** SHOW DOWN ***
MTails: shows [9c Qd] (high card Queen)
svoy2: shows [Ks Jc] (a pair of Jacks)
svoy2 collected $71.50 from pot
*** SUMMARY ***
Total pot $72 | Rake $0.50
Board [7h 3c Jh 4c 2s]
Seat 1: svoy2 (big blind) showed [Ks Jc] and won ($71.50) with a pair of Jacks
Seat 2: MTails (button) (small blind) showed [9c Qd] and lost with high card Queen


PokerStars Hand #146554207333:  Hold'em Limit ($3/$6 USD) - 2016/01/06 4:42:46 ET
Table 'Betulia' 2-max Seat #1 is the button
Seat 1: svoy2 ($533.58 in chips)
Seat 2: MTails ($225.86 in chips)
svoy2: posts small blind $1
MTails: posts big blind $3
*** HOLE CARDS ***
svoy2: raises $3 to $6
MTails: calls $3
*** FLOP *** [6h Th Ad]
MTails: checks
svoy2: bets $3
MTails: calls $3
*** TURN *** [6h Th Ad] [Jc]
MTails: checks
svoy2: checks
*** RIVER *** [6h Th Ad Jc] [3d]
MTails: bets $6
svoy2: calls $6
*** SHOW DOWN ***
MTails: shows [Jh 8s] (a pair of Jacks)
svoy2: mucks hand
MTails collected $29.50 from pot
*** SUMMARY ***
Total pot $30 | Rake $0.50
Board [6h Th Ad Jc 3d]
Seat 1: svoy2 (button) (small blind) mucked
Seat 2: MTails (big blind) showed [Jh 8s] and won ($29.50) with a pair of Jacks


PokerStars Hand #146554219211:  Hold'em Limit ($3/$6 USD) - 2016/01/06 4:43:13 ET
Table 'Betulia' 2-max Seat #1 is the button
Seat 1: svoy2 ($554.08 in chips)
Seat 2: MTails ($204.36 in chips)
svoy2: posts small blind $1
MTails: posts big blind $3
*** HOLE CARDS ***
svoy2: raises $3 to $6
MTails: calls $3
*** FLOP *** [6s 4s Ks]
MTails: checks
svoy2: bets $3
MTails: raises $3 to $6
svoy2: calls $3
*** TURN *** [6s 4s Ks] [8d]
MTails: bets $6
svoy2: raises $6 to $12
MTails: calls $6
*** RIVER *** [6s 4s Ks 8d] [8h]
MTails: checks
svoy2: bets $6
MTails: folds
Uncalled bet ($6) returned to svoy2
svoy2 collected $47.50 from pot
svoy2: doesn't show hand
*** SUMMARY ***
Total pot $48 | Rake $0.50
Board [6s 4s Ks 8d 8h]
Seat 1: svoy2 (button) (small blind) collected ($47.50)
Seat 2: MTails (big blind) folded on the River


PokerStars Hand #146554205421:  Hold'em Limit ($3/$6 USD) - 2016/01/06 4:42:41 ET
Table 'Betulia' 2-max Seat #2 is the button
Seat 1: svoy2 ($532.58 in chips)
Seat 2: MTails ($226.86 in chips)
MTails: posts small blind $1
svoy2: posts big blind $3
*** HOLE CARDS ***
MTails: folds
Uncalled bet ($2) returned to svoy2
svoy2 collected $2 from pot
svoy2: doesn't show hand
*** SUMMARY ***
Total pot $2 | Rake $0
Seat 1: svoy2 (big blind) collected ($2)
Seat 2: MTails (button) (small blind) folded before Flop


PokerStars Hand #146554203619:  Hold'em Limit ($3/$6 USD) - 2016/01/06 4:42:37 ET
Table 'Betulia' 2-max Seat #1 is the button
Seat 1: svoy2 ($533.58 in chips)
Seat 2: MTails ($225.86 in chips)
svoy2: posts small blind $1
MTails: posts big blind $3
*** HOLE CARDS ***
svoy2: folds
Uncalled bet ($2) returned to MTails
MTails collected $2 from pot
MTails: doesn't show hand
*** SUMMARY ***
Total pot $2 | Rake $0
Seat 1: svoy2 (button) (small blind) folded before Flop
Seat 2: MTails (big blind) collected ($2)


PokerStars Hand #146554250698:  Hold'em Limit ($3/$6 USD) - 2016/01/06 4:44:23 ET
Table 'Betulia' 2-max Seat #2 is the button
Seat 1: svoy2 ($556.08 in chips)
Seat 2: MTails ($200.36 in chips)
MTails: posts small blind $1
svoy2: posts big blind $3
*** HOLE CARDS ***
MTails: raises $3 to $6
svoy2: raises $3 to $9
MTails: calls $3
*** FLOP *** [Ad 7c 7h]
svoy2: bets $3
MTails: folds
Uncalled bet ($3) returned to svoy2
svoy2 collected $17.64 from pot
svoy2: doesn't show hand
*** SUMMARY ***
Total pot $18 | Rake $0.36
Board [Ad 7c 7h]
Seat 1: svoy2 (big blind) collected ($17.64)
Seat 2: MTails (button) (small blind) folded on the Flop


PokerStars Hand #146554248580:  Hold'em Limit ($3/$6 USD) - 2016/01/06 4:44:18 ET
Table 'Betulia' 2-max Seat #1 is the button
Seat 1: svoy2 ($553.08 in chips)
Seat 2: MTails ($203.36 in chips)
svoy2: posts small blind $1
MTails: posts big blind $3
*** HOLE CARDS ***
svoy2: raises $3 to $6
MTails: folds
Uncalled bet ($3) returned to svoy2
svoy2 collected $6 from pot
svoy2: doesn't show hand
*** SUMMARY ***
Total pot $6 | Rake $0
Seat 1: svoy2 (button) (small blind) collected ($6)
Seat 2: MTails (big blind) folded before Flop


PokerStars Hand #146554246210:  Hold'em Limit ($3/$6 USD) - 2016/01/06 4:44:13 ET
Table 'Betulia' 2-max Seat #2 is the button
Seat 1: svoy2 ($552.08 in chips)
Seat 2: MTails ($204.36 in chips)
MTails: posts small blind $1
svoy2: posts big blind $3
*** HOLE CARDS ***
MTails: folds
Uncalled bet ($2) returned to svoy2
svoy2 collected $2 from pot
svoy2: doesn't show hand
*** SUMMARY ***
Total pot $2 | Rake $0
Seat 1: svoy2 (big blind) collected ($2)
Seat 2: MTails (button) (small blind) folded before Flop


PokerStars Hand #146554244426:  Hold'em Limit ($3/$6 USD) - 2016/01/06 4:44:09 ET
Table 'Betulia' 2-max Seat #1 is the button
Seat 1: svoy2 ($553.08 in chips)
Seat 2: MTails ($203.36 in chips)
svoy2: posts small blind $1
MTails: posts big blind $3
*** HOLE CARDS ***
svoy2: folds
Uncalled bet ($2) returned to MTails
MTails collected $2 from pot
*** SUMMARY ***
Total pot $2 | Rake $0
Seat 1: svoy2 (button) (small blind) folded before Flop
Seat 2: MTails (big blind) collected ($2)


PokerStars Hand #146554238338:  Hold'em Limit ($3/$6 USD) - 2016/01/06 4:43:55 ET
Table 'Betulia' 2-max Seat #2 is the button
Seat 1: svoy2 ($580.08 in chips)
Seat 2: MTails ($176.86 in chips)
MTails: posts small blind $1
svoy2: posts big blind $3
*** HOLE CARDS ***
MTails: raises $3 to $6
svoy2: calls $3
*** FLOP *** [Tc 5h 7d]
svoy2: checks
MTails: bets $3
svoy2: calls $3
*** TURN *** [Tc 5h 7d] [Ah]
svoy2: checks
MTails: bets $6
svoy2: raises $6 to $12
MTails: calls $6
*** RIVER *** [Tc 5h 7d Ah] [2c]
svoy2: bets $6
MTails: calls $6
*** SHOW DOWN ***
svoy2: shows [Jh 6h] (high card Ace)
MTails: shows [Ts 6c] (a pair of Tens)
MTails collected $53.50 from pot
*** SUMMARY ***
Total pot $54 | Rake $0.50
Board [Tc 5h 7d Ah 2c]
Seat 1: svoy2 (big blind) showed [Jh 6h] and lost with high card Ace
Seat 2: MTails (button) (small blind) showed [Ts 6c] and won ($53.50) with a pair of Tens


PokerStars Hand #146554232205:  Hold'em Limit ($3/$6 USD) - 2016/01/06 4:43:42 ET
Table 'Betulia' 2-max Seat #1 is the button
Seat 1: svoy2 ($598.08 in chips)
Seat 2: MTails ($159.36 in chips)
svoy2: posts small blind $1
MTails: posts big blind $3
*** HOLE CARDS ***
svoy2: raises $3 to $6
MTails: calls $3
*** FLOP *** [4d 9d 2d]
MTails: checks
svoy2: bets $3
MTails: raises $3 to $6
svoy2: calls $3
*** TURN *** [4d 9d 2d] [Ah]
MTails: checks
svoy2: bets $6
MTails: calls $6
*** RIVER *** [4d 9d 2d Ah] [5d]
MTails: checks
svoy2: checks
*** SHOW DOWN ***
MTails: shows [3c 9h] (a straight, Ace to Five)
svoy2: mucks hand
MTails collected $35.50 from pot
*** SUMMARY ***
Total pot $36 | Rake $0.50
Board [4d 9d 2d Ah 5d]
Seat 1: svoy2 (button) (small blind) mucked
Seat 2: MTails (big blind) showed [3c 9h] and won ($35.50) with a straight, Ace to Five


PokerStars Hand #146554226640:  Hold'em Limit ($3/$6 USD) - 2016/01/06 4:43:29 ET
Table 'Betulia' 2-max Seat #2 is the button
Seat 1: svoy2 ($577.58 in chips)
Seat 2: MTails ($180.36 in chips)
MTails: posts small blind $1
svoy2: posts big blind $3
*** HOLE CARDS ***
MTails: raises $3 to $6
svoy2: calls $3
*** FLOP *** [3c Qh Qs]
svoy2: checks
MTails: bets $3
svoy2: calls $3
*** TURN *** [3c Qh Qs] [Jh]
svoy2: checks
MTails: bets $6
svoy2: raises $6 to $12
MTails: calls $6
*** RIVER *** [3c Qh Qs Jh] [7c]
svoy2: bets $6
MTails: folds
Uncalled bet ($6) returned to svoy2
svoy2 collected $41.50 from pot
svoy2: doesn't show hand
*** SUMMARY ***
Total pot $42 | Rake $0.50
Board [3c Qh Qs Jh 7c]
Seat 1: svoy2 (big blind) collected ($41.50)
Seat 2: MTails (button) (small blind) folded on the River


PokerStars Hand #146554253939:  Hold'em Limit ($3/$6 USD) - 2016/01/06 4:44:30 ET
Table 'Betulia' 2-max Seat #1 is the button
Seat 1: svoy2 ($564.72 in chips)
Seat 2: MTails ($191.36 in chips)
svoy2: posts small blind $1
MTails: posts big blind $3
*** HOLE CARDS ***
svoy2: raises $3 to $6
MTails: raises $3 to $9
svoy2: calls $3
*** FLOP *** [7c 6d Jh]
MTails: bets $3
svoy2: calls $3
*** TURN *** [7c 6d Jh] [Td]
MTails: bets $6
svoy2: raises $6 to $12
MTails: raises $6 to $18
svoy2: calls $6
*** RIVER *** [7c 6d Jh Td] [5c]
MTails: bets $6
svoy2: calls $6
*** SHOW DOWN ***
MTails: shows [Jd Qc] (a pair of Jacks)
svoy2: mucks hand
MTails collected $71.50 from pot
*** SUMMARY ***
Total pot $72 | Rake $0.50
Board [7c 6d Jh Td 5c]
Seat 1: svoy2 (button) (small blind) mucked
Seat 2: MTails (big blind) showed [Jd Qc] and won ($71.50) with a pair of Jacks


PokerStars Hand #146554276235:  Hold'em Limit ($3/$6 USD) - 2016/01/06 4:45:20 ET
Table 'Betulia' 2-max Seat #1 is the button
Seat 1: svoy2 ($489.48 in chips)
Seat 2: MTails ($264.86 in chips)
svoy2: posts small blind $1
MTails: posts big blind $3
*** HOLE CARDS ***
svoy2: folds
Uncalled bet ($2) returned to MTails
MTails collected $2 from pot
MTails: doesn't show hand
*** SUMMARY ***
Total pot $2 | Rake $0
Seat 1: svoy2 (button) (small blind) folded before Flop
Seat 2: MTails (big blind) collected ($2)


PokerStars Hand #146554270670:  Hold'em Limit ($3/$6 USD) - 2016/01/06 4:45:07 ET
Table 'Betulia' 2-max Seat #2 is the button
Seat 1: svoy2 ($510.48 in chips)
Seat 2: MTails ($244.36 in chips)
MTails: posts small blind $1
svoy2: posts big blind $3
*** HOLE CARDS ***
MTails: raises $3 to $6
svoy2: calls $3
*** FLOP *** [5c 7c 3s]
svoy2: checks
MTails: bets $3
svoy2: calls $3
*** TURN *** [5c 7c 3s] [2h]
svoy2: checks
MTails: checks
*** RIVER *** [5c 7c 3s 2h] [9s]
svoy2: bets $6
MTails: raises $6 to $12
svoy2: calls $6
*** SHOW DOWN ***
MTails: shows [6h 8c] (a straight, Five to Nine)
svoy2: mucks hand
MTails collected $41.50 from pot
*** SUMMARY ***
Total pot $42 | Rake $0.50
Board [5c 7c 3s 2h 9s]
Seat 1: svoy2 (big blind) mucked
Seat 2: MTails (button) (small blind) showed [6h 8c] and won ($41.50) with a straight, Five to Nine


PokerStars Hand #146554265903:  Hold'em Limit ($3/$6 USD) - 2016/01/06 4:44:57 ET
Table 'Betulia' 2-max Seat #1 is the button
Seat 1: svoy2 ($504.72 in chips)
Seat 2: MTails ($250.36 in chips)
svoy2: posts small blind $1
MTails: posts big blind $3
*** HOLE CARDS ***
svoy2: raises $3 to $6
MTails: calls $3
*** FLOP *** [5h 9d Js]
MTails: checks
svoy2: bets $3
MTails: folds
Uncalled bet ($3) returned to svoy2
svoy2 collected $11.76 from pot
svoy2: doesn't show hand
*** SUMMARY ***
Total pot $12 | Rake $0.24
Board [5h 9d Js]
Seat 1: svoy2 (button) (small blind) collected ($11.76)
Seat 2: MTails (big blind) folded on the Flop


PokerStars Hand #146554259762:  Hold'em Limit ($3/$6 USD) - 2016/01/06 4:44:43 ET
Table 'Betulia' 2-max Seat #2 is the button
Seat 1: svoy2 ($528.72 in chips)
Seat 2: MTails ($226.86 in chips)
MTails: posts small blind $1
svoy2: posts big blind $3
*** HOLE CARDS ***
MTails: raises $3 to $6
svoy2: calls $3
*** FLOP *** [Qh Ah 6c]
svoy2: checks
MTails: bets $3
svoy2: raises $3 to $6
MTails: calls $3
*** TURN *** [Qh Ah 6c] [Jh]
svoy2: bets $6
MTails: calls $6
*** RIVER *** [Qh Ah 6c Jh] [Th]
svoy2: bets $6
MTails: calls $6
*** SHOW DOWN ***
svoy2: shows [5h 2h] (a flush, Ace high)
MTails: shows [7h Kc] (a flush, Ace high - Seven higher)
MTails collected $47.50 from pot
*** SUMMARY ***
Total pot $48 | Rake $0.50
Board [Qh Ah 6c Jh Th]
Seat 1: svoy2 (big blind) showed [5h 2h] and lost with a flush, Ace high
Seat 2: MTails (button) (small blind) showed [7h Kc] and won ($47.50) with a flush, Ace high


PokerStars Hand #146554298361:  Hold'em Limit ($3/$6 USD) - 2016/01/06 4:46:09 ET
Table 'Betulia' 2-max Seat #2 is the button
Seat 1: svoy2 ($471.48 in chips)
Seat 2: MTails ($282.26 in chips)
MTails: posts small blind $1
svoy2: posts big blind $3
*** HOLE CARDS ***
MTails: folds
Uncalled bet ($2) returned to svoy2
svoy2 collected $2 from pot
svoy2: doesn't show hand
*** SUMMARY ***
Total pot $2 | Rake $0
Seat 1: svoy2 (big blind) collected ($2)
Seat 2: MTails (button) (small blind) folded before Flop


PokerStars Hand #146554292042:  Hold'em Limit ($3/$6 USD) - 2016/01/06 4:45:55 ET
Table 'Betulia' 2-max Seat #1 is the button
Seat 1: svoy2 ($480.48 in chips)
Seat 2: MTails ($273.62 in chips)
svoy2: posts small blind $1
MTails: posts big blind $3
*** HOLE CARDS ***
svoy2: raises $3 to $6
MTails said, "yes i run good now"
MTails: calls $3
*** FLOP *** [6c Jh 3s]
MTails: checks
svoy2: bets $3
MTails: calls $3
*** TURN *** [6c Jh 3s] [9c]
MTails: checks
svoy2: checks
*** RIVER *** [6c Jh 3s 9c] [8d]
MTails: checks
svoy2: checks
*** SHOW DOWN ***
MTails: shows [4d Ac] (high card Ace)
svoy2: mucks hand
MTails collected $17.64 from pot
*** SUMMARY ***
Total pot $18 | Rake $0.36
Board [6c Jh 3s 9c 8d]
Seat 1: svoy2 (button) (small blind) mucked
Seat 2: MTails (big blind) showed [4d Ac] and won ($17.64) with high card Ace


PokerStars Hand #146554300429:  Hold'em Limit ($3/$6 USD) - 2016/01/06 4:46:14 ET
Table 'Betulia' 2-max Seat #1 is the button
Seat 1: svoy2 ($472.48 in chips)
Seat 2: MTails ($281.26 in chips)
svoy2: posts small blind $1
MTails: posts big blind $3
*** HOLE CARDS ***
svoy2: raises $3 to $6
MTails: folds
Uncalled bet ($3) returned to svoy2
svoy2 collected $6 from pot
svoy2: doesn't show hand
*** SUMMARY ***
Total pot $6 | Rake $0
Seat 1: svoy2 (button) (small blind) collected ($6)
Seat 2: MTails (big blind) folded before Flop


PokerStars Hand #146554290134:  Hold'em Limit ($3/$6 USD) - 2016/01/06 4:45:51 ET
Table 'Betulia' 2-max Seat #2 is the button
Seat 1: svoy2 ($483.48 in chips)
Seat 2: MTails ($270.62 in chips)
MTails: posts small blind $1
svoy2: posts big blind $3
*** HOLE CARDS ***
MTails: raises $3 to $6
svoy2: folds
Uncalled bet ($3) returned to MTails
MTails collected $6 from pot
*** SUMMARY ***
Total pot $6 | Rake $0
Seat 1: svoy2 (big blind) folded before Flop
Seat 2: MTails (button) (small blind) collected ($6)


PokerStars Hand #146554280022:  Hold'em Limit ($3/$6 USD) - 2016/01/06 4:45:28 ET
Table 'Betulia' 2-max Seat #1 is the button
Seat 1: svoy2 ($489.48 in chips)
Seat 2: MTails ($264.86 in chips)
svoy2: posts small blind $1
MTails: posts big blind $3
*** HOLE CARDS ***
svoy2 said, "unreal collect 100%hand"
svoy2: raises $3 to $6
MTails: calls $3
*** FLOP *** [8c 4d 3c]
MTails: checks
svoy2: checks
*** TURN *** [8c 4d 3c] [5h]
MTails: bets $6
svoy2: folds
Uncalled bet ($6) returned to MTails
MTails collected $11.76 from pot
*** SUMMARY ***
Total pot $12 | Rake $0.24
Board [8c 4d 3c 5h]
Seat 1: svoy2 (button) (small blind) folded on the Turn
Seat 2: MTails (big blind) collected ($11.76)


PokerStars Hand #146554312918:  Hold'em Limit ($3/$6 USD) - 2016/01/06 4:46:41 ET
Table 'Betulia' 2-max Seat #2 is the button
Seat 1: svoy2 ($491.98 in chips)
Seat 2: MTails ($261.26 in chips)
MTails: posts small blind $1
svoy2: posts big blind $3
*** HOLE CARDS ***
MTails: raises $3 to $6
svoy2: folds
Uncalled bet ($3) returned to MTails
MTails collected $6 from pot
*** SUMMARY ***
Total pot $6 | Rake $0
Seat 1: svoy2 (big blind) folded before Flop
Seat 2: MTails (button) (small blind) collected ($6)


PokerStars Hand #146554311095:  Hold'em Limit ($3/$6 USD) - 2016/01/06 4:46:37 ET
Table 'Betulia' 2-max Seat #1 is the button
Seat 1: svoy2 ($492.98 in chips)
Seat 2: MTails ($260.26 in chips)
svoy2: posts small blind $1
MTails: posts big blind $3
*** HOLE CARDS ***
svoy2: folds
Uncalled bet ($2) returned to MTails
MTails collected $2 from pot
*** SUMMARY ***
Total pot $2 | Rake $0
Seat 1: svoy2 (button) (small blind) folded before Flop
Seat 2: MTails (big blind) collected ($2)


PokerStars Hand #146554302557:  Hold'em Limit ($3/$6 USD) - 2016/01/06 4:46:19 ET
Table 'Betulia' 2-max Seat #2 is the button
Seat 1: svoy2 ($475.48 in chips)
Seat 2: MTails ($278.26 in chips)
MTails: posts small blind $1
svoy2: posts big blind $3
*** HOLE CARDS ***
MTails: raises $3 to $6
svoy2: raises $3 to $9
MTails: calls $3
*** FLOP *** [4h 7s Td]
svoy2: bets $3
MTails: calls $3
*** TURN *** [4h 7s Td] [6c]
svoy2: bets $6
MTails: calls $6
*** RIVER *** [4h 7s Td 6c] [2s]
svoy2: bets $6
MTails: folds
Uncalled bet ($6) returned to svoy2
svoy2 collected $35.50 from pot
svoy2: doesn't show hand
*** SUMMARY ***
Total pot $36 | Rake $0.50
Board [4h 7s Td 6c 2s]
Seat 1: svoy2 (big blind) collected ($35.50)
Seat 2: MTails (button) (small blind) folded on the River


PokerStars Hand #146554322390:  Hold'em Limit ($3/$6 USD) - 2016/01/06 4:47:03 ET
Table 'Betulia' 2-max Seat #1 is the button
Seat 1: svoy2 ($479.98 in chips)
Seat 2: MTails ($273.02 in chips)
svoy2: posts small blind $1
MTails: posts big blind $3
*** HOLE CARDS ***
svoy2: folds
Uncalled bet ($2) returned to MTails
MTails collected $2 from pot
MTails: doesn't show hand
*** SUMMARY ***
Total pot $2 | Rake $0
Seat 1: svoy2 (button) (small blind) folded before Flop
Seat 2: MTails (big blind) collected ($2)


PokerStars Hand #146554320315:  Hold'em Limit ($3/$6 USD) - 2016/01/06 4:46:58 ET
Table 'Betulia' 2-max Seat #2 is the button
Seat 1: svoy2 ($482.98 in chips)
Seat 2: MTails ($270.02 in chips)
MTails: posts small blind $1
svoy2: posts big blind $3
*** HOLE CARDS ***
MTails: raises $3 to $6
svoy2: folds
Uncalled bet ($3) returned to MTails
MTails collected $6 from pot
*** SUMMARY ***
Total pot $6 | Rake $0
Seat 1: svoy2 (big blind) folded before Flop
Seat 2: MTails (button) (small blind) collected ($6)


PokerStars Hand #146554314946:  Hold'em Limit ($3/$6 USD) - 2016/01/06 4:46:46 ET
Table 'Betulia' 2-max Seat #1 is the button
Seat 1: svoy2 ($488.98 in chips)
Seat 2: MTails ($264.26 in chips)
svoy2: posts small blind $1
MTails: posts big blind $3
*** HOLE CARDS ***
svoy2: raises $3 to $6
MTails: calls $3
*** FLOP *** [3h 8c Js]
MTails: checks
svoy2: checks
*** TURN *** [3h 8c Js] [8s]
MTails: checks
svoy2: checks
*** RIVER *** [3h 8c Js 8s] [Th]
MTails: bets $6
svoy2: folds
Uncalled bet ($6) returned to MTails
MTails collected $11.76 from pot
*** SUMMARY ***
Total pot $12 | Rake $0.24
Board [3h 8c Js 8s Th]
Seat 1: svoy2 (button) (small blind) folded on the River
Seat 2: MTails (big blind) collected ($11.76)


PokerStars Hand #146554330321:  Hold'em Limit ($3/$6 USD) - 2016/01/06 4:47:11 ET
Table 'Betulia' 2-max Seat #1 is the button
Seat 1: svoy2 ($479.98 in chips)
Seat 2: MTails ($273.02 in chips)
svoy2: posts small blind $1
MTails: posts big blind $3
*** HOLE CARDS ***
svoy2: folds
Uncalled bet ($2) returned to MTails
MTails collected $2 from pot
*** SUMMARY ***
Total pot $2 | Rake $0
Seat 1: svoy2 (button) (small blind) folded before Flop
Seat 2: MTails (big blind) collected ($2)


PokerStars Hand #146554328454:  Hold'em Limit ($3/$6 USD) - 2016/01/06 4:47:07 ET
Table 'Betulia' 2-max Seat #2 is the button
Seat 1: svoy2 ($478.98 in chips)
Seat 2: MTails ($274.02 in chips)
MTails: posts small blind $1
svoy2: posts big blind $3
*** HOLE CARDS ***
MTails: folds
Uncalled bet ($2) returned to svoy2
svoy2 collected $2 from pot
svoy2: doesn't show hand
*** SUMMARY ***
Total pot $2 | Rake $0
Seat 1: svoy2 (big blind) collected ($2)
Seat 2: MTails (button) (small blind) folded before Flop


PokerStars Hand #146554352063:  Hold'em Limit ($3/$6 USD) - 2016/01/06 4:47:44 ET
Table 'Betulia' 2-max Seat #2 is the button
Seat 1: svoy2 ($519.48 in chips)
Seat 2: MTails ($233.02 in chips)
MTails: posts small blind $1
svoy2: posts big blind $3
*** HOLE CARDS ***
MTails: raises $3 to $6
svoy2: raises $3 to $9
MTails: calls $3
*** FLOP *** [2s Qs 2h]
svoy2: bets $3
MTails: folds
Uncalled bet ($3) returned to svoy2
svoy2 collected $17.64 from pot
svoy2: doesn't show hand
*** SUMMARY ***
Total pot $18 | Rake $0.36
Board [2s Qs 2h]
Seat 1: svoy2 (big blind) collected ($17.64)
Seat 2: MTails (button) (small blind) folded on the Flop


PokerStars Hand #146554356173:  Hold'em Limit ($3/$6 USD) - 2016/01/06 4:47:52 ET
Table 'Betulia' 2-max Seat #1 is the button
Seat 1: svoy2 ($528.12 in chips)
Seat 2: MTails ($224.02 in chips)
svoy2: posts small blind $1
MTails: posts big blind $3
*** HOLE CARDS ***
svoy2: raises $3 to $6
MTails: calls $3
*** FLOP *** [Kc Qc 2d]
MTails: checks
svoy2: checks
*** TURN *** [Kc Qc 2d] [Ts]
MTails: bets $6
svoy2: folds
Uncalled bet ($6) returned to MTails
MTails collected $11.76 from pot
*** SUMMARY ***
Total pot $12 | Rake $0.24
Board [Kc Qc 2d Ts]
Seat 1: svoy2 (button) (small blind) folded on the Turn
Seat 2: MTails (big blind) collected ($11.76)


PokerStars Hand #146554350063:  Hold'em Limit ($3/$6 USD) - 2016/01/06 4:47:40 ET
Table 'Betulia' 2-max Seat #1 is the button
Seat 1: svoy2 ($520.48 in chips)
Seat 2: MTails ($232.02 in chips)
svoy2: posts small blind $1
MTails: posts big blind $3
*** HOLE CARDS ***
svoy2: folds
Uncalled bet ($2) returned to MTails
MTails collected $2 from pot
*** SUMMARY ***
Total pot $2 | Rake $0
Seat 1: svoy2 (button) (small blind) folded before Flop
Seat 2: MTails (big blind) collected ($2)


PokerStars Hand #146554334984:  Hold'em Limit ($3/$6 USD) - 2016/01/06 4:47:16 ET
Table 'Betulia' 2-max Seat #2 is the button
Seat 1: svoy2 ($478.98 in chips)
Seat 2: MTails ($274.02 in chips)
MTails: posts small blind $1
svoy2: posts big blind $3
*** HOLE CARDS ***
MTails: raises $3 to $6
svoy2: raises $3 to $9
MTails: calls $3
*** FLOP *** [2c 8s 8h]
svoy2: bets $3
MTails: calls $3
*** TURN *** [2c 8s 8h] [7h]
svoy2: bets $6
MTails: raises $6 to $12
svoy2: raises $6 to $18
MTails: calls $6
*** RIVER *** [2c 8s 8h 7h] [Ts]
svoy2: checks
MTails: bets $6
svoy2: raises $6 to $12
MTails: calls $6
*** SHOW DOWN ***
svoy2: shows [7s 7c] (a full house, Sevens full of Eights)
MTails: mucks hand
svoy2 collected $83.50 from pot
*** SUMMARY ***
Total pot $84 | Rake $0.50
Board [2c 8s 8h 7h Ts]
Seat 1: svoy2 (big blind) showed [7s 7c] and won ($83.50) with a full house, Sevens full of Eights
Seat 2: MTails (button) (small blind) mucked


PokerStars Hand #146554363578:  Hold'em Limit ($3/$6 USD) - 2016/01/06 4:48:08 ET
Table 'Betulia' 2-max Seat #2 is the button
Seat 1: svoy2 ($522.12 in chips)
Seat 2: MTails ($229.78 in chips)
MTails: posts small blind $1
svoy2: posts big blind $3
*** HOLE CARDS ***
MTails: raises $3 to $6
svoy2: calls $3
*** FLOP *** [Kd 7c 3h]
svoy2: checks
MTails: bets $3
svoy2: raises $3 to $6
MTails: calls $3
*** TURN *** [Kd 7c 3h] [6d]
svoy2: bets $6
MTails: calls $6
*** RIVER *** [Kd 7c 3h 6d] [Ks]
svoy2: checks
MTails: bets $6
svoy2: calls $6
*** SHOW DOWN ***
MTails: shows [9c 8c] (a pair of Kings)
svoy2: shows [2s Ah] (a pair of Kings - Ace kicker)
svoy2 collected $47.50 from pot
*** SUMMARY ***
Total pot $48 | Rake $0.50
Board [Kd 7c 3h 6d Ks]
Seat 1: svoy2 (big blind) showed [2s Ah] and won ($47.50) with a pair of Kings
Seat 2: MTails (button) (small blind) showed [9c 8c] and lost with a pair of Kings


PokerStars Hand #146554369955:  Hold'em Limit ($3/$6 USD) - 2016/01/06 4:48:22 ET
Table 'Betulia' 2-max Seat #1 is the button
Seat 1: svoy2 ($545.62 in chips)
Seat 2: MTails ($205.78 in chips)
svoy2: posts small blind $1
MTails: posts big blind $3
*** HOLE CARDS ***
svoy2: raises $3 to $6
MTails: calls $3
*** FLOP *** [8h 9d Jd]
MTails: checks
svoy2: checks
*** TURN *** [8h 9d Jd] [Js]
MTails: bets $6
svoy2: folds
Uncalled bet ($6) returned to MTails
MTails collected $11.76 from pot
*** SUMMARY ***
Total pot $12 | Rake $0.24
Board [8h 9d Jd Js]
Seat 1: svoy2 (button) (small blind) folded on the Turn
Seat 2: MTails (big blind) collected ($11.76)


PokerStars Hand #146554384130:  Hold'em Limit ($3/$6 USD) - 2016/01/06 4:48:53 ET
Table 'Betulia' 2-max Seat #1 is the button
Seat 1: svoy2 ($518.62 in chips)
Seat 2: MTails ($232.04 in chips)
svoy2: posts small blind $1
MTails: posts big blind $3
*** HOLE CARDS ***
svoy2: folds
Uncalled bet ($2) returned to MTails
MTails collected $2 from pot
*** SUMMARY ***
Total pot $2 | Rake $0
Seat 1: svoy2 (button) (small blind) folded before Flop
Seat 2: MTails (big blind) collected ($2)


PokerStars Hand #146554376123:  Hold'em Limit ($3/$6 USD) - 2016/01/06 4:48:35 ET
Table 'Betulia' 2-max Seat #2 is the button
Seat 1: svoy2 ($539.62 in chips)
Seat 2: MTails ($211.54 in chips)
MTails: posts small blind $1
svoy2: posts big blind $3
*** HOLE CARDS ***
MTails: raises $3 to $6
svoy2: calls $3
*** FLOP *** [7d 7s 5s]
svoy2: checks
MTails: bets $3
svoy2: calls $3
*** TURN *** [7d 7s 5s] [2d]
svoy2: checks
MTails: bets $6
svoy2: calls $6
*** RIVER *** [7d 7s 5s 2d] [Js]
svoy2: checks
MTails: bets $6
svoy2: calls $6
*** SHOW DOWN ***
MTails: shows [4c 2c] (two pair, Sevens and Deuces)
svoy2: mucks hand
MTails collected $41.50 from pot
*** SUMMARY ***
Total pot $42 | Rake $0.50
Board [7d 7s 5s 2d Js]
Seat 1: svoy2 (big blind) mucked
Seat 2: MTails (button) (small blind) showed [4c 2c] and won ($41.50) with two pair, Sevens and Deuces


PokerStars Hand #146554388517:  Hold'em Limit ($3/$6 USD) - 2016/01/06 4:49:03 ET
Table 'Betulia' 2-max Seat #1 is the button
Seat 1: svoy2 ($514.62 in chips)
Seat 2: MTails ($236.04 in chips)
svoy2: posts small blind $1
MTails: posts big blind $3
*** HOLE CARDS ***
svoy2: folds
Uncalled bet ($2) returned to MTails
MTails collected $2 from pot
*** SUMMARY ***
Total pot $2 | Rake $0
Seat 1: svoy2 (button) (small blind) folded before Flop
Seat 2: MTails (big blind) collected ($2)


PokerStars Hand #146554386115:  Hold'em Limit ($3/$6 USD) - 2016/01/06 4:48:58 ET
Table 'Betulia' 2-max Seat #2 is the button
Seat 1: svoy2 ($517.62 in chips)
Seat 2: MTails ($233.04 in chips)
MTails: posts small blind $1
svoy2: posts big blind $3
*** HOLE CARDS ***
MTails: raises $3 to $6
svoy2: folds
Uncalled bet ($3) returned to MTails
MTails collected $6 from pot
*** SUMMARY ***
Total pot $6 | Rake $0
Seat 1: svoy2 (big blind) folded before Flop
Seat 2: MTails (button) (small blind) collected ($6)


PokerStars Hand #146554395707:  Hold'em Limit ($3/$6 USD) - 2016/01/06 4:49:19 ET
Table 'Betulia' 2-max Seat #1 is the button
Seat 1: svoy2 ($528.12 in chips)
Seat 2: MTails ($222.04 in chips)
svoy2: posts small blind $1
MTails: posts big blind $3
*** HOLE CARDS ***
svoy2: raises $3 to $6
MTails: calls $3
*** FLOP *** [4c 8c 3s]
MTails: checks
svoy2: bets $3
MTails: folds
Uncalled bet ($3) returned to svoy2
svoy2 collected $11.76 from pot
svoy2: doesn't show hand
*** SUMMARY ***
Total pot $12 | Rake $0.24
Board [4c 8c 3s]
Seat 1: svoy2 (button) (small blind) collected ($11.76)
Seat 2: MTails (big blind) folded on the Flop


PokerStars Hand #146554390450:  Hold'em Limit ($3/$6 USD) - 2016/01/06 4:49:07 ET
Table 'Betulia' 2-max Seat #2 is the button
Seat 1: svoy2 ($513.62 in chips)
Seat 2: MTails ($237.04 in chips)
MTails: posts small blind $1
svoy2: posts big blind $3
*** HOLE CARDS ***
MTails: raises $3 to $6
svoy2: calls $3
*** FLOP *** [Ac 3h 6d]
svoy2: checks
MTails: bets $3
svoy2: calls $3
*** TURN *** [Ac 3h 6d] [5c]
svoy2: checks
MTails: checks
*** RIVER *** [Ac 3h 6d 5c] [3c]
svoy2: bets $6
MTails: calls $6
*** SHOW DOWN ***
svoy2: shows [9c Ad] (two pair, Aces and Threes)
MTails: mucks hand
svoy2 collected $29.50 from pot
*** SUMMARY ***
Total pot $30 | Rake $0.50
Board [Ac 3h 6d 5c 3c]
Seat 1: svoy2 (big blind) showed [9c Ad] and won ($29.50) with two pair, Aces and Threes
Seat 2: MTails (button) (small blind) mucked


PokerStars Hand #146554404918:  Hold'em Limit ($3/$6 USD) - 2016/01/06 4:49:39 ET
Table 'Betulia' 2-max Seat #1 is the button
Seat 1: svoy2 ($551.38 in chips)
Seat 2: MTails ($198.04 in chips)
svoy2: posts small blind $1
MTails: posts big blind $3
*** HOLE CARDS ***
svoy2: folds
Uncalled bet ($2) returned to MTails
MTails collected $2 from pot
*** SUMMARY ***
Total pot $2 | Rake $0
Seat 1: svoy2 (button) (small blind) folded before Flop
Seat 2: MTails (big blind) collected ($2)


PokerStars Hand #146554399298:  Hold'em Limit ($3/$6 USD) - 2016/01/06 4:49:27 ET
Table 'Betulia' 2-max Seat #2 is the button
Seat 1: svoy2 ($533.88 in chips)
Seat 2: MTails ($216.04 in chips)
MTails: posts small blind $1
svoy2: posts big blind $3
*** HOLE CARDS ***
MTails: raises $3 to $6
svoy2: raises $3 to $9
MTails: calls $3
*** FLOP *** [9d Js 8h]
svoy2: bets $3
MTails: calls $3
*** TURN *** [9d Js 8h] [2d]
svoy2: checks
MTails: checks
*** RIVER *** [9d Js 8h 2d] [8d]
svoy2: bets $6
MTails: calls $6
*** SHOW DOWN ***
svoy2: shows [Qh Qs] (two pair, Queens and Eights)
MTails: mucks hand
svoy2 collected $35.50 from pot
*** SUMMARY ***
Total pot $36 | Rake $0.50
Board [9d Js 8h 2d 8d]
Seat 1: svoy2 (big blind) showed [Qh Qs] and won ($35.50) with two pair, Queens and Eights
Seat 2: MTails (button) (small blind) mucked


PokerStars Hand #146554406862:  Hold'em Limit ($3/$6 USD) - 2016/01/06 4:49:43 ET
Table 'Betulia' 2-max Seat #2 is the button
Seat 1: svoy2 ($550.38 in chips)
Seat 2: MTails ($199.04 in chips)
MTails: posts small blind $1
svoy2: posts big blind $3
*** HOLE CARDS ***
MTails: raises $3 to $6
svoy2: calls $3
*** FLOP *** [Kd 6c 9h]
svoy2: checks
MTails: bets $3
svoy2: calls $3
*** TURN *** [Kd 6c 9h] [7s]
svoy2: checks
MTails: bets $6
svoy2: raises $6 to $12
MTails: calls $6
*** RIVER *** [Kd 6c 9h 7s] [2h]
svoy2: bets $6
MTails: folds
Uncalled bet ($6) returned to svoy2
svoy2 collected $41.50 from pot
svoy2: doesn't show hand
*** SUMMARY ***
Total pot $42 | Rake $0.50
Board [Kd 6c 9h 7s 2h]
Seat 1: svoy2 (big blind) collected ($41.50)
Seat 2: MTails (button) (small blind) folded on the River


PokerStars Hand #146554413139:  Hold'em Limit ($3/$6 USD) - 2016/01/06 4:49:57 ET
Table 'Betulia' 2-max Seat #1 is the button
Seat 1: svoy2 ($570.88 in chips)
Seat 2: MTails ($178.04 in chips)
svoy2: posts small blind $1
MTails: posts big blind $3
*** HOLE CARDS ***
svoy2: raises $3 to $6
MTails: folds
Uncalled bet ($3) returned to svoy2
svoy2 collected $6 from pot
svoy2: doesn't show hand
*** SUMMARY ***
Total pot $6 | Rake $0
Seat 1: svoy2 (button) (small blind) collected ($6)
Seat 2: MTails (big blind) folded before Flop


PokerStars Hand #146554427611:  Hold'em Limit ($3/$6 USD) - 2016/01/06 4:50:30 ET
Table 'Betulia' 2-max Seat #2 is the button
Seat 1: svoy2 ($558.52 in chips)
Seat 2: MTails ($189.54 in chips)
MTails: posts small blind $1
svoy2: posts big blind $3
*** HOLE CARDS ***
MTails: raises $3 to $6
svoy2: calls $3
*** FLOP *** [5d 4s 4c]
svoy2: checks
MTails: bets $3
svoy2: raises $3 to $6
MTails: folds
Uncalled bet ($3) returned to svoy2
svoy2 collected $17.64 from pot
svoy2: doesn't show hand
*** SUMMARY ***
Total pot $18 | Rake $0.36
Board [5d 4s 4c]
Seat 1: svoy2 (big blind) collected ($17.64)
Seat 2: MTails (button) (small blind) folded on the Flop


PokerStars Hand #146554421682:  Hold'em Limit ($3/$6 USD) - 2016/01/06 4:50:17 ET
Table 'Betulia' 2-max Seat #1 is the button
Seat 1: svoy2 ($549.88 in chips)
Seat 2: MTails ($198.54 in chips)
svoy2: posts small blind $1
MTails: posts big blind $3
*** HOLE CARDS ***
svoy2: raises $3 to $6
MTails: calls $3
*** FLOP *** [9d 6h Qd]
MTails: checks
svoy2: bets $3
MTails: calls $3
*** TURN *** [9d 6h Qd] [5c]
MTails: checks
svoy2: bets $6
MTails: folds
Uncalled bet ($6) returned to svoy2
svoy2 collected $17.64 from pot
svoy2: doesn't show hand
*** SUMMARY ***
Total pot $18 | Rake $0.36
Board [9d 6h Qd 5c]
Seat 1: svoy2 (button) (small blind) collected ($17.64)
Seat 2: MTails (big blind) folded on the Turn


PokerStars Hand #146554431619:  Hold'em Limit ($3/$6 USD) - 2016/01/06 4:50:39 ET
Table 'Betulia' 2-max Seat #1 is the button
Seat 1: svoy2 ($567.16 in chips)
Seat 2: MTails ($180.54 in chips)
svoy2: posts small blind $1
MTails: posts big blind $3
*** HOLE CARDS ***
svoy2: raises $3 to $6
MTails: calls $3
*** FLOP *** [Tc 2s 8s]
MTails: checks
svoy2: checks
*** TURN *** [Tc 2s 8s] [As]
MTails: bets $6
svoy2: calls $6
*** RIVER *** [Tc 2s 8s As] [Td]
MTails: checks
svoy2: bets $6
MTails: calls $6
*** SHOW DOWN ***
svoy2: shows [5s 4h] (a pair of Tens)
MTails: shows [Qs 9h] (a pair of Tens - Ace+Queen kicker)
MTails collected $35.50 from pot
*** SUMMARY ***
Total pot $36 | Rake $0.50
Board [Tc 2s 8s As Td]
Seat 1: svoy2 (button) (small blind) showed [5s 4h] and lost with a pair of Tens
Seat 2: MTails (big blind) showed [Qs 9h] and won ($35.50) with a pair of Tens


PokerStars Hand #146554441500:  Hold'em Limit ($3/$6 USD) - 2016/01/06 4:51:01 ET
Table 'Betulia' 2-max Seat #2 is the button
Seat 1: svoy2 ($553.16 in chips)
Seat 2: MTails ($194.04 in chips)
MTails: posts small blind $1
svoy2: posts big blind $3
*** HOLE CARDS ***
MTails: raises $3 to $6
svoy2: calls $3
*** FLOP *** [8h 7d 2s]
svoy2: checks
MTails: checks
*** TURN *** [8h 7d 2s] [3s]
svoy2: bets $6
MTails: calls $6
*** RIVER *** [8h 7d 2s 3s] [Jd]
svoy2: bets $6
MTails: calls $6
*** SHOW DOWN ***
svoy2: shows [Ts 4s] (high card Jack)
MTails: shows [Ks Th] (high card King)
MTails collected $35.50 from pot
*** SUMMARY ***
Total pot $36 | Rake $0.50
Board [8h 7d 2s 3s Jd]
Seat 1: svoy2 (big blind) showed [Ts 4s] and lost with high card Jack
Seat 2: MTails (button) (small blind) showed [Ks Th] and won ($35.50) with high card King


PokerStars Hand #146554438783:  Hold'em Limit ($3/$6 USD) - 2016/01/06 4:50:54 ET
Table 'Betulia' 2-max Seat #1 is the button
Seat 1: svoy2 ($550.16 in chips)
Seat 2: MTails ($197.04 in chips)
svoy2: posts small blind $1
MTails: posts big blind $3
*** HOLE CARDS ***
svoy2: raises $3 to $6
MTails: folds
Uncalled bet ($3) returned to svoy2
svoy2 collected $6 from pot
svoy2: doesn't show hand
*** SUMMARY ***
Total pot $6 | Rake $0
Seat 1: svoy2 (button) (small blind) collected ($6)
Seat 2: MTails (big blind) folded before Flop


PokerStars Hand #146554447645:  Hold'em Limit ($3/$6 USD) - 2016/01/06 4:51:14 ET
Table 'Betulia' 2-max Seat #1 is the button
Seat 1: svoy2 ($535.16 in chips)
Seat 2: MTails ($211.54 in chips)
svoy2: posts small blind $1
MTails: posts big blind $3
*** HOLE CARDS ***
svoy2: raises $3 to $6
MTails: calls $3
*** FLOP *** [9c Kd 8s]
MTails: checks
svoy2: bets $3
MTails: raises $3 to $6
svoy2: calls $3
*** TURN *** [9c Kd 8s] [3c]
MTails: checks
svoy2: checks
*** RIVER *** [9c Kd 8s 3c] [8c]
MTails: bets $6
svoy2: raises $6 to $12
MTails: calls $6
*** SHOW DOWN ***
svoy2: shows [Qd 8h] (three of a kind, Eights)
MTails: mucks hand
svoy2 collected $47.50 from pot
*** SUMMARY ***
Total pot $48 | Rake $0.50
Board [9c Kd 8s 3c 8c]
Seat 1: svoy2 (button) (small blind) showed [Qd 8h] and won ($47.50) with three of a kind, Eights
Seat 2: MTails (big blind) mucked


PokerStars Hand #146554470265:  Hold'em Limit ($3/$6 USD) - 2016/01/06 4:52:04 ET
Table 'Betulia' 2-max Seat #1 is the button
Seat 1: svoy2 ($546.42 in chips)
Seat 2: MTails ($199.04 in chips)
svoy2: posts small blind $1
MTails: posts big blind $3
*** HOLE CARDS ***
svoy2: raises $3 to $6
MTails: folds
Uncalled bet ($3) returned to svoy2
svoy2 collected $6 from pot
svoy2: doesn't show hand
*** SUMMARY ***
Total pot $6 | Rake $0
Seat 1: svoy2 (button) (small blind) collected ($6)
Seat 2: MTails (big blind) folded before Flop


PokerStars Hand #146554468184:  Hold'em Limit ($3/$6 USD) - 2016/01/06 4:51:59 ET
Table 'Betulia' 2-max Seat #2 is the button
Seat 1: svoy2 ($549.42 in chips)
Seat 2: MTails ($196.04 in chips)
MTails: posts small blind $1
svoy2: posts big blind $3
*** HOLE CARDS ***
MTails: raises $3 to $6
svoy2: folds
Uncalled bet ($3) returned to MTails
MTails collected $6 from pot
*** SUMMARY ***
Total pot $6 | Rake $0
Seat 1: svoy2 (big blind) folded before Flop
Seat 2: MTails (button) (small blind) collected ($6)


PokerStars Hand #146554454906:  Hold'em Limit ($3/$6 USD) - 2016/01/06 4:51:30 ET
Table 'Betulia' 2-max Seat #2 is the button
Seat 1: svoy2 ($558.66 in chips)
Seat 2: MTails ($187.54 in chips)
MTails: posts small blind $1
svoy2: posts big blind $3
*** HOLE CARDS ***
MTails: raises $3 to $6
svoy2: calls $3
*** FLOP *** [5h Kh 5c]
svoy2: checks
MTails: bets $3
svoy2: calls $3
*** TURN *** [5h Kh 5c] [Ah]
svoy2: checks
MTails: bets $6
svoy2: calls $6
*** RIVER *** [5h Kh 5c Ah] [Th]
svoy2: checks
MTails: bets $6
svoy2: folds
Uncalled bet ($6) returned to MTails
MTails collected $29.50 from pot
*** SUMMARY ***
Total pot $30 | Rake $0.50
Board [5h Kh 5c Ah Th]
Seat 1: svoy2 (big blind) folded on the River
Seat 2: MTails (button) (small blind) collected ($29.50)


PokerStars Hand #146554466135:  Hold'em Limit ($3/$6 USD) - 2016/01/06 4:51:55 ET
Table 'Betulia' 2-max Seat #1 is the button
Seat 1: svoy2 ($546.42 in chips)
Seat 2: MTails ($199.04 in chips)
svoy2: posts small blind $1
MTails: posts big blind $3
*** HOLE CARDS ***
svoy2: raises $3 to $6
MTails: folds
Uncalled bet ($3) returned to svoy2
svoy2 collected $6 from pot
svoy2: doesn't show hand
*** SUMMARY ***
Total pot $6 | Rake $0
Seat 1: svoy2 (button) (small blind) collected ($6)
Seat 2: MTails (big blind) folded before Flop


PokerStars Hand #146554464285:  Hold'em Limit ($3/$6 USD) - 2016/01/06 4:51:51 ET
Table 'Betulia' 2-max Seat #2 is the button
Seat 1: svoy2 ($549.42 in chips)
Seat 2: MTails ($196.04 in chips)
MTails: posts small blind $1
svoy2: posts big blind $3
*** HOLE CARDS ***
MTails: raises $3 to $6
svoy2: folds
Uncalled bet ($3) returned to MTails
MTails collected $6 from pot
*** SUMMARY ***
Total pot $6 | Rake $0
Seat 1: svoy2 (big blind) folded before Flop
Seat 2: MTails (button) (small blind) collected ($6)


PokerStars Hand #146554460845:  Hold'em Limit ($3/$6 USD) - 2016/01/06 4:51:43 ET
Table 'Betulia' 2-max Seat #1 is the button
Seat 1: svoy2 ($543.66 in chips)
Seat 2: MTails ($202.04 in chips)
svoy2: posts small blind $1
MTails: posts big blind $3
*** HOLE CARDS ***
svoy2: raises $3 to $6
MTails: calls $3
*** FLOP *** [Kd Qs 6h]
MTails: checks
svoy2: bets $3
MTails: folds
Uncalled bet ($3) returned to svoy2
svoy2 collected $11.76 from pot
svoy2: doesn't show hand
*** SUMMARY ***
Total pot $12 | Rake $0.24
Board [Kd Qs 6h]
Seat 1: svoy2 (button) (small blind) collected ($11.76)
Seat 2: MTails (big blind) folded on the Flop


PokerStars Hand #146554474602:  Hold'em Limit ($3/$6 USD) - 2016/01/06 4:52:13 ET
Table 'Betulia' 2-max Seat #1 is the button
Seat 1: svoy2 ($546.42 in chips)
Seat 2: MTails ($199.04 in chips)
svoy2: posts small blind $1
MTails: posts big blind $3
*** HOLE CARDS ***
svoy2: folds
Uncalled bet ($2) returned to MTails
MTails collected $2 from pot
MTails: doesn't show hand
*** SUMMARY ***
Total pot $2 | Rake $0
Seat 1: svoy2 (button) (small blind) folded before Flop
Seat 2: MTails (big blind) collected ($2)


PokerStars Hand #146554472494:  Hold'em Limit ($3/$6 USD) - 2016/01/06 4:52:09 ET
Table 'Betulia' 2-max Seat #2 is the button
Seat 1: svoy2 ($549.42 in chips)
Seat 2: MTails ($196.04 in chips)
MTails: posts small blind $1
svoy2: posts big blind $3
*** HOLE CARDS ***
MTails: raises $3 to $6
svoy2: folds
Uncalled bet ($3) returned to MTails
MTails collected $6 from pot
*** SUMMARY ***
Total pot $6 | Rake $0
Seat 1: svoy2 (big blind) folded before Flop
Seat 2: MTails (button) (small blind) collected ($6)


PokerStars Hand #146554476525:  Hold'em Limit ($3/$6 USD) - 2016/01/06 4:52:18 ET
Table 'Betulia' 2-max Seat #2 is the button
Seat 1: svoy2 ($545.42 in chips)
Seat 2: MTails ($200.04 in chips)
MTails: posts small blind $1
svoy2: posts big blind $3
*** HOLE CARDS ***
MTails: raises $3 to $6
svoy2: calls $3
*** FLOP *** [Th 7s 3d]
svoy2: checks
MTails: bets $3
svoy2: calls $3
*** TURN *** [Th 7s 3d] [Kh]
svoy2: checks
MTails: bets $6
svoy2: calls $6
*** RIVER *** [Th 7s 3d Kh] [8h]
svoy2: checks
MTails: bets $6
svoy2: calls $6
*** SHOW DOWN ***
MTails: shows [Ad Td] (a pair of Tens)
svoy2: mucks hand
MTails collected $41.50 from pot
*** SUMMARY ***
Total pot $42 | Rake $0.50
Board [Th 7s 3d Kh 8h]
Seat 1: svoy2 (big blind) mucked
Seat 2: MTails (button) (small blind) showed [Ad Td] and won ($41.50) with a pair of Tens


PokerStars Hand #146554497644:  Hold'em Limit ($3/$6 USD) - 2016/01/06 4:53:04 ET
Table 'Betulia' 2-max Seat #1 is the button
Seat 1: svoy2 ($553.67 in chips)
Seat 2: MTails ($190.29 in chips)
svoy2: posts small blind $1
MTails: posts big blind $3
*** HOLE CARDS ***
svoy2: folds
Uncalled bet ($2) returned to MTails
MTails collected $2 from pot
*** SUMMARY ***
Total pot $2 | Rake $0
Seat 1: svoy2 (button) (small blind) folded before Flop
Seat 2: MTails (big blind) collected ($2)


PokerStars Hand #146554489021:  Hold'em Limit ($3/$6 USD) - 2016/01/06 4:52:45 ET
Table 'Betulia' 2-max Seat #2 is the button
Seat 1: svoy2 ($524.17 in chips)
Seat 2: MTails ($220.29 in chips)
MTails: posts small blind $1
svoy2: posts big blind $3
*** HOLE CARDS ***
MTails: raises $3 to $6
svoy2: raises $3 to $9
MTails: calls $3
*** FLOP *** [9d Th 2d]
svoy2: bets $3
MTails: calls $3
*** TURN *** [9d Th 2d] [Jc]
svoy2: bets $6
MTails: raises $6 to $12
svoy2: raises $6 to $18
MTails: calls $6
*** RIVER *** [9d Th 2d Jc] [Ad]
svoy2: bets $6
MTails: folds
Uncalled bet ($6) returned to svoy2
svoy2 collected $59.50 from pot
svoy2: doesn't show hand
*** SUMMARY ***
Total pot $60 | Rake $0.50
Board [9d Th 2d Jc Ad]
Seat 1: svoy2 (big blind) collected ($59.50)
Seat 2: MTails (button) (small blind) folded on the River


PokerStars Hand #146554499646:  Hold'em Limit ($3/$6 USD) - 2016/01/06 4:53:09 ET
Table 'Betulia' 2-max Seat #2 is the button
Seat 1: svoy2 ($552.67 in chips)
Seat 2: MTails ($191.29 in chips)
MTails: posts small blind $1
svoy2: posts big blind $3
*** HOLE CARDS ***
MTails: raises $3 to $6
svoy2: calls $3
*** FLOP *** [As Qs 5d]
svoy2: checks
MTails: bets $3
svoy2: folds
Uncalled bet ($3) returned to MTails
MTails collected $11.76 from pot
*** SUMMARY ***
Total pot $12 | Rake $0.24
Board [As Qs 5d]
Seat 1: svoy2 (big blind) folded on the Flop
Seat 2: MTails (button) (small blind) collected ($11.76)


PokerStars Hand #146554503215:  Hold'em Limit ($3/$6 USD) - 2016/01/06 4:53:16 ET
Table 'Betulia' 2-max Seat #1 is the button
Seat 1: svoy2 ($546.67 in chips)
Seat 2: MTails ($197.05 in chips)
svoy2: posts small blind $1
MTails: posts big blind $3
*** HOLE CARDS ***
svoy2: raises $3 to $6
MTails: calls $3
*** FLOP *** [9d Ks 7c]
MTails: checks
svoy2: bets $3
MTails: calls $3
*** TURN *** [9d Ks 7c] [7s]
MTails: checks
svoy2: checks
*** RIVER *** [9d Ks 7c 7s] [2c]
MTails: bets $6
svoy2: folds
Uncalled bet ($6) returned to MTails
MTails collected $17.64 from pot
*** SUMMARY ***
Total pot $18 | Rake $0.36
Board [9d Ks 7c 7s 2c]
Seat 1: svoy2 (button) (small blind) folded on the River
Seat 2: MTails (big blind) collected ($17.64)


PokerStars Hand #146554508175:  Hold'em Limit ($3/$6 USD) - 2016/01/06 4:53:28 ET
Table 'Betulia' 2-max Seat #2 is the button
Seat 1: svoy2 ($537.67 in chips)
Seat 2: MTails ($205.69 in chips)
MTails: posts small blind $1
svoy2: posts big blind $3
*** HOLE CARDS ***
MTails: raises $3 to $6
svoy2: folds
Uncalled bet ($3) returned to MTails
MTails collected $6 from pot
*** SUMMARY ***
Total pot $6 | Rake $0
Seat 1: svoy2 (big blind) folded before Flop
Seat 2: MTails (button) (small blind) collected ($6)


PokerStars Hand #146554482817:  Hold'em Limit ($3/$6 USD) - 2016/01/06 4:52:32 ET
Table 'Betulia' 2-max Seat #1 is the button
Seat 1: svoy2 ($524.42 in chips)
Seat 2: MTails ($220.54 in chips)
svoy2: posts small blind $1
MTails: posts big blind $3
*** HOLE CARDS ***
svoy2: raises $3 to $6
MTails: calls $3
*** FLOP *** [Th 3c 2c]
MTails: checks
svoy2: bets $3
MTails: calls $3
*** TURN *** [Th 3c 2c] [Ts]
MTails: checks
svoy2: bets $6
MTails: calls $6
*** RIVER *** [Th 3c 2c Ts] [3h]
MTails: checks
svoy2: checks
*** SHOW DOWN ***
MTails: shows [8s As] (two pair, Tens and Threes)
svoy2: shows [Kc Ac] (two pair, Tens and Threes)
MTails collected $14.75 from pot
svoy2 collected $14.75 from pot
*** SUMMARY ***
Total pot $30 | Rake $0.50
Board [Th 3c 2c Ts 3h]
Seat 1: svoy2 (button) (small blind) showed [Kc Ac] and won ($14.75) with two pair, Tens and Threes
Seat 2: MTails (big blind) showed [8s As] and won ($14.75) with two pair, Tens and Threes


PokerStars Hand #146554522497:  Hold'em Limit ($3/$6 USD) - 2016/01/06 4:53:59 ET
Table 'Betulia' 2-max Seat #2 is the button
Seat 1: svoy2 ($570.93 in chips)
Seat 2: MTails ($171.69 in chips)
MTails: posts small blind $1
svoy2: posts big blind $3
*** HOLE CARDS ***
MTails: raises $3 to $6
svoy2: calls $3
*** FLOP *** [7h 8s 2c]
svoy2: checks
MTails: bets $3
svoy2: calls $3
*** TURN *** [7h 8s 2c] [Qh]
svoy2: checks
MTails: bets $6
svoy2: folds
Uncalled bet ($6) returned to MTails
MTails collected $17.64 from pot
*** SUMMARY ***
Total pot $18 | Rake $0.36
Board [7h 8s 2c Qh]
Seat 1: svoy2 (big blind) folded on the Turn
Seat 2: MTails (button) (small blind) collected ($17.64)


PokerStars Hand #146554528977:  Hold'em Limit ($3/$6 USD) - 2016/01/06 4:54:13 ET
Table 'Betulia' 2-max Seat #2 is the button
Seat 1: svoy2 ($560.93 in chips)
Seat 2: MTails ($181.33 in chips)
MTails: posts small blind $1
svoy2: posts big blind $3
*** HOLE CARDS ***
MTails: folds
Uncalled bet ($2) returned to svoy2
svoy2 collected $2 from pot
svoy2: doesn't show hand
*** SUMMARY ***
Total pot $2 | Rake $0
Seat 1: svoy2 (big blind) collected ($2)
Seat 2: MTails (button) (small blind) folded before Flop


PokerStars Hand #146554527033:  Hold'em Limit ($3/$6 USD) - 2016/01/06 4:54:09 ET
Table 'Betulia' 2-max Seat #1 is the button
Seat 1: svoy2 ($561.93 in chips)
Seat 2: MTails ($180.33 in chips)
svoy2: posts small blind $1
MTails: posts big blind $3
*** HOLE CARDS ***
svoy2: folds
Uncalled bet ($2) returned to MTails
MTails collected $2 from pot
MTails: doesn't show hand
*** SUMMARY ***
Total pot $2 | Rake $0
Seat 1: svoy2 (button) (small blind) folded before Flop
Seat 2: MTails (big blind) collected ($2)


PokerStars Hand #146554518984:  Hold'em Limit ($3/$6 USD) - 2016/01/06 4:53:51 ET
Table 'Betulia' 2-max Seat #1 is the button
Seat 1: svoy2 ($565.17 in chips)
Seat 2: MTails ($177.69 in chips)
svoy2: posts small blind $1
MTails: posts big blind $3
*** HOLE CARDS ***
svoy2: raises $3 to $6
MTails: calls $3
*** FLOP *** [7h 8s 5s]
MTails: checks
svoy2: bets $3
MTails: folds
Uncalled bet ($3) returned to svoy2
svoy2 collected $11.76 from pot
svoy2: doesn't show hand
*** SUMMARY ***
Total pot $12 | Rake $0.24
Board [7h 8s 5s]
Seat 1: svoy2 (button) (small blind) collected ($11.76)
Seat 2: MTails (big blind) folded on the Flop


PokerStars Hand #146554516901:  Hold'em Limit ($3/$6 USD) - 2016/01/06 4:53:47 ET
Table 'Betulia' 2-max Seat #2 is the button
Seat 1: svoy2 ($564.17 in chips)
Seat 2: MTails ($178.69 in chips)
MTails: posts small blind $1
svoy2: posts big blind $3
*** HOLE CARDS ***
MTails: folds
Uncalled bet ($2) returned to svoy2
svoy2 collected $2 from pot
svoy2: doesn't show hand
*** SUMMARY ***
Total pot $2 | Rake $0
Seat 1: svoy2 (big blind) collected ($2)
Seat 2: MTails (button) (small blind) folded before Flop


PokerStars Hand #146554530959:  Hold'em Limit ($3/$6 USD) - 2016/01/06 4:54:18 ET
Table 'Betulia' 2-max Seat #1 is the button
Seat 1: svoy2 ($561.93 in chips)
Seat 2: MTails ($180.33 in chips)
svoy2: posts small blind $1
MTails: posts big blind $3
*** HOLE CARDS ***
svoy2: raises $3 to $6
MTails: calls $3
*** FLOP *** [Ts 4h Tc]
MTails: checks
svoy2: bets $3
MTails: calls $3
*** TURN *** [Ts 4h Tc] [6d]
MTails: checks
svoy2: checks
*** RIVER *** [Ts 4h Tc 6d] [Qs]
MTails: bets $6
svoy2: calls $6
*** SHOW DOWN ***
MTails: shows [9d 5s] (a pair of Tens)
svoy2: shows [Kd 8c] (a pair of Tens - King kicker)
svoy2 collected $29.50 from pot
*** SUMMARY ***
Total pot $30 | Rake $0.50
Board [Ts 4h Tc 6d Qs]
Seat 1: svoy2 (button) (small blind) showed [Kd 8c] and won ($29.50) with a pair of Tens
Seat 2: MTails (big blind) showed [9d 5s] and lost with a pair of Tens


PokerStars Hand #146554510562:  Hold'em Limit ($3/$6 USD) - 2016/01/06 4:53:33 ET
Table 'Betulia' 2-max Seat #1 is the button
Seat 1: svoy2 ($534.67 in chips)
Seat 2: MTails ($208.69 in chips)
svoy2: posts small blind $1
MTails: posts big blind $3
*** HOLE CARDS ***
svoy2: raises $3 to $6
MTails: raises $3 to $9
svoy2: calls $3
*** FLOP *** [3s 5d 6s]
MTails: bets $3
svoy2: calls $3
*** TURN *** [3s 5d 6s] [9d]
MTails: checks
svoy2: bets $6
MTails: raises $6 to $12
svoy2: calls $6
*** RIVER *** [3s 5d 6s 9d] [3c]
MTails: bets $6
svoy2: calls $6
*** SHOW DOWN ***
MTails: shows [7d 6d] (two pair, Sixes and Threes)
svoy2: shows [Jd 6h] (two pair, Sixes and Threes - Jack kicker)
svoy2 collected $59.50 from pot
*** SUMMARY ***
Total pot $60 | Rake $0.50
Board [3s 5d 6s 9d 3c]
Seat 1: svoy2 (button) (small blind) showed [Jd 6h] and won ($59.50) with two pair, Sixes and Threes
Seat 2: MTails (big blind) showed [7d 6d] and lost with two pair, Sixes and Threes


PokerStars Hand #146554550248:  Hold'em Limit ($3/$6 USD) - 2016/01/06 4:55:00 ET
Table 'Betulia' 2-max Seat #2 is the button
Seat 1: svoy2 ($601.69 in chips)
Seat 2: MTails ($139.33 in chips)
MTails: posts small blind $1
svoy2: posts big blind $3
*** HOLE CARDS ***
MTails: folds
Uncalled bet ($2) returned to svoy2
svoy2 collected $2 from pot
svoy2: doesn't show hand
*** SUMMARY ***
Total pot $2 | Rake $0
Seat 1: svoy2 (big blind) collected ($2)
Seat 2: MTails (button) (small blind) folded before Flop


PokerStars Hand #146554546489:  Hold'em Limit ($3/$6 USD) - 2016/01/06 4:54:52 ET
Table 'Betulia' 2-max Seat #1 is the button
Seat 1: svoy2 ($595.93 in chips)
Seat 2: MTails ($145.33 in chips)
svoy2: posts small blind $1
MTails: posts big blind $3
*** HOLE CARDS ***
svoy2: raises $3 to $6
MTails: calls $3
*** FLOP *** [8h 6s Ks]
MTails: checks
svoy2: bets $3
MTails: folds
Uncalled bet ($3) returned to svoy2
svoy2 collected $11.76 from pot
svoy2: doesn't show hand
*** SUMMARY ***
Total pot $12 | Rake $0.24
Board [8h 6s Ks]
Seat 1: svoy2 (button) (small blind) collected ($11.76)
Seat 2: MTails (big blind) folded on the Flop


PokerStars Hand #146554544572:  Hold'em Limit ($3/$6 USD) - 2016/01/06 4:54:48 ET
Table 'Betulia' 2-max Seat #2 is the button
Seat 1: svoy2 ($598.93 in chips)
Seat 2: MTails ($142.33 in chips)
MTails: posts small blind $1
svoy2: posts big blind $3
*** HOLE CARDS ***
MTails: raises $3 to $6
svoy2: folds
Uncalled bet ($3) returned to MTails
MTails collected $6 from pot
*** SUMMARY ***
Total pot $6 | Rake $0
Seat 1: svoy2 (big blind) folded before Flop
Seat 2: MTails (button) (small blind) collected ($6)


PokerStars Hand #146554552277:  Hold'em Limit ($3/$6 USD) - 2016/01/06 4:55:05 ET
Table 'Betulia' 2-max Seat #1 is the button
Seat 1: svoy2 ($602.69 in chips)
Seat 2: MTails ($138.33 in chips)
svoy2: posts small blind $1
MTails: posts big blind $3
*** HOLE CARDS ***
svoy2: raises $3 to $6
MTails: calls $3
*** FLOP *** [5s Jd 8s]
MTails: checks
svoy2: bets $3
MTails: calls $3
*** TURN *** [5s Jd 8s] [7s]
MTails: checks
svoy2: checks
*** RIVER *** [5s Jd 8s 7s] [9s]
MTails: checks
svoy2: bets $6
MTails: calls $6
*** SHOW DOWN ***
svoy2: shows [3d 2d] (high card Jack)
MTails: shows [6c Kc] (a straight, Five to Nine)
MTails collected $29.50 from pot
*** SUMMARY ***
Total pot $30 | Rake $0.50
Board [5s Jd 8s 7s 9s]
Seat 1: svoy2 (button) (small blind) showed [3d 2d] and lost with high card Jack
Seat 2: MTails (big blind) showed [6c Kc] and won ($29.50) with a straight, Five to Nine


PokerStars Hand #146554542708:  Hold'em Limit ($3/$6 USD) - 2016/01/06 4:54:43 ET
Table 'Betulia' 2-max Seat #1 is the button
Seat 1: svoy2 ($599.93 in chips)
Seat 2: MTails ($141.33 in chips)
svoy2: posts small blind $1
MTails: posts big blind $3
*** HOLE CARDS ***
svoy2: folds
Uncalled bet ($2) returned to MTails
MTails collected $2 from pot
MTails: doesn't show hand
*** SUMMARY ***
Total pot $2 | Rake $0
Seat 1: svoy2 (button) (small blind) folded before Flop
Seat 2: MTails (big blind) collected ($2)


PokerStars Hand #146554536578:  Hold'em Limit ($3/$6 USD) - 2016/01/06 4:54:30 ET
Table 'Betulia' 2-max Seat #2 is the button
Seat 1: svoy2 ($576.43 in chips)
Seat 2: MTails ($165.33 in chips)
MTails: posts small blind $1
svoy2: posts big blind $3
*** HOLE CARDS ***
MTails: raises $3 to $6
svoy2: calls $3
*** FLOP *** [Ah 4h Qs]
svoy2: checks
MTails: bets $3
svoy2: raises $3 to $6
MTails: calls $3
*** TURN *** [Ah 4h Qs] [Qd]
svoy2: bets $6
MTails: calls $6
*** RIVER *** [Ah 4h Qs Qd] [2s]
svoy2: bets $6
MTails: calls $6
*** SHOW DOWN ***
svoy2: shows [2c Ac] (two pair, Aces and Queens)
MTails: mucks hand
svoy2 collected $47.50 from pot
*** SUMMARY ***
Total pot $48 | Rake $0.50
Board [Ah 4h Qs Qd 2s]
Seat 1: svoy2 (big blind) showed [2c Ac] and won ($47.50) with two pair, Aces and Queens
Seat 2: MTails (button) (small blind) mucked


PokerStars Hand #146554568423:  Hold'em Limit ($3/$6 USD) - 2016/01/06 4:55:45 ET
Table 'Betulia' 2-max Seat #2 is the button
Seat 1: svoy2 ($563.69 in chips)
Seat 2: MTails ($176.33 in chips)
MTails: posts small blind $1
svoy2: posts big blind $3
*** HOLE CARDS ***
MTails: raises $3 to $6
svoy2: calls $3
*** FLOP *** [2s Th 5h]
svoy2: checks
MTails: bets $3
svoy2: raises $3 to $6
MTails: calls $3
*** TURN *** [2s Th 5h] [Ac]
svoy2: bets $6
MTails: calls $6
*** RIVER *** [2s Th 5h Ac] [Kh]
svoy2: checks
MTails: checks
*** SHOW DOWN ***
svoy2: shows [7d 5d] (a pair of Fives)
MTails: mucks hand
svoy2 collected $35.50 from pot
*** SUMMARY ***
Total pot $36 | Rake $0.50
Board [2s Th 5h Ac Kh]
Seat 1: svoy2 (big blind) showed [7d 5d] and won ($35.50) with a pair of Fives
Seat 2: MTails (button) (small blind) mucked


PokerStars Hand #146554573789:  Hold'em Limit ($3/$6 USD) - 2016/01/06 4:55:59 ET
Table 'Betulia' 2-max Seat #1 is the button
Seat 1: svoy2 ($581.19 in chips)
Seat 2: MTails ($158.33 in chips)
svoy2: posts small blind $1
MTails: posts big blind $3
*** HOLE CARDS ***
svoy2: folds
Uncalled bet ($2) returned to MTails
MTails collected $2 from pot
MTails: doesn't show hand
*** SUMMARY ***
Total pot $2 | Rake $0
Seat 1: svoy2 (button) (small blind) folded before Flop
Seat 2: MTails (big blind) collected ($2)


PokerStars Hand #146554577395:  Hold'em Limit ($3/$6 USD) - 2016/01/06 4:56:08 ET
Table 'Betulia' 2-max Seat #1 is the button
Seat 1: svoy2 ($577.19 in chips)
Seat 2: MTails ($162.33 in chips)
svoy2: posts small blind $1
MTails: posts big blind $3
*** HOLE CARDS ***
svoy2: raises $3 to $6
MTails: calls $3
*** FLOP *** [Ah Qc 9h]
MTails: checks
svoy2: bets $3
MTails: calls $3
*** TURN *** [Ah Qc 9h] [8c]
MTails: checks
svoy2: checks
*** RIVER *** [Ah Qc 9h 8c] [9d]
MTails: bets $6
svoy2: folds
Uncalled bet ($6) returned to MTails
MTails collected $17.64 from pot
*** SUMMARY ***
Total pot $18 | Rake $0.36
Board [Ah Qc 9h 8c 9d]
Seat 1: svoy2 (button) (small blind) folded on the River
Seat 2: MTails (big blind) collected ($17.64)


PokerStars Hand #146554582334:  Hold'em Limit ($3/$6 USD) - 2016/01/06 4:56:20 ET
Table 'Betulia' 2-max Seat #2 is the button
Seat 1: svoy2 ($568.19 in chips)
Seat 2: MTails ($170.97 in chips)
MTails: posts small blind $1
svoy2: posts big blind $3
*** HOLE CARDS ***
MTails: folds
Uncalled bet ($2) returned to svoy2
svoy2 collected $2 from pot
svoy2: doesn't show hand
*** SUMMARY ***
Total pot $2 | Rake $0
Seat 1: svoy2 (big blind) collected ($2)
Seat 2: MTails (button) (small blind) folded before Flop


PokerStars Hand #146554584043:  Hold'em Limit ($3/$6 USD) - 2016/01/06 4:56:25 ET
Table 'Betulia' 2-max Seat #1 is the button
Seat 1: svoy2 ($569.19 in chips)
Seat 2: MTails ($169.97 in chips)
svoy2: posts small blind $1
MTails: posts big blind $3
*** HOLE CARDS ***
svoy2: raises $3 to $6
MTails: calls $3
*** FLOP *** [Ah 9d Jd]
MTails: checks
svoy2: bets $3
MTails: raises $3 to $6
svoy2: calls $3
*** TURN *** [Ah 9d Jd] [Kh]
MTails: bets $6
svoy2: raises $6 to $12
MTails: calls $6
*** RIVER *** [Ah 9d Jd Kh] [Jc]
MTails: checks
svoy2: checks
*** SHOW DOWN ***
MTails: shows [Ks 4d] (two pair, Kings and Jacks)
svoy2: shows [As Ts] (two pair, Aces and Jacks)
svoy2 collected $47.50 from pot
*** SUMMARY ***
Total pot $48 | Rake $0.50
Board [Ah 9d Jd Kh Jc]
Seat 1: svoy2 (button) (small blind) showed [As Ts] and won ($47.50) with two pair, Aces and Jacks
Seat 2: MTails (big blind) showed [Ks 4d] and lost with two pair, Kings and Jacks


PokerStars Hand #146554561935:  Hold'em Limit ($3/$6 USD) - 2016/01/06 4:55:29 ET
Table 'Betulia' 2-max Seat #1 is the button
Seat 1: svoy2 ($584.69 in chips)
Seat 2: MTails ($155.83 in chips)
svoy2: posts small blind $1
MTails: posts big blind $3
*** HOLE CARDS ***
svoy2: raises $3 to $6
MTails: raises $3 to $9
svoy2: calls $3
*** FLOP *** [2c Qh 7h]
MTails: bets $3
svoy2: raises $3 to $6
MTails: calls $3
*** TURN *** [2c Qh 7h] [8d]
MTails: checks
svoy2: checks
*** RIVER *** [2c Qh 7h 8d] [8c]
MTails: bets $6
svoy2: calls $6
*** SHOW DOWN ***
MTails: shows [7d 5d] (two pair, Eights and Sevens)
svoy2: mucks hand
MTails collected $41.50 from pot
*** SUMMARY ***
Total pot $42 | Rake $0.50
Board [2c Qh 7h 8d 8c]
Seat 1: svoy2 (button) (small blind) mucked
Seat 2: MTails (big blind) showed [7d 5d] and won ($41.50) with two pair, Eights and Sevens


PokerStars Hand #146554613103:  Hold'em Limit ($3/$6 USD) - 2016/01/06 4:57:37 ET
Table 'Betulia' 2-max Seat #2 is the button
Seat 1: svoy2 ($571.45 in chips)
Seat 2: MTails ($165.99 in chips)
MTails: posts small blind $1
svoy2: posts big blind $3
*** HOLE CARDS ***
MTails: folds
Uncalled bet ($2) returned to svoy2
svoy2 collected $2 from pot
svoy2: doesn't show hand
*** SUMMARY ***
Total pot $2 | Rake $0
Seat 1: svoy2 (big blind) collected ($2)
Seat 2: MTails (button) (small blind) folded before Flop


PokerStars Hand #146554609688:  Hold'em Limit ($3/$6 USD) - 2016/01/06 4:57:28 ET
Table 'Betulia' 2-max Seat #1 is the button
Seat 1: svoy2 ($565.69 in chips)
Seat 2: MTails ($171.99 in chips)
svoy2: posts small blind $1
MTails: posts big blind $3
*** HOLE CARDS ***
svoy2: raises $3 to $6
MTails: calls $3
*** FLOP *** [Jd 2c 5h]
MTails: checks
svoy2: bets $3
MTails: folds
Uncalled bet ($3) returned to svoy2
svoy2 collected $11.76 from pot
svoy2: doesn't show hand
*** SUMMARY ***
Total pot $12 | Rake $0.24
Board [Jd 2c 5h]
Seat 1: svoy2 (button) (small blind) collected ($11.76)
Seat 2: MTails (big blind) folded on the Flop


PokerStars Hand #146554603202:  Hold'em Limit ($3/$6 USD) - 2016/01/06 4:57:12 ET
Table 'Betulia' 2-max Seat #2 is the button
Seat 1: svoy2 ($586.69 in chips)
Seat 2: MTails ($151.49 in chips)
MTails: posts small blind $1
svoy2: posts big blind $3
*** HOLE CARDS ***
MTails: raises $3 to $6
svoy2: calls $3
*** FLOP *** [Jh 4c 9d]
svoy2: checks
MTails: bets $3
svoy2: calls $3
*** TURN *** [Jh 4c 9d] [2c]
svoy2: checks
MTails: bets $6
svoy2: calls $6
*** RIVER *** [Jh 4c 9d 2c] [Ks]
svoy2: bets $6
MTails: raises $6 to $12
svoy2: folds
Uncalled bet ($6) returned to MTails
MTails collected $41.50 from pot
*** SUMMARY ***
Total pot $42 | Rake $0.50
Board [Jh 4c 9d 2c Ks]
Seat 1: svoy2 (big blind) folded on the River
Seat 2: MTails (button) (small blind) collected ($41.50)


PokerStars Hand #146554596507:  Hold'em Limit ($3/$6 USD) - 2016/01/06 4:56:56 ET
Table 'Betulia' 2-max Seat #1 is the button
Seat 1: svoy2 ($590.69 in chips)
Seat 2: MTails ($147.73 in chips)
svoy2: posts small blind $1
MTails: posts big blind $3
*** HOLE CARDS ***
svoy2: raises $3 to $6
MTails: folds
Uncalled bet ($3) returned to svoy2
svoy2 collected $6 from pot
svoy2: doesn't show hand
*** SUMMARY ***
Total pot $6 | Rake $0
Seat 1: svoy2 (button) (small blind) collected ($6)
Seat 2: MTails (big blind) folded before Flop


PokerStars Hand #146554593491:  Hold'em Limit ($3/$6 USD) - 2016/01/06 4:56:48 ET
Table 'Betulia' 2-max Seat #2 is the button
Seat 1: svoy2 ($596.69 in chips)
Seat 2: MTails ($141.97 in chips)
MTails: posts small blind $1
svoy2: posts big blind $3
*** HOLE CARDS ***
MTails: raises $3 to $6
svoy2: calls $3
*** FLOP *** [7h Ac 2d]
svoy2: checks
MTails: bets $3
svoy2: folds
Uncalled bet ($3) returned to MTails
MTails collected $11.76 from pot
*** SUMMARY ***
Total pot $12 | Rake $0.24
Board [7h Ac 2d]
Seat 1: svoy2 (big blind) folded on the Flop
Seat 2: MTails (button) (small blind) collected ($11.76)


PokerStars Hand #146554598400:  Hold'em Limit ($3/$6 USD) - 2016/01/06 4:57:00 ET
Table 'Betulia' 2-max Seat #2 is the button
Seat 1: svoy2 ($593.69 in chips)
Seat 2: MTails ($144.73 in chips)
MTails: posts small blind $1
svoy2: posts big blind $3
*** HOLE CARDS ***
MTails: raises $3 to $6
svoy2: calls $3
*** FLOP *** [Jh 8c 2s]
svoy2: checks
MTails: bets $3
svoy2: folds
Uncalled bet ($3) returned to MTails
MTails collected $11.76 from pot
*** SUMMARY ***
Total pot $12 | Rake $0.24
Board [Jh 8c 2s]
Seat 1: svoy2 (big blind) folded on the Flop
Seat 2: MTails (button) (small blind) collected ($11.76)


PokerStars Hand #146554601535:  Hold'em Limit ($3/$6 USD) - 2016/01/06 4:57:08 ET
Table 'Betulia' 2-max Seat #1 is the button
Seat 1: svoy2 ($587.69 in chips)
Seat 2: MTails ($150.49 in chips)
svoy2: posts small blind $1
MTails: posts big blind $3
*** HOLE CARDS ***
svoy2: folds
Uncalled bet ($2) returned to MTails
MTails collected $2 from pot
MTails: doesn't show hand
*** SUMMARY ***
Total pot $2 | Rake $0
Seat 1: svoy2 (button) (small blind) folded before Flop
Seat 2: MTails (big blind) collected ($2)


PokerStars Hand #146554591707:  Hold'em Limit ($3/$6 USD) - 2016/01/06 4:56:44 ET
Table 'Betulia' 2-max Seat #1 is the button
Seat 1: svoy2 ($593.69 in chips)
Seat 2: MTails ($144.97 in chips)
svoy2: posts small blind $1
MTails: posts big blind $3
*** HOLE CARDS ***
svoy2: raises $3 to $6
MTails: folds
Uncalled bet ($3) returned to svoy2
svoy2 collected $6 from pot
svoy2: doesn't show hand
*** SUMMARY ***
Total pot $6 | Rake $0
Seat 1: svoy2 (button) (small blind) collected ($6)
Seat 2: MTails (big blind) folded before Flop


PokerStars Hand #146554589968:  Hold'em Limit ($3/$6 USD) - 2016/01/06 4:56:39 ET
Table 'Betulia' 2-max Seat #2 is the button
Seat 1: svoy2 ($592.69 in chips)
Seat 2: MTails ($145.97 in chips)
MTails: posts small blind $1
svoy2: posts big blind $3
*** HOLE CARDS ***
MTails: folds
Uncalled bet ($2) returned to svoy2
svoy2 collected $2 from pot
svoy2: doesn't show hand
*** SUMMARY ***
Total pot $2 | Rake $0
Seat 1: svoy2 (big blind) collected ($2)
Seat 2: MTails (button) (small blind) folded before Flop


PokerStars Hand #146554618566:  Hold'em Limit ($3/$6 USD) - 2016/01/06 4:57:50 ET
Table 'Betulia' 2-max Seat #1 is the button
Seat 1: svoy2 ($572.45 in chips)
Seat 2: MTails ($164.99 in chips)
svoy2: posts small blind $1
MTails: posts big blind $3
*** HOLE CARDS ***
svoy2: raises $3 to $6
MTails: calls $3
*** FLOP *** [7c Jh 9d]
MTails: checks
svoy2: bets $3
MTails: calls $3
*** TURN *** [7c Jh 9d] [Kc]
MTails: checks
svoy2: bets $6
MTails: calls $6
*** RIVER *** [7c Jh 9d Kc] [4c]
MTails: checks
svoy2: bets $6
MTails: folds
Uncalled bet ($6) returned to svoy2
svoy2 collected $29.50 from pot
svoy2: doesn't show hand
*** SUMMARY ***
Total pot $30 | Rake $0.50
Board [7c Jh 9d Kc 4c]
Seat 1: svoy2 (button) (small blind) collected ($29.50)
Seat 2: MTails (big blind) folded on the River


PokerStars Hand #146554628838:  Hold'em Limit ($3/$6 USD) - 2016/01/06 4:58:15 ET
Table 'Betulia' 2-max Seat #1 is the button
Seat 1: svoy2 ($574.95 in chips)
Seat 2: MTails ($161.51 in chips)
svoy2: posts small blind $1
MTails: posts big blind $3
*** HOLE CARDS ***
svoy2: folds
Uncalled bet ($2) returned to MTails
MTails collected $2 from pot
MTails: doesn't show hand
*** SUMMARY ***
Total pot $2 | Rake $0
Seat 1: svoy2 (button) (small blind) folded before Flop
Seat 2: MTails (big blind) collected ($2)


PokerStars Hand #146554624595:  Hold'em Limit ($3/$6 USD) - 2016/01/06 4:58:05 ET
Table 'Betulia' 2-max Seat #2 is the button
Seat 1: svoy2 ($586.95 in chips)
Seat 2: MTails ($149.99 in chips)
MTails: posts small blind $1
svoy2: posts big blind $3
*** HOLE CARDS ***
MTails: raises $3 to $6
svoy2: raises $3 to $9
MTails: calls $3
*** FLOP *** [Ah 4s As]
svoy2: bets $3
MTails: calls $3
*** TURN *** [Ah 4s As] [2c]
svoy2: checks
MTails: bets $6
svoy2: folds
Uncalled bet ($6) returned to MTails
MTails collected $23.52 from pot
*** SUMMARY ***
Total pot $24 | Rake $0.48
Board [Ah 4s As 2c]
Seat 1: svoy2 (big blind) folded on the Turn
Seat 2: MTails (button) (small blind) collected ($23.52)


PokerStars Hand #146554630570:  Hold'em Limit ($3/$6 USD) - 2016/01/06 4:58:19 ET
Table 'Betulia' 2-max Seat #2 is the button
Seat 1: svoy2 ($573.95 in chips)
Seat 2: MTails ($162.51 in chips)
MTails: posts small blind $1
svoy2: posts big blind $3
*** HOLE CARDS ***
MTails: raises $3 to $6
svoy2: folds
Uncalled bet ($3) returned to MTails
MTails collected $6 from pot
*** SUMMARY ***
Total pot $6 | Rake $0
Seat 1: svoy2 (big blind) folded before Flop
Seat 2: MTails (button) (small blind) collected ($6)


PokerStars Hand #146554632549:  Hold'em Limit ($3/$6 USD) - 2016/01/06 4:58:24 ET
Table 'Betulia' 2-max Seat #1 is the button
Seat 1: svoy2 ($570.95 in chips)
Seat 2: MTails ($165.51 in chips)
svoy2: posts small blind $1
MTails: posts big blind $3
*** HOLE CARDS ***
svoy2: raises $3 to $6
MTails: calls $3
*** FLOP *** [Qh Ac Jd]
MTails: checks
svoy2: bets $3
MTails: raises $3 to $6
svoy2: calls $3
*** TURN *** [Qh Ac Jd] [Js]
MTails: checks
svoy2: checks
*** RIVER *** [Qh Ac Jd Js] [Ad]
MTails: checks
svoy2: checks
*** SHOW DOWN ***
MTails: shows [9c Ks] (two pair, Aces and Jacks)
svoy2: mucks hand
MTails collected $23.52 from pot
*** SUMMARY ***
Total pot $24 | Rake $0.48
Board [Qh Ac Jd Js Ad]
Seat 1: svoy2 (button) (small blind) mucked
Seat 2: MTails (big blind) showed [9c Ks] and won ($23.52) with two pair, Aces and Jacks


PokerStars Hand #146554616781:  Hold'em Limit ($3/$6 USD) - 2016/01/06 4:57:46 ET
Table 'Betulia' 2-max Seat #2 is the button
Seat 1: svoy2 ($575.45 in chips)
Seat 2: MTails ($161.99 in chips)
MTails: posts small blind $1
svoy2: posts big blind $3
*** HOLE CARDS ***
MTails: raises $3 to $6
svoy2: folds
Uncalled bet ($3) returned to MTails
MTails collected $6 from pot
*** SUMMARY ***
Total pot $6 | Rake $0
Seat 1: svoy2 (big blind) folded before Flop
Seat 2: MTails (button) (small blind) collected ($6)


PokerStars Hand #146554614838:  Hold'em Limit ($3/$6 USD) - 2016/01/06 4:57:41 ET
Table 'Betulia' 2-max Seat #1 is the button
Seat 1: svoy2 ($572.45 in chips)
Seat 2: MTails ($164.99 in chips)
svoy2: posts small blind $1
MTails: posts big blind $3
*** HOLE CARDS ***
svoy2: raises $3 to $6
MTails: folds
Uncalled bet ($3) returned to svoy2
svoy2 collected $6 from pot
svoy2: doesn't show hand
*** SUMMARY ***
Total pot $6 | Rake $0
Seat 1: svoy2 (button) (small blind) collected ($6)
Seat 2: MTails (big blind) folded before Flop


PokerStars Hand #146554638144:  Hold'em Limit ($3/$6 USD) - 2016/01/06 4:58:38 ET
Table 'Betulia' 2-max Seat #2 is the button
Seat 1: svoy2 ($558.95 in chips)
Seat 2: MTails ($177.03 in chips)
MTails: posts small blind $1
svoy2: posts big blind $3
*** HOLE CARDS ***
MTails: raises $3 to $6
svoy2: raises $3 to $9
MTails: calls $3
*** FLOP *** [2d Tc 4s]
svoy2: bets $3
MTails: calls $3
*** TURN *** [2d Tc 4s] [8s]
svoy2: checks
MTails: bets $6
svoy2: raises $6 to $12
MTails: raises $6 to $18
svoy2: raises $6 to $24
Betting is capped
MTails: calls $6
*** RIVER *** [2d Tc 4s 8s] [As]
svoy2: checks
MTails: bets $6
svoy2: calls $6
*** SHOW DOWN ***
MTails: shows [Js Jc] (a pair of Jacks)
svoy2: shows [Qd Qc] (a pair of Queens)
svoy2 collected $83.50 from pot
*** SUMMARY ***
Total pot $84 | Rake $0.50
Board [2d Tc 4s 8s As]
Seat 1: svoy2 (big blind) showed [Qd Qc] and won ($83.50) with a pair of Queens
Seat 2: MTails (button) (small blind) showed [Js Jc] and lost with a pair of Jacks


PokerStars Hand #146554645719:  Hold'em Limit ($3/$6 USD) - 2016/01/06 4:58:57 ET
Table 'Betulia' 2-max Seat #1 is the button
Seat 1: svoy2 ($600.45 in chips)
Seat 2: MTails ($135.03 in chips)
svoy2: posts small blind $1
MTails: posts big blind $3
*** HOLE CARDS ***
svoy2: raises $3 to $6
MTails: calls $3
*** FLOP *** [Js 6h 8s]
MTails: checks
svoy2: bets $3
MTails: raises $3 to $6
svoy2: raises $3 to $9
MTails: calls $3
*** TURN *** [Js 6h 8s] [4h]
MTails: checks
svoy2: bets $6
MTails: calls $6
*** RIVER *** [Js 6h 8s 4h] [Th]
MTails: checks
svoy2: checks
*** SHOW DOWN ***
MTails: shows [6s 7s] (a pair of Sixes)
svoy2: shows [9d 9s] (a pair of Nines)
svoy2 collected $41.50 from pot
*** SUMMARY ***
Total pot $42 | Rake $0.50
Board [Js 6h 8s 4h Th]
Seat 1: svoy2 (button) (small blind) showed [9d 9s] and won ($41.50) with a pair of Nines
Seat 2: MTails (big blind) showed [6s 7s] and lost with a pair of Sixes


PokerStars Hand #146554651614:  Hold'em Limit ($3/$6 USD) - 2016/01/06 4:59:11 ET
Table 'Betulia' 2-max Seat #2 is the button
Seat 1: svoy2 ($620.95 in chips)
Seat 2: MTails ($114.03 in chips)
MTails: posts small blind $1
svoy2: posts big blind $3
*** HOLE CARDS ***
MTails: raises $3 to $6
svoy2: raises $3 to $9
MTails: calls $3
*** FLOP *** [As 6s 7s]
svoy2: bets $3
MTails: folds
Uncalled bet ($3) returned to svoy2
svoy2 collected $17.64 from pot
svoy2: doesn't show hand
*** SUMMARY ***
Total pot $18 | Rake $0.36
Board [As 6s 7s]
Seat 1: svoy2 (big blind) collected ($17.64)
Seat 2: MTails (button) (small blind) folded on the Flop


PokerStars Hand #146554654696:  Hold'em Limit ($3/$6 USD) - 2016/01/06 4:59:18 ET
Table 'Betulia' 2-max Seat #1 is the button
Seat 1: svoy2 ($629.59 in chips)
Seat 2: MTails ($105.03 in chips)
svoy2: posts small blind $1
MTails: posts big blind $3
*** HOLE CARDS ***
svoy2: raises $3 to $6
MTails: calls $3
*** FLOP *** [Ad 8h Kd]
MTails: checks
svoy2: checks
*** TURN *** [Ad 8h Kd] [7d]
MTails: bets $6
svoy2: raises $6 to $12
MTails: calls $6
*** RIVER *** [Ad 8h Kd 7d] [Td]
MTails: checks
svoy2: checks
*** SHOW DOWN ***
MTails: shows [Qd 8s] (a flush, Ace high)
svoy2: mucks hand
MTails collected $35.50 from pot
*** SUMMARY ***
Total pot $36 | Rake $0.50
Board [Ad 8h Kd 7d Td]
Seat 1: svoy2 (button) (small blind) mucked
Seat 2: MTails (big blind) showed [Qd 8s] and won ($35.50) with a flush, Ace high


PokerStars Hand #146554659595:  Hold'em Limit ($3/$6 USD) - 2016/01/06 4:59:30 ET
Table 'Betulia' 2-max Seat #2 is the button
Seat 1: svoy2 ($611.59 in chips)
Seat 2: MTails ($122.53 in chips)
MTails: posts small blind $1
svoy2: posts big blind $3
*** HOLE CARDS ***
MTails: raises $3 to $6
svoy2: calls $3
*** FLOP *** [9d 3h Kh]
svoy2: checks
MTails: bets $3
svoy2: calls $3
*** TURN *** [9d 3h Kh] [3s]
svoy2: checks
MTails: bets $6
svoy2: folds
Uncalled bet ($6) returned to MTails
MTails collected $17.64 from pot
*** SUMMARY ***
Total pot $18 | Rake $0.36
Board [9d 3h Kh 3s]
Seat 1: svoy2 (big blind) folded on the Turn
Seat 2: MTails (button) (small blind) collected ($17.64)


PokerStars Hand #146554673232:  Hold'em Limit ($3/$6 USD) - 2016/01/06 5:00:04 ET
Table 'Betulia' 2-max Seat #2 is the button
Seat 1: svoy2 ($598.35 in chips)
Seat 2: MTails ($134.81 in chips)
MTails: posts small blind $1
svoy2: posts big blind $3
*** HOLE CARDS ***
MTails: raises $3 to $6
svoy2: folds
Uncalled bet ($3) returned to MTails
MTails collected $6 from pot
*** SUMMARY ***
Total pot $6 | Rake $0
Seat 1: svoy2 (big blind) folded before Flop
Seat 2: MTails (button) (small blind) collected ($6)


PokerStars Hand #146554671441:  Hold'em Limit ($3/$6 USD) - 2016/01/06 4:59:59 ET
Table 'Betulia' 2-max Seat #1 is the button
Seat 1: svoy2 ($599.35 in chips)
Seat 2: MTails ($133.81 in chips)
svoy2: posts small blind $1
MTails: posts big blind $3
*** HOLE CARDS ***
svoy2: folds
Uncalled bet ($2) returned to MTails
MTails collected $2 from pot
MTails: doesn't show hand
*** SUMMARY ***
Total pot $2 | Rake $0
Seat 1: svoy2 (button) (small blind) folded before Flop
Seat 2: MTails (big blind) collected ($2)


PokerStars Hand #146554675266:  Hold'em Limit ($3/$6 USD) - 2016/01/06 5:00:08 ET
Table 'Betulia' 2-max Seat #1 is the button
Seat 1: svoy2 ($595.35 in chips)
Seat 2: MTails ($137.81 in chips)
svoy2: posts small blind $1
MTails: posts big blind $3
*** HOLE CARDS ***
svoy2: raises $3 to $6
MTails: calls $3
*** FLOP *** [4c 6d 3c]
MTails: checks
svoy2: bets $3
MTails: calls $3
*** TURN *** [4c 6d 3c] [8h]
MTails: checks
svoy2: bets $6
MTails: calls $6
*** RIVER *** [4c 6d 3c 8h] [6c]
MTails: checks
svoy2: bets $6
MTails: calls $6
*** SHOW DOWN ***
svoy2: shows [Jc Qc] (a flush, Queen high)
MTails: mucks hand
svoy2 collected $41.50 from pot
*** SUMMARY ***
Total pot $42 | Rake $0.50
Board [4c 6d 3c 8h 6c]
Seat 1: svoy2 (button) (small blind) showed [Jc Qc] and won ($41.50) with a flush, Queen high
Seat 2: MTails (big blind) mucked


PokerStars Hand #146554687473:  Hold'em Limit ($3/$6 USD) - 2016/01/06 5:00:37 ET
Table 'Betulia' 2-max Seat #1 is the button
Seat 1: svoy2 ($606.85 in chips)
Seat 2: MTails ($125.45 in chips)
svoy2: posts small blind $1
MTails: posts big blind $3
*** HOLE CARDS ***
svoy2: raises $3 to $6
MTails: folds
Uncalled bet ($3) returned to svoy2
svoy2 collected $6 from pot
svoy2: doesn't show hand
*** SUMMARY ***
Total pot $6 | Rake $0
Seat 1: svoy2 (button) (small blind) collected ($6)
Seat 2: MTails (big blind) folded before Flop


PokerStars Hand #146554681465:  Hold'em Limit ($3/$6 USD) - 2016/01/06 5:00:23 ET
Table 'Betulia' 2-max Seat #2 is the button
Seat 1: svoy2 ($615.85 in chips)
Seat 2: MTails ($116.81 in chips)
MTails: posts small blind $1
svoy2: posts big blind $3
*** HOLE CARDS ***
MTails: raises $3 to $6
svoy2: calls $3
*** FLOP *** [Ts 3s Td]
svoy2: checks
MTails: bets $3
svoy2: calls $3
*** TURN *** [Ts 3s Td] [Qh]
svoy2: checks
MTails: checks
*** RIVER *** [Ts 3s Td Qh] [Qd]
svoy2: checks
MTails: bets $6
svoy2: folds
Uncalled bet ($6) returned to MTails
MTails collected $17.64 from pot
*** SUMMARY ***
Total pot $18 | Rake $0.36
Board [Ts 3s Td Qh Qd]
Seat 1: svoy2 (big blind) folded on the River
Seat 2: MTails (button) (small blind) collected ($17.64)


PokerStars Hand #146554663949:  Hold'em Limit ($3/$6 USD) - 2016/01/06 4:59:41 ET
Table 'Betulia' 2-max Seat #1 is the button
Seat 1: svoy2 ($602.59 in chips)
Seat 2: MTails ($131.17 in chips)
svoy2: posts small blind $1
MTails: posts big blind $3
*** HOLE CARDS ***
svoy2: raises $3 to $6
MTails: calls $3
*** FLOP *** [8s Td As]
MTails: checks
svoy2: bets $3
MTails: folds
Uncalled bet ($3) returned to svoy2
svoy2 collected $11.76 from pot
svoy2: doesn't show hand
*** SUMMARY ***
Total pot $12 | Rake $0.24
Board [8s Td As]
Seat 1: svoy2 (button) (small blind) collected ($11.76)
Seat 2: MTails (big blind) folded on the Flop


PokerStars Hand #146554667104:  Hold'em Limit ($3/$6 USD) - 2016/01/06 4:59:49 ET
Table 'Betulia' 2-max Seat #2 is the button
Seat 1: svoy2 ($608.35 in chips)
Seat 2: MTails ($125.17 in chips)
MTails: posts small blind $1
svoy2: posts big blind $3
*** HOLE CARDS ***
MTails: raises $3 to $6
svoy2: calls $3
*** FLOP *** [Qh 7s Js]
svoy2: checks
MTails: bets $3
svoy2: calls $3
*** TURN *** [Qh 7s Js] [9h]
svoy2: checks
MTails: bets $6
svoy2: folds
Uncalled bet ($6) returned to MTails
MTails collected $17.64 from pot
*** SUMMARY ***
Total pot $18 | Rake $0.36
Board [Qh 7s Js 9h]
Seat 1: svoy2 (big blind) folded on the Turn
Seat 2: MTails (button) (small blind) collected ($17.64)


PokerStars Hand #146554689668:  Hold'em Limit ($3/$6 USD) - 2016/01/06 5:00:42 ET
Table 'Betulia' 2-max Seat #2 is the button
Seat 1: svoy2 ($609.85 in chips)
Seat 2: MTails ($122.45 in chips)
MTails: posts small blind $1
svoy2: posts big blind $3
*** HOLE CARDS ***
MTails: raises $3 to $6
svoy2: calls $3
*** FLOP *** [8h 7c Js]
svoy2: checks
MTails: bets $3
svoy2: raises $3 to $6
MTails: folds
Uncalled bet ($3) returned to svoy2
svoy2 collected $17.64 from pot
svoy2: doesn't show hand
*** SUMMARY ***
Total pot $18 | Rake $0.36
Board [8h 7c Js]
Seat 1: svoy2 (big blind) collected ($17.64)
Seat 2: MTails (button) (small blind) folded on the Flop


PokerStars Hand #146554700901:  Hold'em Limit ($3/$6 USD) - 2016/01/06 5:01:08 ET
Table 'Betulia' 2-max Seat #1 is the button
Seat 1: svoy2 ($644.99 in chips)
Seat 2: MTails ($86.45 in chips)
svoy2: posts small blind $1
MTails: posts big blind $3
*** HOLE CARDS ***
svoy2: raises $3 to $6
MTails: calls $3
*** FLOP *** [Ac Jc 3h]
MTails: checks
svoy2: bets $3
MTails: raises $3 to $6
svoy2: raises $3 to $9
MTails: calls $3
*** TURN *** [Ac Jc 3h] [Jh]
MTails: checks
svoy2: bets $6
MTails: raises $6 to $12
svoy2: folds
Uncalled bet ($6) returned to MTails
MTails collected $41.50 from pot
*** SUMMARY ***
Total pot $42 | Rake $0.50
Board [Ac Jc 3h Jh]
Seat 1: svoy2 (button) (small blind) folded on the Turn
Seat 2: MTails (big blind) collected ($41.50)


PokerStars Hand #146554699063:  Hold'em Limit ($3/$6 USD) - 2016/01/06 5:01:04 ET
Table 'Betulia' 2-max Seat #2 is the button
Seat 1: svoy2 ($647.99 in chips)
Seat 2: MTails ($83.45 in chips)
MTails: posts small blind $1
svoy2: posts big blind $3
*** HOLE CARDS ***
MTails: raises $3 to $6
svoy2: folds
Uncalled bet ($3) returned to MTails
MTails collected $6 from pot
*** SUMMARY ***
Total pot $6 | Rake $0
Seat 1: svoy2 (big blind) folded before Flop
Seat 2: MTails (button) (small blind) collected ($6)


PokerStars Hand #146554693309:  Hold'em Limit ($3/$6 USD) - 2016/01/06 5:00:50 ET
Table 'Betulia' 2-max Seat #1 is the button
Seat 1: svoy2 ($618.49 in chips)
Seat 2: MTails ($113.45 in chips)
svoy2: posts small blind $1
MTails: posts big blind $3
*** HOLE CARDS ***
svoy2: raises $3 to $6
MTails: raises $3 to $9
svoy2: calls $3
*** FLOP *** [Tc 3c 6d]
MTails: bets $3
svoy2: calls $3
*** TURN *** [Tc 3c 6d] [5h]
MTails: checks
svoy2: bets $6
MTails: raises $6 to $12
svoy2: calls $6
*** RIVER *** [Tc 3c 6d 5h] [Qd]
MTails: bets $6
svoy2: calls $6
*** SHOW DOWN ***
MTails: shows [7c 7h] (a pair of Sevens)
svoy2: shows [Jh Td] (a pair of Tens)
svoy2 collected $59.50 from pot
*** SUMMARY ***
Total pot $60 | Rake $0.50
Board [Tc 3c 6d 5h Qd]
Seat 1: svoy2 (button) (small blind) showed [Jh Td] and won ($59.50) with a pair of Tens
Seat 2: MTails (big blind) showed [7c 7h] and lost with a pair of Sevens


PokerStars Hand #146554706906:  Hold'em Limit ($3/$6 USD) - 2016/01/06 5:01:21 ET
Table 'Betulia' 2-max Seat #2 is the button
Seat 1: svoy2 ($623.99 in chips)
Seat 2: MTails ($106.95 in chips)
MTails: posts small blind $1
svoy2: posts big blind $3
*** HOLE CARDS ***
MTails: raises $3 to $6
svoy2: raises $3 to $9
MTails: calls $3
*** FLOP *** [6h 4c 7c]
svoy2: bets $3
MTails: calls $3
*** TURN *** [6h 4c 7c] [8c]
svoy2: checks
MTails: bets $6
svoy2: raises $6 to $12
MTails: calls $6
*** RIVER *** [6h 4c 7c 8c] [7h]
svoy2: bets $6
MTails: raises $6 to $12
svoy2: calls $6
*** SHOW DOWN ***
MTails: shows [2c 9d] (a pair of Sevens)
svoy2: shows [Kh 5h] (a straight, Four to Eight)
svoy2 collected $71.50 from pot
*** SUMMARY ***
Total pot $72 | Rake $0.50
Board [6h 4c 7c 8c 7h]
Seat 1: svoy2 (big blind) showed [Kh 5h] and won ($71.50) with a straight, Four to Eight
Seat 2: MTails (button) (small blind) showed [2c 9d] and lost with a pair of Sevens


PokerStars Hand #146554733074:  Hold'em Limit ($3/$6 USD) - 2016/01/06 5:02:18 ET
Table 'Betulia' 2-max Seat #2 is the button
Seat 1: svoy2 ($658.99 in chips)
Seat 2: MTails ($70.21 in chips)
MTails: posts small blind $1
svoy2: posts big blind $3
*** HOLE CARDS ***
MTails: raises $3 to $6
svoy2: calls $3
*** FLOP *** [4s Ah 8h]
svoy2: checks
MTails: bets $3
svoy2: raises $3 to $6
MTails: calls $3
*** TURN *** [4s Ah 8h] [9s]
svoy2: bets $6
MTails: raises $6 to $12
svoy2: calls $6
*** RIVER *** [4s Ah 8h 9s] [2d]
svoy2: checks
MTails: checks
*** SHOW DOWN ***
svoy2: shows [3h Qh] (high card Ace)
MTails: shows [5h 4h] (a pair of Fours)
MTails collected $47.50 from pot
*** SUMMARY ***
Total pot $48 | Rake $0.50
Board [4s Ah 8h 9s 2d]
Seat 1: svoy2 (big blind) showed [3h Qh] and lost with high card Ace
Seat 2: MTails (button) (small blind) showed [5h 4h] and won ($47.50) with a pair of Fours


PokerStars Hand #146554727108:  Hold'em Limit ($3/$6 USD) - 2016/01/06 5:02:05 ET
Table 'Betulia' 2-max Seat #1 is the button
Seat 1: svoy2 ($638.49 in chips)
Seat 2: MTails ($91.21 in chips)
svoy2: posts small blind $1
MTails: posts big blind $3
*** HOLE CARDS ***
svoy2: raises $3 to $6
MTails: calls $3
*** FLOP *** [4h 9c Ac]
MTails: checks
svoy2: bets $3
MTails: calls $3
*** TURN *** [4h 9c Ac] [5s]
MTails: checks
svoy2: bets $6
MTails: calls $6
*** RIVER *** [4h 9c Ac 5s] [4d]
MTails: checks
svoy2: bets $6
MTails: calls $6
*** SHOW DOWN ***
svoy2: shows [2h Ah] (two pair, Aces and Fours)
MTails: mucks hand
svoy2 collected $41.50 from pot
*** SUMMARY ***
Total pot $42 | Rake $0.50
Board [4h 9c Ac 5s 4d]
Seat 1: svoy2 (button) (small blind) showed [2h Ah] and won ($41.50) with two pair, Aces and Fours
Seat 2: MTails (big blind) mucked


PokerStars Hand #146554722299:  Hold'em Limit ($3/$6 USD) - 2016/01/06 5:01:55 ET
Table 'Betulia' 2-max Seat #2 is the button
Seat 1: svoy2 ($644.49 in chips)
Seat 2: MTails ($85.45 in chips)
MTails: posts small blind $1
svoy2: posts big blind $3
*** HOLE CARDS ***
MTails: raises $3 to $6
svoy2: calls $3
*** FLOP *** [Td 9d 4s]
svoy2: checks
MTails: checks
*** TURN *** [Td 9d 4s] [Ks]
svoy2: checks
MTails: bets $6
svoy2: folds
Uncalled bet ($6) returned to MTails
MTails collected $11.76 from pot
*** SUMMARY ***
Total pot $12 | Rake $0.24
Board [Td 9d 4s Ks]
Seat 1: svoy2 (big blind) folded on the Turn
Seat 2: MTails (button) (small blind) collected ($11.76)


PokerStars Hand #146554714789:  Hold'em Limit ($3/$6 USD) - 2016/01/06 5:01:38 ET
Table 'Betulia' 2-max Seat #1 is the button
Seat 1: svoy2 ($659.49 in chips)
Seat 2: MTails ($70.95 in chips)
svoy2: posts small blind $1
MTails: posts big blind $3
*** HOLE CARDS ***
svoy2: raises $3 to $6
MTails: raises $3 to $9
svoy2: calls $3
*** FLOP *** [Tc 7c 6h]
MTails: bets $3
svoy2: raises $3 to $6
MTails: calls $3
*** TURN *** [Tc 7c 6h] [Ad]
MTails: checks
svoy2: checks
*** RIVER *** [Tc 7c 6h Ad] [9h]
MTails: checks
svoy2: checks
*** SHOW DOWN ***
MTails: shows [Jh Td] (a pair of Tens)
svoy2: mucks hand
MTails collected $29.50 from pot
*** SUMMARY ***
Total pot $30 | Rake $0.50
Board [Tc 7c 6h Ad 9h]
Seat 1: svoy2 (button) (small blind) mucked
Seat 2: MTails (big blind) showed [Jh Td] and won ($29.50) with a pair of Tens


PokerStars Hand #146554762533:  Hold'em Limit ($3/$6 USD) - 2016/01/06 5:03:22 ET
Table 'Betulia' 2-max Seat #1 is the button
Seat 1: svoy2 ($666.99 in chips)
Seat 2: MTails ($59.99 in chips)
svoy2: posts small blind $1
MTails: posts big blind $3
*** HOLE CARDS ***
svoy2: raises $3 to $6
MTails: calls $3
*** FLOP *** [3h 3d 6h]
MTails: checks
svoy2: checks
*** TURN *** [3h 3d 6h] [As]
MTails: bets $6
svoy2: folds
Uncalled bet ($6) returned to MTails
MTails collected $11.76 from pot
*** SUMMARY ***
Total pot $12 | Rake $0.24
Board [3h 3d 6h As]
Seat 1: svoy2 (button) (small blind) folded on the Turn
Seat 2: MTails (big blind) collected ($11.76)


PokerStars Hand #146554756647:  Hold'em Limit ($3/$6 USD) - 2016/01/06 5:03:10 ET
Table 'Betulia' 2-max Seat #2 is the button
Seat 1: svoy2 ($646.49 in chips)
Seat 2: MTails ($80.99 in chips)
MTails: posts small blind $1
svoy2: posts big blind $3
*** HOLE CARDS ***
MTails: raises $3 to $6
svoy2: calls $3
*** FLOP *** [Kh Kd 7h]
svoy2: checks
MTails: bets $3
svoy2: calls $3
*** TURN *** [Kh Kd 7h] [4c]
svoy2: checks
MTails: bets $6
svoy2: calls $6
*** RIVER *** [Kh Kd 7h 4c] [Jc]
svoy2: checks
MTails: bets $6
svoy2: calls $6
*** SHOW DOWN ***
MTails: shows [6s 8d] (a pair of Kings)
svoy2: shows [Qc 6c] (a pair of Kings - Queen kicker)
svoy2 collected $41.50 from pot
*** SUMMARY ***
Total pot $42 | Rake $0.50
Board [Kh Kd 7h 4c Jc]
Seat 1: svoy2 (big blind) showed [Qc 6c] and won ($41.50) with a pair of Kings
Seat 2: MTails (button) (small blind) showed [6s 8d] and lost with a pair of Kings


PokerStars Hand #146554745152:  Hold'em Limit ($3/$6 USD) - 2016/01/06 5:02:45 ET
Table 'Betulia' 2-max Seat #2 is the button
Seat 1: svoy2 ($625.99 in chips)
Seat 2: MTails ($102.35 in chips)
MTails: posts small blind $1
svoy2: posts big blind $3
*** HOLE CARDS ***
MTails: raises $3 to $6
svoy2: raises $3 to $9
MTails: calls $3
*** FLOP *** [Kc 6c 9c]
svoy2: bets $3
MTails: calls $3
*** TURN *** [Kc 6c 9c] [Qs]
svoy2: bets $6
MTails: raises $6 to $12
svoy2: raises $6 to $18
MTails: calls $6
*** RIVER *** [Kc 6c 9c Qs] [3d]
svoy2: checks
MTails: checks
*** SHOW DOWN ***
svoy2: shows [Ac 5c] (a flush, Ace high)
MTails: mucks hand
svoy2 collected $59.50 from pot
*** SUMMARY ***
Total pot $60 | Rake $0.50
Board [Kc 6c 9c Qs 3d]
Seat 1: svoy2 (big blind) showed [Ac 5c] and won ($59.50) with a flush, Ace high
Seat 2: MTails (button) (small blind) mucked


PokerStars Hand #146554739211:  Hold'em Limit ($3/$6 USD) - 2016/01/06 5:02:32 ET
Table 'Betulia' 2-max Seat #1 is the button
Seat 1: svoy2 ($634.99 in chips)
Seat 2: MTails ($93.71 in chips)
svoy2: posts small blind $1
MTails: posts big blind $3
*** HOLE CARDS ***
svoy2: raises $3 to $6
MTails: calls $3
*** FLOP *** [8h 3h 2s]
MTails: checks
svoy2: bets $3
MTails: calls $3
*** TURN *** [8h 3h 2s] [7c]
MTails: checks
svoy2: checks
*** RIVER *** [8h 3h 2s 7c] [Js]
MTails: checks
svoy2: checks
*** SHOW DOWN ***
MTails: shows [Jh Ks] (a pair of Jacks)
svoy2: mucks hand
MTails collected $17.64 from pot
*** SUMMARY ***
Total pot $18 | Rake $0.36
Board [8h 3h 2s 7c Js]
Seat 1: svoy2 (button) (small blind) mucked
Seat 2: MTails (big blind) showed [Jh Ks] and won ($17.64) with a pair of Jacks


PokerStars Hand #146554796478:  Hold'em Limit ($3/$6 USD) - 2016/01/06 5:04:34 ET
Table 'Betulia' 2-max Seat #1 is the button
Seat 1: svoy2 ($639.25 in chips)
Seat 2: MTails ($145.75 in chips)
svoy2: posts small blind $1
MTails: posts big blind $3
*** HOLE CARDS ***
svoy2: folds
Uncalled bet ($2) returned to MTails
MTails collected $2 from pot
MTails: doesn't show hand
*** SUMMARY ***
Total pot $2 | Rake $0
Seat 1: svoy2 (button) (small blind) folded before Flop
Seat 2: MTails (big blind) collected ($2)


PokerStars Hand #146554794551:  Hold'em Limit ($3/$6 USD) - 2016/01/06 5:04:30 ET
Table 'Betulia' 2-max Seat #2 is the button
Seat 1: svoy2 ($642.25 in chips)
Seat 2: MTails ($142.75 in chips)
MTails: posts small blind $1
svoy2: posts big blind $3
*** HOLE CARDS ***
MTails: raises $3 to $6
svoy2: folds
Uncalled bet ($3) returned to MTails
MTails collected $6 from pot
*** SUMMARY ***
Total pot $6 | Rake $0
Seat 1: svoy2 (big blind) folded before Flop
Seat 2: MTails (button) (small blind) collected ($6)


PokerStars Hand #146554784600:  Hold'em Limit ($3/$6 USD) - 2016/01/06 5:04:09 ET
Table 'Betulia' 2-max Seat #2 is the button
Seat 1: svoy2 ($666.49 in chips)
Seat 2: MTails ($119.25 in chips)
MTails: posts small blind $1
svoy2: posts big blind $3
*** HOLE CARDS ***
MTails: raises $3 to $6
svoy2: raises $3 to $9
MTails: calls $3
*** FLOP *** [Tc 2h 2c]
svoy2: bets $3
MTails: calls $3
*** TURN *** [Tc 2h 2c] [7c]
svoy2: bets $6
MTails: raises $6 to $12
svoy2: calls $6
*** RIVER *** [Tc 2h 2c 7c] [9d]
svoy2: checks
MTails: bets $6
svoy2: calls $6
*** SHOW DOWN ***
MTails: shows [5h Ts] (two pair, Tens and Deuces)
svoy2: mucks hand
MTails collected $59.50 from pot
*** SUMMARY ***
Total pot $60 | Rake $0.50
Board [Tc 2h 2c 7c 9d]
Seat 1: svoy2 (big blind) mucked
Seat 2: MTails (button) (small blind) showed [5h Ts] and won ($59.50) with two pair, Tens and Deuces


PokerStars Hand #146554779564:  Hold'em Limit ($3/$6 USD) - 2016/01/06 5:03:58 ET
Table 'Betulia' 2-max Seat #1 is the button
Seat 1: svoy2 ($684.49 in chips)
Seat 2: MTails ($101.75 in chips)
svoy2: posts small blind $1
MTails: posts big blind $3
*** HOLE CARDS ***
svoy2: raises $3 to $6
MTails: calls $3
*** FLOP *** [Td 7s 9h]
MTails: checks
svoy2: checks
*** TURN *** [Td 7s 9h] [2s]
MTails: bets $6
svoy2: calls $6
*** RIVER *** [Td 7s 9h 2s] [3s]
MTails: bets $6
svoy2: calls $6
*** SHOW DOWN ***
MTails: shows [9c Kd] (a pair of Nines)
svoy2: mucks hand
MTails collected $35.50 from pot
*** SUMMARY ***
Total pot $36 | Rake $0.50
Board [Td 7s 9h 2s 3s]
Seat 1: svoy2 (button) (small blind) mucked
Seat 2: MTails (big blind) showed [9c Kd] and won ($35.50) with a pair of Nines


PokerStars Hand #146554776686:  Hold'em Limit ($3/$6 USD) - 2016/01/06 5:03:53 ET
Table 'Betulia' 2-max Seat #2 is the button
Seat 1: svoy2 ($687.49 in chips)
Seat 2: MTails ($98.75 in chips)
MTails: posts small blind $1
svoy2: posts big blind $3
*** HOLE CARDS ***
MTails: raises $3 to $6
svoy2: folds
Uncalled bet ($3) returned to MTails
MTails collected $6 from pot
*** SUMMARY ***
Total pot $6 | Rake $0
Seat 1: svoy2 (big blind) folded before Flop
Seat 2: MTails (button) (small blind) collected ($6)


PokerStars Hand #146554774318:  Hold'em Limit ($3/$6 USD) - 2016/01/06 5:03:48 ET
Table 'Betulia' 2-max Seat #1 is the button
Seat 1: svoy2 ($684.49 in chips)
Seat 2: MTails ($41.75 in chips)
svoy2: posts small blind $1
MTails: posts big blind $3
*** HOLE CARDS ***
svoy2: raises $3 to $6
MTails: folds
Uncalled bet ($3) returned to svoy2
svoy2 collected $6 from pot
svoy2: doesn't show hand
*** SUMMARY ***
Total pot $6 | Rake $0
Seat 1: svoy2 (button) (small blind) collected ($6)
Seat 2: MTails (big blind) folded before Flop


PokerStars Hand #146554766489:  Hold'em Limit ($3/$6 USD) - 2016/01/06 5:03:31 ET
Table 'Betulia' 2-max Seat #2 is the button
Seat 1: svoy2 ($660.99 in chips)
Seat 2: MTails ($65.75 in chips)
MTails: posts small blind $1
svoy2: posts big blind $3
*** HOLE CARDS ***
MTails: raises $3 to $6
svoy2: raises $3 to $9
MTails: calls $3
*** FLOP *** [Kc Ac 3d]
svoy2: bets $3
MTails: calls $3
*** TURN *** [Kc Ac 3d] [2h]
svoy2: bets $6
MTails: calls $6
*** RIVER *** [Kc Ac 3d 2h] [Qd]
svoy2: checks
MTails: bets $6
svoy2: raises $6 to $12
MTails: folds
Uncalled bet ($6) returned to svoy2
svoy2 collected $47.50 from pot
svoy2: doesn't show hand
*** SUMMARY ***
Total pot $48 | Rake $0.50
Board [Kc Ac 3d 2h Qd]
Seat 1: svoy2 (big blind) collected ($47.50)
Seat 2: MTails (button) (small blind) folded on the River


PokerStars Hand #146554821381:  Hold'em Limit ($3/$6 USD) - 2016/01/06 5:05:25 ET
Table 'Betulia' 2-max Seat #1 is the button
Seat 1: svoy2 ($579.25 in chips)
Seat 2: MTails ($204.75 in chips)
svoy2: posts small blind $1
MTails: posts big blind $3
*** HOLE CARDS ***
svoy2: raises $3 to $6
MTails: raises $3 to $9
svoy2: calls $3
*** FLOP *** [4d 9h 5h]
MTails: bets $3
svoy2: calls $3
*** TURN *** [4d 9h 5h] [4h]
MTails: checks
svoy2: checks
*** RIVER *** [4d 9h 5h 4h] [9c]
MTails: checks
svoy2: bets $6
MTails: calls $6
*** SHOW DOWN ***
svoy2: shows [Th Kd] (two pair, Nines and Fours)
MTails: mucks hand
svoy2 collected $35.50 from pot
*** SUMMARY ***
Total pot $36 | Rake $0.50
Board [4d 9h 5h 4h 9c]
Seat 1: svoy2 (button) (small blind) showed [Th Kd] and won ($35.50) with two pair, Nines and Fours
Seat 2: MTails (big blind) mucked


PokerStars Hand #146554812508:  Hold'em Limit ($3/$6 USD) - 2016/01/06 5:05:06 ET
Table 'Betulia' 2-max Seat #2 is the button
Seat 1: svoy2 ($615.25 in chips)
Seat 2: MTails ($169.25 in chips)
MTails: posts small blind $1
svoy2: posts big blind $3
*** HOLE CARDS ***
MTails: raises $3 to $6
svoy2: calls $3
*** FLOP *** [7h 4c 8c]
svoy2: checks
MTails: bets $3
svoy2: raises $3 to $6
MTails: calls $3
*** TURN *** [7h 4c 8c] [9c]
svoy2: bets $6
MTails: raises $6 to $12
svoy2: raises $6 to $18
MTails: calls $6
*** RIVER *** [7h 4c 8c 9c] [Qc]
svoy2: checks
MTails: bets $6
svoy2: calls $6
*** SHOW DOWN ***
MTails: shows [Qh 8h] (two pair, Queens and Eights)
svoy2: mucks hand
MTails collected $71.50 from pot
*** SUMMARY ***
Total pot $72 | Rake $0.50
Board [7h 4c 8c 9c Qc]
Seat 1: svoy2 (big blind) mucked
Seat 2: MTails (button) (small blind) showed [Qh 8h] and won ($71.50) with two pair, Queens and Eights


PokerStars Hand #146554810561:  Hold'em Limit ($3/$6 USD) - 2016/01/06 5:05:02 ET
Table 'Betulia' 2-max Seat #1 is the button
Seat 1: svoy2 ($616.25 in chips)
Seat 2: MTails ($168.25 in chips)
svoy2: posts small blind $1
MTails: posts big blind $3
*** HOLE CARDS ***
svoy2: folds
Uncalled bet ($2) returned to MTails
MTails collected $2 from pot
MTails: doesn't show hand
*** SUMMARY ***
Total pot $2 | Rake $0
Seat 1: svoy2 (button) (small blind) folded before Flop
Seat 2: MTails (big blind) collected ($2)


PokerStars Hand #146554801293:  Hold'em Limit ($3/$6 USD) - 2016/01/06 5:04:44 ET
Table 'Betulia' 2-max Seat #1 is the button
Seat 1: svoy2 ($635.25 in chips)
Seat 2: MTails ($149.75 in chips)
svoy2: posts small blind $1
MTails: posts big blind $3
*** HOLE CARDS ***
svoy2: folds
Uncalled bet ($2) returned to MTails
MTails collected $2 from pot
MTails: doesn't show hand
*** SUMMARY ***
Total pot $2 | Rake $0
Seat 1: svoy2 (button) (small blind) folded before Flop
Seat 2: MTails (big blind) collected ($2)


PokerStars Hand #146554798432:  Hold'em Limit ($3/$6 USD) - 2016/01/06 5:04:38 ET
Table 'Betulia' 2-max Seat #2 is the button
Seat 1: svoy2 ($638.25 in chips)
Seat 2: MTails ($146.75 in chips)
MTails: posts small blind $1
svoy2: posts big blind $3
*** HOLE CARDS ***
MTails: raises $3 to $6
svoy2: folds
Uncalled bet ($3) returned to MTails
MTails collected $6 from pot
*** SUMMARY ***
Total pot $6 | Rake $0
Seat 1: svoy2 (big blind) folded before Flop
Seat 2: MTails (button) (small blind) collected ($6)


PokerStars Hand #146554832288:  Hold'em Limit ($3/$6 USD) - 2016/01/06 5:05:47 ET
Table 'Betulia' 2-max Seat #1 is the button
Seat 1: svoy2 ($590.75 in chips)
Seat 2: MTails ($192.51 in chips)
svoy2: posts small blind $1
MTails: posts big blind $3
*** HOLE CARDS ***
svoy2: raises $3 to $6
MTails: calls $3
*** FLOP *** [3c 8s 5c]
MTails: checks
svoy2: bets $3
MTails: raises $3 to $6
svoy2: calls $3
*** TURN *** [3c 8s 5c] [Th]
MTails: bets $6
svoy2: folds
Uncalled bet ($6) returned to MTails
MTails collected $23.52 from pot
*** SUMMARY ***
Total pot $24 | Rake $0.48
Board [3c 8s 5c Th]
Seat 1: svoy2 (button) (small blind) folded on the Turn
Seat 2: MTails (big blind) collected ($23.52)


PokerStars Hand #146554842194:  Hold'em Limit ($3/$6 USD) - 2016/01/06 5:06:07 ET
Table 'Betulia' 2-max Seat #1 is the button
Seat 1: svoy2 ($575.75 in chips)
Seat 2: MTails ($207.03 in chips)
svoy2: posts small blind $1
MTails: posts big blind $3
*** HOLE CARDS ***
svoy2: raises $3 to $6
MTails: calls $3
*** FLOP *** [7d Ac 6d]
MTails: checks
svoy2: bets $3
MTails: folds
Uncalled bet ($3) returned to svoy2
svoy2 collected $11.76 from pot
svoy2: doesn't show hand
*** SUMMARY ***
Total pot $12 | Rake $0.24
Board [7d Ac 6d]
Seat 1: svoy2 (button) (small blind) collected ($11.76)
Seat 2: MTails (big blind) folded on the Flop


PokerStars Hand #146554839703:  Hold'em Limit ($3/$6 USD) - 2016/01/06 5:06:02 ET
Table 'Betulia' 2-max Seat #2 is the button
Seat 1: svoy2 ($578.75 in chips)
Seat 2: MTails ($204.03 in chips)
MTails: posts small blind $1
svoy2: posts big blind $3
*** HOLE CARDS ***
MTails: raises $3 to $6
svoy2: folds
Uncalled bet ($3) returned to MTails
MTails collected $6 from pot
*** SUMMARY ***
Total pot $6 | Rake $0
Seat 1: svoy2 (big blind) folded before Flop
Seat 2: MTails (button) (small blind) collected ($6)


PokerStars Hand #146554828414:  Hold'em Limit ($3/$6 USD) - 2016/01/06 5:05:39 ET
Table 'Betulia' 2-max Seat #2 is the button
Seat 1: svoy2 ($596.75 in chips)
Seat 2: MTails ($186.75 in chips)
MTails: posts small blind $1
svoy2: posts big blind $3
*** HOLE CARDS ***
MTails: raises $3 to $6
svoy2: calls $3
*** FLOP *** [7s 6s 2d]
svoy2: checks
MTails: bets $3
svoy2: folds
Uncalled bet ($3) returned to MTails
MTails collected $11.76 from pot
*** SUMMARY ***
Total pot $12 | Rake $0.24
Board [7s 6s 2d]
Seat 1: svoy2 (big blind) folded on the Flop
Seat 2: MTails (button) (small blind) collected ($11.76)


PokerStars Hand #146554885833:  Hold'em Limit ($3/$6 USD) - 2016/01/06 5:07:36 ET
Table 'Betulia' 2-max Seat #2 is the button
Seat 1: svoy2 ($574.15 in chips)
Seat 2: MTails ($207.43 in chips)
MTails: posts small blind $1
svoy2: posts big blind $3
*** HOLE CARDS ***
MTails: raises $3 to $6
svoy2: folds
Uncalled bet ($3) returned to MTails
MTails collected $6 from pot
*** SUMMARY ***
Total pot $6 | Rake $0
Seat 1: svoy2 (big blind) folded before Flop
Seat 2: MTails (button) (small blind) collected ($6)


PokerStars Hand #146554866910:  Hold'em Limit ($3/$6 USD) - 2016/01/06 5:06:58 ET
Table 'Betulia' 2-max Seat #1 is the button
Seat 1: svoy2 ($565.51 in chips)
Seat 2: MTails ($216.43 in chips)
svoy2: posts small blind $1
MTails: posts big blind $3
*** HOLE CARDS ***
svoy2: raises $3 to $6
MTails: calls $3
*** FLOP *** [5h Qs Ad]
MTails: checks
svoy2: bets $3
MTails: calls $3
*** TURN *** [5h Qs Ad] [6s]
MTails: checks
svoy2: checks
*** RIVER *** [5h Qs Ad 6s] [Qc]
MTails: checks
svoy2: bets $6
MTails: folds
Uncalled bet ($6) returned to svoy2
svoy2 collected $17.64 from pot
svoy2: doesn't show hand
*** SUMMARY ***
Total pot $18 | Rake $0.36
Board [5h Qs Ad 6s Qc]
Seat 1: svoy2 (button) (small blind) collected ($17.64)
Seat 2: MTails (big blind) folded on the River


PokerStars Hand #146554863150:  Hold'em Limit ($3/$6 USD) - 2016/01/06 5:06:50 ET
Table 'Betulia' 2-max Seat #2 is the button
Seat 1: svoy2 ($571.51 in chips)
Seat 2: MTails ($210.67 in chips)
MTails: posts small blind $1
svoy2: posts big blind $3
*** HOLE CARDS ***
MTails: raises $3 to $6
svoy2: calls $3
*** FLOP *** [9h 8s Th]
svoy2: checks
MTails: bets $3
svoy2: folds
Uncalled bet ($3) returned to MTails
MTails collected $11.76 from pot
*** SUMMARY ***
Total pot $12 | Rake $0.24
Board [9h 8s Th]
Seat 1: svoy2 (big blind) folded on the Flop
Seat 2: MTails (button) (small blind) collected ($11.76)


PokerStars Hand #146554861132:  Hold'em Limit ($3/$6 USD) - 2016/01/06 5:06:46 ET
Table 'Betulia' 2-max Seat #1 is the button
Seat 1: svoy2 ($572.51 in chips)
Seat 2: MTails ($209.67 in chips)
svoy2: posts small blind $1
MTails: posts big blind $3
*** HOLE CARDS ***
svoy2: folds
Uncalled bet ($2) returned to MTails
MTails collected $2 from pot
*** SUMMARY ***
Total pot $2 | Rake $0
Seat 1: svoy2 (button) (small blind) folded before Flop
Seat 2: MTails (big blind) collected ($2)


PokerStars Hand #146554851922:  Hold'em Limit ($3/$6 USD) - 2016/01/06 5:06:27 ET
Table 'Betulia' 2-max Seat #2 is the button
Seat 1: svoy2 ($581.51 in chips)
Seat 2: MTails ($201.03 in chips)
MTails: posts small blind $1
svoy2: posts big blind $3
*** HOLE CARDS ***
MTails: raises $3 to $6
svoy2: calls $3
*** FLOP *** [6s Qc 2c]
svoy2: checks
MTails: bets $3
svoy2: calls $3
*** TURN *** [6s Qc 2c] [6c]
svoy2: checks
MTails: bets $6
svoy2: folds
Uncalled bet ($6) returned to MTails
MTails collected $17.64 from pot
*** SUMMARY ***
Total pot $18 | Rake $0.36
Board [6s Qc 2c 6c]
Seat 1: svoy2 (big blind) folded on the Turn
Seat 2: MTails (button) (small blind) collected ($17.64)


PokerStars Hand #146554904853:  Hold'em Limit ($3/$6 USD) - 2016/01/06 5:08:14 ET
Table 'Betulia' 2-max Seat #1 is the button
Seat 1: svoy2 ($605.65 in chips)
Seat 2: MTails ($175.43 in chips)
svoy2: posts small blind $1
MTails: posts big blind $3
*** HOLE CARDS ***
svoy2: raises $3 to $6
MTails: calls $3
*** FLOP *** [8s 9s Qh]
MTails: checks
svoy2: bets $3
MTails: folds
Uncalled bet ($3) returned to svoy2
svoy2 collected $11.76 from pot
svoy2: doesn't show hand
*** SUMMARY ***
Total pot $12 | Rake $0.24
Board [8s 9s Qh]
Seat 1: svoy2 (button) (small blind) collected ($11.76)
Seat 2: MTails (big blind) folded on the Flop


PokerStars Hand #146554891218:  Hold'em Limit ($3/$6 USD) - 2016/01/06 5:07:47 ET
Table 'Betulia' 2-max Seat #2 is the button
Seat 1: svoy2 ($570.15 in chips)
Seat 2: MTails ($211.43 in chips)
MTails: posts small blind $1
svoy2: posts big blind $3
*** HOLE CARDS ***
MTails: raises $3 to $6
svoy2: raises $3 to $9
MTails: calls $3
*** FLOP *** [8s 7d 2c]
svoy2: bets $3
MTails: calls $3
*** TURN *** [8s 7d 2c] [Ah]
svoy2: bets $6
MTails: calls $6
*** RIVER *** [8s 7d 2c Ah] [6c]
svoy2: bets $6
MTails: raises $6 to $12
svoy2: raises $6 to $18
MTails: calls $6
*** SHOW DOWN ***
svoy2: shows [Td 9s] (a straight, Six to Ten)
MTails: mucks hand
svoy2 collected $71.50 from pot
*** SUMMARY ***
Total pot $72 | Rake $0.50
Board [8s 7d 2c Ah 6c]
Seat 1: svoy2 (big blind) showed [Td 9s] and won ($71.50) with a straight, Six to Ten
Seat 2: MTails (button) (small blind) mucked


PokerStars Hand #146554889198:  Hold'em Limit ($3/$6 USD) - 2016/01/06 5:07:43 ET
Table 'Betulia' 2-max Seat #1 is the button
Seat 1: svoy2 ($571.15 in chips)
Seat 2: MTails ($210.43 in chips)
svoy2: posts small blind $1
MTails: posts big blind $3
*** HOLE CARDS ***
svoy2: folds
Uncalled bet ($2) returned to MTails
MTails collected $2 from pot
*** SUMMARY ***
Total pot $2 | Rake $0
Seat 1: svoy2 (button) (small blind) folded before Flop
Seat 2: MTails (big blind) collected ($2)


PokerStars Hand #146554910696:  Hold'em Limit ($3/$6 USD) - 2016/01/06 5:08:26 ET
Table 'Betulia' 2-max Seat #2 is the button
Seat 1: svoy2 ($611.41 in chips)
Seat 2: MTails ($169.43 in chips)
MTails: posts small blind $1
svoy2: posts big blind $3
*** HOLE CARDS ***
MTails: raises $3 to $6
svoy2: raises $3 to $9
MTails: calls $3
*** FLOP *** [Tc 8h Ah]
svoy2: bets $3
MTails: folds
Uncalled bet ($3) returned to svoy2
svoy2 collected $17.64 from pot
svoy2: doesn't show hand
*** SUMMARY ***
Total pot $18 | Rake $0.36
Board [Tc 8h Ah]
Seat 1: svoy2 (big blind) collected ($17.64)
Seat 2: MTails (button) (small blind) folded on the Flop


PokerStars Hand #146554931665:  Hold'em Limit ($3/$6 USD) - 2016/01/06 5:09:09 ET
Table 'Betulia' 2-max Seat #2 is the button
Seat 1: svoy2 ($640.55 in chips)
Seat 2: MTails ($139.43 in chips)
MTails: posts small blind $1
svoy2: posts big blind $3
*** HOLE CARDS ***
MTails: folds
Uncalled bet ($2) returned to svoy2
svoy2 collected $2 from pot
svoy2: doesn't show hand
*** SUMMARY ***
Total pot $2 | Rake $0
Seat 1: svoy2 (big blind) collected ($2)
Seat 2: MTails (button) (small blind) folded before Flop


PokerStars Hand #146554916677:  Hold'em Limit ($3/$6 USD) - 2016/01/06 5:08:39 ET
Table 'Betulia' 2-max Seat #1 is the button
Seat 1: svoy2 ($620.05 in chips)
Seat 2: MTails ($160.43 in chips)
svoy2: posts small blind $1
MTails: posts big blind $3
*** HOLE CARDS ***
svoy2: raises $3 to $6
MTails: raises $3 to $9
svoy2: raises $3 to $12
Betting is capped
MTails: calls $3
*** FLOP *** [3h 5h Ad]
MTails: checks
svoy2: bets $3
MTails: calls $3
*** TURN *** [3h 5h Ad] [5s]
MTails: checks
svoy2: bets $6
MTails: calls $6
*** RIVER *** [3h 5h Ad 5s] [7s]
MTails: checks
svoy2: bets $6
MTails: folds
Uncalled bet ($6) returned to svoy2
svoy2 collected $41.50 from pot
svoy2: doesn't show hand
*** SUMMARY ***
Total pot $42 | Rake $0.50
Board [3h 5h Ad 5s 7s]
Seat 1: svoy2 (button) (small blind) collected ($41.50)
Seat 2: MTails (big blind) folded on the River


PokerStars Hand #146554941076:  Hold'em Limit ($3/$6 USD) - 2016/01/06 5:09:28 ET
Table 'Betulia' 2-max Seat #2 is the button
Seat 1: svoy2 ($644.55 in chips)
Seat 2: MTails ($135.43 in chips)
MTails: posts small blind $1
svoy2: posts big blind $3
*** HOLE CARDS ***
MTails: raises $3 to $6
svoy2: folds
Uncalled bet ($3) returned to MTails
MTails collected $6 from pot
*** SUMMARY ***
Total pot $6 | Rake $0
Seat 1: svoy2 (big blind) folded before Flop
Seat 2: MTails (button) (small blind) collected ($6)


PokerStars Hand #146554934003:  Hold'em Limit ($3/$6 USD) - 2016/01/06 5:09:13 ET
Table 'Betulia' 2-max Seat #1 is the button
Seat 1: svoy2 ($641.55 in chips)
Seat 2: MTails ($138.43 in chips)
svoy2: posts small blind $1
MTails: posts big blind $3
*** HOLE CARDS ***
svoy2: raises $3 to $6
MTails: folds
Uncalled bet ($3) returned to svoy2
svoy2 collected $6 from pot
svoy2: doesn't show hand
*** SUMMARY ***
Total pot $6 | Rake $0
Seat 1: svoy2 (button) (small blind) collected ($6)
Seat 2: MTails (big blind) folded before Flop


PokerStars Hand #146554943415:  Hold'em Limit ($3/$6 USD) - 2016/01/06 5:09:32 ET
Table 'Betulia' 2-max Seat #1 is the button
Seat 1: svoy2 ($641.55 in chips)
Seat 2: MTails ($138.43 in chips)
svoy2: posts small blind $1
MTails: posts big blind $3
*** HOLE CARDS ***
svoy2: folds
Uncalled bet ($2) returned to MTails
MTails collected $2 from pot
*** SUMMARY ***
Total pot $2 | Rake $0
Seat 1: svoy2 (button) (small blind) folded before Flop
Seat 2: MTails (big blind) collected ($2)


PokerStars Hand #146554960903:  Hold'em Limit ($3/$6 USD) - 2016/01/06 5:10:07 ET
Table 'Betulia' 2-max Seat #1 is the button
Seat 1: svoy2 ($636.05 in chips)
Seat 2: MTails ($142.93 in chips)
svoy2: posts small blind $1
MTails: posts big blind $3
*** HOLE CARDS ***
svoy2: raises $3 to $6
MTails: calls $3
*** FLOP *** [4d 8h 3s]
MTails: checks
svoy2: bets $3
MTails: calls $3
*** TURN *** [4d 8h 3s] [Qc]
MTails: checks
svoy2: bets $6
MTails: folds
Uncalled bet ($6) returned to svoy2
svoy2 collected $17.64 from pot
svoy2: doesn't show hand
*** SUMMARY ***
Total pot $18 | Rake $0.36
Board [4d 8h 3s Qc]
Seat 1: svoy2 (button) (small blind) collected ($17.64)
Seat 2: MTails (big blind) folded on the Turn


PokerStars Hand #146554954534:  Hold'em Limit ($3/$6 USD) - 2016/01/06 5:09:55 ET
Table 'Betulia' 2-max Seat #2 is the button
Seat 1: svoy2 ($621.55 in chips)
Seat 2: MTails ($157.93 in chips)
MTails: posts small blind $1
svoy2: posts big blind $3
*** HOLE CARDS ***
MTails: raises $3 to $6
svoy2: calls $3
*** FLOP *** [7h Kc Qh]
svoy2: checks
MTails: bets $3
svoy2: calls $3
*** TURN *** [7h Kc Qh] [8h]
svoy2: checks
MTails: checks
*** RIVER *** [7h Kc Qh 8h] [3h]
svoy2: checks
MTails: bets $6
svoy2: calls $6
*** SHOW DOWN ***
MTails: shows [4c 6c] (high card King)
svoy2: shows [Ks 9d] (a pair of Kings)
svoy2 collected $29.50 from pot
*** SUMMARY ***
Total pot $30 | Rake $0.50
Board [7h Kc Qh 8h 3h]
Seat 1: svoy2 (big blind) showed [Ks 9d] and won ($29.50) with a pair of Kings
Seat 2: MTails (button) (small blind) showed [4c 6c] and lost with high card King


PokerStars Hand #146554952451:  Hold'em Limit ($3/$6 USD) - 2016/01/06 5:09:50 ET
Table 'Betulia' 2-max Seat #1 is the button
Seat 1: svoy2 ($622.55 in chips)
Seat 2: MTails ($156.93 in chips)
svoy2: posts small blind $1
MTails: posts big blind $3
*** HOLE CARDS ***
svoy2: folds
Uncalled bet ($2) returned to MTails
MTails collected $2 from pot
*** SUMMARY ***
Total pot $2 | Rake $0
Seat 1: svoy2 (button) (small blind) folded before Flop
Seat 2: MTails (big blind) collected ($2)


PokerStars Hand #146554945488:  Hold'em Limit ($3/$6 USD) - 2016/01/06 5:09:36 ET
Table 'Betulia' 2-max Seat #2 is the button
Seat 1: svoy2 ($640.55 in chips)
Seat 2: MTails ($139.43 in chips)
MTails: posts small blind $1
svoy2: posts big blind $3
*** HOLE CARDS ***
MTails: raises $3 to $6
svoy2: calls $3
*** FLOP *** [Qd 8s 8d]
svoy2: checks
MTails: bets $3
svoy2: raises $3 to $6
MTails: calls $3
*** TURN *** [Qd 8s 8d] [3h]
svoy2: bets $6
MTails: calls $6
*** RIVER *** [Qd 8s 8d 3h] [9c]
svoy2: checks
MTails: checks
*** SHOW DOWN ***
svoy2: shows [4h Ac] (a pair of Eights)
MTails: shows [Th 3d] (two pair, Eights and Threes)
MTails collected $35.50 from pot
*** SUMMARY ***
Total pot $36 | Rake $0.50
Board [Qd 8s 8d 3h 9c]
Seat 1: svoy2 (big blind) showed [4h Ac] and lost with a pair of Eights
Seat 2: MTails (button) (small blind) showed [Th 3d] and won ($35.50) with two pair, Eights and Threes


PokerStars Hand #146554969645:  Hold'em Limit ($3/$6 USD) - 2016/01/06 5:10:25 ET
Table 'Betulia' 2-max Seat #2 is the button
Seat 1: svoy2 ($644.69 in chips)
Seat 2: MTails ($133.93 in chips)
MTails: posts small blind $1
svoy2: posts big blind $3
*** HOLE CARDS ***
MTails: raises $3 to $6
svoy2: calls $3
*** FLOP *** [9c Qc 9s]
svoy2: checks
MTails: bets $3
svoy2: calls $3
*** TURN *** [9c Qc 9s] [Jh]
svoy2: checks
MTails: checks
*** RIVER *** [9c Qc 9s Jh] [Ts]
svoy2: checks
MTails: bets $6
svoy2: folds
Uncalled bet ($6) returned to MTails
MTails collected $17.64 from pot
*** SUMMARY ***
Total pot $18 | Rake $0.36
Board [9c Qc 9s Jh Ts]
Seat 1: svoy2 (big blind) folded on the River
Seat 2: MTails (button) (small blind) collected ($17.64)


PokerStars Hand #146554989943:  Hold'em Limit ($3/$6 USD) - 2016/01/06 5:11:06 ET
Table 'Betulia' 2-max Seat #1 is the button
Seat 1: svoy2 ($610.69 in chips)
Seat 2: MTails ($167.07 in chips)
svoy2: posts small blind $1
MTails: posts big blind $3
*** HOLE CARDS ***
svoy2: raises $3 to $6
MTails: calls $3
*** FLOP *** [2c 6s 7d]
MTails: checks
svoy2: bets $3
MTails: calls $3
*** TURN *** [2c 6s 7d] [Qh]
MTails: checks
svoy2: bets $6
MTails: raises $6 to $12
svoy2: raises $6 to $18
MTails: calls $6
*** RIVER *** [2c 6s 7d Qh] [2s]
MTails: checks
svoy2: bets $6
MTails: calls $6
*** SHOW DOWN ***
svoy2: shows [Ac Qc] (two pair, Queens and Deuces)
MTails: mucks hand
svoy2 collected $65.50 from pot
*** SUMMARY ***
Total pot $66 | Rake $0.50
Board [2c 6s 7d Qh 2s]
Seat 1: svoy2 (button) (small blind) showed [Ac Qc] and won ($65.50) with two pair, Queens and Deuces
Seat 2: MTails (big blind) mucked


PokerStars Hand #146554980567:  Hold'em Limit ($3/$6 USD) - 2016/01/06 5:10:47 ET
Table 'Betulia' 2-max Seat #2 is the button
Seat 1: svoy2 ($634.69 in chips)
Seat 2: MTails ($143.57 in chips)
MTails: posts small blind $1
svoy2: posts big blind $3
*** HOLE CARDS ***
MTails: raises $3 to $6
svoy2: raises $3 to $9
MTails: calls $3
*** FLOP *** [5s 9d Qc]
svoy2: bets $3
MTails: calls $3
*** TURN *** [5s 9d Qc] [7d]
svoy2: checks
MTails: bets $6
svoy2: calls $6
*** RIVER *** [5s 9d Qc 7d] [2h]
svoy2: checks
MTails: bets $6
svoy2: calls $6
*** SHOW DOWN ***
MTails: shows [Qs 8d] (a pair of Queens)
svoy2: mucks hand
MTails collected $47.50 from pot
*** SUMMARY ***
Total pot $48 | Rake $0.50
Board [5s 9d Qc 7d 2h]
Seat 1: svoy2 (big blind) mucked
Seat 2: MTails (button) (small blind) showed [Qs 8d] and won ($47.50) with a pair of Queens


PokerStars Hand #146554978445:  Hold'em Limit ($3/$6 USD) - 2016/01/06 5:10:43 ET
Table 'Betulia' 2-max Seat #1 is the button
Seat 1: svoy2 ($635.69 in chips)
Seat 2: MTails ($142.57 in chips)
svoy2: posts small blind $1
MTails: posts big blind $3
*** HOLE CARDS ***
svoy2: folds
Uncalled bet ($2) returned to MTails
MTails collected $2 from pot
*** SUMMARY ***
Total pot $2 | Rake $0
Seat 1: svoy2 (button) (small blind) folded before Flop
Seat 2: MTails (big blind) collected ($2)


PokerStars Hand #146555000342:  Hold'em Limit ($3/$6 USD) - 2016/01/06 5:11:27 ET
Table 'Betulia' 2-max Seat #2 is the button
Seat 1: svoy2 ($643.19 in chips)
Seat 2: MTails ($134.07 in chips)
MTails: posts small blind $1
svoy2: posts big blind $3
*** HOLE CARDS ***
MTails: raises $3 to $6
svoy2: raises $3 to $9
MTails: calls $3
*** FLOP *** [As Ac Qs]
svoy2: bets $3
MTails: calls $3
*** TURN *** [As Ac Qs] [5s]
svoy2: bets $6
MTails: calls $6
*** RIVER *** [As Ac Qs 5s] [Th]
svoy2: bets $6
MTails: folds
Uncalled bet ($6) returned to svoy2
svoy2 collected $35.50 from pot
svoy2: doesn't show hand
*** SUMMARY ***
Total pot $36 | Rake $0.50
Board [As Ac Qs 5s Th]
Seat 1: svoy2 (big blind) collected ($35.50)
Seat 2: MTails (button) (small blind) folded on the River


PokerStars Hand #146555015053:  Hold'em Limit ($3/$6 USD) - 2016/01/06 5:11:57 ET
Table 'Betulia' 2-max Seat #2 is the button
Seat 1: svoy2 ($636.69 in chips)
Seat 2: MTails ($139.57 in chips)
MTails: posts small blind $1
svoy2: posts big blind $3
*** HOLE CARDS ***
MTails: calls $2
svoy2: checks
*** FLOP *** [8c 3c 4d]
svoy2: checks
MTails: bets $3
svoy2: folds
Uncalled bet ($3) returned to MTails
MTails collected $5.88 from pot
*** SUMMARY ***
Total pot $6 | Rake $0.12
Board [8c 3c 4d]
Seat 1: svoy2 (big blind) folded on the Flop
Seat 2: MTails (button) (small blind) collected ($5.88)


PokerStars Hand #146555007645:  Hold'em Limit ($3/$6 USD) - 2016/01/06 5:11:42 ET
Table 'Betulia' 2-max Seat #1 is the button
Seat 1: svoy2 ($660.69 in chips)
Seat 2: MTails ($116.07 in chips)
svoy2: posts small blind $1
MTails: posts big blind $3
*** HOLE CARDS ***
svoy2: raises $3 to $6
MTails: raises $3 to $9
svoy2: calls $3
*** FLOP *** [7h 9d Ts]
MTails: bets $3
svoy2: calls $3
*** TURN *** [7h 9d Ts] [8c]
MTails: bets $6
svoy2: calls $6
*** RIVER *** [7h 9d Ts 8c] [3s]
MTails: bets $6
svoy2: calls $6
*** SHOW DOWN ***
MTails: shows [Tc Jc] (a straight, Seven to Jack)
svoy2: mucks hand
MTails collected $47.50 from pot
*** SUMMARY ***
Total pot $48 | Rake $0.50
Board [7h 9d Ts 8c 3s]
Seat 1: svoy2 (button) (small blind) mucked
Seat 2: MTails (big blind) showed [Tc Jc] and won ($47.50) with a straight, Seven to Jack


PokerStars Hand #146555021364:  Hold'em Limit ($3/$6 USD) - 2016/01/06 5:12:10 ET
Table 'Betulia' 2-max Seat #2 is the button
Seat 1: svoy2 ($632.69 in chips)
Seat 2: MTails ($143.45 in chips)
MTails: posts small blind $1
svoy2: posts big blind $3
*** HOLE CARDS ***
MTails said, "davai igraem 5-10 ?"
MTails: raises $3 to $6
svoy2: folds
Uncalled bet ($3) returned to MTails
MTails collected $6 from pot
*** SUMMARY ***
Total pot $6 | Rake $0
Seat 1: svoy2 (big blind) folded before Flop
Seat 2: MTails (button) (small blind) collected ($6)


PokerStars Hand #146555019226:  Hold'em Limit ($3/$6 USD) - 2016/01/06 5:12:06 ET
Table 'Betulia' 2-max Seat #1 is the button
Seat 1: svoy2 ($633.69 in chips)
Seat 2: MTails ($142.45 in chips)
svoy2: posts small blind $1
MTails: posts big blind $3
*** HOLE CARDS ***
svoy2: folds
Uncalled bet ($2) returned to MTails
MTails collected $2 from pot
*** SUMMARY ***
Total pot $2 | Rake $0
Seat 1: svoy2 (button) (small blind) folded before Flop
Seat 2: MTails (big blind) collected ($2)


PokerStars Hand #146555027906:  Hold'em Limit ($3/$6 USD) - 2016/01/06 5:12:23 ET
Table 'Betulia' 2-max Seat #1 is the button
Seat 1: svoy2 ($629.69 in chips)
Seat 2: MTails ($146.45 in chips)
svoy2: posts small blind $1
MTails: posts big blind $3
*** HOLE CARDS ***
svoy2 said, "no"
svoy2: raises $3 to $6
MTails said, "ya ustal"
MTails: raises $3 to $9
svoy2: raises $3 to $12
Betting is capped
MTails: calls $3
*** FLOP *** [5d Td Qs]
MTails: checks
svoy2: bets $3
MTails: raises $3 to $6
svoy2: calls $3
*** TURN *** [5d Td Qs] [Ad]
MTails: bets $6
svoy2: calls $6
*** RIVER *** [5d Td Qs Ad] [4d]
MTails: bets $6
svoy2: raises $6 to $12
MTails: calls $6
*** SHOW DOWN ***
svoy2: shows [Jd Js] (a flush, Ace high)
MTails: shows [Jh Qd] (a flush, Ace high - Queen higher)
MTails collected $71.50 from pot
*** SUMMARY ***
Total pot $72 | Rake $0.50
Board [5d Td Qs Ad 4d]
Seat 1: svoy2 (button) (small blind) showed [Jd Js] and lost with a flush, Ace high
Seat 2: MTails (big blind) showed [Jh Qd] and won ($71.50) with a flush, Ace high


PokerStars Hand #146555053020:  Hold'em Limit ($3/$6 USD) - 2016/01/06 5:13:14 ET
Table 'Betulia' 2-max Seat #1 is the button
Seat 1: svoy2 ($565.69 in chips)
Seat 2: MTails ($209.45 in chips)
svoy2: posts small blind $1
MTails: posts big blind $3
*** HOLE CARDS ***
svoy2: raises $3 to $6
MTails: calls $3
*** FLOP *** [3c As Js]
MTails: checks
svoy2: bets $3
MTails: calls $3
*** TURN *** [3c As Js] [9h]
MTails: checks
svoy2: checks
*** RIVER *** [3c As Js 9h] [2h]
MTails: bets $6
svoy2: folds
Uncalled bet ($6) returned to MTails
MTails collected $17.64 from pot
*** SUMMARY ***
Total pot $18 | Rake $0.36
Board [3c As Js 9h 2h]
Seat 1: svoy2 (button) (small blind) folded on the River
Seat 2: MTails (big blind) collected ($17.64)


PokerStars Hand #146555047024:  Hold'em Limit ($3/$6 USD) - 2016/01/06 5:13:02 ET
Table 'Betulia' 2-max Seat #2 is the button
Seat 1: svoy2 ($589.69 in chips)
Seat 2: MTails ($185.95 in chips)
MTails: posts small blind $1
svoy2: posts big blind $3
*** HOLE CARDS ***
MTails: raises $3 to $6
svoy2: raises $3 to $9
MTails: calls $3
*** FLOP *** [Tc 5s Jh]
svoy2: bets $3
MTails: calls $3
*** TURN *** [Tc 5s Jh] [6h]
svoy2: bets $6
MTails: calls $6
*** RIVER *** [Tc 5s Jh 6h] [5c]
svoy2: bets $6
MTails: calls $6
*** SHOW DOWN ***
svoy2: shows [9c 7c] (a pair of Fives)
MTails: shows [4s 4h] (two pair, Fives and Fours)
MTails collected $47.50 from pot
*** SUMMARY ***
Total pot $48 | Rake $0.50
Board [Tc 5s Jh 6h 5c]
Seat 1: svoy2 (big blind) showed [9c 7c] and lost with a pair of Fives
Seat 2: MTails (button) (small blind) showed [4s 4h] and won ($47.50) with two pair, Fives and Fours


PokerStars Hand #146555044842:  Hold'em Limit ($3/$6 USD) - 2016/01/06 5:12:57 ET
Table 'Betulia' 2-max Seat #1 is the button
Seat 1: svoy2 ($590.69 in chips)
Seat 2: MTails ($184.95 in chips)
svoy2: posts small blind $1
MTails: posts big blind $3
*** HOLE CARDS ***
svoy2: folds
Uncalled bet ($2) returned to MTails
MTails collected $2 from pot
*** SUMMARY ***
Total pot $2 | Rake $0
Seat 1: svoy2 (button) (small blind) folded before Flop
Seat 2: MTails (big blind) collected ($2)


PokerStars Hand #146555042627:  Hold'em Limit ($3/$6 USD) - 2016/01/06 5:12:53 ET
Table 'Betulia' 2-max Seat #2 is the button
Seat 1: svoy2 ($589.69 in chips)
Seat 2: MTails ($185.95 in chips)
MTails: posts small blind $1
svoy2: posts big blind $3
*** HOLE CARDS ***
MTails: folds
Uncalled bet ($2) returned to svoy2
svoy2 collected $2 from pot
svoy2: doesn't show hand
*** SUMMARY ***
Total pot $2 | Rake $0
Seat 1: svoy2 (big blind) collected ($2)
Seat 2: MTails (button) (small blind) folded before Flop


PokerStars Hand #146555040379:  Hold'em Limit ($3/$6 USD) - 2016/01/06 5:12:49 ET
Table 'Betulia' 2-max Seat #1 is the button
Seat 1: svoy2 ($590.69 in chips)
Seat 2: MTails ($184.95 in chips)
svoy2: posts small blind $1
MTails: posts big blind $3
*** HOLE CARDS ***
svoy2: folds
Uncalled bet ($2) returned to MTails
MTails collected $2 from pot
MTails: doesn't show hand
*** SUMMARY ***
Total pot $2 | Rake $0
Seat 1: svoy2 (button) (small blind) folded before Flop
Seat 2: MTails (big blind) collected ($2)


PokerStars Hand #146555037917:  Hold'em Limit ($3/$6 USD) - 2016/01/06 5:12:44 ET
Table 'Betulia' 2-max Seat #2 is the button
Seat 1: svoy2 ($593.69 in chips)
Seat 2: MTails ($181.95 in chips)
MTails: posts small blind $1
svoy2: posts big blind $3
*** HOLE CARDS ***
MTails: raises $3 to $6
svoy2: folds
Uncalled bet ($3) returned to MTails
MTails collected $6 from pot
*** SUMMARY ***
Total pot $6 | Rake $0
Seat 1: svoy2 (big blind) folded before Flop
Seat 2: MTails (button) (small blind) collected ($6)


PokerStars Hand #146555059432:  Hold'em Limit ($3/$6 USD) - 2016/01/06 5:13:27 ET
Table 'Betulia' 2-max Seat #2 is the button
Seat 1: svoy2 ($556.69 in chips)
Seat 2: MTails ($218.09 in chips)
MTails: posts small blind $1
svoy2: posts big blind $3
*** HOLE CARDS ***
MTails: folds
Uncalled bet ($2) returned to svoy2
svoy2 collected $2 from pot
svoy2: doesn't show hand
*** SUMMARY ***
Total pot $2 | Rake $0
Seat 1: svoy2 (big blind) collected ($2)
Seat 2: MTails (button) (small blind) folded before Flop


PokerStars Hand #146555061516:  Hold'em Limit ($3/$6 USD) - 2016/01/06 5:13:32 ET
Table 'Betulia' 2-max Seat #1 is the button
Seat 1: svoy2 ($557.69 in chips)
Seat 2: MTails ($217.09 in chips)
svoy2: posts small blind $1
MTails: posts big blind $3
*** HOLE CARDS ***
svoy2: raises $3 to $6
MTails: calls $3
*** FLOP *** [7c 2c 6d]
MTails: checks
svoy2: bets $3
MTails: calls $3
*** TURN *** [7c 2c 6d] [Ac]
MTails: checks
svoy2: checks
*** RIVER *** [7c 2c 6d Ac] [2d]
MTails: checks
svoy2: bets $6
MTails: calls $6
*** SHOW DOWN ***
svoy2: shows [8d Js] (a pair of Deuces)
MTails: shows [Qs 5h] (a pair of Deuces - Ace+Queen kicker)
MTails collected $29.50 from pot
*** SUMMARY ***
Total pot $30 | Rake $0.50
Board [7c 2c 6d Ac 2d]
Seat 1: svoy2 (button) (small blind) showed [8d Js] and lost with a pair of Deuces
Seat 2: MTails (big blind) showed [Qs 5h] and won ($29.50) with a pair of Deuces


PokerStars Hand #146555094252:  Hold'em Limit ($3/$6 USD) - 2016/01/06 5:14:38 ET
Table 'Betulia' 2-max Seat #1 is the button
Seat 1: svoy2 ($526.19 in chips)
Seat 2: MTails ($247.09 in chips)
svoy2: posts small blind $1
MTails: posts big blind $3
*** HOLE CARDS ***
svoy2: raises $3 to $6
MTails: folds
Uncalled bet ($3) returned to svoy2
svoy2 collected $6 from pot
svoy2: doesn't show hand
*** SUMMARY ***
Total pot $6 | Rake $0
Seat 1: svoy2 (button) (small blind) collected ($6)
Seat 2: MTails (big blind) folded before Flop


PokerStars Hand #146555087449:  Hold'em Limit ($3/$6 USD) - 2016/01/06 5:14:24 ET
Table 'Betulia' 2-max Seat #2 is the button
Seat 1: svoy2 ($529.19 in chips)
Seat 2: MTails ($244.09 in chips)
MTails: posts small blind $1
svoy2: posts big blind $3
*** HOLE CARDS ***
MTails: raises $3 to $6
svoy2 said, "unreal hit any"
svoy2: folds
Uncalled bet ($3) returned to MTails
MTails collected $6 from pot
*** SUMMARY ***
Total pot $6 | Rake $0
Seat 1: svoy2 (big blind) folded before Flop
Seat 2: MTails (button) (small blind) collected ($6)


PokerStars Hand #146555079442:  Hold'em Limit ($3/$6 USD) - 2016/01/06 5:14:08 ET
Table 'Betulia' 2-max Seat #1 is the button
Seat 1: svoy2 ($559.19 in chips)
Seat 2: MTails ($214.59 in chips)
svoy2: posts small blind $1
MTails: posts big blind $3
*** HOLE CARDS ***
svoy2: raises $3 to $6
MTails: calls $3
*** FLOP *** [Ks Js Kd]
MTails: checks
svoy2: bets $3
MTails: raises $3 to $6
svoy2: calls $3
*** TURN *** [Ks Js Kd] [Jd]
MTails: bets $6
svoy2: calls $6
*** RIVER *** [Ks Js Kd Jd] [Tc]
MTails: checks
svoy2: bets $6
MTails: raises $6 to $12
svoy2: calls $6
*** SHOW DOWN ***
MTails: shows [5c Kh] (a full house, Kings full of Jacks)
svoy2: mucks hand
MTails collected $59.50 from pot
*** SUMMARY ***
Total pot $60 | Rake $0.50
Board [Ks Js Kd Jd Tc]
Seat 1: svoy2 (button) (small blind) mucked
Seat 2: MTails (big blind) showed [5c Kh] and won ($59.50) with a full house, Kings full of Jacks


PokerStars Hand #146555076974:  Hold'em Limit ($3/$6 USD) - 2016/01/06 5:14:03 ET
Table 'Betulia' 2-max Seat #2 is the button
Seat 1: svoy2 ($562.19 in chips)
Seat 2: MTails ($211.59 in chips)
MTails: posts small blind $1
svoy2: posts big blind $3
*** HOLE CARDS ***
MTails: raises $3 to $6
svoy2: folds
Uncalled bet ($3) returned to MTails
MTails collected $6 from pot
*** SUMMARY ***
Total pot $6 | Rake $0
Seat 1: svoy2 (big blind) folded before Flop
Seat 2: MTails (button) (small blind) collected ($6)


PokerStars Hand #146555074943:  Hold'em Limit ($3/$6 USD) - 2016/01/06 5:13:59 ET
Table 'Betulia' 2-max Seat #1 is the button
Seat 1: svoy2 ($563.19 in chips)
Seat 2: MTails ($210.59 in chips)
svoy2: posts small blind $1
MTails: posts big blind $3
*** HOLE CARDS ***
svoy2: folds
Uncalled bet ($2) returned to MTails
MTails collected $2 from pot
*** SUMMARY ***
Total pot $2 | Rake $0
Seat 1: svoy2 (button) (small blind) folded before Flop
Seat 2: MTails (big blind) collected ($2)


PokerStars Hand #146555067855:  Hold'em Limit ($3/$6 USD) - 2016/01/06 5:13:44 ET
Table 'Betulia' 2-max Seat #2 is the button
Seat 1: svoy2 ($542.69 in chips)
Seat 2: MTails ($231.59 in chips)
MTails: posts small blind $1
svoy2: posts big blind $3
*** HOLE CARDS ***
MTails: raises $3 to $6
svoy2: calls $3
*** FLOP *** [Th 4s 3c]
svoy2: checks
MTails: bets $3
svoy2: calls $3
*** TURN *** [Th 4s 3c] [7s]
svoy2: checks
MTails: bets $6
svoy2: raises $6 to $12
MTails: calls $6
*** RIVER *** [Th 4s 3c 7s] [8c]
svoy2: bets $6
MTails: folds
Uncalled bet ($6) returned to svoy2
svoy2 collected $41.50 from pot
svoy2: doesn't show hand
*** SUMMARY ***
Total pot $42 | Rake $0.50
Board [Th 4s 3c 7s 8c]
Seat 1: svoy2 (big blind) collected ($41.50)
Seat 2: MTails (button) (small blind) folded on the River


PokerStars Hand #146555108408:  Hold'em Limit ($3/$6 USD) - 2016/01/06 5:15:06 ET
Table 'Betulia' 2-max Seat #2 is the button
Seat 1: svoy2 ($561.33 in chips)
Seat 2: MTails ($211.09 in chips)
MTails: posts small blind $1
svoy2: posts big blind $3
*** HOLE CARDS ***
MTails: raises $3 to $6
svoy2: raises $3 to $9
MTails: calls $3
*** FLOP *** [Ks 9d 7s]
svoy2: bets $3
MTails: calls $3
*** TURN *** [Ks 9d 7s] [3h]
svoy2: checks
MTails: bets $6
svoy2: calls $6
*** RIVER *** [Ks 9d 7s 3h] [5s]
svoy2: checks
MTails: bets $6
svoy2: calls $6
*** SHOW DOWN ***
MTails: shows [7d 7h] (three of a kind, Sevens)
svoy2: mucks hand
MTails collected $47.50 from pot
*** SUMMARY ***
Total pot $48 | Rake $0.50
Board [Ks 9d 7s 3h 5s]
Seat 1: svoy2 (big blind) mucked
Seat 2: MTails (button) (small blind) showed [7d 7h] and won ($47.50) with three of a kind, Sevens


PokerStars Hand #146555102652:  Hold'em Limit ($3/$6 USD) - 2016/01/06 5:14:54 ET
Table 'Betulia' 2-max Seat #1 is the button
Seat 1: svoy2 ($552.69 in chips)
Seat 2: MTails ($220.09 in chips)
svoy2: posts small blind $1
MTails: posts big blind $3
*** HOLE CARDS ***
svoy2: raises $3 to $6
MTails: calls $3
*** FLOP *** [5s Kd 3c]
MTails: checks
svoy2: bets $3
MTails: calls $3
*** TURN *** [5s Kd 3c] [7c]
MTails: checks
svoy2: checks
*** RIVER *** [5s Kd 3c 7c] [4s]
MTails: checks
svoy2: checks
*** SHOW DOWN ***
MTails: shows [Ah Qs] (high card Ace)
svoy2: shows [Jh 3h] (a pair of Threes)
svoy2 collected $17.64 from pot
*** SUMMARY ***
Total pot $18 | Rake $0.36
Board [5s Kd 3c 7c 4s]
Seat 1: svoy2 (button) (small blind) showed [Jh 3h] and won ($17.64) with a pair of Threes
Seat 2: MTails (big blind) showed [Ah Qs] and lost with high card Ace


PokerStars Hand #146555096981:  Hold'em Limit ($3/$6 USD) - 2016/01/06 5:14:43 ET
Table 'Betulia' 2-max Seat #2 is the button
Seat 1: svoy2 ($529.19 in chips)
Seat 2: MTails ($244.09 in chips)
MTails: posts small blind $1
svoy2: posts big blind $3
*** HOLE CARDS ***
MTails: raises $3 to $6
svoy2: raises $3 to $9
MTails: calls $3
*** FLOP *** [As 5d 3s]
svoy2: bets $3
MTails: calls $3
*** TURN *** [As 5d 3s] [Td]
svoy2: bets $6
MTails: calls $6
*** RIVER *** [As 5d 3s Td] [7h]
svoy2: bets $6
MTails: calls $6
*** SHOW DOWN ***
svoy2: shows [4d 4h] (a pair of Fours)
MTails: mucks hand
svoy2 collected $47.50 from pot
*** SUMMARY ***
Total pot $48 | Rake $0.50
Board [As 5d 3s Td 7h]
Seat 1: svoy2 (big blind) showed [4d 4h] and won ($47.50) with a pair of Fours
Seat 2: MTails (button) (small blind) mucked


PokerStars Hand #146555121626:  Hold'em Limit ($3/$6 USD) - 2016/01/06 5:15:32 ET
Table 'Betulia' 2-max Seat #2 is the button
Seat 1: svoy2 ($519.33 in chips)
Seat 2: MTails ($252.09 in chips)
MTails: posts small blind $1
svoy2: posts big blind $3
*** HOLE CARDS ***
MTails: raises $3 to $6
svoy2: calls $3
*** FLOP *** [3c Jh 5c]
svoy2: checks
MTails: checks
*** TURN *** [3c Jh 5c] [8h]
svoy2: checks
MTails: bets $6
svoy2: calls $6
*** RIVER *** [3c Jh 5c 8h] [Tc]
svoy2: checks
MTails: bets $6
svoy2: calls $6
*** SHOW DOWN ***
MTails: shows [9d 8d] (a pair of Eights)
svoy2: mucks hand
MTails collected $35.50 from pot
*** SUMMARY ***
Total pot $36 | Rake $0.50
Board [3c Jh 5c 8h Tc]
Seat 1: svoy2 (big blind) mucked
Seat 2: MTails (button) (small blind) showed [9d 8d] and won ($35.50) with a pair of Eights


PokerStars Hand #146555115214:  Hold'em Limit ($3/$6 USD) - 2016/01/06 5:15:20 ET
Table 'Betulia' 2-max Seat #1 is the button
Seat 1: svoy2 ($537.33 in chips)
Seat 2: MTails ($234.59 in chips)
svoy2: posts small blind $1
MTails: posts big blind $3
*** HOLE CARDS ***
svoy2: raises $3 to $6
MTails: calls $3
*** FLOP *** [2s 8h 4h]
MTails: checks
svoy2: bets $3
MTails: raises $3 to $6
svoy2: calls $3
*** TURN *** [2s 8h 4h] [Js]
MTails: bets $6
svoy2: calls $6
*** RIVER *** [2s 8h 4h Js] [Ac]
MTails: bets $6
svoy2: folds
Uncalled bet ($6) returned to MTails
MTails collected $35.50 from pot
*** SUMMARY ***
Total pot $36 | Rake $0.50
Board [2s 8h 4h Js Ac]
Seat 1: svoy2 (button) (small blind) folded on the River
Seat 2: MTails (big blind) collected ($35.50)


PokerStars Hand #146555152750:  Hold'em Limit ($3/$6 USD) - 2016/01/06 5:16:35 ET
Table 'Betulia' 2-max Seat #1 is the button
Seat 1: svoy2 ($521.47 in chips)
Seat 2: MTails ($248.09 in chips)
svoy2: posts small blind $1
MTails: posts big blind $3
*** HOLE CARDS ***
svoy2: raises $3 to $6
MTails: calls $3
*** FLOP *** [8s Td Ts]
MTails: checks
svoy2: bets $3
MTails: raises $3 to $6
svoy2: calls $3
*** TURN *** [8s Td Ts] [9h]
MTails: bets $6
svoy2: folds
Uncalled bet ($6) returned to MTails
MTails collected $23.52 from pot
*** SUMMARY ***
Total pot $24 | Rake $0.48
Board [8s Td Ts 9h]
Seat 1: svoy2 (button) (small blind) folded on the Turn
Seat 2: MTails (big blind) collected ($23.52)


PokerStars Hand #146555143990:  Hold'em Limit ($3/$6 USD) - 2016/01/06 5:16:17 ET
Table 'Betulia' 2-max Seat #2 is the button
Seat 1: svoy2 ($491.97 in chips)
Seat 2: MTails ($278.09 in chips)
MTails: posts small blind $1
svoy2: posts big blind $3
*** HOLE CARDS ***
MTails: raises $3 to $6
svoy2: raises $3 to $9
MTails: calls $3
*** FLOP *** [6h Ad 2s]
svoy2: bets $3
MTails: calls $3
*** TURN *** [6h Ad 2s] [Kc]
svoy2: checks
MTails: bets $6
svoy2: calls $6
*** RIVER *** [6h Ad 2s Kc] [8c]
svoy2: checks
MTails: bets $6
svoy2: raises $6 to $12
MTails: calls $6
*** SHOW DOWN ***
svoy2: shows [8d 8h] (three of a kind, Eights)
MTails: mucks hand
svoy2 collected $59.50 from pot
*** SUMMARY ***
Total pot $60 | Rake $0.50
Board [6h Ad 2s Kc 8c]
Seat 1: svoy2 (big blind) showed [8d 8h] and won ($59.50) with three of a kind, Eights
Seat 2: MTails (button) (small blind) mucked


PokerStars Hand #146555137383:  Hold'em Limit ($3/$6 USD) - 2016/01/06 5:16:04 ET
Table 'Betulia' 2-max Seat #1 is the button
Seat 1: svoy2 ($506.97 in chips)
Seat 2: MTails ($263.59 in chips)
svoy2: posts small blind $1
MTails: posts big blind $3
*** HOLE CARDS ***
svoy2: raises $3 to $6
MTails: calls $3
*** FLOP *** [Qs Js Tc]
MTails: checks
svoy2: bets $3
MTails: raises $3 to $6
svoy2: raises $3 to $9
MTails: calls $3
*** TURN *** [Qs Js Tc] [3c]
MTails: checks
svoy2: checks
*** RIVER *** [Qs Js Tc 3c] [3h]
MTails: checks
svoy2: checks
*** SHOW DOWN ***
MTails: shows [Ks Qd] (two pair, Queens and Threes)
svoy2: mucks hand
MTails collected $29.50 from pot
*** SUMMARY ***
Total pot $30 | Rake $0.50
Board [Qs Js Tc 3c 3h]
Seat 1: svoy2 (button) (small blind) mucked
Seat 2: MTails (big blind) showed [Ks Qd] and won ($29.50) with two pair, Queens and Threes


PokerStars Hand #146555135007:  Hold'em Limit ($3/$6 USD) - 2016/01/06 5:15:59 ET
Table 'Betulia' 2-max Seat #2 is the button
Seat 1: svoy2 ($509.97 in chips)
Seat 2: MTails ($260.59 in chips)
MTails: posts small blind $1
svoy2: posts big blind $3
*** HOLE CARDS ***
MTails: raises $3 to $6
svoy2: folds
Uncalled bet ($3) returned to MTails
MTails collected $6 from pot
*** SUMMARY ***
Total pot $6 | Rake $0
Seat 1: svoy2 (big blind) folded before Flop
Seat 2: MTails (button) (small blind) collected ($6)


PokerStars Hand #146555128311:  Hold'em Limit ($3/$6 USD) - 2016/01/06 5:15:46 ET
Table 'Betulia' 2-max Seat #1 is the button
Seat 1: svoy2 ($501.33 in chips)
Seat 2: MTails ($269.59 in chips)
svoy2: posts small blind $1
MTails: posts big blind $3
*** HOLE CARDS ***
svoy2: raises $3 to $6
MTails: calls $3
*** FLOP *** [9s 2c 5s]
MTails: checks
svoy2 said, "omg"
svoy2: bets $3
MTails: calls $3
*** TURN *** [9s 2c 5s] [5d]
MTails: checks
svoy2: bets $6
MTails: folds
Uncalled bet ($6) returned to svoy2
svoy2 collected $17.64 from pot
svoy2: doesn't show hand
*** SUMMARY ***
Total pot $18 | Rake $0.36
Board [9s 2c 5s 5d]
Seat 1: svoy2 (button) (small blind) collected ($17.64)
Seat 2: MTails (big blind) folded on the Turn


PokerStars Hand #146555164550:  Hold'em Limit ($3/$6 USD) - 2016/01/06 5:16:58 ET
Table 'Betulia' 2-max Seat #1 is the button
Seat 1: svoy2 ($529.97 in chips)
Seat 2: MTails ($238.61 in chips)
svoy2: posts small blind $1
MTails: posts big blind $3
*** HOLE CARDS ***
svoy2: raises $3 to $6
MTails: calls $3
*** FLOP *** [7d As Jh]
MTails: checks
svoy2: bets $3
MTails: folds
Uncalled bet ($3) returned to svoy2
svoy2 collected $11.76 from pot
svoy2: doesn't show hand
*** SUMMARY ***
Total pot $12 | Rake $0.24
Board [7d As Jh]
Seat 1: svoy2 (button) (small blind) collected ($11.76)
Seat 2: MTails (big blind) folded on the Flop


PokerStars Hand #146555168280:  Hold'em Limit ($3/$6 USD) - 2016/01/06 5:17:05 ET
Table 'Betulia' 2-max Seat #2 is the button
Seat 1: svoy2 ($535.73 in chips)
Seat 2: MTails ($232.61 in chips)
MTails: posts small blind $1
svoy2: posts big blind $3
*** HOLE CARDS ***
MTails: raises $3 to $6
svoy2: folds
Uncalled bet ($3) returned to MTails
MTails collected $6 from pot
*** SUMMARY ***
Total pot $6 | Rake $0
Seat 1: svoy2 (big blind) folded before Flop
Seat 2: MTails (button) (small blind) collected ($6)


PokerStars Hand #146555170710:  Hold'em Limit ($3/$6 USD) - 2016/01/06 5:17:10 ET
Table 'Betulia' 2-max Seat #1 is the button
Seat 1: svoy2 ($532.73 in chips)
Seat 2: MTails ($235.61 in chips)
svoy2: posts small blind $1
MTails: posts big blind $3
*** HOLE CARDS ***
svoy2: raises $3 to $6
MTails: calls $3
*** FLOP *** [5h 7c Jd]
MTails: checks
svoy2: bets $3
MTails: calls $3
*** TURN *** [5h 7c Jd] [Td]
MTails: checks
svoy2: checks
*** RIVER *** [5h 7c Jd Td] [9d]
MTails: bets $6
svoy2: folds
Uncalled bet ($6) returned to MTails
MTails collected $17.64 from pot
*** SUMMARY ***
Total pot $18 | Rake $0.36
Board [5h 7c Jd Td 9d]
Seat 1: svoy2 (button) (small blind) folded on the River
Seat 2: MTails (big blind) collected ($17.64)


PokerStars Hand #146555177537:  Hold'em Limit ($3/$6 USD) - 2016/01/06 5:17:24 ET
Table 'Betulia' 2-max Seat #2 is the button
Seat 1: svoy2 ($523.73 in chips)
Seat 2: MTails ($244.25 in chips)
MTails: posts small blind $1
svoy2: posts big blind $3
*** HOLE CARDS ***
MTails: raises $3 to $6
svoy2: raises $3 to $9
MTails: calls $3
*** FLOP *** [2s Kh 2c]
svoy2: bets $3
MTails: calls $3
*** TURN *** [2s Kh 2c] [Qs]
svoy2: bets $6
MTails: raises $6 to $12
svoy2: calls $6
*** RIVER *** [2s Kh 2c Qs] [Td]
svoy2: checks
MTails: bets $6
svoy2: calls $6
*** SHOW DOWN ***
MTails: shows [Ks Jh] (two pair, Kings and Deuces)
svoy2: mucks hand
MTails collected $59.50 from pot
*** SUMMARY ***
Total pot $60 | Rake $0.50
Board [2s Kh 2c Qs Td]
Seat 1: svoy2 (big blind) mucked
Seat 2: MTails (button) (small blind) showed [Ks Jh] and won ($59.50) with two pair, Kings and Deuces


PokerStars Hand #146555158228:  Hold'em Limit ($3/$6 USD) - 2016/01/06 5:16:45 ET
Table 'Betulia' 2-max Seat #2 is the button
Seat 1: svoy2 ($509.47 in chips)
Seat 2: MTails ($259.61 in chips)
MTails: posts small blind $1
svoy2: posts big blind $3
*** HOLE CARDS ***
MTails: raises $3 to $6
svoy2: calls $3
*** FLOP *** [8c 2c Js]
svoy2: checks
MTails: bets $3
svoy2: calls $3
*** TURN *** [8c 2c Js] [3d]
svoy2: checks
MTails: bets $6
svoy2: calls $6
*** RIVER *** [8c 2c Js 3d] [7h]
svoy2: checks
MTails: bets $6
svoy2: calls $6
*** SHOW DOWN ***
MTails: shows [9c 4s] (high card Jack)
svoy2: shows [7s Ts] (a pair of Sevens)
svoy2 collected $41.50 from pot
*** SUMMARY ***
Total pot $42 | Rake $0.50
Board [8c 2c Js 3d 7h]
Seat 1: svoy2 (big blind) showed [7s Ts] and won ($41.50) with a pair of Sevens
Seat 2: MTails (button) (small blind) showed [9c 4s] and lost with high card Jack


PokerStars Hand #146555191850:  Hold'em Limit ($3/$6 USD) - 2016/01/06 5:17:52 ET
Table 'Betulia' 2-max Seat #2 is the button
Seat 1: svoy2 ($508.23 in chips)
Seat 2: MTails ($258.75 in chips)
MTails: posts small blind $1
svoy2: posts big blind $3
*** HOLE CARDS ***
MTails: raises $3 to $6
svoy2: raises $3 to $9
MTails: calls $3
*** FLOP *** [8d Tc Jc]
svoy2: bets $3
MTails: calls $3
*** TURN *** [8d Tc Jc] [6h]
svoy2: bets $6
MTails: folds
Uncalled bet ($6) returned to svoy2
svoy2 collected $23.52 from pot
svoy2: doesn't show hand
*** SUMMARY ***
Total pot $24 | Rake $0.48
Board [8d Tc Jc 6h]
Seat 1: svoy2 (big blind) collected ($23.52)
Seat 2: MTails (button) (small blind) folded on the Turn


PokerStars Hand #146555197250:  Hold'em Limit ($3/$6 USD) - 2016/01/06 5:18:03 ET
Table 'Betulia' 2-max Seat #1 is the button
Seat 1: svoy2 ($519.75 in chips)
Seat 2: MTails ($246.75 in chips)
svoy2: posts small blind $1
MTails: posts big blind $3
*** HOLE CARDS ***
svoy2: raises $3 to $6
MTails: calls $3
*** FLOP *** [2d 2h 8s]
MTails: checks
svoy2: bets $3
MTails: calls $3
*** TURN *** [2d 2h 8s] [2s]
MTails: checks
svoy2: bets $6
MTails: calls $6
*** RIVER *** [2d 2h 8s 2s] [Js]
MTails: checks
svoy2: bets $6
MTails: calls $6
*** SHOW DOWN ***
svoy2: shows [Ad Qs] (three of a kind, Deuces)
MTails: mucks hand
svoy2 collected $41.50 from pot
*** SUMMARY ***
Total pot $42 | Rake $0.50
Board [2d 2h 8s 2s Js]
Seat 1: svoy2 (button) (small blind) showed [Ad Qs] and won ($41.50) with three of a kind, Deuces
Seat 2: MTails (big blind) mucked


PokerStars Hand #146555204025:  Hold'em Limit ($3/$6 USD) - 2016/01/06 5:18:16 ET
Table 'Betulia' 2-max Seat #2 is the button
Seat 1: svoy2 ($540.25 in chips)
Seat 2: MTails ($225.75 in chips)
MTails: posts small blind $1
svoy2: posts big blind $3
*** HOLE CARDS ***
MTails: raises $3 to $6
svoy2: calls $3
*** FLOP *** [4c 2c 9d]
svoy2: checks
MTails: checks
*** TURN *** [4c 2c 9d] [8s]
svoy2: bets $6
MTails: calls $6
*** RIVER *** [4c 2c 9d 8s] [7c]
svoy2: bets $6
MTails: folds
Uncalled bet ($6) returned to svoy2
svoy2 collected $23.52 from pot
svoy2: doesn't show hand
*** SUMMARY ***
Total pot $24 | Rake $0.48
Board [4c 2c 9d 8s 7c]
Seat 1: svoy2 (big blind) collected ($23.52)
Seat 2: MTails (button) (small blind) folded on the River


PokerStars Hand #146555184697:  Hold'em Limit ($3/$6 USD) - 2016/01/06 5:17:38 ET
Table 'Betulia' 2-max Seat #1 is the button
Seat 1: svoy2 ($493.73 in chips)
Seat 2: MTails ($273.75 in chips)
svoy2: posts small blind $1
MTails: posts big blind $3
*** HOLE CARDS ***
svoy2: raises $3 to $6
MTails: calls $3
*** FLOP *** [3d 5c Js]
MTails: checks
svoy2: bets $3
MTails: calls $3
*** TURN *** [3d 5c Js] [4h]
MTails: checks
svoy2: bets $6
MTails: calls $6
*** RIVER *** [3d 5c Js 4h] [5d]
MTails: checks
svoy2: bets $6
MTails: folds
Uncalled bet ($6) returned to svoy2
svoy2 collected $29.50 from pot
svoy2: doesn't show hand
*** SUMMARY ***
Total pot $30 | Rake $0.50
Board [3d 5c Js 4h 5d]
Seat 1: svoy2 (button) (small blind) collected ($29.50)
Seat 2: MTails (big blind) folded on the River


