PokerStars Hand #160018783390:  Hold'em Limit ($3/$6 USD) - 2016/10/16 13:32:56 ET
Table 'Betulia' 6-max Seat #4 is the button
Seat 1: hairy1961 ($48.76 in chips)
Seat 4: FHstyles ($60.76 in chips)
FHstyles: posts small blind $1
hairy1961: posts big blind $3
*** HOLE CARDS ***
FHstyles: raises $3 to $6
hairy1961: folds
Uncalled bet ($3) returned to FHstyles
FHstyles collected $6 from pot
FHstyles: doesn't show hand
*** SUMMARY ***
Total pot $6 | Rake $0
Seat 1: hairy1961 (big blind) folded before Flop
Seat 4: FHstyles (button) (small blind) collected ($6)


PokerStars Hand #160018770015:  Hold'em Limit ($3/$6 USD) - 2016/10/16 13:32:42 ET
Table 'Betulia' 6-max Seat #1 is the button
Seat 1: hairy1961 ($43 in chips)
Seat 4: FHstyles ($66.76 in chips)
hairy1961: posts small blind $1
FHstyles: posts big blind $3
*** HOLE CARDS ***
crash19867 joins the table at seat #2
hairy1961: raises $3 to $6
FHstyles: calls $3
*** FLOP *** [4h 4s Jd]
FHstyles: checks
hairy1961: bets $3
FHstyles: folds
Uncalled bet ($3) returned to hairy1961
hairy1961 collected $11.76 from pot
*** SUMMARY ***
Total pot $12 | Rake $0.24
Board [4h 4s Jd]
Seat 1: hairy1961 (button) (small blind) collected ($11.76)
Seat 4: FHstyles (big blind) folded on the Flop


PokerStars Hand #160018755284:  Hold'em Limit ($3/$6 USD) - 2016/10/16 13:32:26 ET
Table 'Betulia' 6-max Seat #4 is the button
Seat 1: hairy1961 ($49 in chips)
Seat 4: FHstyles ($61 in chips)
FHstyles: posts small blind $1
hairy1961: posts big blind $3
*** HOLE CARDS ***
FHstyles: raises $3 to $6
hairy1961: calls $3
*** FLOP *** [Ad 4d 8d]
hairy1961: checks
FHstyles: bets $3
hairy1961: folds
Uncalled bet ($3) returned to FHstyles
FHstyles collected $11.76 from pot
FHstyles: doesn't show hand
*** SUMMARY ***
Total pot $12 | Rake $0.24
Board [Ad 4d 8d]
Seat 1: hairy1961 (big blind) folded on the Flop
Seat 4: FHstyles (button) (small blind) collected ($11.76)


PokerStars Hand #160018888941:  Hold'em Limit ($3/$6 USD) - 2016/10/16 13:34:45 ET
Table 'Betulia' 6-max Seat #4 is the button
Seat 2: crash19867 ($99.47 in chips)
Seat 4: FHstyles ($123.23 in chips)
FHstyles: posts small blind $1
crash19867: posts big blind $3
*** HOLE CARDS ***
FHstyles: raises $3 to $6
crash19867: calls $3
*** FLOP *** [8s 7c 6d]
crash19867: checks
hairy1961 leaves the table
FHstyles: bets $3
crash19867: calls $3
*** TURN *** [8s 7c 6d] [As]
crash19867: checks
FHstyles: bets $6
crash19867: calls $6
*** RIVER *** [8s 7c 6d As] [2s]
crash19867: bets $6
FHstyles: raises $6 to $12
crash19867: folds
Uncalled bet ($6) returned to FHstyles
FHstyles collected $41.50 from pot
FHstyles: doesn't show hand
*** SUMMARY ***
Total pot $42 | Rake $0.50
Board [8s 7c 6d As 2s]
Seat 2: crash19867 (big blind) folded on the River
Seat 4: FHstyles (button) (small blind) collected ($41.50)


PokerStars Hand #160018920400:  Hold'em Limit ($3/$6 USD) - 2016/10/16 13:35:18 ET
Table 'Betulia' 6-max Seat #2 is the button
Seat 2: crash19867 ($78.47 in chips)
Seat 4: FHstyles ($143.73 in chips)
crash19867: posts small blind $1
FHstyles: posts big blind $3
*** HOLE CARDS ***
crash19867: raises $3 to $6
FHstyles: calls $3
*** FLOP *** [5c Jh 9h]
FHstyles: checks
crash19867: bets $3
FHstyles: folds
Uncalled bet ($3) returned to crash19867
crash19867 collected $11.76 from pot
crash19867: doesn't show hand
*** SUMMARY ***
Total pot $12 | Rake $0.24
Board [5c Jh 9h]
Seat 2: crash19867 (button) (small blind) collected ($11.76)
Seat 4: FHstyles (big blind) folded on the Flop


