PokerStars Hand #157638725873:  Hold'em Limit ($3/$6 USD) - 2016/08/23 10:49:03 ET
Table 'Betulia II' 6-max Seat #1 is the button
Seat 1: fck1111 ($52.37 in chips)
Seat 4: Actionni13 ($150 in chips)
fck1111: posts small blind $1
Actionni13: posts big blind $3
*** HOLE CARDS ***
fck1111: folds
Uncalled bet ($2) returned to Actionni13
Actionni13 collected $2 from pot
*** SUMMARY ***
Total pot $2 | Rake $0
Seat 1: fck1111 (button) (small blind) folded before Flop
Seat 4: Actionni13 (big blind) collected ($2)


PokerStars Hand #157638742686:  Hold'em Limit ($3/$6 USD) - 2016/08/23 10:49:33 ET
Table 'Betulia II' 6-max Seat #4 is the button
Seat 1: fck1111 ($36.37 in chips)
Seat 4: Actionni13 ($165.50 in chips)
Actionni13: posts small blind $1
fck1111: posts big blind $3
*** HOLE CARDS ***
Actionni13: raises $3 to $6
fck1111: calls $3
*** FLOP *** [Ks 3h 4c]
fck1111: checks
Actionni13: bets $3
fck1111: raises $3 to $6
Actionni13: raises $3 to $9
fck1111: calls $3
*** TURN *** [Ks 3h 4c] [4d]
fck1111: checks
Actionni13: checks
*** RIVER *** [Ks 3h 4c 4d] [6h]
fck1111: bets $6
Actionni13: raises $6 to $12
fck1111: raises $6 to $18
Actionni13: calls $6
*** SHOW DOWN ***
fck1111: shows [8s 4h] (three of a kind, Fours)
Actionni13: mucks hand
fck1111 collected $65.50 from pot
*** SUMMARY ***
Total pot $66 | Rake $0.50
Board [Ks 3h 4c 4d 6h]
Seat 1: fck1111 (big blind) showed [8s 4h] and won ($65.50) with three of a kind, Fours
Seat 4: Actionni13 (button) (small blind) mucked


PokerStars Hand #157638739910:  Hold'em Limit ($3/$6 USD) - 2016/08/23 10:49:28 ET
Table 'Betulia II' 6-max Seat #1 is the button
Seat 1: fck1111 ($33.37 in chips)
Seat 4: Actionni13 ($168.50 in chips)
fck1111: posts small blind $1
Actionni13: posts big blind $3
*** HOLE CARDS ***
fck1111: raises $3 to $6
Actionni13: folds
Uncalled bet ($3) returned to fck1111
crash19867 joins the table at seat #2
fck1111 collected $6 from pot
fck1111: doesn't show hand
*** SUMMARY ***
Total pot $6 | Rake $0
Seat 1: fck1111 (button) (small blind) collected ($6)
Seat 4: Actionni13 (big blind) folded before Flop


PokerStars Hand #157638729361:  Hold'em Limit ($3/$6 USD) - 2016/08/23 10:49:09 ET
Table 'Betulia II' 6-max Seat #4 is the button
Seat 1: fck1111 ($51.37 in chips)
Seat 4: Actionni13 ($151 in chips)
Actionni13: posts small blind $1
fck1111: posts big blind $3
*** HOLE CARDS ***
Actionni13: raises $3 to $6
fck1111: calls $3
*** FLOP *** [2c Td 9h]
fck1111: checks
Actionni13: bets $3
fck1111: raises $3 to $6
Actionni13: calls $3
*** TURN *** [2c Td 9h] [8s]
fck1111: bets $6
Actionni13: raises $6 to $12
fck1111: folds
Uncalled bet ($6) returned to Actionni13
Actionni13 collected $35.50 from pot
Actionni13: doesn't show hand
*** SUMMARY ***
Total pot $36 | Rake $0.50
Board [2c Td 9h 8s]
Seat 1: fck1111 (big blind) folded on the Turn
Seat 4: Actionni13 (button) (small blind) collected ($35.50)


PokerStars Hand #157638848232:  Hold'em Limit ($3/$6 USD) - 2016/08/23 10:52:29 ET
Table 'Betulia II' 6-max Seat #4 is the button
Seat 3: B_loJkl ($123 in chips)
Seat 4: Actionni13 ($203.25 in chips)
Actionni13: posts small blind $1
crash19867: is sitting out
B_loJkl: posts big blind $3
*** HOLE CARDS ***
Actionni13: raises $3 to $6
B_loJkl: raises $3 to $9
crash19867 leaves the table
Actionni13: calls $3
*** FLOP *** [6c 5d Ks]
B_loJkl: bets $3
Actionni13: raises $3 to $6
B_loJkl: calls $3
*** TURN *** [6c 5d Ks] [2s]
B_loJkl: checks
Actionni13: checks
*** RIVER *** [6c 5d Ks 2s] [Th]
B_loJkl: checks
Actionni13: checks
*** SHOW DOWN ***
B_loJkl: shows [Jd Ac] (high card Ace)
Actionni13: mucks hand
B_loJkl collected $29.50 from pot
*** SUMMARY ***
Total pot $30 | Rake $0.50
Board [6c 5d Ks 2s Th]
Seat 3: B_loJkl (big blind) showed [Jd Ac] and won ($29.50) with high card Ace
Seat 4: Actionni13 (button) (small blind) mucked


