PokerStars Hand #165716424806:  Hold'em Limit ($3/$6 USD) - 2017/02/05 8:14:50 ET
Table 'Beyer' 6-max Seat #4 is the button
Seat 3: sim5sim5 ($72 in chips)
Seat 4: Dubinin84 ($73 in chips)
Dubinin84: posts small blind $1
sim5sim5: posts big blind $3
*** HOLE CARDS ***
Dubinin84: folds
Uncalled bet ($2) returned to sim5sim5
sim5sim5 collected $2 from pot
sim5sim5: doesn't show hand
*** SUMMARY ***
Total pot $2 | Rake $0
Seat 3: sim5sim5 (big blind) collected ($2)
Seat 4: Dubinin84 (button) (small blind) folded before Flop


PokerStars Hand #165716415850:  Hold'em Limit ($3/$6 USD) - 2017/02/05 8:14:36 ET
Table 'Beyer' 6-max Seat #4 is the button
Seat 3: sim5sim5 ($72 in chips)
Seat 4: Dubinin84 ($73 in chips)
Dubinin84: posts small blind $1
sim5sim5: posts big blind $3
*** HOLE CARDS ***
Dubinin84: folds
Uncalled bet ($2) returned to sim5sim5
sim5sim5 collected $2 from pot
sim5sim5: doesn't show hand
*** SUMMARY ***
Total pot $2 | Rake $0
Seat 3: sim5sim5 (big blind) collected ($2)
Seat 4: Dubinin84 (button) (small blind) folded before Flop


PokerStars Hand #165716408120:  Hold'em Limit ($3/$6 USD) - 2017/02/05 8:14:25 ET
Table 'Beyer' 6-max Seat #3 is the button
Seat 3: sim5sim5 ($72 in chips)
Seat 4: Dubinin84 ($72 in chips)
sim5sim5: posts small blind $1
Dubinin84: posts big blind $3
*** HOLE CARDS ***
sim5sim5: folds
Uncalled bet ($2) returned to Dubinin84
Dubinin84 collected $2 from pot
*** SUMMARY ***
Total pot $2 | Rake $0
Seat 3: sim5sim5 (button) (small blind) folded before Flop
Seat 4: Dubinin84 (big blind) collected ($2)


PokerStars Hand #165716428267:  Hold'em Limit ($3/$6 USD) - 2017/02/05 8:14:55 ET
Table 'Beyer' 6-max Seat #3 is the button
Seat 3: sim5sim5 ($73 in chips)
Seat 4: Dubinin84 ($72 in chips)
sim5sim5: posts small blind $1
Dubinin84: posts big blind $3
*** HOLE CARDS ***
sim5sim5: raises $3 to $6
Dubinin84: calls $3
*** FLOP *** [6c 8d 2h]
Dubinin84: checks
sim5sim5: bets $3
Dubinin84: calls $3
*** TURN *** [6c 8d 2h] [Ts]
Dubinin84: checks
sim5sim5: bets $6
Dubinin84: calls $6
*** RIVER *** [6c 8d 2h Ts] [2s]
Dubinin84: checks
sim5sim5: checks
*** SHOW DOWN ***
Dubinin84: shows [9s Jc] (a pair of Deuces)
sim5sim5: shows [6d 4c] (two pair, Sixes and Deuces)
sim5sim5 collected $29.50 from pot
*** SUMMARY ***
Total pot $30 | Rake $0.50
Board [6c 8d 2h Ts 2s]
Seat 3: sim5sim5 (button) (small blind) showed [6d 4c] and won ($29.50) with two pair, Sixes and Deuces
Seat 4: Dubinin84 (big blind) showed [9s Jc] and lost with a pair of Deuces


PokerStars Hand #165716504256:  Hold'em Limit ($3/$6 USD) - 2017/02/05 8:16:45 ET
Table 'Beyer' 6-max Seat #3 is the button
Seat 3: sim5sim5 ($90.02 in chips)
Seat 4: Dubinin84 ($53.52 in chips)
sim5sim5: posts small blind $1
Dubinin84: posts big blind $3
*** HOLE CARDS ***
sim5sim5: raises $3 to $6
Dubinin84: calls $3
*** FLOP *** [Jc 4h Qc]
Dubinin84: checks
sim5sim5: bets $3
Dubinin84: calls $3
*** TURN *** [Jc 4h Qc] [2d]
Dubinin84: checks
sim5sim5: bets $6
Dubinin84: calls $6
*** RIVER *** [Jc 4h Qc 2d] [9s]
Dubinin84: bets $6
sim5sim5: calls $6
*** SHOW DOWN ***
Dubinin84: shows [9h 4s] (two pair, Nines and Fours)
sim5sim5: mucks hand
Dubinin84 collected $41.50 from pot
*** SUMMARY ***
Total pot $42 | Rake $0.50
Board [Jc 4h Qc 2d 9s]
Seat 3: sim5sim5 (button) (small blind) mucked
Seat 4: Dubinin84 (big blind) showed [9h 4s] and won ($41.50) with two pair, Nines and Fours


PokerStars Hand #165716562076:  Hold'em Limit ($3/$6 USD) - 2017/02/05 8:18:07 ET
Table 'Beyer' 6-max Seat #4 is the button
Seat 3: sim5sim5 ($72 in chips)
Seat 4: Dubinin84 ($76.54 in chips)
Dubinin84: posts small blind $1
sim5sim5: posts big blind $3
*** HOLE CARDS ***
Dubinin84: folds
Uncalled bet ($2) returned to sim5sim5
sim5sim5 collected $2 from pot
sim5sim5: doesn't show hand
*** SUMMARY ***
Total pot $2 | Rake $0
Seat 3: sim5sim5 (big blind) collected ($2)
Seat 4: Dubinin84 (button) (small blind) folded before Flop


PokerStars Hand #165716539034:  Hold'em Limit ($3/$6 USD) - 2017/02/05 8:17:35 ET
Table 'Beyer' 6-max Seat #3 is the button
Seat 3: sim5sim5 ($80.64 in chips)
Seat 4: Dubinin84 ($65.02 in chips)
sim5sim5: posts small blind $1
Dubinin84: posts big blind $3
*** HOLE CARDS ***
sim5sim5: folds
Uncalled bet ($2) returned to Dubinin84
Dubinin84 collected $2 from pot
Dubinin84: doesn't show hand
*** SUMMARY ***
Total pot $2 | Rake $0
Seat 3: sim5sim5 (button) (small blind) folded before Flop
Seat 4: Dubinin84 (big blind) collected ($2)


PokerStars Hand #165716524640:  Hold'em Limit ($3/$6 USD) - 2017/02/05 8:17:14 ET
Table 'Beyer' 6-max Seat #4 is the button
Seat 3: sim5sim5 ($72 in chips)
Seat 4: Dubinin84 ($74.02 in chips)
Dubinin84: posts small blind $1
sim5sim5: posts big blind $3
*** HOLE CARDS ***
Dubinin84: calls $2
sim5sim5: checks
*** FLOP *** [6s Jd As]
sim5sim5: checks
Dubinin84: checks
*** TURN *** [6s Jd As] [Ad]
sim5sim5: checks
Dubinin84: checks
*** RIVER *** [6s Jd As Ad] [Qs]
sim5sim5: bets $6
Dubinin84: calls $6
*** SHOW DOWN ***
sim5sim5: shows [Qc Ts] (two pair, Aces and Queens)
Dubinin84: mucks hand
sim5sim5 collected $17.64 from pot
*** SUMMARY ***
Total pot $18 | Rake $0.36
Board [6s Jd As Ad Qs]
Seat 3: sim5sim5 (big blind) showed [Qc Ts] and won ($17.64) with two pair, Aces and Queens
Seat 4: Dubinin84 (button) (small blind) mucked


PokerStars Hand #165716542836:  Hold'em Limit ($3/$6 USD) - 2017/02/05 8:17:40 ET
Table 'Beyer' 6-max Seat #4 is the button
Seat 3: sim5sim5 ($79.64 in chips)
Seat 4: Dubinin84 ($66.02 in chips)
Dubinin84: posts small blind $1
sim5sim5: posts big blind $3
*** HOLE CARDS ***
Dubinin84: folds
Uncalled bet ($2) returned to sim5sim5
sim5sim5 collected $2 from pot
sim5sim5: doesn't show hand
*** SUMMARY ***
Total pot $2 | Rake $0
Seat 3: sim5sim5 (big blind) collected ($2)
Seat 4: Dubinin84 (button) (small blind) folded before Flop


PokerStars Hand #165716546522:  Hold'em Limit ($3/$6 USD) - 2017/02/05 8:17:45 ET
Table 'Beyer' 6-max Seat #3 is the button
Seat 3: sim5sim5 ($80.64 in chips)
Seat 4: Dubinin84 ($65.02 in chips)
sim5sim5: posts small blind $1
Dubinin84: posts big blind $3
*** HOLE CARDS ***
sim5sim5: raises $3 to $6
Dubinin84: raises $3 to $9
sim5sim5: calls $3
*** FLOP *** [6d 2d Qs]
Dubinin84: bets $3
sim5sim5: calls $3
*** TURN *** [6d 2d Qs] [8h]
Dubinin84: checks
sim5sim5: checks
*** RIVER *** [6d 2d Qs 8h] [Js]
Dubinin84: bets $6
sim5sim5: folds
Uncalled bet ($6) returned to Dubinin84
Dubinin84 collected $23.52 from pot
Dubinin84: doesn't show hand
*** SUMMARY ***
Total pot $24 | Rake $0.48
Board [6d 2d Qs 8h Js]
Seat 3: sim5sim5 (button) (small blind) folded on the River
Seat 4: Dubinin84 (big blind) collected ($23.52)


PokerStars Hand #165716451302:  Hold'em Limit ($3/$6 USD) - 2017/02/05 8:15:28 ET
Table 'Beyer' 6-max Seat #4 is the button
Seat 3: sim5sim5 ($87.50 in chips)
Seat 4: Dubinin84 ($57 in chips)
Dubinin84: posts small blind $1
sim5sim5: posts big blind $3
*** HOLE CARDS ***
Dubinin84: raises $3 to $6
sim5sim5: calls $3
*** FLOP *** [Qc 4c 2s]
sim5sim5: checks
Dubinin84: checks
*** TURN *** [Qc 4c 2s] [7c]
sim5sim5: checks
Dubinin84: bets $6
sim5sim5: calls $6
*** RIVER *** [Qc 4c 2s 7c] [8d]
sim5sim5: checks
Dubinin84: bets $6
sim5sim5: folds
Uncalled bet ($6) returned to Dubinin84
Dubinin84 collected $23.52 from pot
Dubinin84: doesn't show hand
*** SUMMARY ***
Total pot $24 | Rake $0.48
Board [Qc 4c 2s 7c 8d]
Seat 3: sim5sim5 (big blind) folded on the River
Seat 4: Dubinin84 (button) (small blind) collected ($23.52)


PokerStars Hand #165716488294:  Hold'em Limit ($3/$6 USD) - 2017/02/05 8:16:21 ET
Table 'Beyer' 6-max Seat #3 is the button
Seat 3: sim5sim5 ($75.50 in chips)
Seat 4: Dubinin84 ($68.52 in chips)
sim5sim5: posts small blind $1
Dubinin84: posts big blind $3
*** HOLE CARDS ***
sim5sim5: raises $3 to $6
Dubinin84: folds
Uncalled bet ($3) returned to sim5sim5
sim5sim5 collected $6 from pot
sim5sim5: doesn't show hand
*** SUMMARY ***
Total pot $6 | Rake $0
Seat 3: sim5sim5 (button) (small blind) collected ($6)
Seat 4: Dubinin84 (big blind) folded before Flop


PokerStars Hand #165716493210:  Hold'em Limit ($3/$6 USD) - 2017/02/05 8:16:29 ET
Table 'Beyer' 6-max Seat #4 is the button
Seat 3: sim5sim5 ($78.50 in chips)
Seat 4: Dubinin84 ($65.52 in chips)
Dubinin84: posts small blind $1
sim5sim5: posts big blind $3
*** HOLE CARDS ***
Dubinin84: raises $3 to $6
sim5sim5: raises $3 to $9
Dubinin84: calls $3
*** FLOP *** [8s Qc 2c]
sim5sim5: bets $3
Dubinin84: calls $3
*** TURN *** [8s Qc 2c] [3h]
sim5sim5: bets $6
Dubinin84: folds
Uncalled bet ($6) returned to sim5sim5
sim5sim5 collected $23.52 from pot
sim5sim5: doesn't show hand
*** SUMMARY ***
Total pot $24 | Rake $0.48
Board [8s Qc 2c 3h]
Seat 3: sim5sim5 (big blind) collected ($23.52)
Seat 4: Dubinin84 (button) (small blind) folded on the Turn


PokerStars Hand #165716589639:  Hold'em Limit ($3/$6 USD) - 2017/02/05 8:18:47 ET
Table 'Beyer' 6-max Seat #3 is the button
Seat 3: sim5sim5 ($102.26 in chips)
Seat 4: Dubinin84 ($45.54 in chips)
sim5sim5: posts small blind $1
Dubinin84: posts big blind $3
*** HOLE CARDS ***
sim5sim5: folds
Uncalled bet ($2) returned to Dubinin84
Dubinin84 collected $2 from pot
Dubinin84: doesn't show hand
*** SUMMARY ***
Total pot $2 | Rake $0
Seat 3: sim5sim5 (button) (small blind) folded before Flop
Seat 4: Dubinin84 (big blind) collected ($2)


PokerStars Hand #165716565775:  Hold'em Limit ($3/$6 USD) - 2017/02/05 8:18:13 ET
Table 'Beyer' 6-max Seat #3 is the button
Seat 3: sim5sim5 ($73 in chips)
Seat 4: Dubinin84 ($75.54 in chips)
sim5sim5: posts small blind $1
Dubinin84: posts big blind $3
*** HOLE CARDS ***
sim5sim5: raises $3 to $6
Dubinin84: calls $3
*** FLOP *** [Js As 4s]
Dubinin84: checks
sim5sim5: bets $3
Dubinin84: folds
Uncalled bet ($3) returned to sim5sim5
sim5sim5 collected $11.76 from pot
sim5sim5: doesn't show hand
*** SUMMARY ***
Total pot $12 | Rake $0.24
Board [Js As 4s]
Seat 3: sim5sim5 (button) (small blind) collected ($11.76)
Seat 4: Dubinin84 (big blind) folded on the Flop


PokerStars Hand #165716572735:  Hold'em Limit ($3/$6 USD) - 2017/02/05 8:18:23 ET
Table 'Beyer' 6-max Seat #4 is the button
Seat 3: sim5sim5 ($78.76 in chips)
Seat 4: Dubinin84 ($69.54 in chips)
Dubinin84: posts small blind $1
sim5sim5: posts big blind $3
*** HOLE CARDS ***
KUZNEC111 joins the table at seat #2
Dubinin84: raises $3 to $6
sim5sim5: raises $3 to $9
Dubinin84: calls $3
*** FLOP *** [4h Jh 4s]
sim5sim5: bets $3
Dubinin84: calls $3
*** TURN *** [4h Jh 4s] [Js]
sim5sim5: bets $6
Dubinin84: calls $6
*** RIVER *** [4h Jh 4s Js] [Qc]
sim5sim5: checks
Dubinin84: bets $6
sim5sim5: calls $6
*** SHOW DOWN ***
Dubinin84: shows [3h 7h] (two pair, Jacks and Fours)
sim5sim5: shows [As Kd] (two pair, Jacks and Fours - Ace kicker)
sim5sim5 collected $47.50 from pot
*** SUMMARY ***
Total pot $48 | Rake $0.50
Board [4h Jh 4s Js Qc]
Seat 3: sim5sim5 (big blind) showed [As Kd] and won ($47.50) with two pair, Jacks and Fours
Seat 4: Dubinin84 (button) (small blind) showed [3h 7h] and lost with two pair, Jacks and Fours


PokerStars Hand #165716608813:  Hold'em Limit ($3/$6 USD) - 2017/02/05 8:19:15 ET
Table 'Beyer' 6-max Seat #2 is the button
Seat 2: KUZNEC111 ($88.62 in chips)
Seat 4: Dubinin84 ($71.92 in chips)
KUZNEC111: posts small blind $1
Dubinin84: posts big blind $3
*** HOLE CARDS ***
KUZNEC111: raises $3 to $6
Dubinin84: calls $3
*** FLOP *** [8s 4d 2s]
Dubinin84: checks
KUZNEC111: checks
*** TURN *** [8s 4d 2s] [Kd]
Dubinin84: checks
KUZNEC111: bets $6
sim5sim5 joins the table at seat #6
Dubinin84: calls $6
*** RIVER *** [8s 4d 2s Kd] [3d]
Dubinin84: bets $6
KUZNEC111: raises $6 to $12
Dubinin84: calls $6
*** SHOW DOWN ***
KUZNEC111: shows [6d Ad] (a flush, Ace high)
Dubinin84: mucks hand
KUZNEC111 collected $47.50 from pot
*** SUMMARY ***
Total pot $48 | Rake $0.50
Board [8s 4d 2s Kd 3d]
Seat 2: KUZNEC111 (button) (small blind) showed [6d Ad] and won ($47.50) with a flush, Ace high
Seat 4: Dubinin84 (big blind) mucked


PokerStars Hand #165721849222:  Hold'em Limit ($3/$6 USD) - 2017/02/05 10:12:19 ET
Table 'Beyer' 6-max Seat #5 is the button
Seat 3: HAL9QQQ ($143.95 in chips)
Seat 5: Speed2008 ($257.82 in chips)
Speed2008: posts small blind $1
#fanktanks#: is sitting out
HAL9QQQ: posts big blind $3
*** HOLE CARDS ***
#fanktanks# leaves the table
Speed2008: folds
Uncalled bet ($2) returned to HAL9QQQ
HAL9QQQ collected $2 from pot
HAL9QQQ: doesn't show hand
*** SUMMARY ***
Total pot $2 | Rake $0
Seat 3: HAL9QQQ (big blind) collected ($2)
Seat 5: Speed2008 (button) (small blind) folded before Flop


