PokerStars Hand #146319206825:  Hold'em Limit ($3/$6 USD) - 2016/01/02 6:47:16 ET
Table 'Beyer' 6-max Seat #1 is the button
Seat 1: LolDnkaments ($113.02 in chips)
Seat 2: kaz2y5 ($78 in chips)
LolDnkaments: posts small blind $1
kaz2y5: posts big blind $3
*** HOLE CARDS ***
LolDnkaments: raises $3 to $6
kaz2y5: calls $3
*** FLOP *** [6h 6c Th]
kaz2y5: checks
LolDnkaments: bets $3
kaz2y5: calls $3
*** TURN *** [6h 6c Th] [3c]
kaz2y5: checks
LolDnkaments: checks
*** RIVER *** [6h 6c Th 3c] [7s]
kaz2y5: checks
LolDnkaments: checks
*** SHOW DOWN ***
kaz2y5: shows [Kh 5d] (a pair of Sixes)
LolDnkaments: shows [4d Kd] (a pair of Sixes)
kaz2y5 collected $8.82 from pot
LolDnkaments collected $8.82 from pot
*** SUMMARY ***
Total pot $18 | Rake $0.36
Board [6h 6c Th 3c 7s]
Seat 1: LolDnkaments (button) (small blind) showed [4d Kd] and won ($8.82) with a pair of Sixes
Seat 2: kaz2y5 (big blind) showed [Kh 5d] and won ($8.82) with a pair of Sixes


PokerStars Hand #146319183419:  Hold'em Limit ($3/$6 USD) - 2016/01/02 6:46:51 ET
Table 'Beyer' 6-max Seat #2 is the button
Seat 1: LolDnkaments ($107.26 in chips)
Seat 2: kaz2y5 ($84 in chips)
kaz2y5: posts small blind $1
LolDnkaments: posts big blind $3
*** HOLE CARDS ***
kaz2y5: raises $3 to $6
LolDnkaments: calls $3
*** FLOP *** [7s 8c Ac]
LolDnkaments: checks
kaz2y5: checks
*** TURN *** [7s 8c Ac] [4s]
LolDnkaments: checks
kaz2y5: checks
*** RIVER *** [7s 8c Ac 4s] [8d]
LolDnkaments: bets $6
kaz2y5: folds
Uncalled bet ($6) returned to LolDnkaments
LolDnkaments collected $11.76 from pot
LolDnkaments: doesn't show hand
*** SUMMARY ***
Total pot $12 | Rake $0.24
Board [7s 8c Ac 4s 8d]
Seat 1: LolDnkaments (big blind) collected ($11.76)
Seat 2: kaz2y5 (button) (small blind) folded on the River


PokerStars Hand #146319170758:  Hold'em Limit ($3/$6 USD) - 2016/01/02 6:46:32 ET
Table 'Beyer' 6-max Seat #1 is the button
Seat 1: LolDnkaments ($101.50 in chips)
Seat 2: kaz2y5 ($90 in chips)
LolDnkaments: posts small blind $1
kaz2y5: posts big blind $3
*** HOLE CARDS ***
LolDnkaments: raises $3 to $6
kaz2y5: calls $3
*** FLOP *** [As 8s Ah]
kaz2y5: checks
LolDnkaments: bets $3
kaz2y5: folds
Uncalled bet ($3) returned to LolDnkaments
LolDnkaments collected $11.76 from pot
LolDnkaments: doesn't show hand
*** SUMMARY ***
Total pot $12 | Rake $0.24
Board [As 8s Ah]
Seat 1: LolDnkaments (button) (small blind) collected ($11.76)
Seat 2: kaz2y5 (big blind) folded on the Flop


PokerStars Hand #146319260535:  Hold'em Limit ($3/$6 USD) - 2016/01/02 6:48:29 ET
Table 'Beyer' 6-max Seat #1 is the button
Seat 1: LolDnkaments ($133.34 in chips)
Seat 2: kaz2y5 ($56.82 in chips)
LolDnkaments: posts small blind $1
kaz2y5: posts big blind $3
*** HOLE CARDS ***
LolDnkaments: raises $3 to $6
kaz2y5: folds
Uncalled bet ($3) returned to LolDnkaments
LolDnkaments collected $6 from pot
LolDnkaments: doesn't show hand
*** SUMMARY ***
Total pot $6 | Rake $0
Seat 1: LolDnkaments (button) (small blind) collected ($6)
Seat 2: kaz2y5 (big blind) folded before Flop


PokerStars Hand #146319239982:  Hold'em Limit ($3/$6 USD) - 2016/01/02 6:47:58 ET
Table 'Beyer' 6-max Seat #2 is the button
Seat 1: LolDnkaments ($112.84 in chips)
Seat 2: kaz2y5 ($77.82 in chips)
kaz2y5: posts small blind $1
LolDnkaments: posts big blind $3
*** HOLE CARDS ***
kaz2y5: raises $3 to $6
LolDnkaments: calls $3
*** FLOP *** [Ts 5c Kh]
LolDnkaments: checks
kaz2y5: bets $3
LolDnkaments: calls $3
*** TURN *** [Ts 5c Kh] [Qh]
LolDnkaments: checks
kaz2y5: bets $6
LolDnkaments: calls $6
*** RIVER *** [Ts 5c Kh Qh] [Th]
LolDnkaments: bets $6
kaz2y5: calls $6
*** SHOW DOWN ***
LolDnkaments: shows [3d Tc] (three of a kind, Tens)
kaz2y5: mucks hand
LolDnkaments collected $41.50 from pot
*** SUMMARY ***
Total pot $42 | Rake $0.50
Board [Ts 5c Kh Qh Th]
Seat 1: LolDnkaments (big blind) showed [3d Tc] and won ($41.50) with three of a kind, Tens
Seat 2: kaz2y5 (button) (small blind) mucked


PokerStars Hand #146319235663:  Hold'em Limit ($3/$6 USD) - 2016/01/02 6:47:52 ET
Table 'Beyer' 6-max Seat #1 is the button
Seat 1: LolDnkaments ($113.84 in chips)
Seat 2: kaz2y5 ($76.82 in chips)
LolDnkaments: posts small blind $1
kaz2y5: posts big blind $3
*** HOLE CARDS ***
LolDnkaments: folds
Uncalled bet ($2) returned to kaz2y5
kaz2y5 collected $2 from pot
kaz2y5: doesn't show hand
*** SUMMARY ***
Total pot $2 | Rake $0
Seat 1: LolDnkaments (button) (small blind) folded before Flop
Seat 2: kaz2y5 (big blind) collected ($2)


PokerStars Hand #146319230672:  Hold'em Limit ($3/$6 USD) - 2016/01/02 6:47:45 ET
Table 'Beyer' 6-max Seat #2 is the button
Seat 1: LolDnkaments ($112.84 in chips)
Seat 2: kaz2y5 ($77.82 in chips)
kaz2y5: posts small blind $1
LolDnkaments: posts big blind $3
*** HOLE CARDS ***
kaz2y5: folds
Uncalled bet ($2) returned to LolDnkaments
LolDnkaments collected $2 from pot
LolDnkaments: doesn't show hand
*** SUMMARY ***
Total pot $2 | Rake $0
Seat 1: LolDnkaments (big blind) collected ($2)
Seat 2: kaz2y5 (button) (small blind) folded before Flop


PokerStars Hand #146319302636:  Hold'em Limit ($3/$6 USD) - 2016/01/02 6:49:34 ET
Table 'Beyer' 6-max Seat #2 is the button
Seat 1: LolDnkaments ($144.34 in chips)
Seat 2: kaz2y5 ($45.82 in chips)
kaz2y5: posts small blind $1
LolDnkaments: posts big blind $3
*** HOLE CARDS ***
kaz2y5: folds
Uncalled bet ($2) returned to LolDnkaments
LolDnkaments collected $2 from pot
LolDnkaments: doesn't show hand
*** SUMMARY ***
Total pot $2 | Rake $0
Seat 1: LolDnkaments (big blind) collected ($2)
Seat 2: kaz2y5 (button) (small blind) folded before Flop


PokerStars Hand #146319297073:  Hold'em Limit ($3/$6 USD) - 2016/01/02 6:49:26 ET
Table 'Beyer' 6-max Seat #1 is the button
Seat 1: LolDnkaments ($141.34 in chips)
Seat 2: kaz2y5 ($48.82 in chips)
LolDnkaments: posts small blind $1
kaz2y5: posts big blind $3
*** HOLE CARDS ***
LolDnkaments: raises $3 to $6
kaz2y5: folds
Uncalled bet ($3) returned to LolDnkaments
LolDnkaments collected $6 from pot
LolDnkaments: doesn't show hand
*** SUMMARY ***
Total pot $6 | Rake $0
Seat 1: LolDnkaments (button) (small blind) collected ($6)
Seat 2: kaz2y5 (big blind) folded before Flop


PokerStars Hand #146319289412:  Hold'em Limit ($3/$6 USD) - 2016/01/02 6:49:14 ET
Table 'Beyer' 6-max Seat #2 is the button
Seat 1: LolDnkaments ($140.34 in chips)
Seat 2: kaz2y5 ($49.82 in chips)
kaz2y5: posts small blind $1
LolDnkaments: posts big blind $3
*** HOLE CARDS ***
kaz2y5: folds
Uncalled bet ($2) returned to LolDnkaments
LolDnkaments collected $2 from pot
LolDnkaments: doesn't show hand
*** SUMMARY ***
Total pot $2 | Rake $0
Seat 1: LolDnkaments (big blind) collected ($2)
Seat 2: kaz2y5 (button) (small blind) folded before Flop


PokerStars Hand #146319269605:  Hold'em Limit ($3/$6 USD) - 2016/01/02 6:48:43 ET
Table 'Beyer' 6-max Seat #2 is the button
Seat 1: LolDnkaments ($136.34 in chips)
Seat 2: kaz2y5 ($53.82 in chips)
kaz2y5: posts small blind $1
LolDnkaments: posts big blind $3
*** HOLE CARDS ***
kaz2y5: folds
Uncalled bet ($2) returned to LolDnkaments
LolDnkaments collected $2 from pot
LolDnkaments: doesn't show hand
*** SUMMARY ***
Total pot $2 | Rake $0
Seat 1: LolDnkaments (big blind) collected ($2)
Seat 2: kaz2y5 (button) (small blind) folded before Flop


PokerStars Hand #146319341208:  Hold'em Limit ($3/$6 USD) - 2016/01/02 6:50:34 ET
Table 'Beyer' 6-max Seat #2 is the button
Seat 1: LolDnkaments ($161.84 in chips)
Seat 2: kaz2y5 ($27.82 in chips)
kaz2y5: posts small blind $1
LolDnkaments: posts big blind $3
*** HOLE CARDS ***
kaz2y5: folds
Uncalled bet ($2) returned to LolDnkaments
LolDnkaments collected $2 from pot
LolDnkaments: doesn't show hand
*** SUMMARY ***
Total pot $2 | Rake $0
Seat 1: LolDnkaments (big blind) collected ($2)
Seat 2: kaz2y5 (button) (small blind) folded before Flop


PokerStars Hand #146319336975:  Hold'em Limit ($3/$6 USD) - 2016/01/02 6:50:28 ET
Table 'Beyer' 6-max Seat #1 is the button
Seat 1: LolDnkaments ($162.84 in chips)
Seat 2: kaz2y5 ($26.82 in chips)
LolDnkaments: posts small blind $1
kaz2y5: posts big blind $3
*** HOLE CARDS ***
LolDnkaments: folds
Uncalled bet ($2) returned to kaz2y5
kaz2y5 collected $2 from pot
*** SUMMARY ***
Total pot $2 | Rake $0
Seat 1: LolDnkaments (button) (small blind) folded before Flop
Seat 2: kaz2y5 (big blind) collected ($2)


PokerStars Hand #146319368695:  Hold'em Limit ($3/$6 USD) - 2016/01/02 6:51:17 ET
Table 'Beyer' 6-max Seat #2 is the button
Seat 1: LolDnkaments ($171.48 in chips)
Seat 2: kaz2y5 ($77.82 in chips)
kaz2y5: posts small blind $1
LolDnkaments: posts big blind $3
*** HOLE CARDS ***
kaz2y5: raises $3 to $6
LolDnkaments: calls $3
*** FLOP *** [Qh 8c Qd]
LolDnkaments: checks
kaz2y5: checks
*** TURN *** [Qh 8c Qd] [5s]
LolDnkaments: bets $6
kaz2y5: folds
Uncalled bet ($6) returned to LolDnkaments
LolDnkaments collected $11.76 from pot
LolDnkaments: doesn't show hand
*** SUMMARY ***
Total pot $12 | Rake $0.24
Board [Qh 8c Qd 5s]
Seat 1: LolDnkaments (big blind) collected ($11.76)
Seat 2: kaz2y5 (button) (small blind) folded on the Turn


PokerStars Hand #146319345033:  Hold'em Limit ($3/$6 USD) - 2016/01/02 6:50:40 ET
Table 'Beyer' 6-max Seat #1 is the button
Seat 1: LolDnkaments ($162.84 in chips)
Seat 2: kaz2y5 ($26.82 in chips)
LolDnkaments: posts small blind $1
kaz2y5: posts big blind $3
*** HOLE CARDS ***
LolDnkaments: raises $3 to $6
kaz2y5: calls $3
*** FLOP *** [6s 5c 7c]
kaz2y5: checks
LolDnkaments: bets $3
kaz2y5: calls $3
*** TURN *** [6s 5c 7c] [Ac]
kaz2y5: checks
LolDnkaments: bets $6
kaz2y5: folds
Uncalled bet ($6) returned to LolDnkaments
LolDnkaments collected $17.64 from pot
LolDnkaments: doesn't show hand
*** SUMMARY ***
Total pot $18 | Rake $0.36
Board [6s 5c 7c Ac]
Seat 1: LolDnkaments (button) (small blind) collected ($17.64)
Seat 2: kaz2y5 (big blind) folded on the Turn


PokerStars Hand #146319380060:  Hold'em Limit ($3/$6 USD) - 2016/01/02 6:51:34 ET
Table 'Beyer' 6-max Seat #1 is the button
Seat 1: LolDnkaments ($177.24 in chips)
Seat 2: kaz2y5 ($71.82 in chips)
LolDnkaments: posts small blind $1
kaz2y5: posts big blind $3
*** HOLE CARDS ***
LolDnkaments: raises $3 to $6
kaz2y5: calls $3
*** FLOP *** [Qs 5c 6d]
kaz2y5: checks
LolDnkaments: bets $3
kaz2y5: calls $3
*** TURN *** [Qs 5c 6d] [5h]
kaz2y5: checks
LolDnkaments: checks
*** RIVER *** [Qs 5c 6d 5h] [Ad]
kaz2y5: checks
LolDnkaments: checks
*** SHOW DOWN ***
kaz2y5: shows [4d Kc] (a pair of Fives)
LolDnkaments: mucks hand
kaz2y5 collected $17.64 from pot
*** SUMMARY ***
Total pot $18 | Rake $0.36
Board [Qs 5c 6d 5h Ad]
Seat 1: LolDnkaments (button) (small blind) mucked
Seat 2: kaz2y5 (big blind) showed [4d Kc] and won ($17.64) with a pair of Fives


PokerStars Hand #146319404591:  Hold'em Limit ($3/$6 USD) - 2016/01/02 6:52:12 ET
Table 'Beyer' 6-max Seat #2 is the button
Seat 1: LolDnkaments ($168.24 in chips)
Seat 2: kaz2y5 ($80.46 in chips)
kaz2y5: posts small blind $1
LolDnkaments: posts big blind $3
*** HOLE CARDS ***
kaz2y5: raises $3 to $6
LolDnkaments: calls $3
*** FLOP *** [Kc 4s 6h]
LolDnkaments: checks
kaz2y5: bets $3
LolDnkaments: calls $3
*** TURN *** [Kc 4s 6h] [2h]
LolDnkaments: checks
kaz2y5: bets $6
LolDnkaments: calls $6
*** RIVER *** [Kc 4s 6h 2h] [7s]
LolDnkaments: checks
kaz2y5: bets $6
LolDnkaments: calls $6
*** SHOW DOWN ***
kaz2y5: shows [8h Ks] (a pair of Kings)
LolDnkaments: mucks hand
kaz2y5 collected $41.50 from pot
*** SUMMARY ***
Total pot $42 | Rake $0.50
Board [Kc 4s 6h 2h 7s]
Seat 1: LolDnkaments (big blind) mucked
Seat 2: kaz2y5 (button) (small blind) showed [8h Ks] and won ($41.50) with a pair of Kings


PokerStars Hand #146319423624:  Hold'em Limit ($3/$6 USD) - 2016/01/02 6:52:42 ET
Table 'Beyer' 6-max Seat #1 is the button
Seat 1: LolDnkaments ($147.24 in chips)
Seat 2: kaz2y5 ($100.96 in chips)
LolDnkaments: posts small blind $1
kaz2y5: posts big blind $3
*** HOLE CARDS ***
LolDnkaments: raises $3 to $6
kaz2y5: calls $3
*** FLOP *** [2d Ks Th]
kaz2y5: bets $3
LolDnkaments: calls $3
*** TURN *** [2d Ks Th] [4d]
kaz2y5: checks
LolDnkaments: checks
*** RIVER *** [2d Ks Th 4d] [5h]
kaz2y5: bets $6
LolDnkaments: calls $6
*** SHOW DOWN ***
kaz2y5: shows [4c 5c] (two pair, Fives and Fours)
LolDnkaments: mucks hand
kaz2y5 collected $29.50 from pot
*** SUMMARY ***
Total pot $30 | Rake $0.50
Board [2d Ks Th 4d 5h]
Seat 1: LolDnkaments (button) (small blind) mucked
Seat 2: kaz2y5 (big blind) showed [4c 5c] and won ($29.50) with two pair, Fives and Fours


PokerStars Hand #146319441668:  Hold'em Limit ($3/$6 USD) - 2016/01/02 6:53:10 ET
Table 'Beyer' 6-max Seat #2 is the button
Seat 1: LolDnkaments ($132.24 in chips)
Seat 2: kaz2y5 ($115.46 in chips)
kaz2y5: posts small blind $1
LolDnkaments: posts big blind $3
*** HOLE CARDS ***
kaz2y5: folds
Uncalled bet ($2) returned to LolDnkaments
LolDnkaments collected $2 from pot
LolDnkaments: doesn't show hand
*** SUMMARY ***
Total pot $2 | Rake $0
Seat 1: LolDnkaments (big blind) collected ($2)
Seat 2: kaz2y5 (button) (small blind) folded before Flop


PokerStars Hand #146319445772:  Hold'em Limit ($3/$6 USD) - 2016/01/02 6:53:16 ET
Table 'Beyer' 6-max Seat #1 is the button
Seat 1: LolDnkaments ($133.24 in chips)
Seat 2: kaz2y5 ($114.46 in chips)
LolDnkaments: posts small blind $1
kaz2y5: posts big blind $3
*** HOLE CARDS ***
LolDnkaments: folds
Uncalled bet ($2) returned to kaz2y5
kaz2y5 collected $2 from pot
*** SUMMARY ***
Total pot $2 | Rake $0
Seat 1: LolDnkaments (button) (small blind) folded before Flop
Seat 2: kaz2y5 (big blind) collected ($2)


PokerStars Hand #146319448900:  Hold'em Limit ($3/$6 USD) - 2016/01/02 6:53:21 ET
Table 'Beyer' 6-max Seat #2 is the button
Seat 1: LolDnkaments ($132.24 in chips)
Seat 2: kaz2y5 ($115.46 in chips)
kaz2y5: posts small blind $1
LolDnkaments: posts big blind $3
*** HOLE CARDS ***
kaz2y5: folds
Uncalled bet ($2) returned to LolDnkaments
LolDnkaments collected $2 from pot
LolDnkaments: doesn't show hand
*** SUMMARY ***
Total pot $2 | Rake $0
Seat 1: LolDnkaments (big blind) collected ($2)
Seat 2: kaz2y5 (button) (small blind) folded before Flop


PokerStars Hand #146319453276:  Hold'em Limit ($3/$6 USD) - 2016/01/02 6:53:28 ET
Table 'Beyer' 6-max Seat #1 is the button
Seat 1: LolDnkaments ($133.24 in chips)
Seat 2: kaz2y5 ($114.46 in chips)
LolDnkaments: posts small blind $1
kaz2y5: posts big blind $3
*** HOLE CARDS ***
LolDnkaments: raises $3 to $6
kaz2y5: raises $3 to $9
LolDnkaments: calls $3
*** FLOP *** [5h 4d 2s]
kaz2y5: bets $3
LolDnkaments: calls $3
*** TURN *** [5h 4d 2s] [3c]
kaz2y5: bets $6
LolDnkaments: calls $6
*** RIVER *** [5h 4d 2s 3c] [9d]
kaz2y5: bets $6
LolDnkaments: folds
Uncalled bet ($6) returned to kaz2y5
kaz2y5 collected $35.50 from pot
kaz2y5: doesn't show hand
*** SUMMARY ***
Total pot $36 | Rake $0.50
Board [5h 4d 2s 3c 9d]
Seat 1: LolDnkaments (button) (small blind) folded on the River
Seat 2: kaz2y5 (big blind) collected ($35.50)


PokerStars Hand #146319470480:  Hold'em Limit ($3/$6 USD) - 2016/01/02 6:53:54 ET
Table 'Beyer' 6-max Seat #2 is the button
Seat 1: LolDnkaments ($115.24 in chips)
Seat 2: kaz2y5 ($131.96 in chips)
kaz2y5: posts small blind $1
LolDnkaments: posts big blind $3
*** HOLE CARDS ***
kaz2y5: raises $3 to $6
LolDnkaments: calls $3
*** FLOP *** [3c Ks Qh]
LolDnkaments: checks
kaz2y5: bets $3
LolDnkaments: folds
Uncalled bet ($3) returned to kaz2y5
kaz2y5 collected $11.76 from pot
kaz2y5: doesn't show hand
*** SUMMARY ***
Total pot $12 | Rake $0.24
Board [3c Ks Qh]
Seat 1: LolDnkaments (big blind) folded on the Flop
Seat 2: kaz2y5 (button) (small blind) collected ($11.76)


PokerStars Hand #146319480517:  Hold'em Limit ($3/$6 USD) - 2016/01/02 6:54:10 ET
Table 'Beyer' 6-max Seat #1 is the button
Seat 1: LolDnkaments ($109.24 in chips)
Seat 2: kaz2y5 ($137.72 in chips)
LolDnkaments: posts small blind $1
kaz2y5: posts big blind $3
*** HOLE CARDS ***
LolDnkaments: folds
Uncalled bet ($2) returned to kaz2y5
kaz2y5 collected $2 from pot
kaz2y5: doesn't show hand
*** SUMMARY ***
Total pot $2 | Rake $0
Seat 1: LolDnkaments (button) (small blind) folded before Flop
Seat 2: kaz2y5 (big blind) collected ($2)


PokerStars Hand #146319591955:  Hold'em Limit ($3/$6 USD) - 2016/01/02 6:57:17 ET
Table 'Beyer' 6-max Seat #1 is the button
Seat 1: LolDnkaments ($85.40 in chips)
Seat 2: kaz2y5 ($159.48 in chips)
LolDnkaments: posts small blind $1
kaz2y5: posts big blind $3
*** HOLE CARDS ***
LolDnkaments: raises $3 to $6
kaz2y5: folds
Uncalled bet ($3) returned to LolDnkaments
LolDnkaments collected $6 from pot
LolDnkaments: doesn't show hand
*** SUMMARY ***
Total pot $6 | Rake $0
Seat 1: LolDnkaments (button) (small blind) collected ($6)
Seat 2: kaz2y5 (big blind) folded before Flop


PokerStars Hand #146319582893:  Hold'em Limit ($3/$6 USD) - 2016/01/02 6:57:01 ET
Table 'Beyer' 6-max Seat #2 is the button
Seat 1: LolDnkaments ($91.40 in chips)
Seat 2: kaz2y5 ($153.72 in chips)
kaz2y5: posts small blind $1
LolDnkaments: posts big blind $3
*** HOLE CARDS ***
kaz2y5: raises $3 to $6
LolDnkaments: calls $3
*** FLOP *** [5d 9h Th]
LolDnkaments: checks
kaz2y5: bets $3
LolDnkaments: folds
Uncalled bet ($3) returned to kaz2y5
kaz2y5 collected $11.76 from pot
kaz2y5: doesn't show hand
*** SUMMARY ***
Total pot $12 | Rake $0.24
Board [5d 9h Th]
Seat 1: LolDnkaments (big blind) folded on the Flop
Seat 2: kaz2y5 (button) (small blind) collected ($11.76)


PokerStars Hand #146319618226:  Hold'em Limit ($3/$6 USD) - 2016/01/02 6:58:03 ET
Table 'Beyer' 6-max Seat #1 is the button
Seat 1: LolDnkaments ($72 in chips)
Seat 2: kaz2y5 ($182.98 in chips)
LolDnkaments: posts small blind $1
kaz2y5: posts big blind $3
*** HOLE CARDS ***
LolDnkaments: raises $3 to $6
kaz2y5: folds
Uncalled bet ($3) returned to LolDnkaments
LolDnkaments collected $6 from pot
LolDnkaments: doesn't show hand
*** SUMMARY ***
Total pot $6 | Rake $0
Seat 1: LolDnkaments (button) (small blind) collected ($6)
Seat 2: kaz2y5 (big blind) folded before Flop


PokerStars Hand #146319596395:  Hold'em Limit ($3/$6 USD) - 2016/01/02 6:57:25 ET
Table 'Beyer' 6-max Seat #2 is the button
Seat 1: LolDnkaments ($88.40 in chips)
Seat 2: kaz2y5 ($156.48 in chips)
kaz2y5: posts small blind $1
LolDnkaments: posts big blind $3
*** HOLE CARDS ***
kaz2y5: raises $3 to $6
LolDnkaments: calls $3
*** FLOP *** [2c 8s 3h]
LolDnkaments: checks
kaz2y5: bets $3
LolDnkaments: calls $3
*** TURN *** [2c 8s 3h] [Ts]
LolDnkaments: checks
kaz2y5: bets $6
LolDnkaments: raises $6 to $12
kaz2y5: calls $6
*** RIVER *** [2c 8s 3h Ts] [7s]
LolDnkaments: bets $6
kaz2y5: calls $6
*** SHOW DOWN ***
LolDnkaments: shows [7d Js] (a pair of Sevens)
kaz2y5: shows [Qs Th] (a pair of Tens)
kaz2y5 collected $53.50 from pot
*** SUMMARY ***
Total pot $54 | Rake $0.50
Board [2c 8s 3h Ts 7s]
Seat 1: LolDnkaments (big blind) showed [7d Js] and lost with a pair of Sevens
Seat 2: kaz2y5 (button) (small blind) showed [Qs Th] and won ($53.50) with a pair of Tens


PokerStars Hand #146319639728:  Hold'em Limit ($3/$6 USD) - 2016/01/02 6:58:41 ET
Table 'Beyer' 6-max Seat #1 is the button
Seat 1: LolDnkaments ($72 in chips)
Seat 2: kaz2y5 ($200.48 in chips)
LolDnkaments: posts small blind $1
kaz2y5: posts big blind $3
*** HOLE CARDS ***
LolDnkaments: raises $3 to $6
kaz2y5: calls $3
*** FLOP *** [7h Th 6s]
kaz2y5: bets $3
LolDnkaments: raises $3 to $6
kaz2y5: calls $3
*** TURN *** [7h Th 6s] [4c]
kaz2y5: checks
LolDnkaments: bets $6
kaz2y5: calls $6
*** RIVER *** [7h Th 6s 4c] [Kc]
kaz2y5: bets $6
LolDnkaments: calls $6
*** SHOW DOWN ***
kaz2y5: shows [Jh 9c] (high card King)
LolDnkaments: shows [5s Tc] (a pair of Tens)
LolDnkaments collected $47.50 from pot
*** SUMMARY ***
Total pot $48 | Rake $0.50
Board [7h Th 6s 4c Kc]
Seat 1: LolDnkaments (button) (small blind) showed [5s Tc] and won ($47.50) with a pair of Tens
Seat 2: kaz2y5 (big blind) showed [Jh 9c] and lost with high card King


PokerStars Hand #146319621896:  Hold'em Limit ($3/$6 USD) - 2016/01/02 6:58:10 ET
Table 'Beyer' 6-max Seat #2 is the button
Seat 1: LolDnkaments ($75 in chips)
Seat 2: kaz2y5 ($179.98 in chips)
kaz2y5: posts small blind $1
LolDnkaments: posts big blind $3
*** HOLE CARDS ***
kaz2y5: raises $3 to $6
LolDnkaments: calls $3
*** FLOP *** [4c Th 9h]
LolDnkaments: checks
kaz2y5: bets $3
LolDnkaments: raises $3 to $6
kaz2y5: raises $3 to $9
LolDnkaments: calls $3
*** TURN *** [4c Th 9h] [4h]
LolDnkaments: checks
kaz2y5: checks
*** RIVER *** [4c Th 9h 4h] [Ah]
LolDnkaments: bets $6
kaz2y5: calls $6
*** SHOW DOWN ***
LolDnkaments: shows [7c Jd] (a pair of Fours)
kaz2y5: shows [Kd Ts] (two pair, Tens and Fours)
kaz2y5 collected $41.50 from pot
*** SUMMARY ***
Total pot $42 | Rake $0.50
Board [4c Th 9h 4h Ah]
Seat 1: LolDnkaments (big blind) showed [7c Jd] and lost with a pair of Fours
Seat 2: kaz2y5 (button) (small blind) showed [Kd Ts] and won ($41.50) with two pair, Tens and Fours


PokerStars Hand #146319686199:  Hold'em Limit ($3/$6 USD) - 2016/01/02 7:00:02 ET
Table 'Beyer' 6-max Seat #1 is the button
Seat 1: LolDnkaments ($116.66 in chips)
Seat 2: kaz2y5 ($154.48 in chips)
LolDnkaments: posts small blind $1
kaz2y5: posts big blind $3
*** HOLE CARDS ***
LolDnkaments: raises $3 to $6
kaz2y5: raises $3 to $9
LolDnkaments: calls $3
*** FLOP *** [3h 2d Th]
kaz2y5: bets $3
LolDnkaments: raises $3 to $6
kaz2y5: calls $3
*** TURN *** [3h 2d Th] [Kh]
kaz2y5: checks
LolDnkaments: bets $6
kaz2y5: calls $6
*** RIVER *** [3h 2d Th Kh] [Kc]
kaz2y5: checks
LolDnkaments: bets $6
kaz2y5: calls $6
*** SHOW DOWN ***
LolDnkaments: shows [2c Qh] (two pair, Kings and Deuces)
kaz2y5: mucks hand
LolDnkaments collected $53.50 from pot
*** SUMMARY ***
Total pot $54 | Rake $0.50
Board [3h 2d Th Kh Kc]
Seat 1: LolDnkaments (button) (small blind) showed [2c Qh] and won ($53.50) with two pair, Kings and Deuces
Seat 2: kaz2y5 (big blind) mucked


PokerStars Hand #146319682683:  Hold'em Limit ($3/$6 USD) - 2016/01/02 6:59:56 ET
Table 'Beyer' 6-max Seat #2 is the button
Seat 1: LolDnkaments ($115.66 in chips)
Seat 2: kaz2y5 ($155.48 in chips)
kaz2y5: posts small blind $1
LolDnkaments: posts big blind $3
*** HOLE CARDS ***
kaz2y5: folds
Uncalled bet ($2) returned to LolDnkaments
LolDnkaments collected $2 from pot
LolDnkaments: doesn't show hand
*** SUMMARY ***
Total pot $2 | Rake $0
Seat 1: LolDnkaments (big blind) collected ($2)
Seat 2: kaz2y5 (button) (small blind) folded before Flop


PokerStars Hand #146319672639:  Hold'em Limit ($3/$6 USD) - 2016/01/02 6:59:39 ET
Table 'Beyer' 6-max Seat #1 is the button
Seat 1: LolDnkaments ($107.02 in chips)
Seat 2: kaz2y5 ($164.48 in chips)
LolDnkaments: posts small blind $1
kaz2y5: posts big blind $3
*** HOLE CARDS ***
LolDnkaments: raises $3 to $6
kaz2y5: calls $3
*** FLOP *** [Jc 6h 3c]
kaz2y5: checks
LolDnkaments: bets $3
kaz2y5: calls $3
*** TURN *** [Jc 6h 3c] [7h]
kaz2y5: checks
LolDnkaments: bets $6
kaz2y5: folds
Uncalled bet ($6) returned to LolDnkaments
LolDnkaments collected $17.64 from pot
LolDnkaments: doesn't show hand
*** SUMMARY ***
Total pot $18 | Rake $0.36
Board [Jc 6h 3c 7h]
Seat 1: LolDnkaments (button) (small blind) collected ($17.64)
Seat 2: kaz2y5 (big blind) folded on the Turn


PokerStars Hand #146319661456:  Hold'em Limit ($3/$6 USD) - 2016/01/02 6:59:19 ET
Table 'Beyer' 6-max Seat #2 is the button
Seat 1: LolDnkaments ($95.50 in chips)
Seat 2: kaz2y5 ($176.48 in chips)
kaz2y5: posts small blind $1
LolDnkaments: posts big blind $3
*** HOLE CARDS ***
kaz2y5: raises $3 to $6
LolDnkaments: raises $3 to $9
kaz2y5: calls $3
*** FLOP *** [8s 3d Js]
LolDnkaments: bets $3
kaz2y5: calls $3
*** TURN *** [8s 3d Js] [8c]
LolDnkaments: bets $6
kaz2y5: folds
Uncalled bet ($6) returned to LolDnkaments
LolDnkaments collected $23.52 from pot
LolDnkaments: doesn't show hand
*** SUMMARY ***
Total pot $24 | Rake $0.48
Board [8s 3d Js 8c]
Seat 1: LolDnkaments (big blind) collected ($23.52)
Seat 2: kaz2y5 (button) (small blind) folded on the Turn


PokerStars Hand #146319733208:  Hold'em Limit ($3/$6 USD) - 2016/01/02 7:01:20 ET
Table 'Beyer' 6-max Seat #1 is the button
Seat 1: LolDnkaments ($143.68 in chips)
Seat 2: kaz2y5 ($126 in chips)
LolDnkaments: posts small blind $1
kaz2y5: posts big blind $3
*** HOLE CARDS ***
LolDnkaments: raises $3 to $6
kaz2y5: folds
Uncalled bet ($3) returned to LolDnkaments
LolDnkaments collected $6 from pot
LolDnkaments: doesn't show hand
*** SUMMARY ***
Total pot $6 | Rake $0
Seat 1: LolDnkaments (button) (small blind) collected ($6)
Seat 2: kaz2y5 (big blind) folded before Flop


PokerStars Hand #146319728524:  Hold'em Limit ($3/$6 USD) - 2016/01/02 7:01:13 ET
Table 'Beyer' 6-max Seat #2 is the button
Seat 1: LolDnkaments ($142.68 in chips)
Seat 2: kaz2y5 ($127 in chips)
kaz2y5: posts small blind $1
LolDnkaments: posts big blind $3
*** HOLE CARDS ***
kaz2y5: folds
Uncalled bet ($2) returned to LolDnkaments
LolDnkaments collected $2 from pot
LolDnkaments: doesn't show hand
*** SUMMARY ***
Total pot $2 | Rake $0
Seat 1: LolDnkaments (big blind) collected ($2)
Seat 2: kaz2y5 (button) (small blind) folded before Flop


PokerStars Hand #146319717130:  Hold'em Limit ($3/$6 USD) - 2016/01/02 7:00:54 ET
Table 'Beyer' 6-max Seat #1 is the button
Seat 1: LolDnkaments ($154.68 in chips)
Seat 2: kaz2y5 ($115.48 in chips)
LolDnkaments: posts small blind $1
kaz2y5: posts big blind $3
*** HOLE CARDS ***
LolDnkaments: raises $3 to $6
kaz2y5: raises $3 to $9
LolDnkaments: calls $3
*** FLOP *** [Qc 9h Js]
kaz2y5: bets $3
LolDnkaments: calls $3
*** TURN *** [Qc 9h Js] [7c]
kaz2y5: bets $6
LolDnkaments: folds
Uncalled bet ($6) returned to kaz2y5
kaz2y5 collected $23.52 from pot
kaz2y5: doesn't show hand
*** SUMMARY ***
Total pot $24 | Rake $0.48
Board [Qc 9h Js 7c]
Seat 1: LolDnkaments (button) (small blind) folded on the Turn
Seat 2: kaz2y5 (big blind) collected ($23.52)


PokerStars Hand #146319703813:  Hold'em Limit ($3/$6 USD) - 2016/01/02 7:00:32 ET
Table 'Beyer' 6-max Seat #2 is the button
Seat 1: LolDnkaments ($143.16 in chips)
Seat 2: kaz2y5 ($127.48 in chips)
kaz2y5: posts small blind $1
LolDnkaments: posts big blind $3
*** HOLE CARDS ***
kaz2y5: raises $3 to $6
LolDnkaments: calls $3
*** FLOP *** [3d 9d 5c]
LolDnkaments: checks
kaz2y5: checks
*** TURN *** [3d 9d 5c] [6d]
LolDnkaments: bets $6
kaz2y5: calls $6
*** RIVER *** [3d 9d 5c 6d] [Jc]
LolDnkaments: bets $6
kaz2y5: folds
Uncalled bet ($6) returned to LolDnkaments
LolDnkaments collected $23.52 from pot
LolDnkaments: doesn't show hand
*** SUMMARY ***
Total pot $24 | Rake $0.48
Board [3d 9d 5c 6d Jc]
Seat 1: LolDnkaments (big blind) collected ($23.52)
Seat 2: kaz2y5 (button) (small blind) folded on the River


PokerStars Hand #146319764712:  Hold'em Limit ($3/$6 USD) - 2016/01/02 7:02:10 ET
Table 'Beyer' 6-max Seat #2 is the button
Seat 1: LolDnkaments ($154.32 in chips)
Seat 2: kaz2y5 ($115 in chips)
kaz2y5: posts small blind $1
LolDnkaments: posts big blind $3
*** HOLE CARDS ***
kaz2y5: raises $3 to $6
LolDnkaments: folds
Uncalled bet ($3) returned to kaz2y5
kaz2y5 collected $6 from pot
kaz2y5: doesn't show hand
*** SUMMARY ***
Total pot $6 | Rake $0
Seat 1: LolDnkaments (big blind) folded before Flop
Seat 2: kaz2y5 (button) (small blind) collected ($6)


PokerStars Hand #146319761732:  Hold'em Limit ($3/$6 USD) - 2016/01/02 7:02:05 ET
Table 'Beyer' 6-max Seat #1 is the button
Seat 1: LolDnkaments ($155.32 in chips)
Seat 2: kaz2y5 ($114 in chips)
LolDnkaments: posts small blind $1
kaz2y5: posts big blind $3
*** HOLE CARDS ***
LolDnkaments: folds
Uncalled bet ($2) returned to kaz2y5
kaz2y5 collected $2 from pot
kaz2y5: doesn't show hand
*** SUMMARY ***
Total pot $2 | Rake $0
Seat 1: LolDnkaments (button) (small blind) folded before Flop
Seat 2: kaz2y5 (big blind) collected ($2)


PokerStars Hand #146319739332:  Hold'em Limit ($3/$6 USD) - 2016/01/02 7:01:30 ET
Table 'Beyer' 6-max Seat #2 is the button
Seat 1: LolDnkaments ($146.68 in chips)
Seat 2: kaz2y5 ($123 in chips)
kaz2y5: posts small blind $1
LolDnkaments: posts big blind $3
*** HOLE CARDS ***
kaz2y5: raises $3 to $6
LolDnkaments: calls $3
*** FLOP *** [7c 2d 4c]
LolDnkaments: checks
kaz2y5: bets $3
LolDnkaments: calls $3
*** TURN *** [7c 2d 4c] [Kc]
LolDnkaments: checks
kaz2y5: checks
*** RIVER *** [7c 2d 4c Kc] [Ks]
LolDnkaments: checks
kaz2y5: checks
*** SHOW DOWN ***
LolDnkaments: shows [3d As] (a pair of Kings)
kaz2y5: mucks hand
LolDnkaments collected $17.64 from pot
*** SUMMARY ***
Total pot $18 | Rake $0.36
Board [7c 2d 4c Kc Ks]
Seat 1: LolDnkaments (big blind) showed [3d As] and won ($17.64) with a pair of Kings
Seat 2: kaz2y5 (button) (small blind) mucked


PokerStars Hand #146319785995:  Hold'em Limit ($3/$6 USD) - 2016/01/02 7:02:42 ET
Table 'Beyer' 6-max Seat #2 is the button
Seat 1: LolDnkaments ($157.08 in chips)
Seat 2: kaz2y5 ($112 in chips)
kaz2y5: posts small blind $1
LolDnkaments: posts big blind $3
*** HOLE CARDS ***
kaz2y5: raises $3 to $6
LolDnkaments: calls $3
*** FLOP *** [Ah 3s 4d]
LolDnkaments: checks
kaz2y5: bets $3
LolDnkaments: calls $3
*** TURN *** [Ah 3s 4d] [8c]
LolDnkaments: checks
kaz2y5: checks
*** RIVER *** [Ah 3s 4d 8c] [Qh]
LolDnkaments: bets $6
kaz2y5: folds
Uncalled bet ($6) returned to LolDnkaments
LolDnkaments collected $17.64 from pot
LolDnkaments: doesn't show hand
*** SUMMARY ***
Total pot $18 | Rake $0.36
Board [Ah 3s 4d 8c Qh]
Seat 1: LolDnkaments (big blind) collected ($17.64)
Seat 2: kaz2y5 (button) (small blind) folded on the River


PokerStars Hand #146319770782:  Hold'em Limit ($3/$6 USD) - 2016/01/02 7:02:19 ET
Table 'Beyer' 6-max Seat #1 is the button
Seat 1: LolDnkaments ($151.32 in chips)
Seat 2: kaz2y5 ($118 in chips)
LolDnkaments: posts small blind $1
kaz2y5: posts big blind $3
*** HOLE CARDS ***
LolDnkaments: raises $3 to $6
kaz2y5: calls $3
*** FLOP *** [2c Tc Ah]
kaz2y5: checks
LolDnkaments: bets $3
kaz2y5: folds
Uncalled bet ($3) returned to LolDnkaments
LolDnkaments collected $11.76 from pot
LolDnkaments: doesn't show hand
*** SUMMARY ***
Total pot $12 | Rake $0.24
Board [2c Tc Ah]
Seat 1: LolDnkaments (button) (small blind) collected ($11.76)
Seat 2: kaz2y5 (big blind) folded on the Flop


