PokerStars Hand #162759920420:  Hold'em Limit ($3/$6 USD) - 2016/12/11 5:53:47 ET
Table 'Beyer II' 6-max Seat #4 is the button
Seat 2: cola26licht ($105.94 in chips)
Seat 4: Agrotait ($69 in chips)
Agrotait: posts small blind $1
cola26licht: posts big blind $3
*** HOLE CARDS ***
Agrotait: raises $3 to $6
cola26licht: folds
Uncalled bet ($3) returned to Agrotait
Agrotait collected $6 from pot
Agrotait: doesn't show hand
ToDaFelt joins the table at seat #3
*** SUMMARY ***
Total pot $6 | Rake $0
Seat 2: cola26licht (big blind) folded before Flop
Seat 4: Agrotait (button) (small blind) collected ($6)


PokerStars Hand #162759916797:  Hold'em Limit ($3/$6 USD) - 2016/12/11 5:53:40 ET
Table 'Beyer II' 6-max Seat #2 is the button
Seat 2: cola26licht ($102.94 in chips)
Seat 4: Agrotait ($72 in chips)
cola26licht: posts small blind $1
Agrotait: posts big blind $3
*** HOLE CARDS ***
cola26licht: raises $3 to $6
Agrotait: folds
Uncalled bet ($3) returned to cola26licht
cola26licht collected $6 from pot
cola26licht: doesn't show hand
*** SUMMARY ***
Total pot $6 | Rake $0
Seat 2: cola26licht (button) (small blind) collected ($6)
Seat 4: Agrotait (big blind) folded before Flop


PokerStars Hand #162760057380:  Hold'em Limit ($3/$6 USD) - 2016/12/11 5:58:44 ET
Table 'Beyer II' 6-max Seat #4 is the button
Seat 3: ToDaFelt ($152.04 in chips)
Seat 4: Agrotait ($62.53 in chips)
Agrotait: posts small blind $1
belik555: is sitting out
ToDaFelt: posts big blind $3
*** HOLE CARDS ***
belik555 leaves the table
Agrotait: raises $3 to $6
ToDaFelt: raises $3 to $9
zenobia11 joins the table at seat #6
Agrotait: calls $3
*** FLOP *** [5h 6d 6c]
ToDaFelt: bets $3
Agrotait: calls $3
*** TURN *** [5h 6d 6c] [4d]
ToDaFelt: bets $6
Agrotait: calls $6
*** RIVER *** [5h 6d 6c 4d] [3s]
ToDaFelt: bets $6
Agrotait: raises $6 to $12
ToDaFelt: calls $6
*** SHOW DOWN ***
Agrotait: shows [3h 3c] (a full house, Threes full of Sixes)
ToDaFelt: mucks hand
Agrotait collected $59.50 from pot
*** SUMMARY ***
Total pot $60 | Rake $0.50
Board [5h 6d 6c 4d 3s]
Seat 3: ToDaFelt (big blind) mucked
Seat 4: Agrotait (button) (small blind) showed [3h 3c] and won ($59.50) with a full house, Threes full of Sixes


