PokerStars Hand #175734783442:  Hold'em Limit ($3/$6 USD) - 2017/09/16 17:19:18 ET
Table 'Bharani II' 6-max Seat #3 is the button
Seat 3: Ag3r0n ($125.91 in chips)
Seat 5: happyshine88 ($195.28 in chips)
vestimokrec will be allowed to play after the button
Ag3r0n: posts small blind $1
happyshine88: posts big blind $3
*** HOLE CARDS ***
Ag3r0n: folds
Uncalled bet ($2) returned to happyshine88
happyshine88 collected $2 from pot
happyshine88: doesn't show hand
*** SUMMARY ***
Total pot $2 | Rake $0
Seat 3: Ag3r0n (button) (small blind) folded before Flop
Seat 5: happyshine88 (big blind) collected ($2)


PokerStars Hand #175734787462:  Hold'em Limit ($3/$6 USD) - 2017/09/16 17:19:23 ET
Table 'Bharani II' 6-max Seat #5 is the button
Seat 5: happyshine88 ($196.28 in chips)
Seat 6: vestimokrec ($120 in chips)
Ag3r0n leaves the table
happyshine88: posts small blind $1
vestimokrec: posts big blind $3
*** HOLE CARDS ***
happyshine88: raises $3 to $6
vestimokrec: calls $3
*** FLOP *** [Qh 6s 7h]
vestimokrec: checks
happyshine88: checks
*** TURN *** [Qh 6s 7h] [8d]
vestimokrec: bets $6
happyshine88: calls $6
*** RIVER *** [Qh 6s 7h 8d] [5d]
vestimokrec: bets $6
happyshine88: calls $6
*** SHOW DOWN ***
vestimokrec: shows [6d 9h] (a straight, Five to Nine)
happyshine88: mucks hand
vestimokrec collected $35.50 from pot
*** SUMMARY ***
Total pot $36 | Rake $0.50
Board [Qh 6s 7h 8d 5d]
Seat 5: happyshine88 (button) (small blind) mucked
Seat 6: vestimokrec (big blind) showed [6d 9h] and won ($35.50) with a straight, Five to Nine


PokerStars Hand #175734829922:  Hold'em Limit ($3/$6 USD) - 2017/09/16 17:20:15 ET
Table 'Bharani II' 6-max Seat #6 is the button
Seat 5: happyshine88 ($178.28 in chips)
Seat 6: vestimokrec ($137.50 in chips)
vestimokrec: posts small blind $1
happyshine88: posts big blind $3
*** HOLE CARDS ***
vestimokrec: raises $3 to $6
happyshine88: folds
Uncalled bet ($3) returned to vestimokrec
vestimokrec collected $6 from pot
vestimokrec: doesn't show hand
*** SUMMARY ***
Total pot $6 | Rake $0
Seat 5: happyshine88 (big blind) folded before Flop
Seat 6: vestimokrec (button) (small blind) collected ($6)


PokerStars Hand #175734917535:  Hold'em Limit ($3/$6 USD) - 2017/09/16 17:22:02 ET
Table 'Bharani II' 6-max Seat #5 is the button
Seat 2: Jokkez 85 ($133.09 in chips)
Seat 5: happyshine88 ($175.28 in chips)
vestimokrec joins the table at seat #3
happyshine88: posts small blind $1
Jokkez 85: posts big blind $3
*** HOLE CARDS ***
happyshine88: folds
Uncalled bet ($2) returned to Jokkez 85
Jokkez 85 collected $2 from pot
Jokkez 85: doesn't show hand
*** SUMMARY ***
Total pot $2 | Rake $0
Seat 2: Jokkez 85 (big blind) collected ($2)
Seat 5: happyshine88 (button) (small blind) folded before Flop


PokerStars Hand #175737159304:  Hold'em Limit ($3/$6 USD) - 2017/09/16 18:12:12 ET
Table 'Bharani II' 6-max Seat #6 is the button
Seat 3: vestimokrec ($219.85 in chips)
Seat 6: NewRocker ($219.92 in chips)
NewRocker: posts small blind $1
B_loJkl: is sitting out
vestimokrec: posts big blind $3
*** HOLE CARDS ***
NewRocker: folds
Uncalled bet ($2) returned to vestimokrec
B_loJkl leaves the table
vestimokrec collected $2 from pot
vestimokrec: doesn't show hand
*** SUMMARY ***
Total pot $2 | Rake $0
Seat 3: vestimokrec (big blind) collected ($2)
Seat 6: NewRocker (button) (small blind) folded before Flop


