PokerStars Hand #145802148081:  Hold'em Limit ($3/$6 USD) - 2015/12/23 13:18:33 ET
Table 'Bharani II' 2-max Seat #2 is the button
Seat 1: wakeup18 ($101.76 in chips)
Seat 2: KRAPOVICHEK ($243.63 in chips)
KRAPOVICHEK: posts small blind $1
wakeup18: posts big blind $3
*** HOLE CARDS ***
KRAPOVICHEK: folds
Uncalled bet ($2) returned to wakeup18
wakeup18 collected $2 from pot
wakeup18: doesn't show hand
*** SUMMARY ***
Total pot $2 | Rake $0
Seat 1: wakeup18 (big blind) collected ($2)
Seat 2: KRAPOVICHEK (button) (small blind) folded before Flop


PokerStars Hand #145802131279:  Hold'em Limit ($3/$6 USD) - 2015/12/23 13:18:15 ET
Table 'Bharani II' 2-max Seat #1 is the button
Seat 1: wakeup18 ($125.76 in chips)
Seat 2: KRAPOVICHEK ($220.13 in chips)
wakeup18: posts small blind $1
KRAPOVICHEK: posts big blind $3
*** HOLE CARDS ***
wakeup18: raises $3 to $6
KRAPOVICHEK: calls $3
*** FLOP *** [Jh 9c 5d]
KRAPOVICHEK: checks
wakeup18: bets $3
KRAPOVICHEK: raises $3 to $6
wakeup18: calls $3
*** TURN *** [Jh 9c 5d] [3s]
KRAPOVICHEK: bets $6
wakeup18: calls $6
*** RIVER *** [Jh 9c 5d 3s] [6s]
KRAPOVICHEK: bets $6
wakeup18: calls $6
*** SHOW DOWN ***
KRAPOVICHEK: shows [6h 5h] (two pair, Sixes and Fives)
wakeup18: mucks hand
KRAPOVICHEK collected $47.50 from pot
*** SUMMARY ***
Total pot $48 | Rake $0.50
Board [Jh 9c 5d 3s 6s]
Seat 1: wakeup18 (button) (small blind) mucked
Seat 2: KRAPOVICHEK (big blind) showed [6h 5h] and won ($47.50) with two pair, Sixes and Fives


PokerStars Hand #145802110409:  Hold'em Limit ($3/$6 USD) - 2015/12/23 13:17:52 ET
Table 'Bharani II' 2-max Seat #2 is the button
Seat 1: wakeup18 ($120 in chips)
Seat 2: KRAPOVICHEK ($226.13 in chips)
KRAPOVICHEK: posts small blind $1
wakeup18: posts big blind $3
*** HOLE CARDS ***
KRAPOVICHEK: raises $3 to $6
wakeup18: calls $3
*** FLOP *** [6s 3d 8d]
wakeup18: checks
KRAPOVICHEK: checks
*** TURN *** [6s 3d 8d] [2c]
wakeup18: bets $6
KRAPOVICHEK: folds
Uncalled bet ($6) returned to wakeup18
wakeup18 collected $11.76 from pot
wakeup18: doesn't show hand
*** SUMMARY ***
Total pot $12 | Rake $0.24
Board [6s 3d 8d 2c]
Seat 1: wakeup18 (big blind) collected ($11.76)
Seat 2: KRAPOVICHEK (button) (small blind) folded on the Turn


PokerStars Hand #145802153562:  Hold'em Limit ($3/$6 USD) - 2015/12/23 13:18:39 ET
Table 'Bharani II' 2-max Seat #1 is the button
Seat 1: wakeup18 ($102.76 in chips)
Seat 2: KRAPOVICHEK ($242.63 in chips)
wakeup18: posts small blind $1
KRAPOVICHEK: posts big blind $3
*** HOLE CARDS ***
wakeup18: raises $3 to $6
KRAPOVICHEK: calls $3
*** FLOP *** [Ad 4c Kd]
KRAPOVICHEK: checks
wakeup18: bets $3
KRAPOVICHEK: calls $3
*** TURN *** [Ad 4c Kd] [9h]
KRAPOVICHEK: checks
wakeup18: bets $6
KRAPOVICHEK: raises $6 to $12
wakeup18: calls $6
*** RIVER *** [Ad 4c Kd 9h] [Jc]
KRAPOVICHEK: bets $6
wakeup18: calls $6
*** SHOW DOWN ***
KRAPOVICHEK: shows [Kh 8c] (a pair of Kings)
wakeup18: shows [2s Ac] (a pair of Aces)
wakeup18 collected $53.50 from pot
*** SUMMARY ***
Total pot $54 | Rake $0.50
Board [Ad 4c Kd 9h Jc]
Seat 1: wakeup18 (button) (small blind) showed [2s Ac] and won ($53.50) with a pair of Aces
Seat 2: KRAPOVICHEK (big blind) showed [Kh 8c] and lost with a pair of Kings


PokerStars Hand #145802169892:  Hold'em Limit ($3/$6 USD) - 2015/12/23 13:18:57 ET
Table 'Bharani II' 2-max Seat #2 is the button
Seat 1: wakeup18 ($129.26 in chips)
Seat 2: KRAPOVICHEK ($215.63 in chips)
KRAPOVICHEK: posts small blind $1
wakeup18: posts big blind $3
*** HOLE CARDS ***
KRAPOVICHEK: raises $3 to $6
wakeup18: calls $3
*** FLOP *** [2c Ac As]
wakeup18: checks
KRAPOVICHEK: bets $3
wakeup18: calls $3
*** TURN *** [2c Ac As] [8d]
wakeup18: checks
KRAPOVICHEK: checks
*** RIVER *** [2c Ac As 8d] [7c]
wakeup18: checks
KRAPOVICHEK: checks
*** SHOW DOWN ***
wakeup18: shows [Tc Ks] (a pair of Aces)
KRAPOVICHEK: mucks hand
wakeup18 collected $17.64 from pot
*** SUMMARY ***
Total pot $18 | Rake $0.36
Board [2c Ac As 8d 7c]
Seat 1: wakeup18 (big blind) showed [Tc Ks] and won ($17.64) with a pair of Aces
Seat 2: KRAPOVICHEK (button) (small blind) mucked


PokerStars Hand #145802192249:  Hold'em Limit ($3/$6 USD) - 2015/12/23 13:19:21 ET
Table 'Bharani II' 2-max Seat #1 is the button
Seat 1: wakeup18 ($137.90 in chips)
Seat 2: KRAPOVICHEK ($206.63 in chips)
wakeup18: posts small blind $1
KRAPOVICHEK: posts big blind $3
*** HOLE CARDS ***
wakeup18: raises $3 to $6
KRAPOVICHEK: calls $3
*** FLOP *** [5h 3s 4h]
KRAPOVICHEK: checks
wakeup18: checks
*** TURN *** [5h 3s 4h] [3h]
KRAPOVICHEK: bets $6
wakeup18: calls $6
*** RIVER *** [5h 3s 4h 3h] [6h]
KRAPOVICHEK: bets $6
wakeup18: folds
Uncalled bet ($6) returned to KRAPOVICHEK
KRAPOVICHEK collected $23.52 from pot
KRAPOVICHEK: doesn't show hand
*** SUMMARY ***
Total pot $24 | Rake $0.48
Board [5h 3s 4h 3h 6h]
Seat 1: wakeup18 (button) (small blind) folded on the River
Seat 2: KRAPOVICHEK (big blind) collected ($23.52)


PokerStars Hand #145802187680:  Hold'em Limit ($3/$6 USD) - 2015/12/23 13:19:17 ET
Table 'Bharani II' 2-max Seat #2 is the button
Seat 1: wakeup18 ($136.90 in chips)
Seat 2: KRAPOVICHEK ($207.63 in chips)
KRAPOVICHEK: posts small blind $1
wakeup18: posts big blind $3
*** HOLE CARDS ***
KRAPOVICHEK: folds
Uncalled bet ($2) returned to wakeup18
wakeup18 collected $2 from pot
wakeup18: doesn't show hand
*** SUMMARY ***
Total pot $2 | Rake $0
Seat 1: wakeup18 (big blind) collected ($2)
Seat 2: KRAPOVICHEK (button) (small blind) folded before Flop


PokerStars Hand #145802183078:  Hold'em Limit ($3/$6 USD) - 2015/12/23 13:19:12 ET
Table 'Bharani II' 2-max Seat #1 is the button
Seat 1: wakeup18 ($137.90 in chips)
Seat 2: KRAPOVICHEK ($206.63 in chips)
wakeup18: posts small blind $1
KRAPOVICHEK: posts big blind $3
*** HOLE CARDS ***
wakeup18: folds
Uncalled bet ($2) returned to KRAPOVICHEK
KRAPOVICHEK collected $2 from pot
KRAPOVICHEK: doesn't show hand
*** SUMMARY ***
Total pot $2 | Rake $0
Seat 1: wakeup18 (button) (small blind) folded before Flop
Seat 2: KRAPOVICHEK (big blind) collected ($2)


PokerStars Hand #145802203836:  Hold'em Limit ($3/$6 USD) - 2015/12/23 13:19:34 ET
Table 'Bharani II' 2-max Seat #2 is the button
Seat 1: wakeup18 ($125.90 in chips)
Seat 2: KRAPOVICHEK ($218.15 in chips)
KRAPOVICHEK: posts small blind $1
wakeup18: posts big blind $3
*** HOLE CARDS ***
KRAPOVICHEK: raises $3 to $6
wakeup18: calls $3
*** FLOP *** [5d 2d 6c]
wakeup18: checks
KRAPOVICHEK: bets $3
wakeup18: raises $3 to $6
KRAPOVICHEK: calls $3
*** TURN *** [5d 2d 6c] [2h]
wakeup18: bets $6
KRAPOVICHEK: calls $6
*** RIVER *** [5d 2d 6c 2h] [Qc]
wakeup18: checks
KRAPOVICHEK: checks
*** SHOW DOWN ***
wakeup18: shows [As 6s] (two pair, Sixes and Deuces)
KRAPOVICHEK: mucks hand
wakeup18 collected $35.50 from pot
*** SUMMARY ***
Total pot $36 | Rake $0.50
Board [5d 2d 6c 2h Qc]
Seat 1: wakeup18 (big blind) showed [As 6s] and won ($35.50) with two pair, Sixes and Deuces
Seat 2: KRAPOVICHEK (button) (small blind) mucked


PokerStars Hand #145802239767:  Hold'em Limit ($3/$6 USD) - 2015/12/23 13:20:14 ET
Table 'Bharani II' 2-max Seat #1 is the button
Seat 1: wakeup18 ($143.40 in chips)
Seat 2: KRAPOVICHEK ($200.15 in chips)
wakeup18: posts small blind $1
KRAPOVICHEK: posts big blind $3
*** HOLE CARDS ***
wakeup18: raises $3 to $6
KRAPOVICHEK: raises $3 to $9
wakeup18: calls $3
*** FLOP *** [3d 7s 4d]
KRAPOVICHEK: bets $3
wakeup18: calls $3
*** TURN *** [3d 7s 4d] [Js]
KRAPOVICHEK: bets $6
wakeup18: calls $6
*** RIVER *** [3d 7s 4d Js] [Jc]
KRAPOVICHEK: bets $6
wakeup18: calls $6
*** SHOW DOWN ***
KRAPOVICHEK: shows [5s 5c] (two pair, Jacks and Fives)
wakeup18: mucks hand
KRAPOVICHEK collected $47.50 from pot
*** SUMMARY ***
Total pot $48 | Rake $0.50
Board [3d 7s 4d Js Jc]
Seat 1: wakeup18 (button) (small blind) mucked
Seat 2: KRAPOVICHEK (big blind) showed [5s 5c] and won ($47.50) with two pair, Jacks and Fives


PokerStars Hand #145802302823:  Hold'em Limit ($3/$6 USD) - 2015/12/23 13:21:24 ET
Table 'Bharani II' 2-max Seat #2 is the button
Seat 1: wakeup18 ($146.42 in chips)
Seat 2: KRAPOVICHEK ($195.65 in chips)
KRAPOVICHEK: posts small blind $1
wakeup18: posts big blind $3
*** HOLE CARDS ***
KRAPOVICHEK: raises $3 to $6
wakeup18: raises $3 to $9
KRAPOVICHEK: calls $3
*** FLOP *** [Qc 5d 5s]
wakeup18: bets $3
KRAPOVICHEK: calls $3
*** TURN *** [Qc 5d 5s] [Ts]
wakeup18: checks
KRAPOVICHEK: bets $6
wakeup18: calls $6
*** RIVER *** [Qc 5d 5s Ts] [Js]
wakeup18: checks
KRAPOVICHEK: bets $6
wakeup18: calls $6
*** SHOW DOWN ***
KRAPOVICHEK: shows [Th 9c] (two pair, Tens and Fives)
wakeup18: shows [Kd Jd] (two pair, Jacks and Fives)
wakeup18 collected $47.50 from pot
*** SUMMARY ***
Total pot $48 | Rake $0.50
Board [Qc 5d 5s Ts Js]
Seat 1: wakeup18 (big blind) showed [Kd Jd] and won ($47.50) with two pair, Jacks and Fives
Seat 2: KRAPOVICHEK (button) (small blind) showed [Th 9c] and lost with two pair, Tens and Fives


PokerStars Hand #145802287231:  Hold'em Limit ($3/$6 USD) - 2015/12/23 13:21:07 ET
Table 'Bharani II' 2-max Seat #2 is the button
Seat 1: wakeup18 ($139.66 in chips)
Seat 2: KRAPOVICHEK ($202.65 in chips)
KRAPOVICHEK: posts small blind $1
wakeup18: posts big blind $3
*** HOLE CARDS ***
KRAPOVICHEK: folds
Uncalled bet ($2) returned to wakeup18
wakeup18 collected $2 from pot
wakeup18: doesn't show hand
*** SUMMARY ***
Total pot $2 | Rake $0
Seat 1: wakeup18 (big blind) collected ($2)
Seat 2: KRAPOVICHEK (button) (small blind) folded before Flop


PokerStars Hand #145802272249:  Hold'em Limit ($3/$6 USD) - 2015/12/23 13:20:50 ET
Table 'Bharani II' 2-max Seat #1 is the button
Seat 1: wakeup18 ($133.90 in chips)
Seat 2: KRAPOVICHEK ($208.65 in chips)
wakeup18: posts small blind $1
KRAPOVICHEK: posts big blind $3
*** HOLE CARDS ***
wakeup18: raises $3 to $6
KRAPOVICHEK: calls $3
*** FLOP *** [9h 4h 3s]
KRAPOVICHEK: checks
wakeup18: checks
*** TURN *** [9h 4h 3s] [Js]
KRAPOVICHEK: checks
wakeup18: checks
*** RIVER *** [9h 4h 3s Js] [2h]
KRAPOVICHEK: checks
wakeup18: checks
*** SHOW DOWN ***
KRAPOVICHEK: shows [7s 6h] (high card Jack)
wakeup18: shows [2s Ks] (a pair of Deuces)
wakeup18 collected $11.76 from pot
*** SUMMARY ***
Total pot $12 | Rake $0.24
Board [9h 4h 3s Js 2h]
Seat 1: wakeup18 (button) (small blind) showed [2s Ks] and won ($11.76) with a pair of Deuces
Seat 2: KRAPOVICHEK (big blind) showed [7s 6h] and lost with high card Jack


PokerStars Hand #145802257970:  Hold'em Limit ($3/$6 USD) - 2015/12/23 13:20:34 ET
Table 'Bharani II' 2-max Seat #2 is the button
Seat 1: wakeup18 ($119.40 in chips)
Seat 2: KRAPOVICHEK ($223.65 in chips)
KRAPOVICHEK: posts small blind $1
wakeup18: posts big blind $3
*** HOLE CARDS ***
KRAPOVICHEK: raises $3 to $6
wakeup18: calls $3
*** FLOP *** [2h 8s Ac]
wakeup18: checks
KRAPOVICHEK: bets $3
wakeup18: calls $3
*** TURN *** [2h 8s Ac] [2s]
wakeup18: checks
KRAPOVICHEK: checks
*** RIVER *** [2h 8s Ac 2s] [Jh]
wakeup18: bets $6
KRAPOVICHEK: calls $6
*** SHOW DOWN ***
wakeup18: shows [2c Qs] (three of a kind, Deuces)
KRAPOVICHEK: mucks hand
wakeup18 collected $29.50 from pot
*** SUMMARY ***
Total pot $30 | Rake $0.50
Board [2h 8s Ac 2s Jh]
Seat 1: wakeup18 (big blind) showed [2c Qs] and won ($29.50) with three of a kind, Deuces
Seat 2: KRAPOVICHEK (button) (small blind) mucked


PokerStars Hand #145802292042:  Hold'em Limit ($3/$6 USD) - 2015/12/23 13:21:12 ET
Table 'Bharani II' 2-max Seat #1 is the button
Seat 1: wakeup18 ($140.66 in chips)
Seat 2: KRAPOVICHEK ($201.65 in chips)
wakeup18: posts small blind $1
KRAPOVICHEK: posts big blind $3
*** HOLE CARDS ***
wakeup18: raises $3 to $6
KRAPOVICHEK: calls $3
*** FLOP *** [Td 4d Jc]
KRAPOVICHEK: checks
wakeup18: bets $3
KRAPOVICHEK: folds
Uncalled bet ($3) returned to wakeup18
wakeup18 collected $11.76 from pot
wakeup18: doesn't show hand
*** SUMMARY ***
Total pot $12 | Rake $0.24
Board [Td 4d Jc]
Seat 1: wakeup18 (button) (small blind) collected ($11.76)
Seat 2: KRAPOVICHEK (big blind) folded on the Flop


PokerStars Hand #145802321124:  Hold'em Limit ($3/$6 USD) - 2015/12/23 13:21:44 ET
Table 'Bharani II' 2-max Seat #1 is the button
Seat 1: wakeup18 ($169.92 in chips)
Seat 2: KRAPOVICHEK ($171.65 in chips)
wakeup18: posts small blind $1
KRAPOVICHEK: posts big blind $3
*** HOLE CARDS ***
wakeup18: folds
Uncalled bet ($2) returned to KRAPOVICHEK
KRAPOVICHEK collected $2 from pot
KRAPOVICHEK: doesn't show hand
*** SUMMARY ***
Total pot $2 | Rake $0
Seat 1: wakeup18 (button) (small blind) folded before Flop
Seat 2: KRAPOVICHEK (big blind) collected ($2)


PokerStars Hand #145802354268:  Hold'em Limit ($3/$6 USD) - 2015/12/23 13:22:21 ET
Table 'Bharani II' 2-max Seat #2 is the button
Seat 1: wakeup18 ($153.68 in chips)
Seat 2: KRAPOVICHEK ($187.15 in chips)
KRAPOVICHEK: posts small blind $1
wakeup18: posts big blind $3
*** HOLE CARDS ***
KRAPOVICHEK: folds
Uncalled bet ($2) returned to wakeup18
wakeup18 collected $2 from pot
wakeup18: doesn't show hand
*** SUMMARY ***
Total pot $2 | Rake $0
Seat 1: wakeup18 (big blind) collected ($2)
Seat 2: KRAPOVICHEK (button) (small blind) folded before Flop


PokerStars Hand #145802343013:  Hold'em Limit ($3/$6 USD) - 2015/12/23 13:22:09 ET
Table 'Bharani II' 2-max Seat #1 is the button
Seat 1: wakeup18 ($147.92 in chips)
Seat 2: KRAPOVICHEK ($193.15 in chips)
wakeup18: posts small blind $1
KRAPOVICHEK: posts big blind $3
*** HOLE CARDS ***
wakeup18: raises $3 to $6
KRAPOVICHEK: calls $3
*** FLOP *** [Qh Qd Ks]
KRAPOVICHEK: checks
wakeup18: bets $3
KRAPOVICHEK: folds
Uncalled bet ($3) returned to wakeup18
wakeup18 collected $11.76 from pot
wakeup18: doesn't show hand
*** SUMMARY ***
Total pot $12 | Rake $0.24
Board [Qh Qd Ks]
Seat 1: wakeup18 (button) (small blind) collected ($11.76)
Seat 2: KRAPOVICHEK (big blind) folded on the Flop


PokerStars Hand #145802325693:  Hold'em Limit ($3/$6 USD) - 2015/12/23 13:21:49 ET
Table 'Bharani II' 2-max Seat #2 is the button
Seat 1: wakeup18 ($168.92 in chips)
Seat 2: KRAPOVICHEK ($172.65 in chips)
KRAPOVICHEK: posts small blind $1
wakeup18: posts big blind $3
*** HOLE CARDS ***
KRAPOVICHEK: raises $3 to $6
wakeup18: calls $3
*** FLOP *** [6s 8h 6c]
wakeup18: checks
KRAPOVICHEK: bets $3
wakeup18: calls $3
*** TURN *** [6s 8h 6c] [Jd]
wakeup18: checks
KRAPOVICHEK: bets $6
wakeup18: calls $6
*** RIVER *** [6s 8h 6c Jd] [Jh]
wakeup18: checks
KRAPOVICHEK: bets $6
wakeup18: calls $6
*** SHOW DOWN ***
KRAPOVICHEK: shows [Ks 6d] (a full house, Sixes full of Jacks)
wakeup18: mucks hand
KRAPOVICHEK collected $41.50 from pot
*** SUMMARY ***
Total pot $42 | Rake $0.50
Board [6s 8h 6c Jd Jh]
Seat 1: wakeup18 (big blind) mucked
Seat 2: KRAPOVICHEK (button) (small blind) showed [Ks 6d] and won ($41.50) with a full house, Sixes full of Jacks


PokerStars Hand #145802377616:  Hold'em Limit ($3/$6 USD) - 2015/12/23 13:22:47 ET
Table 'Bharani II' 2-max Seat #2 is the button
Seat 1: wakeup18 ($184.18 in chips)
Seat 2: KRAPOVICHEK ($156.15 in chips)
KRAPOVICHEK: posts small blind $1
wakeup18: posts big blind $3
*** HOLE CARDS ***
KRAPOVICHEK: raises $3 to $6
wakeup18: calls $3
*** FLOP *** [Qd 7h 9d]
wakeup18: checks
KRAPOVICHEK: bets $3
wakeup18: calls $3
*** TURN *** [Qd 7h 9d] [Td]
wakeup18: bets $6
KRAPOVICHEK: folds
Uncalled bet ($6) returned to wakeup18
wakeup18 collected $17.64 from pot
wakeup18: doesn't show hand
*** SUMMARY ***
Total pot $18 | Rake $0.36
Board [Qd 7h 9d Td]
Seat 1: wakeup18 (big blind) collected ($17.64)
Seat 2: KRAPOVICHEK (button) (small blind) folded on the Turn


PokerStars Hand #145802390956:  Hold'em Limit ($3/$6 USD) - 2015/12/23 13:23:02 ET
Table 'Bharani II' 2-max Seat #1 is the button
Seat 1: wakeup18 ($192.82 in chips)
Seat 2: KRAPOVICHEK ($147.15 in chips)
wakeup18: posts small blind $1
KRAPOVICHEK: posts big blind $3
*** HOLE CARDS ***
wakeup18: raises $3 to $6
KRAPOVICHEK: calls $3
*** FLOP *** [5c Jc 3h]
KRAPOVICHEK: checks
wakeup18: checks
*** TURN *** [5c Jc 3h] [3d]
KRAPOVICHEK: bets $6
wakeup18: raises $6 to $12
KRAPOVICHEK: folds
Uncalled bet ($6) returned to wakeup18
wakeup18 collected $23.52 from pot
wakeup18: doesn't show hand
*** SUMMARY ***
Total pot $24 | Rake $0.48
Board [5c Jc 3h 3d]
Seat 1: wakeup18 (button) (small blind) collected ($23.52)
Seat 2: KRAPOVICHEK (big blind) folded on the Turn


PokerStars Hand #145802410060:  Hold'em Limit ($3/$6 USD) - 2015/12/23 13:23:23 ET
Table 'Bharani II' 2-max Seat #1 is the button
Seat 1: wakeup18 ($205.34 in chips)
Seat 2: KRAPOVICHEK ($134.15 in chips)
wakeup18: posts small blind $1
KRAPOVICHEK: posts big blind $3
*** HOLE CARDS ***
wakeup18: raises $3 to $6
KRAPOVICHEK: calls $3
*** FLOP *** [3c Kh 8d]
KRAPOVICHEK: checks
wakeup18: checks
*** TURN *** [3c Kh 8d] [Tc]
KRAPOVICHEK: bets $6
wakeup18: calls $6
*** RIVER *** [3c Kh 8d Tc] [4c]
KRAPOVICHEK: bets $6
wakeup18: calls $6
*** SHOW DOWN ***
KRAPOVICHEK: shows [8h 9c] (a pair of Eights)
wakeup18: mucks hand
KRAPOVICHEK collected $35.50 from pot
*** SUMMARY ***
Total pot $36 | Rake $0.50
Board [3c Kh 8d Tc 4c]
Seat 1: wakeup18 (button) (small blind) mucked
Seat 2: KRAPOVICHEK (big blind) showed [8h 9c] and won ($35.50) with a pair of Eights


PokerStars Hand #145802358432:  Hold'em Limit ($3/$6 USD) - 2015/12/23 13:22:26 ET
Table 'Bharani II' 2-max Seat #1 is the button
Seat 1: wakeup18 ($154.68 in chips)
Seat 2: KRAPOVICHEK ($186.15 in chips)
wakeup18: posts small blind $1
KRAPOVICHEK: posts big blind $3
*** HOLE CARDS ***
wakeup18: raises $3 to $6
KRAPOVICHEK: raises $3 to $9
wakeup18: calls $3
*** FLOP *** [8h Td 2c]
KRAPOVICHEK: bets $3
wakeup18: calls $3
*** TURN *** [8h Td 2c] [8c]
KRAPOVICHEK: checks
wakeup18: bets $6
KRAPOVICHEK: raises $6 to $12
wakeup18: calls $6
*** RIVER *** [8h Td 2c 8c] [Ts]
KRAPOVICHEK: bets $6
wakeup18: calls $6
*** SHOW DOWN ***
KRAPOVICHEK: shows [Qd Qs] (two pair, Queens and Tens)
wakeup18: shows [4s 8s] (a full house, Eights full of Tens)
wakeup18 collected $59.50 from pot
*** SUMMARY ***
Total pot $60 | Rake $0.50
Board [8h Td 2c 8c Ts]
Seat 1: wakeup18 (button) (small blind) showed [4s 8s] and won ($59.50) with a full house, Eights full of Tens
Seat 2: KRAPOVICHEK (big blind) showed [Qd Qs] and lost with two pair, Queens and Tens


PokerStars Hand #145802402916:  Hold'em Limit ($3/$6 USD) - 2015/12/23 13:23:15 ET
Table 'Bharani II' 2-max Seat #2 is the button
Seat 1: wakeup18 ($204.34 in chips)
Seat 2: KRAPOVICHEK ($135.15 in chips)
KRAPOVICHEK: posts small blind $1
wakeup18: posts big blind $3
*** HOLE CARDS ***
KRAPOVICHEK: folds
Uncalled bet ($2) returned to wakeup18
wakeup18 collected $2 from pot
wakeup18: doesn't show hand
*** SUMMARY ***
Total pot $2 | Rake $0
Seat 1: wakeup18 (big blind) collected ($2)
Seat 2: KRAPOVICHEK (button) (small blind) folded before Flop


PokerStars Hand #145802462093:  Hold'em Limit ($3/$6 USD) - 2015/12/23 13:24:21 ET
Table 'Bharani II' 2-max Seat #1 is the button
Seat 1: wakeup18 ($184.86 in chips)
Seat 2: KRAPOVICHEK ($153.15 in chips)
wakeup18: posts small blind $1
KRAPOVICHEK: posts big blind $3
*** HOLE CARDS ***
wakeup18: raises $3 to $6
KRAPOVICHEK: raises $3 to $9
wakeup18: calls $3
*** FLOP *** [9h 7d 6s]
KRAPOVICHEK: bets $3
wakeup18: calls $3
*** TURN *** [9h 7d 6s] [Ks]
KRAPOVICHEK: bets $6
wakeup18: calls $6
*** RIVER *** [9h 7d 6s Ks] [4s]
KRAPOVICHEK: bets $6
wakeup18: folds
Uncalled bet ($6) returned to KRAPOVICHEK
KRAPOVICHEK collected $35.50 from pot
KRAPOVICHEK: doesn't show hand
*** SUMMARY ***
Total pot $36 | Rake $0.50
Board [9h 7d 6s Ks 4s]
Seat 1: wakeup18 (button) (small blind) folded on the River
Seat 2: KRAPOVICHEK (big blind) collected ($35.50)


PokerStars Hand #145802457308:  Hold'em Limit ($3/$6 USD) - 2015/12/23 13:24:16 ET
Table 'Bharani II' 2-max Seat #2 is the button
Seat 1: wakeup18 ($183.86 in chips)
Seat 2: KRAPOVICHEK ($154.15 in chips)
KRAPOVICHEK: posts small blind $1
wakeup18: posts big blind $3
*** HOLE CARDS ***
KRAPOVICHEK: folds
Uncalled bet ($2) returned to wakeup18
wakeup18 collected $2 from pot
wakeup18: doesn't show hand
*** SUMMARY ***
Total pot $2 | Rake $0
Seat 1: wakeup18 (big blind) collected ($2)
Seat 2: KRAPOVICHEK (button) (small blind) folded before Flop


PokerStars Hand #145802443841:  Hold'em Limit ($3/$6 USD) - 2015/12/23 13:24:01 ET
Table 'Bharani II' 2-max Seat #1 is the button
Seat 1: wakeup18 ($172.34 in chips)
Seat 2: KRAPOVICHEK ($166.15 in chips)
wakeup18: posts small blind $1
KRAPOVICHEK: posts big blind $3
*** HOLE CARDS ***
wakeup18: raises $3 to $6
KRAPOVICHEK: raises $3 to $9
wakeup18: calls $3
*** FLOP *** [Ac Ks Tc]
KRAPOVICHEK: bets $3
wakeup18: calls $3
*** TURN *** [Ac Ks Tc] [8d]
KRAPOVICHEK: checks
wakeup18: checks
*** RIVER *** [Ac Ks Tc 8d] [Jh]
KRAPOVICHEK: checks
wakeup18: checks
*** SHOW DOWN ***
KRAPOVICHEK: shows [6d 6h] (a pair of Sixes)
wakeup18: shows [Kh 5h] (a pair of Kings)
wakeup18 collected $23.52 from pot
*** SUMMARY ***
Total pot $24 | Rake $0.48
Board [Ac Ks Tc 8d Jh]
Seat 1: wakeup18 (button) (small blind) showed [Kh 5h] and won ($23.52) with a pair of Kings
Seat 2: KRAPOVICHEK (big blind) showed [6d 6h] and lost with a pair of Sixes


PokerStars Hand #145802425015:  Hold'em Limit ($3/$6 USD) - 2015/12/23 13:23:40 ET
Table 'Bharani II' 2-max Seat #2 is the button
Seat 1: wakeup18 ($187.34 in chips)
Seat 2: KRAPOVICHEK ($151.65 in chips)
KRAPOVICHEK: posts small blind $1
wakeup18: posts big blind $3
*** HOLE CARDS ***
KRAPOVICHEK: raises $3 to $6
wakeup18: calls $3
*** FLOP *** [8s 5d Jh]
wakeup18: checks
KRAPOVICHEK: bets $3
wakeup18: calls $3
*** TURN *** [8s 5d Jh] [4c]
wakeup18: checks
KRAPOVICHEK: bets $6
wakeup18: calls $6
*** RIVER *** [8s 5d Jh 4c] [Ks]
wakeup18: checks
KRAPOVICHEK: bets $6
wakeup18: folds
Uncalled bet ($6) returned to KRAPOVICHEK
KRAPOVICHEK collected $29.50 from pot
KRAPOVICHEK: doesn't show hand
*** SUMMARY ***
Total pot $30 | Rake $0.50
Board [8s 5d Jh 4c Ks]
Seat 1: wakeup18 (big blind) folded on the River
Seat 2: KRAPOVICHEK (button) (small blind) collected ($29.50)


PokerStars Hand #145802511127:  Hold'em Limit ($3/$6 USD) - 2015/12/23 13:25:16 ET
Table 'Bharani II' 2-max Seat #1 is the button
Seat 1: wakeup18 ($175.26 in chips)
Seat 2: KRAPOVICHEK ($161.41 in chips)
wakeup18: posts small blind $1
KRAPOVICHEK: posts big blind $3
*** HOLE CARDS ***
wakeup18: raises $3 to $6
KRAPOVICHEK: calls $3
*** FLOP *** [5d Kh Tc]
KRAPOVICHEK: checks
wakeup18: checks
*** TURN *** [5d Kh Tc] [Js]
KRAPOVICHEK: checks
wakeup18: checks
*** RIVER *** [5d Kh Tc Js] [3c]
KRAPOVICHEK: bets $6
wakeup18: calls $6
*** SHOW DOWN ***
KRAPOVICHEK: shows [3s Qc] (a pair of Threes)
wakeup18: shows [Qs 5h] (a pair of Fives)
wakeup18 collected $23.52 from pot
*** SUMMARY ***
Total pot $24 | Rake $0.48
Board [5d Kh Tc Js 3c]
Seat 1: wakeup18 (button) (small blind) showed [Qs 5h] and won ($23.52) with a pair of Fives
Seat 2: KRAPOVICHEK (big blind) showed [3s Qc] and lost with a pair of Threes


PokerStars Hand #145802501798:  Hold'em Limit ($3/$6 USD) - 2015/12/23 13:25:06 ET
Table 'Bharani II' 2-max Seat #2 is the button
Seat 1: wakeup18 ($181.26 in chips)
Seat 2: KRAPOVICHEK ($155.65 in chips)
KRAPOVICHEK: posts small blind $1
wakeup18: posts big blind $3
*** HOLE CARDS ***
KRAPOVICHEK: raises $3 to $6
wakeup18: calls $3
*** FLOP *** [2s Qs Qd]
wakeup18: checks
KRAPOVICHEK: bets $3
wakeup18: folds
Uncalled bet ($3) returned to KRAPOVICHEK
KRAPOVICHEK collected $11.76 from pot
KRAPOVICHEK: doesn't show hand
*** SUMMARY ***
Total pot $12 | Rake $0.24
Board [2s Qs Qd]
Seat 1: wakeup18 (big blind) folded on the Flop
Seat 2: KRAPOVICHEK (button) (small blind) collected ($11.76)


PokerStars Hand #145802493476:  Hold'em Limit ($3/$6 USD) - 2015/12/23 13:24:57 ET
Table 'Bharani II' 2-max Seat #1 is the button
Seat 1: wakeup18 ($175.50 in chips)
Seat 2: KRAPOVICHEK ($161.65 in chips)
wakeup18: posts small blind $1
KRAPOVICHEK: posts big blind $3
*** HOLE CARDS ***
wakeup18: raises $3 to $6
KRAPOVICHEK: calls $3
*** FLOP *** [Js 2d As]
KRAPOVICHEK: checks
wakeup18: bets $3
KRAPOVICHEK: folds
Uncalled bet ($3) returned to wakeup18
wakeup18 collected $11.76 from pot
wakeup18: doesn't show hand
*** SUMMARY ***
Total pot $12 | Rake $0.24
Board [Js 2d As]
Seat 1: wakeup18 (button) (small blind) collected ($11.76)
Seat 2: KRAPOVICHEK (big blind) folded on the Flop


PokerStars Hand #145802479118:  Hold'em Limit ($3/$6 USD) - 2015/12/23 13:24:40 ET
Table 'Bharani II' 2-max Seat #2 is the button
Seat 1: wakeup18 ($166.86 in chips)
Seat 2: KRAPOVICHEK ($170.65 in chips)
KRAPOVICHEK: posts small blind $1
wakeup18: posts big blind $3
*** HOLE CARDS ***
KRAPOVICHEK: raises $3 to $6
wakeup18: calls $3
*** FLOP *** [8s Th Kd]
wakeup18: checks
KRAPOVICHEK: bets $3
wakeup18: calls $3
*** TURN *** [8s Th Kd] [7c]
wakeup18: checks
KRAPOVICHEK: checks
*** RIVER *** [8s Th Kd 7c] [7h]
wakeup18: checks
KRAPOVICHEK: checks
*** SHOW DOWN ***
wakeup18: shows [2d As] (a pair of Sevens)
KRAPOVICHEK: mucks hand
wakeup18 collected $17.64 from pot
*** SUMMARY ***
Total pot $18 | Rake $0.36
Board [8s Th Kd 7c 7h]
Seat 1: wakeup18 (big blind) showed [2d As] and won ($17.64) with a pair of Sevens
Seat 2: KRAPOVICHEK (button) (small blind) mucked


PokerStars Hand #145802524760:  Hold'em Limit ($3/$6 USD) - 2015/12/23 13:25:32 ET
Table 'Bharani II' 2-max Seat #2 is the button
Seat 1: wakeup18 ($186.78 in chips)
Seat 2: KRAPOVICHEK ($149.41 in chips)
KRAPOVICHEK: posts small blind $1
wakeup18: posts big blind $3
*** HOLE CARDS ***
KRAPOVICHEK: raises $3 to $6
wakeup18: folds
Uncalled bet ($3) returned to KRAPOVICHEK
KRAPOVICHEK collected $6 from pot
KRAPOVICHEK: doesn't show hand
*** SUMMARY ***
Total pot $6 | Rake $0
Seat 1: wakeup18 (big blind) folded before Flop
Seat 2: KRAPOVICHEK (button) (small blind) collected ($6)


PokerStars Hand #145802548318:  Hold'em Limit ($3/$6 USD) - 2015/12/23 13:25:58 ET
Table 'Bharani II' 2-max Seat #1 is the button
Seat 1: wakeup18 ($172.78 in chips)
Seat 2: KRAPOVICHEK ($162.93 in chips)
wakeup18: posts small blind $1
KRAPOVICHEK: posts big blind $3
*** HOLE CARDS ***
wakeup18: raises $3 to $6
KRAPOVICHEK: calls $3
*** FLOP *** [Th 6d 3h]
KRAPOVICHEK: checks
wakeup18: bets $3
KRAPOVICHEK: calls $3
*** TURN *** [Th 6d 3h] [Tc]
KRAPOVICHEK: checks
wakeup18: checks
*** RIVER *** [Th 6d 3h Tc] [Jd]
KRAPOVICHEK: checks
wakeup18: checks
*** SHOW DOWN ***
KRAPOVICHEK: shows [5c 3c] (two pair, Tens and Threes)
wakeup18: mucks hand
KRAPOVICHEK collected $17.64 from pot
*** SUMMARY ***
Total pot $18 | Rake $0.36
Board [Th 6d 3h Tc Jd]
Seat 1: wakeup18 (button) (small blind) mucked
Seat 2: KRAPOVICHEK (big blind) showed [5c 3c] and won ($17.64) with two pair, Tens and Threes


PokerStars Hand #145802563313:  Hold'em Limit ($3/$6 USD) - 2015/12/23 13:26:15 ET
Table 'Bharani II' 2-max Seat #2 is the button
Seat 1: wakeup18 ($163.78 in chips)
Seat 2: KRAPOVICHEK ($171.57 in chips)
KRAPOVICHEK: posts small blind $1
wakeup18: posts big blind $3
*** HOLE CARDS ***
KRAPOVICHEK: folds
Uncalled bet ($2) returned to wakeup18
wakeup18 collected $2 from pot
wakeup18: doesn't show hand
*** SUMMARY ***
Total pot $2 | Rake $0
Seat 1: wakeup18 (big blind) collected ($2)
Seat 2: KRAPOVICHEK (button) (small blind) folded before Flop


PokerStars Hand #145802543840:  Hold'em Limit ($3/$6 USD) - 2015/12/23 13:25:53 ET
Table 'Bharani II' 2-max Seat #2 is the button
Seat 1: wakeup18 ($171.78 in chips)
Seat 2: KRAPOVICHEK ($163.93 in chips)
KRAPOVICHEK: posts small blind $1
wakeup18: posts big blind $3
*** HOLE CARDS ***
KRAPOVICHEK: folds
Uncalled bet ($2) returned to wakeup18
wakeup18 collected $2 from pot
wakeup18: doesn't show hand
*** SUMMARY ***
Total pot $2 | Rake $0
Seat 1: wakeup18 (big blind) collected ($2)
Seat 2: KRAPOVICHEK (button) (small blind) folded before Flop


PokerStars Hand #145802529871:  Hold'em Limit ($3/$6 USD) - 2015/12/23 13:25:38 ET
Table 'Bharani II' 2-max Seat #1 is the button
Seat 1: wakeup18 ($183.78 in chips)
Seat 2: KRAPOVICHEK ($152.41 in chips)
wakeup18: posts small blind $1
KRAPOVICHEK: posts big blind $3
*** HOLE CARDS ***
wakeup18: raises $3 to $6
KRAPOVICHEK: calls $3
*** FLOP *** [Td 2c Jh]
KRAPOVICHEK: checks
wakeup18: checks
*** TURN *** [Td 2c Jh] [3c]
KRAPOVICHEK: checks
wakeup18: checks
*** RIVER *** [Td 2c Jh 3c] [3h]
KRAPOVICHEK: bets $6
wakeup18: calls $6
*** SHOW DOWN ***
KRAPOVICHEK: shows [5c 2d] (two pair, Threes and Deuces)
wakeup18: mucks hand
KRAPOVICHEK collected $23.52 from pot
*** SUMMARY ***
Total pot $24 | Rake $0.48
Board [Td 2c Jh 3c 3h]
Seat 1: wakeup18 (button) (small blind) mucked
Seat 2: KRAPOVICHEK (big blind) showed [5c 2d] and won ($23.52) with two pair, Threes and Deuces


PokerStars Hand #145802567599:  Hold'em Limit ($3/$6 USD) - 2015/12/23 13:26:20 ET
Table 'Bharani II' 2-max Seat #1 is the button
Seat 1: wakeup18 ($164.78 in chips)
Seat 2: KRAPOVICHEK ($170.57 in chips)
wakeup18: posts small blind $1
KRAPOVICHEK: posts big blind $3
*** HOLE CARDS ***
wakeup18: raises $3 to $6
KRAPOVICHEK: calls $3
*** FLOP *** [8s 5h 2h]
KRAPOVICHEK: checks
wakeup18: bets $3
KRAPOVICHEK: calls $3
*** TURN *** [8s 5h 2h] [Ad]
KRAPOVICHEK: checks
wakeup18: bets $6
KRAPOVICHEK: folds
Uncalled bet ($6) returned to wakeup18
wakeup18 collected $17.64 from pot
wakeup18: doesn't show hand
*** SUMMARY ***
Total pot $18 | Rake $0.36
Board [8s 5h 2h Ad]
Seat 1: wakeup18 (button) (small blind) collected ($17.64)
Seat 2: KRAPOVICHEK (big blind) folded on the Turn


PokerStars Hand #145802592702:  Hold'em Limit ($3/$6 USD) - 2015/12/23 13:26:47 ET
Table 'Bharani II' 2-max Seat #1 is the button
Seat 1: wakeup18 ($167.42 in chips)
Seat 2: KRAPOVICHEK ($167.33 in chips)
wakeup18: posts small blind $1
KRAPOVICHEK: posts big blind $3
*** HOLE CARDS ***
wakeup18: raises $3 to $6
KRAPOVICHEK: calls $3
*** FLOP *** [Qs Ks 7h]
KRAPOVICHEK: checks
wakeup18: bets $3
KRAPOVICHEK: folds
Uncalled bet ($3) returned to wakeup18
wakeup18 collected $11.76 from pot
wakeup18: doesn't show hand
*** SUMMARY ***
Total pot $12 | Rake $0.24
Board [Qs Ks 7h]
Seat 1: wakeup18 (button) (small blind) collected ($11.76)
Seat 2: KRAPOVICHEK (big blind) folded on the Flop


PokerStars Hand #145802602220:  Hold'em Limit ($3/$6 USD) - 2015/12/23 13:26:58 ET
Table 'Bharani II' 2-max Seat #2 is the button
Seat 1: wakeup18 ($173.18 in chips)
Seat 2: KRAPOVICHEK ($161.33 in chips)
KRAPOVICHEK: posts small blind $1
wakeup18: posts big blind $3
*** HOLE CARDS ***
KRAPOVICHEK: raises $3 to $6
wakeup18: calls $3
*** FLOP *** [2h 5s As]
wakeup18: checks
KRAPOVICHEK: bets $3
wakeup18: calls $3
*** TURN *** [2h 5s As] [7d]
wakeup18: checks
KRAPOVICHEK: bets $6
wakeup18: calls $6
*** RIVER *** [2h 5s As 7d] [3h]
wakeup18: checks
KRAPOVICHEK: bets $6
wakeup18: folds
Uncalled bet ($6) returned to KRAPOVICHEK
KRAPOVICHEK collected $29.50 from pot
KRAPOVICHEK: doesn't show hand
*** SUMMARY ***
Total pot $30 | Rake $0.50
Board [2h 5s As 7d 3h]
Seat 1: wakeup18 (big blind) folded on the River
Seat 2: KRAPOVICHEK (button) (small blind) collected ($29.50)


PokerStars Hand #145802631614:  Hold'em Limit ($3/$6 USD) - 2015/12/23 13:27:31 ET
Table 'Bharani II' 2-max Seat #2 is the button
Seat 1: wakeup18 ($166.82 in chips)
Seat 2: KRAPOVICHEK ($166.83 in chips)
KRAPOVICHEK: posts small blind $1
wakeup18: posts big blind $3
*** HOLE CARDS ***
KRAPOVICHEK: folds
Uncalled bet ($2) returned to wakeup18
wakeup18 collected $2 from pot
wakeup18: doesn't show hand
*** SUMMARY ***
Total pot $2 | Rake $0
Seat 1: wakeup18 (big blind) collected ($2)
Seat 2: KRAPOVICHEK (button) (small blind) folded before Flop


PokerStars Hand #145802618282:  Hold'em Limit ($3/$6 USD) - 2015/12/23 13:27:16 ET
Table 'Bharani II' 2-max Seat #1 is the button
Seat 1: wakeup18 ($158.18 in chips)
Seat 2: KRAPOVICHEK ($175.83 in chips)
wakeup18: posts small blind $1
KRAPOVICHEK: posts big blind $3
*** HOLE CARDS ***
wakeup18: raises $3 to $6
KRAPOVICHEK: calls $3
*** FLOP *** [3s 2h 9h]
KRAPOVICHEK: checks
wakeup18: bets $3
KRAPOVICHEK: calls $3
*** TURN *** [3s 2h 9h] [Ts]
KRAPOVICHEK: checks
wakeup18: bets $6
KRAPOVICHEK: folds
Uncalled bet ($6) returned to wakeup18
wakeup18 collected $17.64 from pot
wakeup18: doesn't show hand
*** SUMMARY ***
Total pot $18 | Rake $0.36
Board [3s 2h 9h Ts]
Seat 1: wakeup18 (button) (small blind) collected ($17.64)
Seat 2: KRAPOVICHEK (big blind) folded on the Turn


PokerStars Hand #145802580037:  Hold'em Limit ($3/$6 USD) - 2015/12/23 13:26:33 ET
Table 'Bharani II' 2-max Seat #2 is the button
Seat 1: wakeup18 ($173.42 in chips)
Seat 2: KRAPOVICHEK ($161.57 in chips)
KRAPOVICHEK: posts small blind $1
wakeup18: posts big blind $3
*** HOLE CARDS ***
KRAPOVICHEK: raises $3 to $6
wakeup18: calls $3
*** FLOP *** [Qd 6d Jd]
wakeup18: checks
KRAPOVICHEK: checks
*** TURN *** [Qd 6d Jd] [9c]
wakeup18: checks
KRAPOVICHEK: bets $6
wakeup18: folds
Uncalled bet ($6) returned to KRAPOVICHEK
KRAPOVICHEK collected $11.76 from pot
KRAPOVICHEK: doesn't show hand
*** SUMMARY ***
Total pot $12 | Rake $0.24
Board [Qd 6d Jd 9c]
Seat 1: wakeup18 (big blind) folded on the Turn
Seat 2: KRAPOVICHEK (button) (small blind) collected ($11.76)


PokerStars Hand #145802652720:  Hold'em Limit ($3/$6 USD) - 2015/12/23 13:27:54 ET
Table 'Bharani II' 2-max Seat #2 is the button
Seat 1: wakeup18 ($143.82 in chips)
Seat 2: KRAPOVICHEK ($189.33 in chips)
KRAPOVICHEK: posts small blind $1
wakeup18: posts big blind $3
*** HOLE CARDS ***
KRAPOVICHEK: raises $3 to $6
wakeup18: folds
Uncalled bet ($3) returned to KRAPOVICHEK
KRAPOVICHEK collected $6 from pot
KRAPOVICHEK: doesn't show hand
*** SUMMARY ***
Total pot $6 | Rake $0
Seat 1: wakeup18 (big blind) folded before Flop
Seat 2: KRAPOVICHEK (button) (small blind) collected ($6)


PokerStars Hand #145802672837:  Hold'em Limit ($3/$6 USD) - 2015/12/23 13:28:16 ET
Table 'Bharani II' 2-max Seat #2 is the button
Seat 1: wakeup18 ($131.82 in chips)
Seat 2: KRAPOVICHEK ($200.97 in chips)
KRAPOVICHEK: posts small blind $1
wakeup18: posts big blind $3
*** HOLE CARDS ***
KRAPOVICHEK: raises $3 to $6
wakeup18: calls $3
*** FLOP *** [Jc 9c 3h]
wakeup18: checks
KRAPOVICHEK: checks
*** TURN *** [Jc 9c 3h] [8s]
wakeup18: checks
KRAPOVICHEK: bets $6
wakeup18: folds
Uncalled bet ($6) returned to KRAPOVICHEK
KRAPOVICHEK collected $11.76 from pot
KRAPOVICHEK: doesn't show hand
*** SUMMARY ***
Total pot $12 | Rake $0.24
Board [Jc 9c 3h 8s]
Seat 1: wakeup18 (big blind) folded on the Turn
Seat 2: KRAPOVICHEK (button) (small blind) collected ($11.76)


PokerStars Hand #145802658037:  Hold'em Limit ($3/$6 USD) - 2015/12/23 13:28:00 ET
Table 'Bharani II' 2-max Seat #1 is the button
Seat 1: wakeup18 ($140.82 in chips)
Seat 2: KRAPOVICHEK ($192.33 in chips)
wakeup18: posts small blind $1
KRAPOVICHEK: posts big blind $3
*** HOLE CARDS ***
wakeup18: raises $3 to $6
KRAPOVICHEK: calls $3
*** FLOP *** [Kh Jh 7d]
KRAPOVICHEK: checks
wakeup18: bets $3
KRAPOVICHEK: calls $3
*** TURN *** [Kh Jh 7d] [Qc]
KRAPOVICHEK: checks
wakeup18: checks
*** RIVER *** [Kh Jh 7d Qc] [Ks]
KRAPOVICHEK: checks
wakeup18: checks
*** SHOW DOWN ***
KRAPOVICHEK: shows [7s 3s] (two pair, Kings and Sevens)
wakeup18: mucks hand
KRAPOVICHEK collected $17.64 from pot
*** SUMMARY ***
Total pot $18 | Rake $0.36
Board [Kh Jh 7d Qc Ks]
Seat 1: wakeup18 (button) (small blind) mucked
Seat 2: KRAPOVICHEK (big blind) showed [7s 3s] and won ($17.64) with two pair, Kings and Sevens


PokerStars Hand #145802636666:  Hold'em Limit ($3/$6 USD) - 2015/12/23 13:27:36 ET
Table 'Bharani II' 2-max Seat #1 is the button
Seat 1: wakeup18 ($167.82 in chips)
Seat 2: KRAPOVICHEK ($165.83 in chips)
wakeup18: posts small blind $1
KRAPOVICHEK: posts big blind $3
*** HOLE CARDS ***
wakeup18: raises $3 to $6
KRAPOVICHEK: calls $3
*** FLOP *** [7d Tc 3s]
KRAPOVICHEK: checks
wakeup18: checks
*** TURN *** [7d Tc 3s] [7s]
KRAPOVICHEK: checks
wakeup18: bets $6
KRAPOVICHEK: raises $6 to $12
wakeup18: calls $6
*** RIVER *** [7d Tc 3s 7s] [As]
KRAPOVICHEK: bets $6
wakeup18: calls $6
*** SHOW DOWN ***
KRAPOVICHEK: shows [7c 8c] (three of a kind, Sevens)
wakeup18: mucks hand
KRAPOVICHEK collected $47.50 from pot
*** SUMMARY ***
Total pot $48 | Rake $0.50
Board [7d Tc 3s 7s As]
Seat 1: wakeup18 (button) (small blind) mucked
Seat 2: KRAPOVICHEK (big blind) showed [7c 8c] and won ($47.50) with three of a kind, Sevens


PokerStars Hand #145802684542:  Hold'em Limit ($3/$6 USD) - 2015/12/23 13:28:30 ET
Table 'Bharani II' 2-max Seat #1 is the button
Seat 1: wakeup18 ($125.82 in chips)
Seat 2: KRAPOVICHEK ($206.73 in chips)
wakeup18: posts small blind $1
KRAPOVICHEK: posts big blind $3
*** HOLE CARDS ***
wakeup18: raises $3 to $6
KRAPOVICHEK: calls $3
*** FLOP *** [6s 2s 9c]
KRAPOVICHEK: checks
wakeup18: bets $3
KRAPOVICHEK: folds
Uncalled bet ($3) returned to wakeup18
wakeup18 collected $11.76 from pot
wakeup18: doesn't show hand
*** SUMMARY ***
Total pot $12 | Rake $0.24
Board [6s 2s 9c]
Seat 1: wakeup18 (button) (small blind) collected ($11.76)
Seat 2: KRAPOVICHEK (big blind) folded on the Flop


PokerStars Hand #145802741850:  Hold'em Limit ($3/$6 USD) - 2015/12/23 13:29:36 ET
Table 'Bharani II' 2-max Seat #1 is the button
Seat 1: wakeup18 ($134.84 in chips)
Seat 2: KRAPOVICHEK ($196.23 in chips)
wakeup18: posts small blind $1
KRAPOVICHEK: posts big blind $3
*** HOLE CARDS ***
wakeup18: raises $3 to $6
KRAPOVICHEK: calls $3
*** FLOP *** [Jh 7d 2d]
KRAPOVICHEK: checks
wakeup18: bets $3
KRAPOVICHEK: folds
Uncalled bet ($3) returned to wakeup18
wakeup18 collected $11.76 from pot
wakeup18: doesn't show hand
*** SUMMARY ***
Total pot $12 | Rake $0.24
Board [Jh 7d 2d]
Seat 1: wakeup18 (button) (small blind) collected ($11.76)
Seat 2: KRAPOVICHEK (big blind) folded on the Flop


PokerStars Hand #145802737731:  Hold'em Limit ($3/$6 USD) - 2015/12/23 13:29:32 ET
Table 'Bharani II' 2-max Seat #2 is the button
Seat 1: wakeup18 ($133.84 in chips)
Seat 2: KRAPOVICHEK ($197.23 in chips)
KRAPOVICHEK: posts small blind $1
wakeup18: posts big blind $3
*** HOLE CARDS ***
KRAPOVICHEK: folds
Uncalled bet ($2) returned to wakeup18
wakeup18 collected $2 from pot
wakeup18: doesn't show hand
*** SUMMARY ***
Total pot $2 | Rake $0
Seat 1: wakeup18 (big blind) collected ($2)
Seat 2: KRAPOVICHEK (button) (small blind) folded before Flop


PokerStars Hand #145802721044:  Hold'em Limit ($3/$6 USD) - 2015/12/23 13:29:11 ET
Table 'Bharani II' 2-max Seat #1 is the button
Seat 1: wakeup18 ($151.84 in chips)
Seat 2: KRAPOVICHEK ($179.73 in chips)
wakeup18: posts small blind $1
KRAPOVICHEK: posts big blind $3
*** HOLE CARDS ***
wakeup18: raises $3 to $6
KRAPOVICHEK: raises $3 to $9
wakeup18: calls $3
*** FLOP *** [Jh Ks 5c]
KRAPOVICHEK: bets $3
wakeup18: calls $3
*** TURN *** [Jh Ks 5c] [6d]
KRAPOVICHEK: checks
wakeup18: checks
*** RIVER *** [Jh Ks 5c 6d] [3d]
KRAPOVICHEK: bets $6
wakeup18: calls $6
*** SHOW DOWN ***
KRAPOVICHEK: shows [Ah 5h] (a pair of Fives)
wakeup18: mucks hand
KRAPOVICHEK collected $35.50 from pot
*** SUMMARY ***
Total pot $36 | Rake $0.50
Board [Jh Ks 5c 6d 3d]
Seat 1: wakeup18 (button) (small blind) mucked
Seat 2: KRAPOVICHEK (big blind) showed [Ah 5h] and won ($35.50) with a pair of Fives


PokerStars Hand #145802716969:  Hold'em Limit ($3/$6 USD) - 2015/12/23 13:29:06 ET
Table 'Bharani II' 2-max Seat #2 is the button
Seat 1: wakeup18 ($154.84 in chips)
Seat 2: KRAPOVICHEK ($176.73 in chips)
KRAPOVICHEK: posts small blind $1
wakeup18: posts big blind $3
*** HOLE CARDS ***
KRAPOVICHEK: raises $3 to $6
wakeup18: folds
Uncalled bet ($3) returned to KRAPOVICHEK
KRAPOVICHEK collected $6 from pot
KRAPOVICHEK: doesn't show hand
*** SUMMARY ***
Total pot $6 | Rake $0
Seat 1: wakeup18 (big blind) folded before Flop
Seat 2: KRAPOVICHEK (button) (small blind) collected ($6)


PokerStars Hand #145802708622:  Hold'em Limit ($3/$6 USD) - 2015/12/23 13:28:57 ET
Table 'Bharani II' 2-max Seat #1 is the button
Seat 1: wakeup18 ($149.08 in chips)
Seat 2: KRAPOVICHEK ($182.73 in chips)
wakeup18: posts small blind $1
KRAPOVICHEK: posts big blind $3
*** HOLE CARDS ***
wakeup18: raises $3 to $6
KRAPOVICHEK: calls $3
*** FLOP *** [Ad 4s 3d]
KRAPOVICHEK: checks
wakeup18: bets $3
KRAPOVICHEK: folds
Uncalled bet ($3) returned to wakeup18
wakeup18 collected $11.76 from pot
wakeup18: doesn't show hand
*** SUMMARY ***
Total pot $12 | Rake $0.24
Board [Ad 4s 3d]
Seat 1: wakeup18 (button) (small blind) collected ($11.76)
Seat 2: KRAPOVICHEK (big blind) folded on the Flop


PokerStars Hand #145802693415:  Hold'em Limit ($3/$6 USD) - 2015/12/23 13:28:40 ET
Table 'Bharani II' 2-max Seat #2 is the button
Seat 1: wakeup18 ($131.58 in chips)
Seat 2: KRAPOVICHEK ($200.73 in chips)
KRAPOVICHEK: posts small blind $1
wakeup18: posts big blind $3
*** HOLE CARDS ***
KRAPOVICHEK: raises $3 to $6
wakeup18: raises $3 to $9
KRAPOVICHEK: calls $3
*** FLOP *** [Ad 4d 6d]
wakeup18: bets $3
KRAPOVICHEK: calls $3
*** TURN *** [Ad 4d 6d] [Th]
wakeup18: bets $6
KRAPOVICHEK: calls $6
*** RIVER *** [Ad 4d 6d Th] [3s]
wakeup18: bets $6
KRAPOVICHEK: folds
Uncalled bet ($6) returned to wakeup18
wakeup18 collected $35.50 from pot
wakeup18: doesn't show hand
*** SUMMARY ***
Total pot $36 | Rake $0.50
Board [Ad 4d 6d Th 3s]
Seat 1: wakeup18 (big blind) collected ($35.50)
Seat 2: KRAPOVICHEK (button) (small blind) folded on the River


PokerStars Hand #145802788941:  Hold'em Limit ($3/$6 USD) - 2015/12/23 13:30:26 ET
Table 'Bharani II' 2-max Seat #1 is the button
Seat 1: wakeup18 ($119.36 in chips)
Seat 2: KRAPOVICHEK ($210.73 in chips)
wakeup18: posts small blind $1
KRAPOVICHEK: posts big blind $3
*** HOLE CARDS ***
wakeup18: raises $3 to $6
KRAPOVICHEK: raises $3 to $9
wakeup18: calls $3
*** FLOP *** [9d Ah Qh]
KRAPOVICHEK: bets $3
wakeup18: folds
Uncalled bet ($3) returned to KRAPOVICHEK
KRAPOVICHEK collected $17.64 from pot
KRAPOVICHEK: doesn't show hand
*** SUMMARY ***
Total pot $18 | Rake $0.36
Board [9d Ah Qh]
Seat 1: wakeup18 (button) (small blind) folded on the Flop
Seat 2: KRAPOVICHEK (big blind) collected ($17.64)


PokerStars Hand #145802775049:  Hold'em Limit ($3/$6 USD) - 2015/12/23 13:30:10 ET
Table 'Bharani II' 2-max Seat #2 is the button
Seat 1: wakeup18 ($113.60 in chips)
Seat 2: KRAPOVICHEK ($216.73 in chips)
KRAPOVICHEK: posts small blind $1
wakeup18: posts big blind $3
*** HOLE CARDS ***
KRAPOVICHEK: raises $3 to $6
wakeup18: calls $3
*** FLOP *** [2c 6s Kd]
wakeup18: checks
KRAPOVICHEK: checks
*** TURN *** [2c 6s Kd] [4s]
wakeup18: checks
KRAPOVICHEK: checks
*** RIVER *** [2c 6s Kd 4s] [9d]
wakeup18: checks
KRAPOVICHEK: checks
*** SHOW DOWN ***
wakeup18: shows [7d 4d] (a pair of Fours)
KRAPOVICHEK: mucks hand
wakeup18 collected $11.76 from pot
*** SUMMARY ***
Total pot $12 | Rake $0.24
Board [2c 6s Kd 4s 9d]
Seat 1: wakeup18 (big blind) showed [7d 4d] and won ($11.76) with a pair of Fours
Seat 2: KRAPOVICHEK (button) (small blind) mucked


PokerStars Hand #145802750424:  Hold'em Limit ($3/$6 USD) - 2015/12/23 13:29:46 ET
Table 'Bharani II' 2-max Seat #2 is the button
Seat 1: wakeup18 ($140.60 in chips)
Seat 2: KRAPOVICHEK ($190.23 in chips)
KRAPOVICHEK: posts small blind $1
wakeup18: posts big blind $3
*** HOLE CARDS ***
KRAPOVICHEK: raises $3 to $6
wakeup18: folds
Uncalled bet ($3) returned to KRAPOVICHEK
KRAPOVICHEK collected $6 from pot
KRAPOVICHEK: doesn't show hand
*** SUMMARY ***
Total pot $6 | Rake $0
Seat 1: wakeup18 (big blind) folded before Flop
Seat 2: KRAPOVICHEK (button) (small blind) collected ($6)


PokerStars Hand #145802755745:  Hold'em Limit ($3/$6 USD) - 2015/12/23 13:29:52 ET
Table 'Bharani II' 2-max Seat #1 is the button
Seat 1: wakeup18 ($137.60 in chips)
Seat 2: KRAPOVICHEK ($193.23 in chips)
wakeup18: posts small blind $1
KRAPOVICHEK: posts big blind $3
*** HOLE CARDS ***
wakeup18: raises $3 to $6
KRAPOVICHEK: raises $3 to $9
wakeup18: calls $3
*** FLOP *** [2c 7d 4d]
KRAPOVICHEK: bets $3
wakeup18: calls $3
*** TURN *** [2c 7d 4d] [4c]
KRAPOVICHEK: bets $6
wakeup18: calls $6
*** RIVER *** [2c 7d 4d 4c] [8h]
KRAPOVICHEK: bets $6
wakeup18: calls $6
*** SHOW DOWN ***
KRAPOVICHEK: shows [Ad 2d] (two pair, Fours and Deuces)
wakeup18: mucks hand
KRAPOVICHEK collected $47.50 from pot
*** SUMMARY ***
Total pot $48 | Rake $0.50
Board [2c 7d 4d 4c 8h]
Seat 1: wakeup18 (button) (small blind) mucked
Seat 2: KRAPOVICHEK (big blind) showed [Ad 2d] and won ($47.50) with two pair, Fours and Deuces


PokerStars Hand #145802799802:  Hold'em Limit ($3/$6 USD) - 2015/12/23 13:30:38 ET
Table 'Bharani II' 2-max Seat #2 is the button
Seat 1: wakeup18 ($110.36 in chips)
Seat 2: KRAPOVICHEK ($219.37 in chips)
KRAPOVICHEK: posts small blind $1
wakeup18: posts big blind $3
*** HOLE CARDS ***
KRAPOVICHEK: raises $3 to $6
wakeup18: calls $3
*** FLOP *** [Qc 4d 5s]
wakeup18: checks
KRAPOVICHEK: bets $3
wakeup18: calls $3
*** TURN *** [Qc 4d 5s] [6c]
wakeup18: checks
KRAPOVICHEK: bets $6
wakeup18: folds
Uncalled bet ($6) returned to KRAPOVICHEK
KRAPOVICHEK collected $17.64 from pot
KRAPOVICHEK: doesn't show hand
*** SUMMARY ***
Total pot $18 | Rake $0.36
Board [Qc 4d 5s 6c]
Seat 1: wakeup18 (big blind) folded on the Turn
Seat 2: KRAPOVICHEK (button) (small blind) collected ($17.64)


PokerStars Hand #145802859900:  Hold'em Limit ($3/$6 USD) - 2015/12/23 13:31:42 ET
Table 'Bharani II' 2-max Seat #1 is the button
Seat 1: wakeup18 ($74.36 in chips)
Seat 2: KRAPOVICHEK ($254.15 in chips)
wakeup18: posts small blind $1
KRAPOVICHEK: posts big blind $3
*** HOLE CARDS ***
wakeup18: raises $3 to $6
KRAPOVICHEK: folds
Uncalled bet ($3) returned to wakeup18
wakeup18 collected $6 from pot
wakeup18: doesn't show hand
*** SUMMARY ***
Total pot $6 | Rake $0
Seat 1: wakeup18 (button) (small blind) collected ($6)
Seat 2: KRAPOVICHEK (big blind) folded before Flop


PokerStars Hand #145802843866:  Hold'em Limit ($3/$6 USD) - 2015/12/23 13:31:25 ET
Table 'Bharani II' 2-max Seat #2 is the button
Seat 1: wakeup18 ($83.36 in chips)
Seat 2: KRAPOVICHEK ($245.51 in chips)
KRAPOVICHEK: posts small blind $1
wakeup18: posts big blind $3
*** HOLE CARDS ***
KRAPOVICHEK: raises $3 to $6
wakeup18: calls $3
*** FLOP *** [3h 2s Qh]
wakeup18: checks
KRAPOVICHEK: bets $3
wakeup18: calls $3
*** TURN *** [3h 2s Qh] [9h]
wakeup18: checks
KRAPOVICHEK: checks
*** RIVER *** [3h 2s Qh 9h] [Ac]
wakeup18: checks
KRAPOVICHEK: bets $6
wakeup18: folds
Uncalled bet ($6) returned to KRAPOVICHEK
KRAPOVICHEK collected $17.64 from pot
KRAPOVICHEK: doesn't show hand
*** SUMMARY ***
Total pot $18 | Rake $0.36
Board [3h 2s Qh 9h Ac]
Seat 1: wakeup18 (big blind) folded on the River
Seat 2: KRAPOVICHEK (button) (small blind) collected ($17.64)


PokerStars Hand #145802817862:  Hold'em Limit ($3/$6 USD) - 2015/12/23 13:30:57 ET
Table 'Bharani II' 2-max Seat #1 is the button
Seat 1: wakeup18 ($101.36 in chips)
Seat 2: KRAPOVICHEK ($228.01 in chips)
wakeup18: posts small blind $1
KRAPOVICHEK: posts big blind $3
*** HOLE CARDS ***
wakeup18: raises $3 to $6
KRAPOVICHEK: calls $3
*** FLOP *** [4d 7h 8c]
KRAPOVICHEK: checks
wakeup18: checks
*** TURN *** [4d 7h 8c] [Ad]
KRAPOVICHEK: checks
wakeup18: bets $6
KRAPOVICHEK: calls $6
*** RIVER *** [4d 7h 8c Ad] [7d]
KRAPOVICHEK: bets $6
wakeup18: calls $6
*** SHOW DOWN ***
KRAPOVICHEK: shows [7s Kc] (three of a kind, Sevens)
wakeup18: mucks hand
KRAPOVICHEK collected $35.50 from pot
*** SUMMARY ***
Total pot $36 | Rake $0.50
Board [4d 7h 8c Ad 7d]
Seat 1: wakeup18 (button) (small blind) mucked
Seat 2: KRAPOVICHEK (big blind) showed [7s Kc] and won ($35.50) with three of a kind, Sevens


PokerStars Hand #145802896739:  Hold'em Limit ($3/$6 USD) - 2015/12/23 13:32:21 ET
Table 'Bharani II' 2-max Seat #2 is the button
Seat 1: wakeup18 ($77 in chips)
Seat 2: KRAPOVICHEK ($250.79 in chips)
KRAPOVICHEK: posts small blind $1
wakeup18: posts big blind $3
*** HOLE CARDS ***
KRAPOVICHEK: raises $3 to $6
wakeup18: calls $3
*** FLOP *** [9c 3d Kh]
wakeup18: checks
KRAPOVICHEK: checks
*** TURN *** [9c 3d Kh] [Ah]
wakeup18: checks
KRAPOVICHEK: checks
*** RIVER *** [9c 3d Kh Ah] [Kd]
wakeup18: checks
KRAPOVICHEK: checks
*** SHOW DOWN ***
wakeup18: shows [6d Td] (a pair of Kings)
KRAPOVICHEK: shows [Tc 8d] (a pair of Kings)
wakeup18 collected $5.88 from pot
KRAPOVICHEK collected $5.88 from pot
*** SUMMARY ***
Total pot $12 | Rake $0.24
Board [9c 3d Kh Ah Kd]
Seat 1: wakeup18 (big blind) showed [6d Td] and won ($5.88) with a pair of Kings
Seat 2: KRAPOVICHEK (button) (small blind) showed [Tc 8d] and won ($5.88) with a pair of Kings


PokerStars Hand #145802885384:  Hold'em Limit ($3/$6 USD) - 2015/12/23 13:32:09 ET
Table 'Bharani II' 2-max Seat #1 is the button
Seat 1: wakeup18 ($86 in chips)
Seat 2: KRAPOVICHEK ($242.15 in chips)
wakeup18: posts small blind $1
KRAPOVICHEK: posts big blind $3
*** HOLE CARDS ***
wakeup18: raises $3 to $6
KRAPOVICHEK: calls $3
*** FLOP *** [8h Kc Jc]
KRAPOVICHEK: checks
wakeup18: bets $3
KRAPOVICHEK: raises $3 to $6
wakeup18: folds
Uncalled bet ($3) returned to KRAPOVICHEK
KRAPOVICHEK collected $17.64 from pot
KRAPOVICHEK: doesn't show hand
*** SUMMARY ***
Total pot $18 | Rake $0.36
Board [8h Kc Jc]
Seat 1: wakeup18 (button) (small blind) folded on the Flop
Seat 2: KRAPOVICHEK (big blind) collected ($17.64)


PokerStars Hand #145802914641:  Hold'em Limit ($3/$6 USD) - 2015/12/23 13:32:40 ET
Table 'Bharani II' 2-max Seat #2 is the button
Seat 1: wakeup18 ($75.88 in chips)
Seat 2: KRAPOVICHEK ($251.67 in chips)
KRAPOVICHEK: posts small blind $1
wakeup18: posts big blind $3
*** HOLE CARDS ***
KRAPOVICHEK: folds
Uncalled bet ($2) returned to wakeup18
wakeup18 collected $2 from pot
wakeup18: doesn't show hand
*** SUMMARY ***
Total pot $2 | Rake $0
Seat 1: wakeup18 (big blind) collected ($2)
Seat 2: KRAPOVICHEK (button) (small blind) folded before Flop


PokerStars Hand #145802910213:  Hold'em Limit ($3/$6 USD) - 2015/12/23 13:32:36 ET
Table 'Bharani II' 2-max Seat #1 is the button
Seat 1: wakeup18 ($76.88 in chips)
Seat 2: KRAPOVICHEK ($250.67 in chips)
wakeup18: posts small blind $1
KRAPOVICHEK: posts big blind $3
*** HOLE CARDS ***
wakeup18: folds
Uncalled bet ($2) returned to KRAPOVICHEK
KRAPOVICHEK collected $2 from pot
KRAPOVICHEK: doesn't show hand
*** SUMMARY ***
Total pot $2 | Rake $0
Seat 1: wakeup18 (button) (small blind) folded before Flop
Seat 2: KRAPOVICHEK (big blind) collected ($2)


PokerStars Hand #145802875693:  Hold'em Limit ($3/$6 USD) - 2015/12/23 13:31:59 ET
Table 'Bharani II' 2-max Seat #1 is the button
Seat 1: wakeup18 ($86 in chips)
Seat 2: KRAPOVICHEK ($242.15 in chips)
wakeup18: posts small blind $1
KRAPOVICHEK: posts big blind $3
*** HOLE CARDS ***
wakeup18: folds
Uncalled bet ($2) returned to KRAPOVICHEK
KRAPOVICHEK collected $2 from pot
KRAPOVICHEK: doesn't show hand
*** SUMMARY ***
Total pot $2 | Rake $0
Seat 1: wakeup18 (button) (small blind) folded before Flop
Seat 2: KRAPOVICHEK (big blind) collected ($2)


PokerStars Hand #145802865959:  Hold'em Limit ($3/$6 USD) - 2015/12/23 13:31:49 ET
Table 'Bharani II' 2-max Seat #2 is the button
Seat 1: wakeup18 ($77.36 in chips)
Seat 2: KRAPOVICHEK ($251.15 in chips)
KRAPOVICHEK: posts small blind $1
wakeup18: posts big blind $3
*** HOLE CARDS ***
KRAPOVICHEK: raises $3 to $6
wakeup18: raises $3 to $9
KRAPOVICHEK: calls $3
*** FLOP *** [8c Ad 4d]
wakeup18: bets $3
KRAPOVICHEK: folds
Uncalled bet ($3) returned to wakeup18
wakeup18 collected $17.64 from pot
wakeup18: doesn't show hand
*** SUMMARY ***
Total pot $18 | Rake $0.36
Board [8c Ad 4d]
Seat 1: wakeup18 (big blind) collected ($17.64)
Seat 2: KRAPOVICHEK (button) (small blind) folded on the Flop


PokerStars Hand #145802880057:  Hold'em Limit ($3/$6 USD) - 2015/12/23 13:32:04 ET
Table 'Bharani II' 2-max Seat #2 is the button
Seat 1: wakeup18 ($85 in chips)
Seat 2: KRAPOVICHEK ($243.15 in chips)
KRAPOVICHEK: posts small blind $1
wakeup18: posts big blind $3
*** HOLE CARDS ***
KRAPOVICHEK: folds
Uncalled bet ($2) returned to wakeup18
wakeup18 collected $2 from pot
wakeup18: doesn't show hand
*** SUMMARY ***
Total pot $2 | Rake $0
Seat 1: wakeup18 (big blind) collected ($2)
Seat 2: KRAPOVICHEK (button) (small blind) folded before Flop


PokerStars Hand #145802948371:  Hold'em Limit ($3/$6 USD) - 2015/12/23 13:33:16 ET
Table 'Bharani II' 2-max Seat #1 is the button
Seat 1: wakeup18 ($65.88 in chips)
Seat 2: KRAPOVICHEK ($261.19 in chips)
wakeup18: posts small blind $1
KRAPOVICHEK: posts big blind $3
*** HOLE CARDS ***
wakeup18: raises $3 to $6
KRAPOVICHEK: calls $3
*** FLOP *** [3d 6c Ad]
KRAPOVICHEK: checks
wakeup18: bets $3
KRAPOVICHEK: calls $3
*** TURN *** [3d 6c Ad] [6h]
KRAPOVICHEK: checks
wakeup18: checks
*** RIVER *** [3d 6c Ad 6h] [Qd]
KRAPOVICHEK: bets $6
wakeup18: folds
Uncalled bet ($6) returned to KRAPOVICHEK
KRAPOVICHEK collected $17.64 from pot
KRAPOVICHEK: doesn't show hand
*** SUMMARY ***
Total pot $18 | Rake $0.36
Board [3d 6c Ad 6h Qd]
Seat 1: wakeup18 (button) (small blind) folded on the River
Seat 2: KRAPOVICHEK (big blind) collected ($17.64)


PokerStars Hand #145802965454:  Hold'em Limit ($3/$6 USD) - 2015/12/23 13:33:34 ET
Table 'Bharani II' 2-max Seat #2 is the button
Seat 1: wakeup18 ($56.88 in chips)
Seat 2: KRAPOVICHEK ($269.83 in chips)
KRAPOVICHEK: posts small blind $1
wakeup18: posts big blind $3
*** HOLE CARDS ***
KRAPOVICHEK: folds
Uncalled bet ($2) returned to wakeup18
wakeup18 collected $2 from pot
wakeup18: doesn't show hand
*** SUMMARY ***
Total pot $2 | Rake $0
Seat 1: wakeup18 (big blind) collected ($2)
Seat 2: KRAPOVICHEK (button) (small blind) folded before Flop


PokerStars Hand #145802934557:  Hold'em Limit ($3/$6 USD) - 2015/12/23 13:33:01 ET
Table 'Bharani II' 2-max Seat #2 is the button
Seat 1: wakeup18 ($64.88 in chips)
Seat 2: KRAPOVICHEK ($262.19 in chips)
KRAPOVICHEK: posts small blind $1
wakeup18: posts big blind $3
*** HOLE CARDS ***
KRAPOVICHEK: folds
Uncalled bet ($2) returned to wakeup18
wakeup18 collected $2 from pot
wakeup18: doesn't show hand
*** SUMMARY ***
Total pot $2 | Rake $0
Seat 1: wakeup18 (big blind) collected ($2)
Seat 2: KRAPOVICHEK (button) (small blind) folded before Flop


PokerStars Hand #145802919162:  Hold'em Limit ($3/$6 USD) - 2015/12/23 13:32:45 ET
Table 'Bharani II' 2-max Seat #1 is the button
Seat 1: wakeup18 ($76.88 in chips)
Seat 2: KRAPOVICHEK ($250.67 in chips)
wakeup18: posts small blind $1
KRAPOVICHEK: posts big blind $3
*** HOLE CARDS ***
wakeup18: raises $3 to $6
KRAPOVICHEK: raises $3 to $9
wakeup18: calls $3
*** FLOP *** [6h Jd 9h]
KRAPOVICHEK: bets $3
wakeup18: calls $3
*** TURN *** [6h Jd 9h] [Ts]
KRAPOVICHEK: checks
wakeup18: checks
*** RIVER *** [6h Jd 9h Ts] [5c]
KRAPOVICHEK: checks
wakeup18: checks
*** SHOW DOWN ***
KRAPOVICHEK: shows [As 8s] (high card Ace)
wakeup18: mucks hand
KRAPOVICHEK collected $23.52 from pot
*** SUMMARY ***
Total pot $24 | Rake $0.48
Board [6h Jd 9h Ts 5c]
Seat 1: wakeup18 (button) (small blind) mucked
Seat 2: KRAPOVICHEK (big blind) showed [As 8s] and won ($23.52) with high card Ace


PokerStars Hand #145802943840:  Hold'em Limit ($3/$6 USD) - 2015/12/23 13:33:11 ET
Table 'Bharani II' 2-max Seat #2 is the button
Seat 1: wakeup18 ($64.88 in chips)
Seat 2: KRAPOVICHEK ($262.19 in chips)
KRAPOVICHEK: posts small blind $1
wakeup18: posts big blind $3
*** HOLE CARDS ***
KRAPOVICHEK: folds
Uncalled bet ($2) returned to wakeup18
wakeup18 collected $2 from pot
wakeup18: doesn't show hand
*** SUMMARY ***
Total pot $2 | Rake $0
Seat 1: wakeup18 (big blind) collected ($2)
Seat 2: KRAPOVICHEK (button) (small blind) folded before Flop


PokerStars Hand #145802939291:  Hold'em Limit ($3/$6 USD) - 2015/12/23 13:33:06 ET
Table 'Bharani II' 2-max Seat #1 is the button
Seat 1: wakeup18 ($65.88 in chips)
Seat 2: KRAPOVICHEK ($261.19 in chips)
wakeup18: posts small blind $1
KRAPOVICHEK: posts big blind $3
*** HOLE CARDS ***
wakeup18: folds
Uncalled bet ($2) returned to KRAPOVICHEK
KRAPOVICHEK collected $2 from pot
KRAPOVICHEK: doesn't show hand
*** SUMMARY ***
Total pot $2 | Rake $0
Seat 1: wakeup18 (button) (small blind) folded before Flop
Seat 2: KRAPOVICHEK (big blind) collected ($2)


PokerStars Hand #145803022340:  Hold'em Limit ($3/$6 USD) - 2015/12/23 13:34:35 ET
Table 'Bharani II' 2-max Seat #2 is the button
Seat 1: wakeup18 ($87.88 in chips)
Seat 2: KRAPOVICHEK ($297.73 in chips)
KRAPOVICHEK: posts small blind $1
wakeup18: posts big blind $3
*** HOLE CARDS ***
KRAPOVICHEK: folds
Uncalled bet ($2) returned to wakeup18
wakeup18 collected $2 from pot
wakeup18: doesn't show hand
*** SUMMARY ***
Total pot $2 | Rake $0
Seat 1: wakeup18 (big blind) collected ($2)
Seat 2: KRAPOVICHEK (button) (small blind) folded before Flop


PokerStars Hand #145803004731:  Hold'em Limit ($3/$6 USD) - 2015/12/23 13:34:16 ET
Table 'Bharani II' 2-max Seat #1 is the button
Seat 1: wakeup18 ($102.88 in chips)
Seat 2: KRAPOVICHEK ($283.23 in chips)
wakeup18: posts small blind $1
KRAPOVICHEK: posts big blind $3
*** HOLE CARDS ***
wakeup18: raises $3 to $6
KRAPOVICHEK: calls $3
*** FLOP *** [Qh 3h 5h]
KRAPOVICHEK: checks
wakeup18: bets $3
KRAPOVICHEK: calls $3
*** TURN *** [Qh 3h 5h] [4s]
KRAPOVICHEK: checks
wakeup18: checks
*** RIVER *** [Qh 3h 5h 4s] [Ah]
KRAPOVICHEK: bets $6
wakeup18: calls $6
*** SHOW DOWN ***
KRAPOVICHEK: shows [6h 4h] (a flush, Ace high)
wakeup18: mucks hand
KRAPOVICHEK collected $29.50 from pot
*** SUMMARY ***
Total pot $30 | Rake $0.50
Board [Qh 3h 5h 4s Ah]
Seat 1: wakeup18 (button) (small blind) mucked
Seat 2: KRAPOVICHEK (big blind) showed [6h 4h] and won ($29.50) with a flush, Ace high


PokerStars Hand #145803031835:  Hold'em Limit ($3/$6 USD) - 2015/12/23 13:34:45 ET
Table 'Bharani II' 2-max Seat #2 is the button
Seat 1: wakeup18 ($87.88 in chips)
Seat 2: KRAPOVICHEK ($297.73 in chips)
KRAPOVICHEK: posts small blind $1
wakeup18: posts big blind $3
*** HOLE CARDS ***
KRAPOVICHEK: folds
Uncalled bet ($2) returned to wakeup18
wakeup18 collected $2 from pot
wakeup18: doesn't show hand
*** SUMMARY ***
Total pot $2 | Rake $0
Seat 1: wakeup18 (big blind) collected ($2)
Seat 2: KRAPOVICHEK (button) (small blind) folded before Flop


PokerStars Hand #145803026655:  Hold'em Limit ($3/$6 USD) - 2015/12/23 13:34:40 ET
Table 'Bharani II' 2-max Seat #1 is the button
Seat 1: wakeup18 ($88.88 in chips)
Seat 2: KRAPOVICHEK ($296.73 in chips)
wakeup18: posts small blind $1
KRAPOVICHEK: posts big blind $3
*** HOLE CARDS ***
wakeup18: folds
Uncalled bet ($2) returned to KRAPOVICHEK
KRAPOVICHEK collected $2 from pot
KRAPOVICHEK: doesn't show hand
*** SUMMARY ***
Total pot $2 | Rake $0
Seat 1: wakeup18 (button) (small blind) folded before Flop
Seat 2: KRAPOVICHEK (big blind) collected ($2)


PokerStars Hand #145802970361:  Hold'em Limit ($3/$6 USD) - 2015/12/23 13:33:40 ET
Table 'Bharani II' 2-max Seat #1 is the button
Seat 1: wakeup18 ($57.88 in chips)
Seat 2: KRAPOVICHEK ($268.83 in chips)
wakeup18: posts small blind $1
KRAPOVICHEK: posts big blind $3
*** HOLE CARDS ***
wakeup18: raises $3 to $6
KRAPOVICHEK: calls $3
*** FLOP *** [Ad Td 5s]
KRAPOVICHEK: checks
wakeup18: bets $3
KRAPOVICHEK: calls $3
*** TURN *** [Ad Td 5s] [Jd]
KRAPOVICHEK: checks
wakeup18: checks
*** RIVER *** [Ad Td 5s Jd] [4s]
KRAPOVICHEK: checks
wakeup18: checks
*** SHOW DOWN ***
KRAPOVICHEK: shows [5h 6d] (a pair of Fives)
wakeup18: mucks hand
KRAPOVICHEK collected $17.64 from pot
*** SUMMARY ***
Total pot $18 | Rake $0.36
Board [Ad Td 5s Jd 4s]
Seat 1: wakeup18 (button) (small blind) mucked
Seat 2: KRAPOVICHEK (big blind) showed [5h 6d] and won ($17.64) with a pair of Fives


PokerStars Hand #145802987465:  Hold'em Limit ($3/$6 USD) - 2015/12/23 13:33:58 ET
Table 'Bharani II' 2-max Seat #2 is the button
Seat 1: wakeup18 ($48.88 in chips)
Seat 2: KRAPOVICHEK ($277.47 in chips)
KRAPOVICHEK: posts small blind $1
wakeup18: posts big blind $3
*** HOLE CARDS ***
KRAPOVICHEK: raises $3 to $6
wakeup18: calls $3
*** FLOP *** [4d 4c Qs]
wakeup18: checks
KRAPOVICHEK: checks
*** TURN *** [4d 4c Qs] [3h]
wakeup18: checks
KRAPOVICHEK: checks
*** RIVER *** [4d 4c Qs 3h] [Kh]
wakeup18: checks
KRAPOVICHEK: checks
*** SHOW DOWN ***
wakeup18: shows [6c 8s] (a pair of Fours)
KRAPOVICHEK: shows [9s Tc] (a pair of Fours - King+Queen+Ten kicker)
KRAPOVICHEK collected $11.76 from pot
*** SUMMARY ***
Total pot $12 | Rake $0.24
Board [4d 4c Qs 3h Kh]
Seat 1: wakeup18 (big blind) showed [6c 8s] and lost with a pair of Fours
Seat 2: KRAPOVICHEK (button) (small blind) showed [9s Tc] and won ($11.76) with a pair of Fours


PokerStars Hand #145803064375:  Hold'em Limit ($3/$6 USD) - 2015/12/23 13:35:20 ET
Table 'Bharani II' 2-max Seat #2 is the button
Seat 1: wakeup18 ($77.88 in chips)
Seat 2: KRAPOVICHEK ($307.23 in chips)
KRAPOVICHEK: posts small blind $1
wakeup18: posts big blind $3
*** HOLE CARDS ***
KRAPOVICHEK: raises $3 to $6
wakeup18: raises $3 to $9
KRAPOVICHEK: calls $3
*** FLOP *** [Qs 9c Qh]
wakeup18: bets $3
KRAPOVICHEK: calls $3
*** TURN *** [Qs 9c Qh] [3c]
wakeup18: bets $6
KRAPOVICHEK: calls $6
*** RIVER *** [Qs 9c Qh 3c] [Tc]
wakeup18: bets $6
KRAPOVICHEK: calls $6
*** SHOW DOWN ***
wakeup18: shows [Qc 8c] (a flush, Queen high)
KRAPOVICHEK: mucks hand
wakeup18 collected $47.50 from pot
*** SUMMARY ***
Total pot $48 | Rake $0.50
Board [Qs 9c Qh 3c Tc]
Seat 1: wakeup18 (big blind) showed [Qc 8c] and won ($47.50) with a flush, Queen high
Seat 2: KRAPOVICHEK (button) (small blind) mucked


PokerStars Hand #145803080465:  Hold'em Limit ($3/$6 USD) - 2015/12/23 13:35:37 ET
Table 'Bharani II' 2-max Seat #1 is the button
Seat 1: wakeup18 ($101.38 in chips)
Seat 2: KRAPOVICHEK ($283.23 in chips)
wakeup18: posts small blind $1
KRAPOVICHEK: posts big blind $3
*** HOLE CARDS ***
wakeup18: raises $3 to $6
KRAPOVICHEK: folds
Uncalled bet ($3) returned to wakeup18
wakeup18 collected $6 from pot
wakeup18: doesn't show hand
*** SUMMARY ***
Total pot $6 | Rake $0
Seat 1: wakeup18 (button) (small blind) collected ($6)
Seat 2: KRAPOVICHEK (big blind) folded before Flop


PokerStars Hand #145803036274:  Hold'em Limit ($3/$6 USD) - 2015/12/23 13:34:50 ET
Table 'Bharani II' 2-max Seat #1 is the button
Seat 1: wakeup18 ($88.88 in chips)
Seat 2: KRAPOVICHEK ($296.73 in chips)
wakeup18: posts small blind $1
KRAPOVICHEK: posts big blind $3
*** HOLE CARDS ***
wakeup18: raises $3 to $6
KRAPOVICHEK: calls $3
*** FLOP *** [6d Ad 6s]
KRAPOVICHEK: checks
wakeup18: bets $3
KRAPOVICHEK: calls $3
*** TURN *** [6d Ad 6s] [5d]
KRAPOVICHEK: checks
wakeup18: bets $6
KRAPOVICHEK: raises $6 to $12
wakeup18: folds
Uncalled bet ($6) returned to KRAPOVICHEK
KRAPOVICHEK collected $29.50 from pot
KRAPOVICHEK: doesn't show hand
*** SUMMARY ***
Total pot $30 | Rake $0.50
Board [6d Ad 6s 5d]
Seat 1: wakeup18 (button) (small blind) folded on the Turn
Seat 2: KRAPOVICHEK (big blind) collected ($29.50)


PokerStars Hand #145803054199:  Hold'em Limit ($3/$6 USD) - 2015/12/23 13:35:09 ET
Table 'Bharani II' 2-max Seat #2 is the button
Seat 1: wakeup18 ($73.88 in chips)
Seat 2: KRAPOVICHEK ($311.23 in chips)
KRAPOVICHEK: posts small blind $1
wakeup18: posts big blind $3
*** HOLE CARDS ***
KRAPOVICHEK: folds
Uncalled bet ($2) returned to wakeup18
wakeup18 collected $2 from pot
wakeup18: doesn't show hand
*** SUMMARY ***
Total pot $2 | Rake $0
Seat 1: wakeup18 (big blind) collected ($2)
Seat 2: KRAPOVICHEK (button) (small blind) folded before Flop


PokerStars Hand #145803132874:  Hold'em Limit ($3/$6 USD) - 2015/12/23 13:36:34 ET
Table 'Bharani II' 2-max Seat #1 is the button
Seat 1: wakeup18 ($94.20 in chips)
Seat 2: KRAPOVICHEK ($289.55 in chips)
wakeup18: posts small blind $1
KRAPOVICHEK: posts big blind $3
*** HOLE CARDS ***
wakeup18: raises $3 to $6
KRAPOVICHEK: folds
Uncalled bet ($3) returned to wakeup18
wakeup18 collected $6 from pot
wakeup18: doesn't show hand
*** SUMMARY ***
Total pot $6 | Rake $0
Seat 1: wakeup18 (button) (small blind) collected ($6)
Seat 2: KRAPOVICHEK (big blind) folded before Flop


PokerStars Hand #145803128400:  Hold'em Limit ($3/$6 USD) - 2015/12/23 13:36:29 ET
Table 'Bharani II' 2-max Seat #2 is the button
Seat 1: wakeup18 ($93.20 in chips)
Seat 2: KRAPOVICHEK ($290.55 in chips)
KRAPOVICHEK: posts small blind $1
wakeup18: posts big blind $3
*** HOLE CARDS ***
KRAPOVICHEK: folds
Uncalled bet ($2) returned to wakeup18
wakeup18 collected $2 from pot
wakeup18: doesn't show hand
*** SUMMARY ***
Total pot $2 | Rake $0
Seat 1: wakeup18 (big blind) collected ($2)
Seat 2: KRAPOVICHEK (button) (small blind) folded before Flop


PokerStars Hand #145803123438:  Hold'em Limit ($3/$6 USD) - 2015/12/23 13:36:23 ET
Table 'Bharani II' 2-max Seat #1 is the button
Seat 1: wakeup18 ($90.20 in chips)
Seat 2: KRAPOVICHEK ($293.55 in chips)
wakeup18: posts small blind $1
KRAPOVICHEK: posts big blind $3
*** HOLE CARDS ***
wakeup18: raises $3 to $6
KRAPOVICHEK: folds
Uncalled bet ($3) returned to wakeup18
wakeup18 collected $6 from pot
wakeup18: doesn't show hand
*** SUMMARY ***
Total pot $6 | Rake $0
Seat 1: wakeup18 (button) (small blind) collected ($6)
Seat 2: KRAPOVICHEK (big blind) folded before Flop


PokerStars Hand #145803118653:  Hold'em Limit ($3/$6 USD) - 2015/12/23 13:36:18 ET
Table 'Bharani II' 2-max Seat #2 is the button
Seat 1: wakeup18 ($89.20 in chips)
Seat 2: KRAPOVICHEK ($294.55 in chips)
KRAPOVICHEK: posts small blind $1
wakeup18: posts big blind $3
*** HOLE CARDS ***
KRAPOVICHEK: folds
Uncalled bet ($2) returned to wakeup18
wakeup18 collected $2 from pot
wakeup18: doesn't show hand
*** SUMMARY ***
Total pot $2 | Rake $0
Seat 1: wakeup18 (big blind) collected ($2)
Seat 2: KRAPOVICHEK (button) (small blind) folded before Flop


PokerStars Hand #145803142720:  Hold'em Limit ($3/$6 USD) - 2015/12/23 13:36:44 ET
Table 'Bharani II' 2-max Seat #1 is the button
Seat 1: wakeup18 ($98.20 in chips)
Seat 2: KRAPOVICHEK ($285.55 in chips)
wakeup18: posts small blind $1
KRAPOVICHEK: posts big blind $3
*** HOLE CARDS ***
wakeup18: folds
Uncalled bet ($2) returned to KRAPOVICHEK
KRAPOVICHEK collected $2 from pot
KRAPOVICHEK: doesn't show hand
*** SUMMARY ***
Total pot $2 | Rake $0
Seat 1: wakeup18 (button) (small blind) folded before Flop
Seat 2: KRAPOVICHEK (big blind) collected ($2)


PokerStars Hand #145803138411:  Hold'em Limit ($3/$6 USD) - 2015/12/23 13:36:39 ET
Table 'Bharani II' 2-max Seat #2 is the button
Seat 1: wakeup18 ($97.20 in chips)
Seat 2: KRAPOVICHEK ($286.55 in chips)
KRAPOVICHEK: posts small blind $1
wakeup18: posts big blind $3
*** HOLE CARDS ***
KRAPOVICHEK: folds
Uncalled bet ($2) returned to wakeup18
wakeup18 collected $2 from pot
wakeup18: doesn't show hand
*** SUMMARY ***
Total pot $2 | Rake $0
Seat 1: wakeup18 (big blind) collected ($2)
Seat 2: KRAPOVICHEK (button) (small blind) folded before Flop


PokerStars Hand #145803085946:  Hold'em Limit ($3/$6 USD) - 2015/12/23 13:35:43 ET
Table 'Bharani II' 2-max Seat #2 is the button
Seat 1: wakeup18 ($104.38 in chips)
Seat 2: KRAPOVICHEK ($280.23 in chips)
KRAPOVICHEK: posts small blind $1
wakeup18: posts big blind $3
*** HOLE CARDS ***
KRAPOVICHEK: raises $3 to $6
wakeup18: raises $3 to $9
KRAPOVICHEK: raises $3 to $12
Betting is capped
wakeup18: calls $3
*** FLOP *** [2c 6d 3h]
wakeup18: checks
KRAPOVICHEK: bets $3
wakeup18: calls $3
*** TURN *** [2c 6d 3h] [3s]
wakeup18: checks
KRAPOVICHEK: bets $6
wakeup18: folds
Uncalled bet ($6) returned to KRAPOVICHEK
KRAPOVICHEK collected $29.50 from pot
KRAPOVICHEK: doesn't show hand
*** SUMMARY ***
Total pot $30 | Rake $0.50
Board [2c 6d 3h 3s]
Seat 1: wakeup18 (big blind) folded on the Turn
Seat 2: KRAPOVICHEK (button) (small blind) collected ($29.50)


PokerStars Hand #145803103227:  Hold'em Limit ($3/$6 USD) - 2015/12/23 13:36:01 ET
Table 'Bharani II' 2-max Seat #1 is the button
Seat 1: wakeup18 ($89.38 in chips)
Seat 2: KRAPOVICHEK ($294.73 in chips)
wakeup18: posts small blind $1
KRAPOVICHEK: posts big blind $3
*** HOLE CARDS ***
wakeup18: raises $3 to $6
KRAPOVICHEK: calls $3
*** FLOP *** [3c 3s 6d]
KRAPOVICHEK: checks
wakeup18: bets $3
KRAPOVICHEK: calls $3
*** TURN *** [3c 3s 6d] [Td]
KRAPOVICHEK: checks
wakeup18: checks
*** RIVER *** [3c 3s 6d Td] [Jc]
KRAPOVICHEK: checks
wakeup18: checks
*** SHOW DOWN ***
KRAPOVICHEK: shows [Qd 8h] (a pair of Threes)
wakeup18: shows [Qh 8s] (a pair of Threes)
KRAPOVICHEK collected $8.82 from pot
wakeup18 collected $8.82 from pot
*** SUMMARY ***
Total pot $18 | Rake $0.36
Board [3c 3s 6d Td Jc]
Seat 1: wakeup18 (button) (small blind) showed [Qh 8s] and won ($8.82) with a pair of Threes
Seat 2: KRAPOVICHEK (big blind) showed [Qd 8h] and won ($8.82) with a pair of Threes


PokerStars Hand #145803177175:  Hold'em Limit ($3/$6 USD) - 2015/12/23 13:37:21 ET
Table 'Bharani II' 2-max Seat #2 is the button
Seat 1: wakeup18 ($96.84 in chips)
Seat 2: KRAPOVICHEK ($286.19 in chips)
KRAPOVICHEK: posts small blind $1
wakeup18: posts big blind $3
*** HOLE CARDS ***
KRAPOVICHEK: raises $3 to $6
wakeup18: calls $3
*** FLOP *** [4h 4d Qh]
wakeup18: checks
KRAPOVICHEK: bets $3
wakeup18: calls $3
*** TURN *** [4h 4d Qh] [Js]
wakeup18: checks
KRAPOVICHEK: bets $6
wakeup18: calls $6
*** RIVER *** [4h 4d Qh Js] [3h]
wakeup18: checks
KRAPOVICHEK: bets $6
wakeup18: folds
Uncalled bet ($6) returned to KRAPOVICHEK
KRAPOVICHEK collected $29.50 from pot
KRAPOVICHEK: doesn't show hand
*** SUMMARY ***
Total pot $30 | Rake $0.50
Board [4h 4d Qh Js 3h]
Seat 1: wakeup18 (big blind) folded on the River
Seat 2: KRAPOVICHEK (button) (small blind) collected ($29.50)


PokerStars Hand #145803147588:  Hold'em Limit ($3/$6 USD) - 2015/12/23 13:36:49 ET
Table 'Bharani II' 2-max Seat #2 is the button
Seat 1: wakeup18 ($97.20 in chips)
Seat 2: KRAPOVICHEK ($286.55 in chips)
KRAPOVICHEK: posts small blind $1
wakeup18: posts big blind $3
*** HOLE CARDS ***
KRAPOVICHEK: raises $3 to $6
wakeup18: raises $3 to $9
KRAPOVICHEK: calls $3
*** FLOP *** [6d Ts Jh]
wakeup18: bets $3
KRAPOVICHEK: folds
Uncalled bet ($3) returned to wakeup18
wakeup18 collected $17.64 from pot
wakeup18: doesn't show hand
*** SUMMARY ***
Total pot $18 | Rake $0.36
Board [6d Ts Jh]
Seat 1: wakeup18 (big blind) collected ($17.64)
Seat 2: KRAPOVICHEK (button) (small blind) folded on the Flop


PokerStars Hand #145803157560:  Hold'em Limit ($3/$6 USD) - 2015/12/23 13:37:00 ET
Table 'Bharani II' 2-max Seat #1 is the button
Seat 1: wakeup18 ($105.84 in chips)
Seat 2: KRAPOVICHEK ($277.55 in chips)
wakeup18: posts small blind $1
KRAPOVICHEK: posts big blind $3
*** HOLE CARDS ***
wakeup18: raises $3 to $6
KRAPOVICHEK: calls $3
*** FLOP *** [Qd Tc Kh]
KRAPOVICHEK: checks
wakeup18: bets $3
KRAPOVICHEK: raises $3 to $6
wakeup18: folds
Uncalled bet ($3) returned to KRAPOVICHEK
KRAPOVICHEK collected $17.64 from pot
KRAPOVICHEK: doesn't show hand
*** SUMMARY ***
Total pot $18 | Rake $0.36
Board [Qd Tc Kh]
Seat 1: wakeup18 (button) (small blind) folded on the Flop
Seat 2: KRAPOVICHEK (big blind) collected ($17.64)


PokerStars Hand #145803243571:  Hold'em Limit ($3/$6 USD) - 2015/12/23 13:38:33 ET
Table 'Bharani II' 2-max Seat #2 is the button
Seat 1: wakeup18 ($78.34 in chips)
Seat 2: KRAPOVICHEK ($303.19 in chips)
KRAPOVICHEK: posts small blind $1
wakeup18: posts big blind $3
*** HOLE CARDS ***
KRAPOVICHEK: raises $3 to $6
wakeup18: folds
Uncalled bet ($3) returned to KRAPOVICHEK
KRAPOVICHEK collected $6 from pot
KRAPOVICHEK: doesn't show hand
*** SUMMARY ***
Total pot $6 | Rake $0
Seat 1: wakeup18 (big blind) folded before Flop
Seat 2: KRAPOVICHEK (button) (small blind) collected ($6)


PokerStars Hand #145803237969:  Hold'em Limit ($3/$6 USD) - 2015/12/23 13:38:27 ET
Table 'Bharani II' 2-max Seat #1 is the button
Seat 1: wakeup18 ($75.34 in chips)
Seat 2: KRAPOVICHEK ($306.19 in chips)
wakeup18: posts small blind $1
KRAPOVICHEK: posts big blind $3
*** HOLE CARDS ***
wakeup18: raises $3 to $6
KRAPOVICHEK: folds
Uncalled bet ($3) returned to wakeup18
wakeup18 collected $6 from pot
wakeup18: doesn't show hand
*** SUMMARY ***
Total pot $6 | Rake $0
Seat 1: wakeup18 (button) (small blind) collected ($6)
Seat 2: KRAPOVICHEK (big blind) folded before Flop


PokerStars Hand #145803218085:  Hold'em Limit ($3/$6 USD) - 2015/12/23 13:38:05 ET
Table 'Bharani II' 2-max Seat #2 is the button
Seat 1: wakeup18 ($96.34 in chips)
Seat 2: KRAPOVICHEK ($285.69 in chips)
KRAPOVICHEK: posts small blind $1
wakeup18: posts big blind $3
*** HOLE CARDS ***
KRAPOVICHEK: raises $3 to $6
wakeup18: calls $3
*** FLOP *** [5h 7s 7c]
wakeup18: checks
KRAPOVICHEK: bets $3
wakeup18: calls $3
*** TURN *** [5h 7s 7c] [6s]
wakeup18: checks
KRAPOVICHEK: bets $6
wakeup18: calls $6
*** RIVER *** [5h 7s 7c 6s] [6h]
wakeup18: checks
KRAPOVICHEK: bets $6
wakeup18: calls $6
*** SHOW DOWN ***
KRAPOVICHEK: shows [7d 3d] (a full house, Sevens full of Sixes)
wakeup18: mucks hand
KRAPOVICHEK collected $41.50 from pot
*** SUMMARY ***
Total pot $42 | Rake $0.50
Board [5h 7s 7c 6s 6h]
Seat 1: wakeup18 (big blind) mucked
Seat 2: KRAPOVICHEK (button) (small blind) showed [7d 3d] and won ($41.50) with a full house, Sevens full of Sixes


PokerStars Hand #145803197757:  Hold'em Limit ($3/$6 USD) - 2015/12/23 13:37:44 ET
Table 'Bharani II' 2-max Seat #1 is the button
Seat 1: wakeup18 ($81.84 in chips)
Seat 2: KRAPOVICHEK ($300.69 in chips)
wakeup18: posts small blind $1
KRAPOVICHEK: posts big blind $3
*** HOLE CARDS ***
wakeup18: raises $3 to $6
KRAPOVICHEK: calls $3
*** FLOP *** [6c 7h 9c]
KRAPOVICHEK: checks
wakeup18: bets $3
KRAPOVICHEK: calls $3
*** TURN *** [6c 7h 9c] [Ac]
KRAPOVICHEK: checks
wakeup18: bets $6
KRAPOVICHEK: calls $6
*** RIVER *** [6c 7h 9c Ac] [9s]
KRAPOVICHEK: checks
wakeup18: bets $6
KRAPOVICHEK: folds
Uncalled bet ($6) returned to wakeup18
wakeup18 collected $29.50 from pot
wakeup18: doesn't show hand
*** SUMMARY ***
Total pot $30 | Rake $0.50
Board [6c 7h 9c Ac 9s]
Seat 1: wakeup18 (button) (small blind) collected ($29.50)
Seat 2: KRAPOVICHEK (big blind) folded on the River


PokerStars Hand #145803304126:  Hold'em Limit ($3/$6 USD) - 2015/12/23 13:39:39 ET
Table 'Bharani II' 2-max Seat #1 is the button
Seat 1: wakeup18 ($124.24 in chips)
Seat 2: KRAPOVICHEK ($256.19 in chips)
wakeup18: posts small blind $1
KRAPOVICHEK: posts big blind $3
*** HOLE CARDS ***
wakeup18: raises $3 to $6
KRAPOVICHEK: calls $3
*** FLOP *** [Js 9h Ac]
KRAPOVICHEK: checks
wakeup18: bets $3
KRAPOVICHEK: folds
Uncalled bet ($3) returned to wakeup18
wakeup18 collected $11.76 from pot
wakeup18: doesn't show hand
*** SUMMARY ***
Total pot $12 | Rake $0.24
Board [Js 9h Ac]
Seat 1: wakeup18 (button) (small blind) collected ($11.76)
Seat 2: KRAPOVICHEK (big blind) folded on the Flop


PokerStars Hand #145803269859:  Hold'em Limit ($3/$6 USD) - 2015/12/23 13:39:02 ET
Table 'Bharani II' 2-max Seat #1 is the button
Seat 1: wakeup18 ($105.84 in chips)
Seat 2: KRAPOVICHEK ($275.19 in chips)
wakeup18: posts small blind $1
KRAPOVICHEK: posts big blind $3
*** HOLE CARDS ***
wakeup18: raises $3 to $6
KRAPOVICHEK: folds
Uncalled bet ($3) returned to wakeup18
wakeup18 collected $6 from pot
wakeup18: doesn't show hand
*** SUMMARY ***
Total pot $6 | Rake $0
Seat 1: wakeup18 (button) (small blind) collected ($6)
Seat 2: KRAPOVICHEK (big blind) folded before Flop


PokerStars Hand #145803265268:  Hold'em Limit ($3/$6 USD) - 2015/12/23 13:38:57 ET
Table 'Bharani II' 2-max Seat #2 is the button
Seat 1: wakeup18 ($104.84 in chips)
Seat 2: KRAPOVICHEK ($276.19 in chips)
KRAPOVICHEK: posts small blind $1
wakeup18: posts big blind $3
*** HOLE CARDS ***
KRAPOVICHEK: folds
Uncalled bet ($2) returned to wakeup18
wakeup18 collected $2 from pot
wakeup18: doesn't show hand
*** SUMMARY ***
Total pot $2 | Rake $0
Seat 1: wakeup18 (big blind) collected ($2)
Seat 2: KRAPOVICHEK (button) (small blind) folded before Flop


PokerStars Hand #145803275047:  Hold'em Limit ($3/$6 USD) - 2015/12/23 13:39:07 ET
Table 'Bharani II' 2-max Seat #2 is the button
Seat 1: wakeup18 ($108.84 in chips)
Seat 2: KRAPOVICHEK ($272.19 in chips)
KRAPOVICHEK: posts small blind $1
wakeup18: posts big blind $3
*** HOLE CARDS ***
KRAPOVICHEK: raises $3 to $6
wakeup18: calls $3
*** FLOP *** [2c Td 4c]
wakeup18: checks
KRAPOVICHEK: bets $3
wakeup18: calls $3
*** TURN *** [2c Td 4c] [5d]
wakeup18: checks
KRAPOVICHEK: checks
*** RIVER *** [2c Td 4c 5d] [3s]
wakeup18: checks
KRAPOVICHEK: checks
*** SHOW DOWN ***
wakeup18: shows [Jc 2s] (a pair of Deuces)
KRAPOVICHEK: mucks hand
wakeup18 collected $17.64 from pot
*** SUMMARY ***
Total pot $18 | Rake $0.36
Board [2c Td 4c 5d 3s]
Seat 1: wakeup18 (big blind) showed [Jc 2s] and won ($17.64) with a pair of Deuces
Seat 2: KRAPOVICHEK (button) (small blind) mucked


PokerStars Hand #145803299433:  Hold'em Limit ($3/$6 USD) - 2015/12/23 13:39:34 ET
Table 'Bharani II' 2-max Seat #2 is the button
Seat 1: wakeup18 ($123.24 in chips)
Seat 2: KRAPOVICHEK ($257.19 in chips)
KRAPOVICHEK: posts small blind $1
wakeup18: posts big blind $3
*** HOLE CARDS ***
KRAPOVICHEK: folds
Uncalled bet ($2) returned to wakeup18
wakeup18 collected $2 from pot
wakeup18: doesn't show hand
*** SUMMARY ***
Total pot $2 | Rake $0
Seat 1: wakeup18 (big blind) collected ($2)
Seat 2: KRAPOVICHEK (button) (small blind) folded before Flop


PokerStars Hand #145803290305:  Hold'em Limit ($3/$6 USD) - 2015/12/23 13:39:24 ET
Table 'Bharani II' 2-max Seat #1 is the button
Seat 1: wakeup18 ($117.48 in chips)
Seat 2: KRAPOVICHEK ($263.19 in chips)
wakeup18: posts small blind $1
KRAPOVICHEK: posts big blind $3
*** HOLE CARDS ***
wakeup18: raises $3 to $6
KRAPOVICHEK: calls $3
*** FLOP *** [Qc Kh 8h]
KRAPOVICHEK: checks
wakeup18: bets $3
KRAPOVICHEK: folds
Uncalled bet ($3) returned to wakeup18
wakeup18 collected $11.76 from pot
wakeup18: doesn't show hand
*** SUMMARY ***
Total pot $12 | Rake $0.24
Board [Qc Kh 8h]
Seat 1: wakeup18 (button) (small blind) collected ($11.76)
Seat 2: KRAPOVICHEK (big blind) folded on the Flop


PokerStars Hand #145803319113:  Hold'em Limit ($3/$6 USD) - 2015/12/23 13:39:55 ET
Table 'Bharani II' 2-max Seat #1 is the button
Seat 1: wakeup18 ($127 in chips)
Seat 2: KRAPOVICHEK ($253.19 in chips)
wakeup18: posts small blind $1
KRAPOVICHEK: posts big blind $3
*** HOLE CARDS ***
wakeup18: raises $3 to $6
KRAPOVICHEK: raises $3 to $9
wakeup18: calls $3
*** FLOP *** [Ac Ks 8h]
KRAPOVICHEK: bets $3
wakeup18: calls $3
*** TURN *** [Ac Ks 8h] [Jd]
KRAPOVICHEK: bets $6
wakeup18: raises $6 to $12
KRAPOVICHEK: calls $6
*** RIVER *** [Ac Ks 8h Jd] [4c]
KRAPOVICHEK: checks
wakeup18: bets $6
KRAPOVICHEK: calls $6
*** SHOW DOWN ***
wakeup18: shows [Jc 8c] (two pair, Jacks and Eights)
KRAPOVICHEK: mucks hand
wakeup18 collected $59.50 from pot
*** SUMMARY ***
Total pot $60 | Rake $0.50
Board [Ac Ks 8h Jd 4c]
Seat 1: wakeup18 (button) (small blind) showed [Jc 8c] and won ($59.50) with two pair, Jacks and Eights
Seat 2: KRAPOVICHEK (big blind) mucked


PokerStars Hand #145803339352:  Hold'em Limit ($3/$6 USD) - 2015/12/23 13:40:17 ET
Table 'Bharani II' 2-max Seat #2 is the button
Seat 1: wakeup18 ($156.50 in chips)
Seat 2: KRAPOVICHEK ($223.19 in chips)
KRAPOVICHEK: posts small blind $1
wakeup18: posts big blind $3
*** HOLE CARDS ***
KRAPOVICHEK: raises $3 to $6
wakeup18: raises $3 to $9
KRAPOVICHEK: raises $3 to $12
Betting is capped
wakeup18: calls $3
*** FLOP *** [Kd Kc Jd]
wakeup18: checks
KRAPOVICHEK: bets $3
wakeup18: calls $3
*** TURN *** [Kd Kc Jd] [7h]
wakeup18: checks
KRAPOVICHEK: bets $6
wakeup18: calls $6
*** RIVER *** [Kd Kc Jd 7h] [Ks]
wakeup18: bets $6
KRAPOVICHEK: raises $6 to $12
wakeup18: calls $6
*** SHOW DOWN ***
KRAPOVICHEK: shows [Qd Qs] (a full house, Kings full of Queens)
wakeup18: mucks hand
KRAPOVICHEK collected $65.50 from pot
*** SUMMARY ***
Total pot $66 | Rake $0.50
Board [Kd Kc Jd 7h Ks]
Seat 1: wakeup18 (big blind) mucked
Seat 2: KRAPOVICHEK (button) (small blind) showed [Qd Qs] and won ($65.50) with a full house, Kings full of Queens


PokerStars Hand #145803312614:  Hold'em Limit ($3/$6 USD) - 2015/12/23 13:39:48 ET
Table 'Bharani II' 2-max Seat #2 is the button
Seat 1: wakeup18 ($130 in chips)
Seat 2: KRAPOVICHEK ($250.19 in chips)
KRAPOVICHEK: posts small blind $1
wakeup18: posts big blind $3
*** HOLE CARDS ***
KRAPOVICHEK: raises $3 to $6
wakeup18: folds
Uncalled bet ($3) returned to KRAPOVICHEK
KRAPOVICHEK collected $6 from pot
KRAPOVICHEK: doesn't show hand
*** SUMMARY ***
Total pot $6 | Rake $0
Seat 1: wakeup18 (big blind) folded before Flop
Seat 2: KRAPOVICHEK (button) (small blind) collected ($6)


PokerStars Hand #145803375564:  Hold'em Limit ($3/$6 USD) - 2015/12/23 13:40:56 ET
Table 'Bharani II' 2-max Seat #2 is the button
Seat 1: wakeup18 ($108.50 in chips)
Seat 2: KRAPOVICHEK ($270.19 in chips)
KRAPOVICHEK: posts small blind $1
wakeup18: posts big blind $3
*** HOLE CARDS ***
KRAPOVICHEK: raises $3 to $6
wakeup18: calls $3
*** FLOP *** [3h 7s 5s]
wakeup18: checks
KRAPOVICHEK: bets $3
wakeup18: calls $3
*** TURN *** [3h 7s 5s] [5c]
wakeup18: checks
KRAPOVICHEK: checks
*** RIVER *** [3h 7s 5s 5c] [6c]
wakeup18: checks
KRAPOVICHEK: checks
*** SHOW DOWN ***
wakeup18: shows [6d As] (two pair, Sixes and Fives)
KRAPOVICHEK: mucks hand
wakeup18 collected $17.64 from pot
*** SUMMARY ***
Total pot $18 | Rake $0.36
Board [3h 7s 5s 5c 6c]
Seat 1: wakeup18 (big blind) showed [6d As] and won ($17.64) with two pair, Sixes and Fives
Seat 2: KRAPOVICHEK (button) (small blind) mucked


PokerStars Hand #145803390145:  Hold'em Limit ($3/$6 USD) - 2015/12/23 13:41:12 ET
Table 'Bharani II' 2-max Seat #1 is the button
Seat 1: wakeup18 ($117.14 in chips)
Seat 2: KRAPOVICHEK ($261.19 in chips)
wakeup18: posts small blind $1
KRAPOVICHEK: posts big blind $3
*** HOLE CARDS ***
wakeup18: raises $3 to $6
KRAPOVICHEK: raises $3 to $9
wakeup18: calls $3
*** FLOP *** [5h 5c 5d]
KRAPOVICHEK: bets $3
wakeup18: calls $3
*** TURN *** [5h 5c 5d] [9h]
KRAPOVICHEK: bets $6
wakeup18: calls $6
*** RIVER *** [5h 5c 5d 9h] [Tc]
KRAPOVICHEK: bets $6
wakeup18: calls $6
*** SHOW DOWN ***
KRAPOVICHEK: shows [Td Ts] (a full house, Tens full of Fives)
wakeup18: mucks hand
KRAPOVICHEK collected $47.50 from pot
*** SUMMARY ***
Total pot $48 | Rake $0.50
Board [5h 5c 5d 9h Tc]
Seat 1: wakeup18 (button) (small blind) mucked
Seat 2: KRAPOVICHEK (big blind) showed [Td Ts] and won ($47.50) with a full house, Tens full of Fives


PokerStars Hand #145803403896:  Hold'em Limit ($3/$6 USD) - 2015/12/23 13:41:27 ET
Table 'Bharani II' 2-max Seat #2 is the button
Seat 1: wakeup18 ($93.14 in chips)
Seat 2: KRAPOVICHEK ($284.69 in chips)
KRAPOVICHEK: posts small blind $1
wakeup18: posts big blind $3
*** HOLE CARDS ***
KRAPOVICHEK: raises $3 to $6
wakeup18: calls $3
*** FLOP *** [Ac 6s 4d]
wakeup18: checks
KRAPOVICHEK: bets $3
wakeup18: calls $3
*** TURN *** [Ac 6s 4d] [Jd]
wakeup18: checks
KRAPOVICHEK: checks
*** RIVER *** [Ac 6s 4d Jd] [2c]
wakeup18: bets $6
KRAPOVICHEK: folds
Uncalled bet ($6) returned to wakeup18
wakeup18 collected $17.64 from pot
wakeup18: doesn't show hand
*** SUMMARY ***
Total pot $18 | Rake $0.36
Board [Ac 6s 4d Jd 2c]
Seat 1: wakeup18 (big blind) collected ($17.64)
Seat 2: KRAPOVICHEK (button) (small blind) folded on the River


PokerStars Hand #145803359806:  Hold'em Limit ($3/$6 USD) - 2015/12/23 13:40:39 ET
Table 'Bharani II' 2-max Seat #1 is the button
Seat 1: wakeup18 ($123.50 in chips)
Seat 2: KRAPOVICHEK ($255.69 in chips)
wakeup18: posts small blind $1
KRAPOVICHEK: posts big blind $3
*** HOLE CARDS ***
wakeup18: raises $3 to $6
KRAPOVICHEK: calls $3
*** FLOP *** [Jd 7c 2h]
KRAPOVICHEK: checks
wakeup18: bets $3
KRAPOVICHEK: calls $3
*** TURN *** [Jd 7c 2h] [Js]
KRAPOVICHEK: checks
wakeup18: checks
*** RIVER *** [Jd 7c 2h Js] [8s]
KRAPOVICHEK: bets $6
wakeup18: calls $6
*** SHOW DOWN ***
KRAPOVICHEK: shows [9d Jh] (three of a kind, Jacks)
wakeup18: mucks hand
KRAPOVICHEK collected $29.50 from pot
*** SUMMARY ***
Total pot $30 | Rake $0.50
Board [Jd 7c 2h Js 8s]
Seat 1: wakeup18 (button) (small blind) mucked
Seat 2: KRAPOVICHEK (big blind) showed [9d Jh] and won ($29.50) with three of a kind, Jacks


PokerStars Hand #145803417477:  Hold'em Limit ($3/$6 USD) - 2015/12/23 13:41:42 ET
Table 'Bharani II' 2-max Seat #1 is the button
Seat 1: wakeup18 ($101.78 in chips)
Seat 2: KRAPOVICHEK ($275.69 in chips)
wakeup18: posts small blind $1
KRAPOVICHEK: posts big blind $3
*** HOLE CARDS ***
wakeup18: raises $3 to $6
KRAPOVICHEK: calls $3
*** FLOP *** [Jd 8h Ad]
KRAPOVICHEK: checks
wakeup18: bets $3
KRAPOVICHEK: folds
Uncalled bet ($3) returned to wakeup18
wakeup18 collected $11.76 from pot
wakeup18: doesn't show hand
*** SUMMARY ***
Total pot $12 | Rake $0.24
Board [Jd 8h Ad]
Seat 1: wakeup18 (button) (small blind) collected ($11.76)
Seat 2: KRAPOVICHEK (big blind) folded on the Flop


PokerStars Hand #145803443030:  Hold'em Limit ($3/$6 USD) - 2015/12/23 13:42:07 ET
Table 'Bharani II' 2-max Seat #2 is the button
Seat 1: wakeup18 ($110.30 in chips)
Seat 2: KRAPOVICHEK ($266.69 in chips)
KRAPOVICHEK: posts small blind $1
wakeup18: posts big blind $3
*** HOLE CARDS ***
KRAPOVICHEK: raises $3 to $6
wakeup18: calls $3
*** FLOP *** [4c 3s 6s]
wakeup18: checks
KRAPOVICHEK: bets $3
wakeup18: raises $3 to $6
KRAPOVICHEK: calls $3
*** TURN *** [4c 3s 6s] [Kh]
wakeup18: bets $6
KRAPOVICHEK: raises $6 to $12
wakeup18: calls $6
*** RIVER *** [4c 3s 6s Kh] [9d]
wakeup18: checks
KRAPOVICHEK: bets $6
wakeup18: folds
Uncalled bet ($6) returned to KRAPOVICHEK
KRAPOVICHEK collected $47.50 from pot
KRAPOVICHEK: doesn't show hand
*** SUMMARY ***
Total pot $48 | Rake $0.50
Board [4c 3s 6s Kh 9d]
Seat 1: wakeup18 (big blind) folded on the River
Seat 2: KRAPOVICHEK (button) (small blind) collected ($47.50)


PokerStars Hand #145803431417:  Hold'em Limit ($3/$6 USD) - 2015/12/23 13:41:57 ET
Table 'Bharani II' 2-max Seat #1 is the button
Seat 1: wakeup18 ($104.54 in chips)
Seat 2: KRAPOVICHEK ($272.69 in chips)
wakeup18: posts small blind $1
KRAPOVICHEK: posts big blind $3
*** HOLE CARDS ***
wakeup18: raises $3 to $6
KRAPOVICHEK: calls $3
*** FLOP *** [Qs Ts 5s]
KRAPOVICHEK: checks
wakeup18: bets $3
KRAPOVICHEK: folds
Uncalled bet ($3) returned to wakeup18
wakeup18 collected $11.76 from pot
wakeup18: doesn't show hand
*** SUMMARY ***
Total pot $12 | Rake $0.24
Board [Qs Ts 5s]
Seat 1: wakeup18 (button) (small blind) collected ($11.76)
Seat 2: KRAPOVICHEK (big blind) folded on the Flop


PokerStars Hand #145803426300:  Hold'em Limit ($3/$6 USD) - 2015/12/23 13:41:51 ET
Table 'Bharani II' 2-max Seat #2 is the button
Seat 1: wakeup18 ($107.54 in chips)
Seat 2: KRAPOVICHEK ($269.69 in chips)
KRAPOVICHEK: posts small blind $1
wakeup18: posts big blind $3
*** HOLE CARDS ***
KRAPOVICHEK: raises $3 to $6
wakeup18: folds
Uncalled bet ($3) returned to KRAPOVICHEK
KRAPOVICHEK collected $6 from pot
KRAPOVICHEK: doesn't show hand
*** SUMMARY ***
Total pot $6 | Rake $0
Seat 1: wakeup18 (big blind) folded before Flop
Seat 2: KRAPOVICHEK (button) (small blind) collected ($6)


PokerStars Hand #145803469370:  Hold'em Limit ($3/$6 USD) - 2015/12/23 13:42:36 ET
Table 'Bharani II' 2-max Seat #2 is the button
Seat 1: wakeup18 ($92.06 in chips)
Seat 2: KRAPOVICHEK ($284.19 in chips)
KRAPOVICHEK: posts small blind $1
wakeup18: posts big blind $3
*** HOLE CARDS ***
KRAPOVICHEK: raises $3 to $6
wakeup18: folds
Uncalled bet ($3) returned to KRAPOVICHEK
KRAPOVICHEK collected $6 from pot
KRAPOVICHEK: doesn't show hand
*** SUMMARY ***
Total pot $6 | Rake $0
Seat 1: wakeup18 (big blind) folded before Flop
Seat 2: KRAPOVICHEK (button) (small blind) collected ($6)


PokerStars Hand #145803459859:  Hold'em Limit ($3/$6 USD) - 2015/12/23 13:42:26 ET
Table 'Bharani II' 2-max Seat #1 is the button
Seat 1: wakeup18 ($86.30 in chips)
Seat 2: KRAPOVICHEK ($290.19 in chips)
wakeup18: posts small blind $1
KRAPOVICHEK: posts big blind $3
*** HOLE CARDS ***
wakeup18: raises $3 to $6
KRAPOVICHEK: calls $3
*** FLOP *** [2h 9h 3s]
KRAPOVICHEK: checks
wakeup18: bets $3
KRAPOVICHEK: folds
Uncalled bet ($3) returned to wakeup18
wakeup18 collected $11.76 from pot
wakeup18: doesn't show hand
*** SUMMARY ***
Total pot $12 | Rake $0.24
Board [2h 9h 3s]
Seat 1: wakeup18 (button) (small blind) collected ($11.76)
Seat 2: KRAPOVICHEK (big blind) folded on the Flop


PokerStars Hand #145803513534:  Hold'em Limit ($3/$6 USD) - 2015/12/23 13:43:23 ET
Table 'Bharani II' 2-max Seat #2 is the button
Seat 1: wakeup18 ($83.58 in chips)
Seat 2: KRAPOVICHEK ($291.69 in chips)
KRAPOVICHEK: posts small blind $1
wakeup18: posts big blind $3
*** HOLE CARDS ***
KRAPOVICHEK: folds
Uncalled bet ($2) returned to wakeup18
wakeup18 collected $2 from pot
wakeup18: doesn't show hand
*** SUMMARY ***
Total pot $2 | Rake $0
Seat 1: wakeup18 (big blind) collected ($2)
Seat 2: KRAPOVICHEK (button) (small blind) folded before Flop


PokerStars Hand #145803474490:  Hold'em Limit ($3/$6 USD) - 2015/12/23 13:42:41 ET
Table 'Bharani II' 2-max Seat #1 is the button
Seat 1: wakeup18 ($89.06 in chips)
Seat 2: KRAPOVICHEK ($287.19 in chips)
wakeup18: posts small blind $1
KRAPOVICHEK: posts big blind $3
*** HOLE CARDS ***
wakeup18: raises $3 to $6
KRAPOVICHEK: calls $3
*** FLOP *** [Kc Ac 8h]
KRAPOVICHEK: checks
wakeup18: bets $3
KRAPOVICHEK: raises $3 to $6
wakeup18: calls $3
*** TURN *** [Kc Ac 8h] [Qh]
KRAPOVICHEK: checks
wakeup18: bets $6
KRAPOVICHEK: folds
Uncalled bet ($6) returned to wakeup18
wakeup18 collected $23.52 from pot
wakeup18: doesn't show hand
*** SUMMARY ***
Total pot $24 | Rake $0.48
Board [Kc Ac 8h Qh]
Seat 1: wakeup18 (button) (small blind) collected ($23.52)
Seat 2: KRAPOVICHEK (big blind) folded on the Turn


PokerStars Hand #145803493108:  Hold'em Limit ($3/$6 USD) - 2015/12/23 13:43:01 ET
Table 'Bharani II' 2-max Seat #2 is the button
Seat 1: wakeup18 ($100.58 in chips)
Seat 2: KRAPOVICHEK ($275.19 in chips)
KRAPOVICHEK: posts small blind $1
wakeup18: posts big blind $3
*** HOLE CARDS ***
KRAPOVICHEK: folds
Uncalled bet ($2) returned to wakeup18
wakeup18 collected $2 from pot
wakeup18: doesn't show hand
*** SUMMARY ***
Total pot $2 | Rake $0
Seat 1: wakeup18 (big blind) collected ($2)
Seat 2: KRAPOVICHEK (button) (small blind) folded before Flop


PokerStars Hand #145803497697:  Hold'em Limit ($3/$6 USD) - 2015/12/23 13:43:06 ET
Table 'Bharani II' 2-max Seat #1 is the button
Seat 1: wakeup18 ($101.58 in chips)
Seat 2: KRAPOVICHEK ($274.19 in chips)
wakeup18: posts small blind $1
KRAPOVICHEK: posts big blind $3
*** HOLE CARDS ***
wakeup18: raises $3 to $6
KRAPOVICHEK: calls $3
*** FLOP *** [Ac 5h 6c]
KRAPOVICHEK: checks
wakeup18: bets $3
KRAPOVICHEK: raises $3 to $6
wakeup18: calls $3
*** TURN *** [Ac 5h 6c] [2s]
KRAPOVICHEK: bets $6
wakeup18: calls $6
*** RIVER *** [Ac 5h 6c 2s] [4d]
KRAPOVICHEK: bets $6
wakeup18: folds
Uncalled bet ($6) returned to KRAPOVICHEK
KRAPOVICHEK collected $35.50 from pot
KRAPOVICHEK: doesn't show hand
*** SUMMARY ***
Total pot $36 | Rake $0.50
Board [Ac 5h 6c 2s 4d]
Seat 1: wakeup18 (button) (small blind) folded on the River
Seat 2: KRAPOVICHEK (big blind) collected ($35.50)


PokerStars Hand #145803533771:  Hold'em Limit ($3/$6 USD) - 2015/12/23 13:43:44 ET
Table 'Bharani II' 2-max Seat #2 is the button
Seat 1: wakeup18 ($93.22 in chips)
Seat 2: KRAPOVICHEK ($281.69 in chips)
KRAPOVICHEK: posts small blind $1
wakeup18: posts big blind $3
*** HOLE CARDS ***
KRAPOVICHEK: folds
Uncalled bet ($2) returned to wakeup18
wakeup18 collected $2 from pot
wakeup18: doesn't show hand
*** SUMMARY ***
Total pot $2 | Rake $0
Seat 1: wakeup18 (big blind) collected ($2)
Seat 2: KRAPOVICHEK (button) (small blind) folded before Flop


PokerStars Hand #145803517975:  Hold'em Limit ($3/$6 USD) - 2015/12/23 13:43:27 ET
Table 'Bharani II' 2-max Seat #1 is the button
Seat 1: wakeup18 ($84.58 in chips)
Seat 2: KRAPOVICHEK ($290.69 in chips)
wakeup18: posts small blind $1
KRAPOVICHEK: posts big blind $3
*** HOLE CARDS ***
wakeup18: raises $3 to $6
KRAPOVICHEK: calls $3
*** FLOP *** [5d Ad 4s]
KRAPOVICHEK: checks
wakeup18: bets $3
KRAPOVICHEK: calls $3
*** TURN *** [5d Ad 4s] [7s]
KRAPOVICHEK: checks
wakeup18: bets $6
KRAPOVICHEK: folds
Uncalled bet ($6) returned to wakeup18
wakeup18 collected $17.64 from pot
wakeup18: doesn't show hand
*** SUMMARY ***
Total pot $18 | Rake $0.36
Board [5d Ad 4s 7s]
Seat 1: wakeup18 (button) (small blind) collected ($17.64)
Seat 2: KRAPOVICHEK (big blind) folded on the Turn


PokerStars Hand #145803556095:  Hold'em Limit ($3/$6 USD) - 2015/12/23 13:44:07 ET
Table 'Bharani II' 2-max Seat #2 is the button
Seat 1: wakeup18 ($73.22 in chips)
Seat 2: KRAPOVICHEK ($301.19 in chips)
KRAPOVICHEK: posts small blind $1
wakeup18: posts big blind $3
*** HOLE CARDS ***
KRAPOVICHEK: folds
Uncalled bet ($2) returned to wakeup18
wakeup18 collected $2 from pot
wakeup18: doesn't show hand
*** SUMMARY ***
Total pot $2 | Rake $0
Seat 1: wakeup18 (big blind) collected ($2)
Seat 2: KRAPOVICHEK (button) (small blind) folded before Flop


PokerStars Hand #145803538318:  Hold'em Limit ($3/$6 USD) - 2015/12/23 13:43:49 ET
Table 'Bharani II' 2-max Seat #1 is the button
Seat 1: wakeup18 ($94.22 in chips)
Seat 2: KRAPOVICHEK ($280.69 in chips)
wakeup18: posts small blind $1
KRAPOVICHEK: posts big blind $3
*** HOLE CARDS ***
wakeup18: raises $3 to $6
KRAPOVICHEK: calls $3
*** FLOP *** [Kc 4s 5s]
KRAPOVICHEK: checks
wakeup18: bets $3
KRAPOVICHEK: calls $3
*** TURN *** [Kc 4s 5s] [Ad]
KRAPOVICHEK: checks
wakeup18: bets $6
KRAPOVICHEK: raises $6 to $12
wakeup18: calls $6
*** RIVER *** [Kc 4s 5s Ad] [5d]
KRAPOVICHEK: bets $6
wakeup18: folds
Uncalled bet ($6) returned to KRAPOVICHEK
KRAPOVICHEK collected $41.50 from pot
KRAPOVICHEK: doesn't show hand
*** SUMMARY ***
Total pot $42 | Rake $0.50
Board [Kc 4s 5s Ad 5d]
Seat 1: wakeup18 (button) (small blind) folded on the River
Seat 2: KRAPOVICHEK (big blind) collected ($41.50)


PokerStars Hand #145803560642:  Hold'em Limit ($3/$6 USD) - 2015/12/23 13:44:11 ET
Table 'Bharani II' 2-max Seat #1 is the button
Seat 1: wakeup18 ($74.22 in chips)
Seat 2: KRAPOVICHEK ($300.19 in chips)
wakeup18: posts small blind $1
KRAPOVICHEK: posts big blind $3
*** HOLE CARDS ***
wakeup18: raises $3 to $6
KRAPOVICHEK: calls $3
*** FLOP *** [As Kd Ad]
KRAPOVICHEK: checks
wakeup18: bets $3
KRAPOVICHEK: folds
Uncalled bet ($3) returned to wakeup18
wakeup18 collected $11.76 from pot
wakeup18: doesn't show hand
*** SUMMARY ***
Total pot $12 | Rake $0.24
Board [As Kd Ad]
Seat 1: wakeup18 (button) (small blind) collected ($11.76)
Seat 2: KRAPOVICHEK (big blind) folded on the Flop


PokerStars Hand #145803569772:  Hold'em Limit ($3/$6 USD) - 2015/12/23 13:44:21 ET
Table 'Bharani II' 2-max Seat #2 is the button
Seat 1: wakeup18 ($79.98 in chips)
Seat 2: KRAPOVICHEK ($294.19 in chips)
KRAPOVICHEK: posts small blind $1
wakeup18: posts big blind $3
*** HOLE CARDS ***
KRAPOVICHEK: raises $3 to $6
wakeup18: calls $3
*** FLOP *** [As 4d 6s]
wakeup18: checks
KRAPOVICHEK: checks
*** TURN *** [As 4d 6s] [Qd]
wakeup18: checks
KRAPOVICHEK: checks
*** RIVER *** [As 4d 6s Qd] [5c]
wakeup18: checks
KRAPOVICHEK: bets $6
wakeup18: folds
Uncalled bet ($6) returned to KRAPOVICHEK
KRAPOVICHEK collected $11.76 from pot
KRAPOVICHEK: doesn't show hand
*** SUMMARY ***
Total pot $12 | Rake $0.24
Board [As 4d 6s Qd 5c]
Seat 1: wakeup18 (big blind) folded on the River
Seat 2: KRAPOVICHEK (button) (small blind) collected ($11.76)


PokerStars Hand #145803599246:  Hold'em Limit ($3/$6 USD) - 2015/12/23 13:44:52 ET
Table 'Bharani II' 2-max Seat #2 is the button
Seat 1: wakeup18 ($85.50 in chips)
Seat 2: KRAPOVICHEK ($287.95 in chips)
KRAPOVICHEK: posts small blind $1
wakeup18: posts big blind $3
*** HOLE CARDS ***
KRAPOVICHEK: raises $3 to $6
wakeup18: calls $3
*** FLOP *** [3c Kd 6d]
wakeup18: checks
KRAPOVICHEK: bets $3
wakeup18: calls $3
*** TURN *** [3c Kd 6d] [5c]
wakeup18: checks
KRAPOVICHEK: bets $6
wakeup18: calls $6
*** RIVER *** [3c Kd 6d 5c] [4c]
wakeup18: checks
KRAPOVICHEK: bets $6
wakeup18: calls $6
*** SHOW DOWN ***
KRAPOVICHEK: shows [2s Kc] (a straight, Deuce to Six)
wakeup18: mucks hand
KRAPOVICHEK collected $41.50 from pot
*** SUMMARY ***
Total pot $42 | Rake $0.50
Board [3c Kd 6d 5c 4c]
Seat 1: wakeup18 (big blind) mucked
Seat 2: KRAPOVICHEK (button) (small blind) showed [2s Kc] and won ($41.50) with a straight, Deuce to Six


PokerStars Hand #145803585807:  Hold'em Limit ($3/$6 USD) - 2015/12/23 13:44:38 ET
Table 'Bharani II' 2-max Seat #1 is the button
Seat 1: wakeup18 ($73.98 in chips)
Seat 2: KRAPOVICHEK ($299.95 in chips)
wakeup18: posts small blind $1
KRAPOVICHEK: posts big blind $3
*** HOLE CARDS ***
wakeup18: raises $3 to $6
KRAPOVICHEK: raises $3 to $9
wakeup18: calls $3
*** FLOP *** [Td 6h 8s]
KRAPOVICHEK: bets $3
wakeup18: calls $3
*** TURN *** [Td 6h 8s] [Kh]
KRAPOVICHEK: checks
wakeup18: bets $6
KRAPOVICHEK: folds
Uncalled bet ($6) returned to wakeup18
wakeup18 collected $23.52 from pot
wakeup18: doesn't show hand
*** SUMMARY ***
Total pot $24 | Rake $0.48
Board [Td 6h 8s Kh]
Seat 1: wakeup18 (button) (small blind) collected ($23.52)
Seat 2: KRAPOVICHEK (big blind) folded on the Turn


PokerStars Hand #145803631917:  Hold'em Limit ($3/$6 USD) - 2015/12/23 13:45:26 ET
Table 'Bharani II' 2-max Seat #2 is the button
Seat 1: wakeup18 ($76.02 in chips)
Seat 2: KRAPOVICHEK ($296.45 in chips)
KRAPOVICHEK: posts small blind $1
wakeup18: posts big blind $3
*** HOLE CARDS ***
KRAPOVICHEK: folds
Uncalled bet ($2) returned to wakeup18
wakeup18 collected $2 from pot
wakeup18: doesn't show hand
*** SUMMARY ***
Total pot $2 | Rake $0
Seat 1: wakeup18 (big blind) collected ($2)
Seat 2: KRAPOVICHEK (button) (small blind) folded before Flop


PokerStars Hand #145803616885:  Hold'em Limit ($3/$6 USD) - 2015/12/23 13:45:11 ET
Table 'Bharani II' 2-max Seat #1 is the button
Seat 1: wakeup18 ($64.50 in chips)
Seat 2: KRAPOVICHEK ($308.45 in chips)
wakeup18: posts small blind $1
KRAPOVICHEK: posts big blind $3
*** HOLE CARDS ***
wakeup18: raises $3 to $6
KRAPOVICHEK: raises $3 to $9
wakeup18: calls $3
*** FLOP *** [8c Ts Jh]
KRAPOVICHEK: bets $3
wakeup18: calls $3
*** TURN *** [8c Ts Jh] [Qc]
KRAPOVICHEK: checks
wakeup18: bets $6
KRAPOVICHEK: folds
Uncalled bet ($6) returned to wakeup18
wakeup18 collected $23.52 from pot
wakeup18: doesn't show hand
*** SUMMARY ***
Total pot $24 | Rake $0.48
Board [8c Ts Jh Qc]
Seat 1: wakeup18 (button) (small blind) collected ($23.52)
Seat 2: KRAPOVICHEK (big blind) folded on the Turn


PokerStars Hand #145803653169:  Hold'em Limit ($3/$6 USD) - 2015/12/23 13:45:49 ET
Table 'Bharani II' 2-max Seat #2 is the button
Seat 1: wakeup18 ($62.02 in chips)
Seat 2: KRAPOVICHEK ($309.95 in chips)
KRAPOVICHEK: posts small blind $1
wakeup18: posts big blind $3
*** HOLE CARDS ***
KRAPOVICHEK: raises $3 to $6
wakeup18: folds
Uncalled bet ($3) returned to KRAPOVICHEK
KRAPOVICHEK collected $6 from pot
KRAPOVICHEK: doesn't show hand
*** SUMMARY ***
Total pot $6 | Rake $0
Seat 1: wakeup18 (big blind) folded before Flop
Seat 2: KRAPOVICHEK (button) (small blind) collected ($6)


PokerStars Hand #145803683522:  Hold'em Limit ($3/$6 USD) - 2015/12/23 13:46:20 ET
Table 'Bharani II' 2-max Seat #1 is the button
Seat 1: wakeup18 ($118.78 in chips)
Seat 2: KRAPOVICHEK ($312.71 in chips)
wakeup18: posts small blind $1
KRAPOVICHEK: posts big blind $3
*** HOLE CARDS ***
wakeup18: raises $3 to $6
KRAPOVICHEK: calls $3
*** FLOP *** [7c 2d 4s]
KRAPOVICHEK: checks
wakeup18: bets $3
KRAPOVICHEK: raises $3 to $6
wakeup18: calls $3
*** TURN *** [7c 2d 4s] [2h]
KRAPOVICHEK: bets $6
wakeup18: calls $6
*** RIVER *** [7c 2d 4s 2h] [9c]
KRAPOVICHEK: bets $6
wakeup18: calls $6
*** SHOW DOWN ***
KRAPOVICHEK: shows [4h 6h] (two pair, Fours and Deuces)
wakeup18: shows [4c 6d] (two pair, Fours and Deuces)
KRAPOVICHEK collected $23.75 from pot
wakeup18 collected $23.75 from pot
*** SUMMARY ***
Total pot $48 | Rake $0.50
Board [7c 2d 4s 2h 9c]
Seat 1: wakeup18 (button) (small blind) showed [4c 6d] and won ($23.75) with two pair, Fours and Deuces
Seat 2: KRAPOVICHEK (big blind) showed [4h 6h] and won ($23.75) with two pair, Fours and Deuces


PokerStars Hand #145803636369:  Hold'em Limit ($3/$6 USD) - 2015/12/23 13:45:31 ET
Table 'Bharani II' 2-max Seat #1 is the button
Seat 1: wakeup18 ($77.02 in chips)
Seat 2: KRAPOVICHEK ($295.45 in chips)
wakeup18: posts small blind $1
KRAPOVICHEK: posts big blind $3
*** HOLE CARDS ***
wakeup18: raises $3 to $6
KRAPOVICHEK: calls $3
*** FLOP *** [4c 8h 7h]
KRAPOVICHEK: checks
wakeup18: bets $3
KRAPOVICHEK: calls $3
*** TURN *** [4c 8h 7h] [9d]
KRAPOVICHEK: checks
wakeup18: checks
*** RIVER *** [4c 8h 7h 9d] [Ts]
KRAPOVICHEK: checks
wakeup18: bets $6
KRAPOVICHEK: calls $6
*** SHOW DOWN ***
wakeup18: shows [5c 2d] (high card Ten)
KRAPOVICHEK: shows [Ks Qh] (high card King)
KRAPOVICHEK collected $29.50 from pot
*** SUMMARY ***
Total pot $30 | Rake $0.50
Board [4c 8h 7h 9d Ts]
Seat 1: wakeup18 (button) (small blind) showed [5c 2d] and lost with high card Ten
Seat 2: KRAPOVICHEK (big blind) showed [Ks Qh] and won ($29.50) with high card King


PokerStars Hand #145803670416:  Hold'em Limit ($3/$6 USD) - 2015/12/23 13:46:06 ET
Table 'Bharani II' 2-max Seat #2 is the button
Seat 1: wakeup18 ($124.78 in chips)
Seat 2: KRAPOVICHEK ($306.95 in chips)
KRAPOVICHEK: posts small blind $1
wakeup18: posts big blind $3
*** HOLE CARDS ***
KRAPOVICHEK: raises $3 to $6
wakeup18: calls $3
*** FLOP *** [6c Kh Kc]
wakeup18: checks
KRAPOVICHEK: checks
*** TURN *** [6c Kh Kc] [Th]
wakeup18: checks
KRAPOVICHEK: bets $6
wakeup18: folds
Uncalled bet ($6) returned to KRAPOVICHEK
KRAPOVICHEK collected $11.76 from pot
KRAPOVICHEK: doesn't show hand
*** SUMMARY ***
Total pot $12 | Rake $0.24
Board [6c Kh Kc Th]
Seat 1: wakeup18 (big blind) folded on the Turn
Seat 2: KRAPOVICHEK (button) (small blind) collected ($11.76)


PokerStars Hand #145803659610:  Hold'em Limit ($3/$6 USD) - 2015/12/23 13:45:55 ET
Table 'Bharani II' 2-max Seat #1 is the button
Seat 1: wakeup18 ($59.02 in chips)
Seat 2: KRAPOVICHEK ($312.95 in chips)
wakeup18: posts small blind $1
KRAPOVICHEK: posts big blind $3
*** HOLE CARDS ***
wakeup18: raises $3 to $6
KRAPOVICHEK: calls $3
*** FLOP *** [5d Js Ah]
KRAPOVICHEK: checks
wakeup18: bets $3
KRAPOVICHEK: folds
Uncalled bet ($3) returned to wakeup18
wakeup18 collected $11.76 from pot
wakeup18: doesn't show hand
*** SUMMARY ***
Total pot $12 | Rake $0.24
Board [5d Js Ah]
Seat 1: wakeup18 (button) (small blind) collected ($11.76)
Seat 2: KRAPOVICHEK (big blind) folded on the Flop


PokerStars Hand #145803712689:  Hold'em Limit ($3/$6 USD) - 2015/12/23 13:46:50 ET
Table 'Bharani II' 2-max Seat #1 is the button
Seat 1: wakeup18 ($127.17 in chips)
Seat 2: KRAPOVICHEK ($303.46 in chips)
wakeup18: posts small blind $1
KRAPOVICHEK: posts big blind $3
*** HOLE CARDS ***
wakeup18: raises $3 to $6
KRAPOVICHEK: calls $3
*** FLOP *** [6c Qd 4c]
KRAPOVICHEK: checks
wakeup18: bets $3
KRAPOVICHEK: calls $3
*** TURN *** [6c Qd 4c] [Ac]
KRAPOVICHEK: checks
wakeup18: checks
*** RIVER *** [6c Qd 4c Ac] [Kd]
KRAPOVICHEK: checks
wakeup18: checks
*** SHOW DOWN ***
KRAPOVICHEK: shows [8s 5c] (high card Ace)
wakeup18: shows [Jd 2d] (high card Ace - King+Queen+Jack kicker)
wakeup18 collected $17.64 from pot
*** SUMMARY ***
Total pot $18 | Rake $0.36
Board [6c Qd 4c Ac Kd]
Seat 1: wakeup18 (button) (small blind) showed [Jd 2d] and won ($17.64) with high card Ace
Seat 2: KRAPOVICHEK (big blind) showed [8s 5c] and lost with high card Ace


PokerStars Hand #145803751122:  Hold'em Limit ($3/$6 USD) - 2015/12/23 13:47:30 ET
Table 'Bharani II' 2-max Seat #2 is the button
Seat 1: wakeup18 ($117.81 in chips)
Seat 2: KRAPOVICHEK ($311.74 in chips)
KRAPOVICHEK: posts small blind $1
wakeup18: posts big blind $3
*** HOLE CARDS ***
KRAPOVICHEK: folds
Uncalled bet ($2) returned to wakeup18
wakeup18 collected $2 from pot
wakeup18: doesn't show hand
*** SUMMARY ***
Total pot $2 | Rake $0
Seat 1: wakeup18 (big blind) collected ($2)
Seat 2: KRAPOVICHEK (button) (small blind) folded before Flop


PokerStars Hand #145803698855:  Hold'em Limit ($3/$6 USD) - 2015/12/23 13:46:36 ET
Table 'Bharani II' 2-max Seat #2 is the button
Seat 1: wakeup18 ($118.53 in chips)
Seat 2: KRAPOVICHEK ($312.46 in chips)
KRAPOVICHEK: posts small blind $1
wakeup18: posts big blind $3
*** HOLE CARDS ***
KRAPOVICHEK: raises $3 to $6
wakeup18: calls $3
*** FLOP *** [Tc 9d 6d]
wakeup18: checks
KRAPOVICHEK: bets $3
wakeup18: calls $3
*** TURN *** [Tc 9d 6d] [Qd]
wakeup18: checks
KRAPOVICHEK: checks
*** RIVER *** [Tc 9d 6d Qd] [5d]
wakeup18: bets $6
KRAPOVICHEK: folds
Uncalled bet ($6) returned to wakeup18
wakeup18 collected $17.64 from pot
wakeup18: doesn't show hand
*** SUMMARY ***
Total pot $18 | Rake $0.36
Board [Tc 9d 6d Qd 5d]
Seat 1: wakeup18 (big blind) collected ($17.64)
Seat 2: KRAPOVICHEK (button) (small blind) folded on the River


PokerStars Hand #145803741041:  Hold'em Limit ($3/$6 USD) - 2015/12/23 13:47:20 ET
Table 'Bharani II' 2-max Seat #1 is the button
Seat 1: wakeup18 ($126.81 in chips)
Seat 2: KRAPOVICHEK ($303.10 in chips)
wakeup18: posts small blind $1
KRAPOVICHEK: posts big blind $3
*** HOLE CARDS ***
wakeup18: raises $3 to $6
KRAPOVICHEK: raises $3 to $9
wakeup18: calls $3
*** FLOP *** [Js 2c Ts]
KRAPOVICHEK: bets $3
wakeup18: folds
Uncalled bet ($3) returned to KRAPOVICHEK
KRAPOVICHEK collected $17.64 from pot
KRAPOVICHEK: doesn't show hand
*** SUMMARY ***
Total pot $18 | Rake $0.36
Board [Js 2c Ts]
Seat 1: wakeup18 (button) (small blind) folded on the Flop
Seat 2: KRAPOVICHEK (big blind) collected ($17.64)


PokerStars Hand #145803726985:  Hold'em Limit ($3/$6 USD) - 2015/12/23 13:47:05 ET
Table 'Bharani II' 2-max Seat #2 is the button
Seat 1: wakeup18 ($135.81 in chips)
Seat 2: KRAPOVICHEK ($294.46 in chips)
KRAPOVICHEK: posts small blind $1
wakeup18: posts big blind $3
*** HOLE CARDS ***
KRAPOVICHEK: raises $3 to $6
wakeup18: calls $3
*** FLOP *** [Ts 7c Jc]
wakeup18: checks
KRAPOVICHEK: bets $3
wakeup18: calls $3
*** TURN *** [Ts 7c Jc] [Qh]
wakeup18: checks
KRAPOVICHEK: bets $6
wakeup18: folds
Uncalled bet ($6) returned to KRAPOVICHEK
KRAPOVICHEK collected $17.64 from pot
KRAPOVICHEK: doesn't show hand
*** SUMMARY ***
Total pot $18 | Rake $0.36
Board [Ts 7c Jc Qh]
Seat 1: wakeup18 (big blind) folded on the Turn
Seat 2: KRAPOVICHEK (button) (small blind) collected ($17.64)


PokerStars Hand #145803778104:  Hold'em Limit ($3/$6 USD) - 2015/12/23 13:47:59 ET
Table 'Bharani II' 2-max Seat #2 is the button
Seat 1: wakeup18 ($117.57 in chips)
Seat 2: KRAPOVICHEK ($311.50 in chips)
KRAPOVICHEK: posts small blind $1
wakeup18: posts big blind $3
*** HOLE CARDS ***
KRAPOVICHEK: folds
Uncalled bet ($2) returned to wakeup18
wakeup18 collected $2 from pot
wakeup18: doesn't show hand
*** SUMMARY ***
Total pot $2 | Rake $0
Seat 1: wakeup18 (big blind) collected ($2)
Seat 2: KRAPOVICHEK (button) (small blind) folded before Flop


PokerStars Hand #145803773150:  Hold'em Limit ($3/$6 USD) - 2015/12/23 13:47:53 ET
Table 'Bharani II' 2-max Seat #1 is the button
Seat 1: wakeup18 ($118.57 in chips)
Seat 2: KRAPOVICHEK ($310.50 in chips)
wakeup18: posts small blind $1
KRAPOVICHEK: posts big blind $3
*** HOLE CARDS ***
wakeup18: folds
Uncalled bet ($2) returned to KRAPOVICHEK
KRAPOVICHEK collected $2 from pot
KRAPOVICHEK: doesn't show hand
*** SUMMARY ***
Total pot $2 | Rake $0
Seat 1: wakeup18 (button) (small blind) folded before Flop
Seat 2: KRAPOVICHEK (big blind) collected ($2)


PokerStars Hand #145803764813:  Hold'em Limit ($3/$6 USD) - 2015/12/23 13:47:45 ET
Table 'Bharani II' 2-max Seat #2 is the button
Seat 1: wakeup18 ($124.57 in chips)
Seat 2: KRAPOVICHEK ($304.74 in chips)
KRAPOVICHEK: posts small blind $1
wakeup18: posts big blind $3
*** HOLE CARDS ***
KRAPOVICHEK: raises $3 to $6
wakeup18: calls $3
*** FLOP *** [9h 8c Jc]
wakeup18: checks
KRAPOVICHEK: bets $3
wakeup18: folds
Uncalled bet ($3) returned to KRAPOVICHEK
KRAPOVICHEK collected $11.76 from pot
KRAPOVICHEK: doesn't show hand
*** SUMMARY ***
Total pot $12 | Rake $0.24
Board [9h 8c Jc]
Seat 1: wakeup18 (big blind) folded on the Flop
Seat 2: KRAPOVICHEK (button) (small blind) collected ($11.76)


PokerStars Hand #145803755673:  Hold'em Limit ($3/$6 USD) - 2015/12/23 13:47:35 ET
Table 'Bharani II' 2-max Seat #1 is the button
Seat 1: wakeup18 ($118.81 in chips)
Seat 2: KRAPOVICHEK ($310.74 in chips)
wakeup18: posts small blind $1
KRAPOVICHEK: posts big blind $3
*** HOLE CARDS ***
wakeup18: raises $3 to $6
KRAPOVICHEK: calls $3
*** FLOP *** [Ad Qs Jh]
KRAPOVICHEK: checks
wakeup18: bets $3
KRAPOVICHEK: folds
Uncalled bet ($3) returned to wakeup18
wakeup18 collected $11.76 from pot
wakeup18: doesn't show hand
*** SUMMARY ***
Total pot $12 | Rake $0.24
Board [Ad Qs Jh]
Seat 1: wakeup18 (button) (small blind) collected ($11.76)
Seat 2: KRAPOVICHEK (big blind) folded on the Flop


PokerStars Hand #145803782946:  Hold'em Limit ($3/$6 USD) - 2015/12/23 13:48:04 ET
Table 'Bharani II' 2-max Seat #1 is the button
Seat 1: wakeup18 ($118.57 in chips)
Seat 2: KRAPOVICHEK ($310.50 in chips)
wakeup18: posts small blind $1
KRAPOVICHEK: posts big blind $3
*** HOLE CARDS ***
wakeup18: folds
Uncalled bet ($2) returned to KRAPOVICHEK
KRAPOVICHEK collected $2 from pot
KRAPOVICHEK: doesn't show hand
*** SUMMARY ***
Total pot $2 | Rake $0
Seat 1: wakeup18 (button) (small blind) folded before Flop
Seat 2: KRAPOVICHEK (big blind) collected ($2)


PokerStars Hand #145803806006:  Hold'em Limit ($3/$6 USD) - 2015/12/23 13:48:28 ET
Table 'Bharani II' 2-max Seat #2 is the button
Seat 1: wakeup18 ($131.97 in chips)
Seat 2: KRAPOVICHEK ($296.50 in chips)
KRAPOVICHEK: posts small blind $1
wakeup18: posts big blind $3
*** HOLE CARDS ***
KRAPOVICHEK: folds
Uncalled bet ($2) returned to wakeup18
wakeup18 collected $2 from pot
wakeup18: doesn't show hand
*** SUMMARY ***
Total pot $2 | Rake $0
Seat 1: wakeup18 (big blind) collected ($2)
Seat 2: KRAPOVICHEK (button) (small blind) folded before Flop


PokerStars Hand #145803796864:  Hold'em Limit ($3/$6 USD) - 2015/12/23 13:48:18 ET
Table 'Bharani II' 2-max Seat #1 is the button
Seat 1: wakeup18 ($126.21 in chips)
Seat 2: KRAPOVICHEK ($302.50 in chips)
wakeup18: posts small blind $1
KRAPOVICHEK: posts big blind $3
*** HOLE CARDS ***
wakeup18: raises $3 to $6
KRAPOVICHEK: calls $3
*** FLOP *** [Jh 7s Kc]
KRAPOVICHEK: checks
wakeup18: bets $3
KRAPOVICHEK: folds
Uncalled bet ($3) returned to wakeup18
wakeup18 collected $11.76 from pot
wakeup18: doesn't show hand
*** SUMMARY ***
Total pot $12 | Rake $0.24
Board [Jh 7s Kc]
Seat 1: wakeup18 (button) (small blind) collected ($11.76)
Seat 2: KRAPOVICHEK (big blind) folded on the Flop


PokerStars Hand #145803787799:  Hold'em Limit ($3/$6 USD) - 2015/12/23 13:48:09 ET
Table 'Bharani II' 2-max Seat #2 is the button
Seat 1: wakeup18 ($117.57 in chips)
Seat 2: KRAPOVICHEK ($311.50 in chips)
KRAPOVICHEK: posts small blind $1
wakeup18: posts big blind $3
*** HOLE CARDS ***
KRAPOVICHEK: raises $3 to $6
wakeup18: raises $3 to $9
KRAPOVICHEK: calls $3
*** FLOP *** [8d 3d Qc]
wakeup18: bets $3
KRAPOVICHEK: folds
Uncalled bet ($3) returned to wakeup18
wakeup18 collected $17.64 from pot
wakeup18: doesn't show hand
*** SUMMARY ***
Total pot $18 | Rake $0.36
Board [8d 3d Qc]
Seat 1: wakeup18 (big blind) collected ($17.64)
Seat 2: KRAPOVICHEK (button) (small blind) folded on the Flop


PokerStars Hand #145803842661:  Hold'em Limit ($3/$6 USD) - 2015/12/23 13:49:07 ET
Table 'Bharani II' 2-max Seat #2 is the button
Seat 1: wakeup18 ($139.47 in chips)
Seat 2: KRAPOVICHEK ($288.14 in chips)
KRAPOVICHEK: posts small blind $1
wakeup18: posts big blind $3
*** HOLE CARDS ***
KRAPOVICHEK: folds
Uncalled bet ($2) returned to wakeup18
wakeup18 collected $2 from pot
wakeup18: doesn't show hand
*** SUMMARY ***
Total pot $2 | Rake $0
Seat 1: wakeup18 (big blind) collected ($2)
Seat 2: KRAPOVICHEK (button) (small blind) folded before Flop


PokerStars Hand #145803828800:  Hold'em Limit ($3/$6 USD) - 2015/12/23 13:48:52 ET
Table 'Bharani II' 2-max Seat #1 is the button
Seat 1: wakeup18 ($148.47 in chips)
Seat 2: KRAPOVICHEK ($279.50 in chips)
wakeup18: posts small blind $1
KRAPOVICHEK: posts big blind $3
*** HOLE CARDS ***
wakeup18: raises $3 to $6
KRAPOVICHEK: calls $3
*** FLOP *** [Kh 5c 9c]
KRAPOVICHEK: checks
wakeup18: bets $3
KRAPOVICHEK: calls $3
*** TURN *** [Kh 5c 9c] [7h]
KRAPOVICHEK: checks
wakeup18: checks
*** RIVER *** [Kh 5c 9c 7h] [2s]
KRAPOVICHEK: bets $6
wakeup18: folds
Uncalled bet ($6) returned to KRAPOVICHEK
KRAPOVICHEK collected $17.64 from pot
KRAPOVICHEK: doesn't show hand
*** SUMMARY ***
Total pot $18 | Rake $0.36
Board [Kh 5c 9c 7h 2s]
Seat 1: wakeup18 (button) (small blind) folded on the River
Seat 2: KRAPOVICHEK (big blind) collected ($17.64)


PokerStars Hand #145803824289:  Hold'em Limit ($3/$6 USD) - 2015/12/23 13:48:47 ET
Table 'Bharani II' 2-max Seat #2 is the button
Seat 1: wakeup18 ($147.47 in chips)
Seat 2: KRAPOVICHEK ($280.50 in chips)
KRAPOVICHEK: posts small blind $1
wakeup18: posts big blind $3
*** HOLE CARDS ***
KRAPOVICHEK: folds
Uncalled bet ($2) returned to wakeup18
wakeup18 collected $2 from pot
wakeup18: doesn't show hand
*** SUMMARY ***
Total pot $2 | Rake $0
Seat 1: wakeup18 (big blind) collected ($2)
Seat 2: KRAPOVICHEK (button) (small blind) folded before Flop


PokerStars Hand #145803810990:  Hold'em Limit ($3/$6 USD) - 2015/12/23 13:48:33 ET
Table 'Bharani II' 2-max Seat #1 is the button
Seat 1: wakeup18 ($132.97 in chips)
Seat 2: KRAPOVICHEK ($295.50 in chips)
wakeup18: posts small blind $1
KRAPOVICHEK: posts big blind $3
*** HOLE CARDS ***
wakeup18: raises $3 to $6
KRAPOVICHEK: calls $3
*** FLOP *** [3h Qc 7c]
KRAPOVICHEK: checks
wakeup18: bets $3
KRAPOVICHEK: calls $3
*** TURN *** [3h Qc 7c] [Qs]
KRAPOVICHEK: checks
wakeup18: checks
*** RIVER *** [3h Qc 7c Qs] [Qd]
KRAPOVICHEK: bets $6
wakeup18: calls $6
*** SHOW DOWN ***
KRAPOVICHEK: shows [4h Kh] (three of a kind, Queens)
wakeup18: shows [2h As] (three of a kind, Queens - Ace kicker)
wakeup18 collected $29.50 from pot
*** SUMMARY ***
Total pot $30 | Rake $0.50
Board [3h Qc 7c Qs Qd]
Seat 1: wakeup18 (button) (small blind) showed [2h As] and won ($29.50) with three of a kind, Queens
Seat 2: KRAPOVICHEK (big blind) showed [4h Kh] and lost with three of a kind, Queens


PokerStars Hand #145803865473:  Hold'em Limit ($3/$6 USD) - 2015/12/23 13:49:31 ET
Table 'Bharani II' 2-max Seat #2 is the button
Seat 1: wakeup18 ($110.47 in chips)
Seat 2: KRAPOVICHEK ($316.64 in chips)
KRAPOVICHEK: posts small blind $1
wakeup18: posts big blind $3
*** HOLE CARDS ***
KRAPOVICHEK: raises $3 to $6
wakeup18: calls $3
*** FLOP *** [Qc Ac Ad]
wakeup18: checks
KRAPOVICHEK: bets $3
wakeup18: folds
Uncalled bet ($3) returned to KRAPOVICHEK
KRAPOVICHEK collected $11.76 from pot
KRAPOVICHEK: doesn't show hand
*** SUMMARY ***
Total pot $12 | Rake $0.24
Board [Qc Ac Ad]
Seat 1: wakeup18 (big blind) folded on the Flop
Seat 2: KRAPOVICHEK (button) (small blind) collected ($11.76)


PokerStars Hand #145803847923:  Hold'em Limit ($3/$6 USD) - 2015/12/23 13:49:12 ET
Table 'Bharani II' 2-max Seat #1 is the button
Seat 1: wakeup18 ($140.47 in chips)
Seat 2: KRAPOVICHEK ($287.14 in chips)
wakeup18: posts small blind $1
KRAPOVICHEK: posts big blind $3
*** HOLE CARDS ***
wakeup18: raises $3 to $6
KRAPOVICHEK: raises $3 to $9
wakeup18: calls $3
*** FLOP *** [3d Jh Jc]
KRAPOVICHEK: bets $3
wakeup18: calls $3
*** TURN *** [3d Jh Jc] [6d]
KRAPOVICHEK: bets $6
wakeup18: raises $6 to $12
KRAPOVICHEK: calls $6
*** RIVER *** [3d Jh Jc 6d] [2c]
KRAPOVICHEK: checks
wakeup18: bets $6
KRAPOVICHEK: calls $6
*** SHOW DOWN ***
wakeup18: shows [6s 5d] (two pair, Jacks and Sixes)
KRAPOVICHEK: shows [9h 9c] (two pair, Jacks and Nines)
KRAPOVICHEK collected $59.50 from pot
*** SUMMARY ***
Total pot $60 | Rake $0.50
Board [3d Jh Jc 6d 2c]
Seat 1: wakeup18 (button) (small blind) showed [6s 5d] and lost with two pair, Jacks and Sixes
Seat 2: KRAPOVICHEK (big blind) showed [9h 9c] and won ($59.50) with two pair, Jacks and Nines


PokerStars Hand #145803888368:  Hold'em Limit ($3/$6 USD) - 2015/12/23 13:49:55 ET
Table 'Bharani II' 2-max Seat #1 is the button
Seat 1: wakeup18 ($111.23 in chips)
Seat 2: KRAPOVICHEK ($315.40 in chips)
wakeup18: posts small blind $1
KRAPOVICHEK: posts big blind $3
*** HOLE CARDS ***
wakeup18: raises $3 to $6
KRAPOVICHEK: calls $3
*** FLOP *** [Ad Th Kd]
KRAPOVICHEK: checks
wakeup18: bets $3
KRAPOVICHEK: calls $3
*** TURN *** [Ad Th Kd] [Kc]
KRAPOVICHEK: checks
wakeup18: checks
*** RIVER *** [Ad Th Kd Kc] [3h]
KRAPOVICHEK: bets $6
wakeup18: calls $6
*** SHOW DOWN ***
KRAPOVICHEK: shows [As 4d] (two pair, Aces and Kings)
wakeup18: mucks hand
KRAPOVICHEK collected $29.50 from pot
*** SUMMARY ***
Total pot $30 | Rake $0.50
Board [Ad Th Kd Kc 3h]
Seat 1: wakeup18 (button) (small blind) mucked
Seat 2: KRAPOVICHEK (big blind) showed [As 4d] and won ($29.50) with two pair, Aces and Kings


PokerStars Hand #145803883837:  Hold'em Limit ($3/$6 USD) - 2015/12/23 13:49:50 ET
Table 'Bharani II' 2-max Seat #2 is the button
Seat 1: wakeup18 ($110.23 in chips)
Seat 2: KRAPOVICHEK ($316.40 in chips)
KRAPOVICHEK: posts small blind $1
wakeup18: posts big blind $3
*** HOLE CARDS ***
KRAPOVICHEK: folds
Uncalled bet ($2) returned to wakeup18
wakeup18 collected $2 from pot
wakeup18: doesn't show hand
*** SUMMARY ***
Total pot $2 | Rake $0
Seat 1: wakeup18 (big blind) collected ($2)
Seat 2: KRAPOVICHEK (button) (small blind) folded before Flop


PokerStars Hand #145803874670:  Hold'em Limit ($3/$6 USD) - 2015/12/23 13:49:41 ET
Table 'Bharani II' 2-max Seat #1 is the button
Seat 1: wakeup18 ($104.47 in chips)
Seat 2: KRAPOVICHEK ($322.40 in chips)
wakeup18: posts small blind $1
KRAPOVICHEK: posts big blind $3
*** HOLE CARDS ***
wakeup18: raises $3 to $6
KRAPOVICHEK: calls $3
*** FLOP *** [Qc 3c 8d]
KRAPOVICHEK: checks
wakeup18: bets $3
KRAPOVICHEK: folds
Uncalled bet ($3) returned to wakeup18
wakeup18 collected $11.76 from pot
wakeup18: doesn't show hand
*** SUMMARY ***
Total pot $12 | Rake $0.24
Board [Qc 3c 8d]
Seat 1: wakeup18 (button) (small blind) collected ($11.76)
Seat 2: KRAPOVICHEK (big blind) folded on the Flop


PokerStars Hand #145803907935:  Hold'em Limit ($3/$6 USD) - 2015/12/23 13:50:16 ET
Table 'Bharani II' 2-max Seat #1 is the button
Seat 1: wakeup18 ($93.23 in chips)
Seat 2: KRAPOVICHEK ($332.90 in chips)
wakeup18: posts small blind $1
KRAPOVICHEK: posts big blind $3
*** HOLE CARDS ***
wakeup18: raises $3 to $6
KRAPOVICHEK: raises $3 to $9
wakeup18: calls $3
*** FLOP *** [9h Tc Ts]
KRAPOVICHEK: bets $3
wakeup18: calls $3
*** TURN *** [9h Tc Ts] [9d]
KRAPOVICHEK: bets $6
wakeup18: calls $6
*** RIVER *** [9h Tc Ts 9d] [Td]
KRAPOVICHEK: bets $6
wakeup18: calls $6
*** SHOW DOWN ***
KRAPOVICHEK: shows [Qd Jc] (a full house, Tens full of Nines)
wakeup18: shows [Jh 8h] (a full house, Tens full of Nines)
KRAPOVICHEK collected $23.75 from pot
wakeup18 collected $23.75 from pot
*** SUMMARY ***
Total pot $48 | Rake $0.50
Board [9h Tc Ts 9d Td]
Seat 1: wakeup18 (button) (small blind) showed [Jh 8h] and won ($23.75) with a full house, Tens full of Nines
Seat 2: KRAPOVICHEK (big blind) showed [Qd Jc] and won ($23.75) with a full house, Tens full of Nines


PokerStars Hand #145803902871:  Hold'em Limit ($3/$6 USD) - 2015/12/23 13:50:11 ET
Table 'Bharani II' 2-max Seat #2 is the button
Seat 1: wakeup18 ($96.23 in chips)
Seat 2: KRAPOVICHEK ($329.90 in chips)
KRAPOVICHEK: posts small blind $1
wakeup18: posts big blind $3
*** HOLE CARDS ***
KRAPOVICHEK: raises $3 to $6
wakeup18: folds
Uncalled bet ($3) returned to KRAPOVICHEK
KRAPOVICHEK collected $6 from pot
KRAPOVICHEK: doesn't show hand
*** SUMMARY ***
Total pot $6 | Rake $0
Seat 1: wakeup18 (big blind) folded before Flop
Seat 2: KRAPOVICHEK (button) (small blind) collected ($6)


PokerStars Hand #145803976819:  Hold'em Limit ($3/$6 USD) - 2015/12/23 13:51:29 ET
Table 'Bharani II' 2-max Seat #2 is the button
Seat 1: wakeup18 ($85.48 in chips)
Seat 2: KRAPOVICHEK ($339.15 in chips)
KRAPOVICHEK: posts small blind $1
wakeup18: posts big blind $3
*** HOLE CARDS ***
KRAPOVICHEK: raises $3 to $6
wakeup18: calls $3
*** FLOP *** [2d 2s Ks]
wakeup18: checks
KRAPOVICHEK: checks
*** TURN *** [2d 2s Ks] [8c]
wakeup18: checks
KRAPOVICHEK: checks
*** RIVER *** [2d 2s Ks 8c] [7d]
wakeup18: checks
KRAPOVICHEK: checks
*** SHOW DOWN ***
wakeup18: shows [3s Ts] (a pair of Deuces)
KRAPOVICHEK: shows [6h Th] (a pair of Deuces)
wakeup18 collected $5.88 from pot
KRAPOVICHEK collected $5.88 from pot
*** SUMMARY ***
Total pot $12 | Rake $0.24
Board [2d 2s Ks 8c 7d]
Seat 1: wakeup18 (big blind) showed [3s Ts] and won ($5.88) with a pair of Deuces
Seat 2: KRAPOVICHEK (button) (small blind) showed [6h Th] and won ($5.88) with a pair of Deuces


PokerStars Hand #145803944287:  Hold'em Limit ($3/$6 USD) - 2015/12/23 13:50:54 ET
Table 'Bharani II' 2-max Seat #2 is the button
Seat 1: wakeup18 ($65.98 in chips)
Seat 2: KRAPOVICHEK ($359.15 in chips)
KRAPOVICHEK: posts small blind $1
wakeup18: posts big blind $3
*** HOLE CARDS ***
KRAPOVICHEK: raises $3 to $6
wakeup18: calls $3
*** FLOP *** [Qd 2s 5h]
wakeup18: checks
KRAPOVICHEK: bets $3
wakeup18: calls $3
*** TURN *** [Qd 2s 5h] [Kc]
wakeup18: checks
KRAPOVICHEK: bets $6
wakeup18: calls $6
*** RIVER *** [Qd 2s 5h Kc] [Td]
wakeup18: checks
KRAPOVICHEK: bets $6
wakeup18: calls $6
*** SHOW DOWN ***
KRAPOVICHEK: shows [Jc Jd] (a pair of Jacks)
wakeup18: shows [Qh 8c] (a pair of Queens)
wakeup18 collected $41.50 from pot
*** SUMMARY ***
Total pot $42 | Rake $0.50
Board [Qd 2s 5h Kc Td]
Seat 1: wakeup18 (big blind) showed [Qh 8c] and won ($41.50) with a pair of Queens
Seat 2: KRAPOVICHEK (button) (small blind) showed [Jc Jd] and lost with a pair of Jacks


PokerStars Hand #145803938853:  Hold'em Limit ($3/$6 USD) - 2015/12/23 13:50:49 ET
Table 'Bharani II' 2-max Seat #1 is the button
Seat 1: wakeup18 ($62.98 in chips)
Seat 2: KRAPOVICHEK ($362.15 in chips)
wakeup18: posts small blind $1
KRAPOVICHEK: posts big blind $3
*** HOLE CARDS ***
wakeup18: raises $3 to $6
KRAPOVICHEK: folds
Uncalled bet ($3) returned to wakeup18
wakeup18 collected $6 from pot
wakeup18: doesn't show hand
*** SUMMARY ***
Total pot $6 | Rake $0
Seat 1: wakeup18 (button) (small blind) collected ($6)
Seat 2: KRAPOVICHEK (big blind) folded before Flop


PokerStars Hand #145803921034:  Hold'em Limit ($3/$6 USD) - 2015/12/23 13:50:30 ET
Table 'Bharani II' 2-max Seat #2 is the button
Seat 1: wakeup18 ($92.98 in chips)
Seat 2: KRAPOVICHEK ($332.65 in chips)
KRAPOVICHEK: posts small blind $1
wakeup18: posts big blind $3
*** HOLE CARDS ***
KRAPOVICHEK: raises $3 to $6
wakeup18: calls $3
*** FLOP *** [5s 5h 3d]
wakeup18: checks
KRAPOVICHEK: bets $3
wakeup18: raises $3 to $6
KRAPOVICHEK: calls $3
*** TURN *** [5s 5h 3d] [4h]
wakeup18: bets $6
KRAPOVICHEK: calls $6
*** RIVER *** [5s 5h 3d 4h] [Th]
wakeup18: bets $6
KRAPOVICHEK: raises $6 to $12
wakeup18: calls $6
*** SHOW DOWN ***
KRAPOVICHEK: shows [Kh 2h] (a flush, King high)
wakeup18: mucks hand
KRAPOVICHEK collected $59.50 from pot
*** SUMMARY ***
Total pot $60 | Rake $0.50
Board [5s 5h 3d 4h Th]
Seat 1: wakeup18 (big blind) mucked
Seat 2: KRAPOVICHEK (button) (small blind) showed [Kh 2h] and won ($59.50) with a flush, King high


PokerStars Hand #145803971660:  Hold'em Limit ($3/$6 USD) - 2015/12/23 13:51:24 ET
Table 'Bharani II' 2-max Seat #1 is the button
Seat 1: wakeup18 ($82.48 in chips)
Seat 2: KRAPOVICHEK ($342.15 in chips)
wakeup18: posts small blind $1
KRAPOVICHEK: posts big blind $3
*** HOLE CARDS ***
wakeup18: raises $3 to $6
KRAPOVICHEK: folds
Uncalled bet ($3) returned to wakeup18
wakeup18 collected $6 from pot
wakeup18: doesn't show hand
*** SUMMARY ***
Total pot $6 | Rake $0
Seat 1: wakeup18 (button) (small blind) collected ($6)
Seat 2: KRAPOVICHEK (big blind) folded before Flop


PokerStars Hand #145803966408:  Hold'em Limit ($3/$6 USD) - 2015/12/23 13:51:18 ET
Table 'Bharani II' 2-max Seat #2 is the button
Seat 1: wakeup18 ($85.48 in chips)
Seat 2: KRAPOVICHEK ($339.15 in chips)
KRAPOVICHEK: posts small blind $1
wakeup18: posts big blind $3
*** HOLE CARDS ***
KRAPOVICHEK: raises $3 to $6
wakeup18: folds
Uncalled bet ($3) returned to KRAPOVICHEK
KRAPOVICHEK collected $6 from pot
KRAPOVICHEK: doesn't show hand
*** SUMMARY ***
Total pot $6 | Rake $0
Seat 1: wakeup18 (big blind) folded before Flop
Seat 2: KRAPOVICHEK (button) (small blind) collected ($6)


PokerStars Hand #145803962163:  Hold'em Limit ($3/$6 USD) - 2015/12/23 13:51:14 ET
Table 'Bharani II' 2-max Seat #1 is the button
Seat 1: wakeup18 ($86.48 in chips)
Seat 2: KRAPOVICHEK ($338.15 in chips)
wakeup18: posts small blind $1
KRAPOVICHEK: posts big blind $3
*** HOLE CARDS ***
wakeup18: folds
Uncalled bet ($2) returned to KRAPOVICHEK
KRAPOVICHEK collected $2 from pot
KRAPOVICHEK: doesn't show hand
*** SUMMARY ***
Total pot $2 | Rake $0
Seat 1: wakeup18 (button) (small blind) folded before Flop
Seat 2: KRAPOVICHEK (big blind) collected ($2)


PokerStars Hand #145803995849:  Hold'em Limit ($3/$6 USD) - 2015/12/23 13:51:49 ET
Table 'Bharani II' 2-max Seat #2 is the button
Seat 1: wakeup18 ($88.36 in chips)
Seat 2: KRAPOVICHEK ($336.03 in chips)
KRAPOVICHEK: posts small blind $1
wakeup18: posts big blind $3
*** HOLE CARDS ***
KRAPOVICHEK: raises $3 to $6
wakeup18: folds
Uncalled bet ($3) returned to KRAPOVICHEK
KRAPOVICHEK collected $6 from pot
KRAPOVICHEK: doesn't show hand
*** SUMMARY ***
Total pot $6 | Rake $0
Seat 1: wakeup18 (big blind) folded before Flop
Seat 2: KRAPOVICHEK (button) (small blind) collected ($6)


PokerStars Hand #145803989619:  Hold'em Limit ($3/$6 USD) - 2015/12/23 13:51:43 ET
Table 'Bharani II' 2-max Seat #1 is the button
Seat 1: wakeup18 ($85.36 in chips)
Seat 2: KRAPOVICHEK ($339.03 in chips)
wakeup18: posts small blind $1
KRAPOVICHEK: posts big blind $3
*** HOLE CARDS ***
wakeup18: raises $3 to $6
KRAPOVICHEK: folds
Uncalled bet ($3) returned to wakeup18
wakeup18 collected $6 from pot
wakeup18: doesn't show hand
*** SUMMARY ***
Total pot $6 | Rake $0
Seat 1: wakeup18 (button) (small blind) collected ($6)
Seat 2: KRAPOVICHEK (big blind) folded before Flop


PokerStars Hand #145804028920:  Hold'em Limit ($3/$6 USD) - 2015/12/23 13:52:25 ET
Table 'Bharani II' 2-max Seat #2 is the button
Seat 1: wakeup18 ($109.62 in chips)
Seat 2: KRAPOVICHEK ($314.03 in chips)
KRAPOVICHEK: posts small blind $1
wakeup18: posts big blind $3
*** HOLE CARDS ***
KRAPOVICHEK: raises $3 to $6
wakeup18: calls $3
*** FLOP *** [Th 6d 4s]
wakeup18: checks
KRAPOVICHEK: bets $3
wakeup18: calls $3
*** TURN *** [Th 6d 4s] [Jc]
wakeup18: checks
KRAPOVICHEK: checks
*** RIVER *** [Th 6d 4s Jc] [5h]
wakeup18: bets $6
KRAPOVICHEK: calls $6
*** SHOW DOWN ***
wakeup18: shows [7h Js] (a pair of Jacks)
KRAPOVICHEK: mucks hand
wakeup18 collected $29.50 from pot
*** SUMMARY ***
Total pot $30 | Rake $0.50
Board [Th 6d 4s Jc 5h]
Seat 1: wakeup18 (big blind) showed [7h Js] and won ($29.50) with a pair of Jacks
Seat 2: KRAPOVICHEK (button) (small blind) mucked


PokerStars Hand #145804020693:  Hold'em Limit ($3/$6 USD) - 2015/12/23 13:52:16 ET
Table 'Bharani II' 2-max Seat #1 is the button
Seat 1: wakeup18 ($103.86 in chips)
Seat 2: KRAPOVICHEK ($320.03 in chips)
wakeup18: posts small blind $1
KRAPOVICHEK: posts big blind $3
*** HOLE CARDS ***
wakeup18: raises $3 to $6
KRAPOVICHEK: calls $3
*** FLOP *** [Kh 5s 6s]
KRAPOVICHEK: checks
wakeup18: bets $3
KRAPOVICHEK: folds
Uncalled bet ($3) returned to wakeup18
wakeup18 collected $11.76 from pot
wakeup18: doesn't show hand
*** SUMMARY ***
Total pot $12 | Rake $0.24
Board [Kh 5s 6s]
Seat 1: wakeup18 (button) (small blind) collected ($11.76)
Seat 2: KRAPOVICHEK (big blind) folded on the Flop


PokerStars Hand #145804015923:  Hold'em Limit ($3/$6 USD) - 2015/12/23 13:52:11 ET
Table 'Bharani II' 2-max Seat #2 is the button
Seat 1: wakeup18 ($102.86 in chips)
Seat 2: KRAPOVICHEK ($321.03 in chips)
KRAPOVICHEK: posts small blind $1
wakeup18: posts big blind $3
*** HOLE CARDS ***
KRAPOVICHEK: folds
Uncalled bet ($2) returned to wakeup18
wakeup18 collected $2 from pot
wakeup18: doesn't show hand
*** SUMMARY ***
Total pot $2 | Rake $0
Seat 1: wakeup18 (big blind) collected ($2)
Seat 2: KRAPOVICHEK (button) (small blind) folded before Flop


PokerStars Hand #145804001245:  Hold'em Limit ($3/$6 USD) - 2015/12/23 13:51:55 ET
Table 'Bharani II' 2-max Seat #1 is the button
Seat 1: wakeup18 ($85.36 in chips)
Seat 2: KRAPOVICHEK ($339.03 in chips)
wakeup18: posts small blind $1
KRAPOVICHEK: posts big blind $3
*** HOLE CARDS ***
wakeup18: raises $3 to $6
KRAPOVICHEK: raises $3 to $9
wakeup18: calls $3
*** FLOP *** [6d Jd 4h]
KRAPOVICHEK: bets $3
wakeup18: calls $3
*** TURN *** [6d Jd 4h] [Tc]
KRAPOVICHEK: checks
wakeup18: checks
*** RIVER *** [6d Jd 4h Tc] [Kd]
KRAPOVICHEK: bets $6
wakeup18: calls $6
*** SHOW DOWN ***
KRAPOVICHEK: shows [2s As] (high card Ace)
wakeup18: shows [3c Ks] (a pair of Kings)
wakeup18 collected $35.50 from pot
*** SUMMARY ***
Total pot $36 | Rake $0.50
Board [6d Jd 4h Tc Kd]
Seat 1: wakeup18 (button) (small blind) showed [3c Ks] and won ($35.50) with a pair of Kings
Seat 2: KRAPOVICHEK (big blind) showed [2s As] and lost with high card Ace


PokerStars Hand #145804053431:  Hold'em Limit ($3/$6 USD) - 2015/12/23 13:52:52 ET
Table 'Bharani II' 2-max Seat #2 is the button
Seat 1: wakeup18 ($129.88 in chips)
Seat 2: KRAPOVICHEK ($293.03 in chips)
KRAPOVICHEK: posts small blind $1
wakeup18: posts big blind $3
*** HOLE CARDS ***
KRAPOVICHEK: raises $3 to $6
wakeup18: calls $3
*** FLOP *** [Tc 7d Ac]
wakeup18: checks
KRAPOVICHEK: checks
*** TURN *** [Tc 7d Ac] [Kh]
wakeup18: checks
KRAPOVICHEK: bets $6
wakeup18: folds
Uncalled bet ($6) returned to KRAPOVICHEK
KRAPOVICHEK collected $11.76 from pot
KRAPOVICHEK: doesn't show hand
*** SUMMARY ***
Total pot $12 | Rake $0.24
Board [Tc 7d Ac Kh]
Seat 1: wakeup18 (big blind) folded on the Turn
Seat 2: KRAPOVICHEK (button) (small blind) collected ($11.76)


PokerStars Hand #145804084859:  Hold'em Limit ($3/$6 USD) - 2015/12/23 13:53:26 ET
Table 'Bharani II' 2-max Seat #1 is the button
Seat 1: wakeup18 ($96.88 in chips)
Seat 2: KRAPOVICHEK ($325.29 in chips)
wakeup18: posts small blind $1
KRAPOVICHEK: posts big blind $3
*** HOLE CARDS ***
wakeup18: raises $3 to $6
KRAPOVICHEK: calls $3
*** FLOP *** [8s Th 7c]
KRAPOVICHEK: checks
wakeup18: bets $3
KRAPOVICHEK: calls $3
*** TURN *** [8s Th 7c] [4c]
KRAPOVICHEK: checks
wakeup18: checks
*** RIVER *** [8s Th 7c 4c] [2d]
KRAPOVICHEK: checks
wakeup18: checks
*** SHOW DOWN ***
KRAPOVICHEK: shows [5s Ah] (high card Ace)
wakeup18: mucks hand
KRAPOVICHEK collected $17.64 from pot
*** SUMMARY ***
Total pot $18 | Rake $0.36
Board [8s Th 7c 4c 2d]
Seat 1: wakeup18 (button) (small blind) mucked
Seat 2: KRAPOVICHEK (big blind) showed [5s Ah] and won ($17.64) with high card Ace


PokerStars Hand #145804044637:  Hold'em Limit ($3/$6 USD) - 2015/12/23 13:52:42 ET
Table 'Bharani II' 2-max Seat #1 is the button
Seat 1: wakeup18 ($124.12 in chips)
Seat 2: KRAPOVICHEK ($299.03 in chips)
wakeup18: posts small blind $1
KRAPOVICHEK: posts big blind $3
*** HOLE CARDS ***
wakeup18: raises $3 to $6
KRAPOVICHEK: calls $3
*** FLOP *** [Qh 5h 3h]
KRAPOVICHEK: checks
wakeup18: bets $3
KRAPOVICHEK: folds
Uncalled bet ($3) returned to wakeup18
wakeup18 collected $11.76 from pot
wakeup18: doesn't show hand
*** SUMMARY ***
Total pot $12 | Rake $0.24
Board [Qh 5h 3h]
Seat 1: wakeup18 (button) (small blind) collected ($11.76)
Seat 2: KRAPOVICHEK (big blind) folded on the Flop


PokerStars Hand #145804079440:  Hold'em Limit ($3/$6 USD) - 2015/12/23 13:53:20 ET
Table 'Bharani II' 2-max Seat #2 is the button
Seat 1: wakeup18 ($99.88 in chips)
Seat 2: KRAPOVICHEK ($322.29 in chips)
KRAPOVICHEK: posts small blind $1
wakeup18: posts big blind $3
*** HOLE CARDS ***
KRAPOVICHEK: raises $3 to $6
wakeup18: folds
Uncalled bet ($3) returned to KRAPOVICHEK
KRAPOVICHEK collected $6 from pot
KRAPOVICHEK: doesn't show hand
*** SUMMARY ***
Total pot $6 | Rake $0
Seat 1: wakeup18 (big blind) folded before Flop
Seat 2: KRAPOVICHEK (button) (small blind) collected ($6)


PokerStars Hand #145804064639:  Hold'em Limit ($3/$6 USD) - 2015/12/23 13:53:04 ET
Table 'Bharani II' 2-max Seat #1 is the button
Seat 1: wakeup18 ($123.88 in chips)
Seat 2: KRAPOVICHEK ($298.79 in chips)
wakeup18: posts small blind $1
KRAPOVICHEK: posts big blind $3
*** HOLE CARDS ***
wakeup18: raises $3 to $6
KRAPOVICHEK: calls $3
*** FLOP *** [Ah Qs Th]
KRAPOVICHEK: checks
wakeup18: bets $3
KRAPOVICHEK: raises $3 to $6
wakeup18: calls $3
*** TURN *** [Ah Qs Th] [2c]
KRAPOVICHEK: bets $6
wakeup18: raises $6 to $12
KRAPOVICHEK: raises $6 to $18
wakeup18: folds
Uncalled bet ($6) returned to KRAPOVICHEK
KRAPOVICHEK collected $47.50 from pot
KRAPOVICHEK: doesn't show hand
*** SUMMARY ***
Total pot $48 | Rake $0.50
Board [Ah Qs Th 2c]
Seat 1: wakeup18 (button) (small blind) folded on the Turn
Seat 2: KRAPOVICHEK (big blind) collected ($47.50)


PokerStars Hand #145804100271:  Hold'em Limit ($3/$6 USD) - 2015/12/23 13:53:42 ET
Table 'Bharani II' 2-max Seat #2 is the button
Seat 1: wakeup18 ($87.88 in chips)
Seat 2: KRAPOVICHEK ($333.93 in chips)
KRAPOVICHEK: posts small blind $1
wakeup18: posts big blind $3
*** HOLE CARDS ***
KRAPOVICHEK: folds
Uncalled bet ($2) returned to wakeup18
wakeup18 collected $2 from pot
wakeup18: doesn't show hand
*** SUMMARY ***
Total pot $2 | Rake $0
Seat 1: wakeup18 (big blind) collected ($2)
Seat 2: KRAPOVICHEK (button) (small blind) folded before Flop


PokerStars Hand #145804141128:  Hold'em Limit ($3/$6 USD) - 2015/12/23 13:54:27 ET
Table 'Bharani II' 2-max Seat #2 is the button
Seat 1: wakeup18 ($100.38 in chips)
Seat 2: KRAPOVICHEK ($320.45 in chips)
KRAPOVICHEK: posts small blind $1
wakeup18: posts big blind $3
*** HOLE CARDS ***
KRAPOVICHEK: folds
Uncalled bet ($2) returned to wakeup18
wakeup18 collected $2 from pot
wakeup18: doesn't show hand
*** SUMMARY ***
Total pot $2 | Rake $0
Seat 1: wakeup18 (big blind) collected ($2)
Seat 2: KRAPOVICHEK (button) (small blind) folded before Flop


PokerStars Hand #145804128237:  Hold'em Limit ($3/$6 USD) - 2015/12/23 13:54:13 ET
Table 'Bharani II' 2-max Seat #1 is the button
Seat 1: wakeup18 ($112.38 in chips)
Seat 2: KRAPOVICHEK ($308.93 in chips)
wakeup18: posts small blind $1
KRAPOVICHEK: posts big blind $3
*** HOLE CARDS ***
wakeup18: raises $3 to $6
KRAPOVICHEK: raises $3 to $9
wakeup18: calls $3
*** FLOP *** [9c Td Qc]
KRAPOVICHEK: bets $3
wakeup18: calls $3
*** TURN *** [9c Td Qc] [3s]
KRAPOVICHEK: checks
wakeup18: checks
*** RIVER *** [9c Td Qc 3s] [9h]
KRAPOVICHEK: bets $6
wakeup18: folds
Uncalled bet ($6) returned to KRAPOVICHEK
KRAPOVICHEK collected $23.52 from pot
KRAPOVICHEK: doesn't show hand
*** SUMMARY ***
Total pot $24 | Rake $0.48
Board [9c Td Qc 3s 9h]
Seat 1: wakeup18 (button) (small blind) folded on the River
Seat 2: KRAPOVICHEK (big blind) collected ($23.52)


PokerStars Hand #145804122924:  Hold'em Limit ($3/$6 USD) - 2015/12/23 13:54:07 ET
Table 'Bharani II' 2-max Seat #2 is the button
Seat 1: wakeup18 ($115.38 in chips)
Seat 2: KRAPOVICHEK ($305.93 in chips)
KRAPOVICHEK: posts small blind $1
wakeup18: posts big blind $3
*** HOLE CARDS ***
KRAPOVICHEK: raises $3 to $6
wakeup18: folds
Uncalled bet ($3) returned to KRAPOVICHEK
KRAPOVICHEK collected $6 from pot
KRAPOVICHEK: doesn't show hand
*** SUMMARY ***
Total pot $6 | Rake $0
Seat 1: wakeup18 (big blind) folded before Flop
Seat 2: KRAPOVICHEK (button) (small blind) collected ($6)


PokerStars Hand #145804104615:  Hold'em Limit ($3/$6 USD) - 2015/12/23 13:53:47 ET
Table 'Bharani II' 2-max Seat #1 is the button
Seat 1: wakeup18 ($88.88 in chips)
Seat 2: KRAPOVICHEK ($332.93 in chips)
wakeup18: posts small blind $1
KRAPOVICHEK: posts big blind $3
*** HOLE CARDS ***
wakeup18: raises $3 to $6
KRAPOVICHEK: calls $3
*** FLOP *** [7h 7s 5h]
KRAPOVICHEK: checks
wakeup18: bets $3
KRAPOVICHEK: raises $3 to $6
wakeup18: raises $3 to $9
KRAPOVICHEK: calls $3
*** TURN *** [7h 7s 5h] [7d]
KRAPOVICHEK: checks
wakeup18: bets $6
KRAPOVICHEK: calls $6
*** RIVER *** [7h 7s 5h 7d] [9h]
KRAPOVICHEK: checks
wakeup18: bets $6
KRAPOVICHEK: calls $6
*** SHOW DOWN ***
wakeup18: shows [7c 9s] (four of a kind, Sevens)
KRAPOVICHEK: mucks hand
wakeup18 collected $53.50 from pot
*** SUMMARY ***
Total pot $54 | Rake $0.50
Board [7h 7s 5h 7d 9h]
Seat 1: wakeup18 (button) (small blind) showed [7c 9s] and won ($53.50) with four of a kind, Sevens
Seat 2: KRAPOVICHEK (big blind) mucked


PokerStars Hand #145804146495:  Hold'em Limit ($3/$6 USD) - 2015/12/23 13:54:32 ET
Table 'Bharani II' 2-max Seat #1 is the button
Seat 1: wakeup18 ($101.38 in chips)
Seat 2: KRAPOVICHEK ($319.45 in chips)
wakeup18: posts small blind $1
KRAPOVICHEK: posts big blind $3
*** HOLE CARDS ***
wakeup18: raises $3 to $6
KRAPOVICHEK: calls $3
*** FLOP *** [7h 2h 5d]
KRAPOVICHEK: checks
wakeup18: bets $3
KRAPOVICHEK: raises $3 to $6
wakeup18: calls $3
*** TURN *** [7h 2h 5d] [4c]
KRAPOVICHEK: bets $6
wakeup18: raises $6 to $12
KRAPOVICHEK: calls $6
*** RIVER *** [7h 2h 5d 4c] [2s]
KRAPOVICHEK: checks
wakeup18: bets $6
KRAPOVICHEK: calls $6
*** SHOW DOWN ***
wakeup18: shows [7d 8h] (two pair, Sevens and Deuces)
KRAPOVICHEK: mucks hand
wakeup18 collected $59.50 from pot
*** SUMMARY ***
Total pot $60 | Rake $0.50
Board [7h 2h 5d 4c 2s]
Seat 1: wakeup18 (button) (small blind) showed [7d 8h] and won ($59.50) with two pair, Sevens and Deuces
Seat 2: KRAPOVICHEK (big blind) mucked


PokerStars Hand #145804187021:  Hold'em Limit ($3/$6 USD) - 2015/12/23 13:55:18 ET
Table 'Bharani II' 2-max Seat #2 is the button
Seat 1: wakeup18 ($148.38 in chips)
Seat 2: KRAPOVICHEK ($271.21 in chips)
KRAPOVICHEK: posts small blind $1
wakeup18: posts big blind $3
*** HOLE CARDS ***
KRAPOVICHEK: raises $3 to $6
wakeup18: calls $3
*** FLOP *** [Ts 8c 5d]
wakeup18: checks
KRAPOVICHEK: bets $3
wakeup18: folds
Uncalled bet ($3) returned to KRAPOVICHEK
KRAPOVICHEK collected $11.76 from pot
KRAPOVICHEK: doesn't show hand
*** SUMMARY ***
Total pot $12 | Rake $0.24
Board [Ts 8c 5d]
Seat 1: wakeup18 (big blind) folded on the Flop
Seat 2: KRAPOVICHEK (button) (small blind) collected ($11.76)


PokerStars Hand #145804174736:  Hold'em Limit ($3/$6 USD) - 2015/12/23 13:55:03 ET
Table 'Bharani II' 2-max Seat #1 is the button
Seat 1: wakeup18 ($124.88 in chips)
Seat 2: KRAPOVICHEK ($295.21 in chips)
wakeup18: posts small blind $1
KRAPOVICHEK: posts big blind $3
*** HOLE CARDS ***
wakeup18: raises $3 to $6
KRAPOVICHEK: calls $3
*** FLOP *** [9c 4s 8c]
KRAPOVICHEK: checks
wakeup18: bets $3
KRAPOVICHEK: raises $3 to $6
wakeup18: calls $3
*** TURN *** [9c 4s 8c] [9h]
KRAPOVICHEK: bets $6
wakeup18: calls $6
*** RIVER *** [9c 4s 8c 9h] [Kc]
KRAPOVICHEK: bets $6
wakeup18: calls $6
*** SHOW DOWN ***
KRAPOVICHEK: shows [8h 6h] (two pair, Nines and Eights)
wakeup18: shows [Kd 3d] (two pair, Kings and Nines)
wakeup18 collected $47.50 from pot
*** SUMMARY ***
Total pot $48 | Rake $0.50
Board [9c 4s 8c 9h Kc]
Seat 1: wakeup18 (button) (small blind) showed [Kd 3d] and won ($47.50) with two pair, Kings and Nines
Seat 2: KRAPOVICHEK (big blind) showed [8h 6h] and lost with two pair, Nines and Eights


PokerStars Hand #145804165835:  Hold'em Limit ($3/$6 USD) - 2015/12/23 13:54:53 ET
Table 'Bharani II' 2-max Seat #2 is the button
Seat 1: wakeup18 ($130.88 in chips)
Seat 2: KRAPOVICHEK ($289.45 in chips)
KRAPOVICHEK: posts small blind $1
wakeup18: posts big blind $3
*** HOLE CARDS ***
KRAPOVICHEK: raises $3 to $6
wakeup18: calls $3
*** FLOP *** [6c Th 8s]
wakeup18: checks
KRAPOVICHEK: bets $3
wakeup18: folds
Uncalled bet ($3) returned to KRAPOVICHEK
KRAPOVICHEK collected $11.76 from pot
KRAPOVICHEK: doesn't show hand
*** SUMMARY ***
Total pot $12 | Rake $0.24
Board [6c Th 8s]
Seat 1: wakeup18 (big blind) folded on the Flop
Seat 2: KRAPOVICHEK (button) (small blind) collected ($11.76)


PokerStars Hand #145804193581:  Hold'em Limit ($3/$6 USD) - 2015/12/23 13:55:28 ET
Table 'Bharani II' 2-max Seat #1 is the button
Seat 1: wakeup18 ($142.38 in chips)
Seat 2: KRAPOVICHEK ($276.97 in chips)
wakeup18: posts small blind $1
KRAPOVICHEK: posts big blind $3
*** HOLE CARDS ***
wakeup18: raises $3 to $6
KRAPOVICHEK: calls $3
*** FLOP *** [Kd 4d 5h]
KRAPOVICHEK: checks
wakeup18: bets $3
KRAPOVICHEK: calls $3
*** TURN *** [Kd 4d 5h] [2c]
KRAPOVICHEK: checks
wakeup18: checks
*** RIVER *** [Kd 4d 5h 2c] [6h]
KRAPOVICHEK: bets $6
wakeup18: raises $6 to $12
KRAPOVICHEK: calls $6
*** SHOW DOWN ***
wakeup18: shows [9h 3h] (a straight, Deuce to Six)
KRAPOVICHEK: mucks hand
wakeup18 collected $41.50 from pot
*** SUMMARY ***
Total pot $42 | Rake $0.50
Board [Kd 4d 5h 2c 6h]
Seat 1: wakeup18 (button) (small blind) showed [9h 3h] and won ($41.50) with a straight, Deuce to Six
Seat 2: KRAPOVICHEK (big blind) mucked


PokerStars Hand #145804226971:  Hold'em Limit ($3/$6 USD) - 2015/12/23 13:56:16 ET
Table 'Bharani II' 2-max Seat #2 is the button
Seat 1: wakeup18 ($171.38 in chips)
Seat 2: KRAPOVICHEK ($246.47 in chips)
KRAPOVICHEK: posts small blind $1
wakeup18: posts big blind $3
*** HOLE CARDS ***
KRAPOVICHEK: raises $3 to $6
wakeup18: calls $3
*** FLOP *** [8d 8c Ah]
wakeup18: checks
KRAPOVICHEK: bets $3
wakeup18: calls $3
*** TURN *** [8d 8c Ah] [9c]
wakeup18: checks
KRAPOVICHEK: bets $6
wakeup18: folds
Uncalled bet ($6) returned to KRAPOVICHEK
KRAPOVICHEK collected $17.64 from pot
KRAPOVICHEK: doesn't show hand
*** SUMMARY ***
Total pot $18 | Rake $0.36
Board [8d 8c Ah 9c]
Seat 1: wakeup18 (big blind) folded on the Turn
Seat 2: KRAPOVICHEK (button) (small blind) collected ($17.64)


PokerStars Hand #145804215675:  Hold'em Limit ($3/$6 USD) - 2015/12/23 13:56:00 ET
Table 'Bharani II' 2-max Seat #1 is the button
Seat 1: wakeup18 ($147.88 in chips)
Seat 2: KRAPOVICHEK ($270.47 in chips)
wakeup18: posts small blind $1
KRAPOVICHEK: posts big blind $3
*** HOLE CARDS ***
wakeup18: raises $3 to $6
KRAPOVICHEK: raises $3 to $9
wakeup18: calls $3
*** FLOP *** [Tc 5c 4d]
KRAPOVICHEK: bets $3
wakeup18: calls $3
*** TURN *** [Tc 5c 4d] [9d]
KRAPOVICHEK: bets $6
wakeup18: calls $6
*** RIVER *** [Tc 5c 4d 9d] [2d]
KRAPOVICHEK: bets $6
wakeup18: raises $6 to $12
KRAPOVICHEK: folds
Uncalled bet ($6) returned to wakeup18
wakeup18 collected $47.50 from pot
wakeup18: doesn't show hand
*** SUMMARY ***
Total pot $48 | Rake $0.50
Board [Tc 5c 4d 9d 2d]
Seat 1: wakeup18 (button) (small blind) collected ($47.50)
Seat 2: KRAPOVICHEK (big blind) folded on the River


PokerStars Hand #145804204554:  Hold'em Limit ($3/$6 USD) - 2015/12/23 13:55:44 ET
Table 'Bharani II' 2-max Seat #2 is the button
Seat 1: wakeup18 ($162.88 in chips)
Seat 2: KRAPOVICHEK ($255.97 in chips)
KRAPOVICHEK: posts small blind $1
wakeup18: posts big blind $3
*** HOLE CARDS ***
KRAPOVICHEK: raises $3 to $6
wakeup18: calls $3
*** FLOP *** [Kc Ts 8c]
wakeup18: checks
KRAPOVICHEK: bets $3
wakeup18: calls $3
*** TURN *** [Kc Ts 8c] [As]
wakeup18: checks
KRAPOVICHEK: bets $6
wakeup18: calls $6
*** RIVER *** [Kc Ts 8c As] [4c]
wakeup18: checks
KRAPOVICHEK: bets $6
wakeup18: folds
Uncalled bet ($6) returned to KRAPOVICHEK
KRAPOVICHEK collected $29.50 from pot
KRAPOVICHEK: doesn't show hand
*** SUMMARY ***
Total pot $30 | Rake $0.50
Board [Kc Ts 8c As 4c]
Seat 1: wakeup18 (big blind) folded on the River
Seat 2: KRAPOVICHEK (button) (small blind) collected ($29.50)


PokerStars Hand #145804236551:  Hold'em Limit ($3/$6 USD) - 2015/12/23 13:56:30 ET
Table 'Bharani II' 2-max Seat #1 is the button
Seat 1: wakeup18 ($162.38 in chips)
Seat 2: KRAPOVICHEK ($255.11 in chips)
wakeup18: posts small blind $1
KRAPOVICHEK: posts big blind $3
*** HOLE CARDS ***
wakeup18: raises $3 to $6
KRAPOVICHEK: calls $3
*** FLOP *** [7c Jc Kd]
KRAPOVICHEK: checks
wakeup18: bets $3
KRAPOVICHEK: folds
Uncalled bet ($3) returned to wakeup18
wakeup18 collected $11.76 from pot
wakeup18: doesn't show hand
*** SUMMARY ***
Total pot $12 | Rake $0.24
Board [7c Jc Kd]
Seat 1: wakeup18 (button) (small blind) collected ($11.76)
Seat 2: KRAPOVICHEK (big blind) folded on the Flop


PokerStars Hand #145804263268:  Hold'em Limit ($3/$6 USD) - 2015/12/23 13:57:08 ET
Table 'Bharani II' 2-max Seat #2 is the button
Seat 1: wakeup18 ($138.14 in chips)
Seat 2: KRAPOVICHEK ($278.37 in chips)
KRAPOVICHEK: posts small blind $1
wakeup18: posts big blind $3
*** HOLE CARDS ***
KRAPOVICHEK: raises $3 to $6
wakeup18: calls $3
*** FLOP *** [Kd Kh 2s]
wakeup18: checks
KRAPOVICHEK: bets $3
wakeup18: folds
Uncalled bet ($3) returned to KRAPOVICHEK
KRAPOVICHEK collected $11.76 from pot
KRAPOVICHEK: doesn't show hand
*** SUMMARY ***
Total pot $12 | Rake $0.24
Board [Kd Kh 2s]
Seat 1: wakeup18 (big blind) folded on the Flop
Seat 2: KRAPOVICHEK (button) (small blind) collected ($11.76)


PokerStars Hand #145804270504:  Hold'em Limit ($3/$6 USD) - 2015/12/23 13:57:18 ET
Table 'Bharani II' 2-max Seat #1 is the button
Seat 1: wakeup18 ($132.14 in chips)
Seat 2: KRAPOVICHEK ($284.13 in chips)
wakeup18: posts small blind $1
KRAPOVICHEK: posts big blind $3
*** HOLE CARDS ***
wakeup18: raises $3 to $6
KRAPOVICHEK: calls $3
*** FLOP *** [6s 9h Qd]
KRAPOVICHEK: checks
wakeup18: bets $3
KRAPOVICHEK: folds
Uncalled bet ($3) returned to wakeup18
wakeup18 collected $11.76 from pot
wakeup18: doesn't show hand
*** SUMMARY ***
Total pot $12 | Rake $0.24
Board [6s 9h Qd]
Seat 1: wakeup18 (button) (small blind) collected ($11.76)
Seat 2: KRAPOVICHEK (big blind) folded on the Flop


PokerStars Hand #145804277507:  Hold'em Limit ($3/$6 USD) - 2015/12/23 13:57:28 ET
Table 'Bharani II' 2-max Seat #2 is the button
Seat 1: wakeup18 ($137.90 in chips)
Seat 2: KRAPOVICHEK ($278.13 in chips)
KRAPOVICHEK: posts small blind $1
wakeup18: posts big blind $3
*** HOLE CARDS ***
KRAPOVICHEK: raises $3 to $6
wakeup18: calls $3
*** FLOP *** [4d 4c Jh]
wakeup18: checks
KRAPOVICHEK: checks
*** TURN *** [4d 4c Jh] [6h]
wakeup18: checks
KRAPOVICHEK: checks
*** RIVER *** [4d 4c Jh 6h] [Jc]
wakeup18: checks
KRAPOVICHEK: checks
*** SHOW DOWN ***
wakeup18: shows [8d Qd] (two pair, Jacks and Fours)
KRAPOVICHEK: mucks hand
wakeup18 collected $11.76 from pot
*** SUMMARY ***
Total pot $12 | Rake $0.24
Board [4d 4c Jh 6h Jc]
Seat 1: wakeup18 (big blind) showed [8d Qd] and won ($11.76) with two pair, Jacks and Fours
Seat 2: KRAPOVICHEK (button) (small blind) mucked


PokerStars Hand #145804243940:  Hold'em Limit ($3/$6 USD) - 2015/12/23 13:56:40 ET
Table 'Bharani II' 2-max Seat #2 is the button
Seat 1: wakeup18 ($168.14 in chips)
Seat 2: KRAPOVICHEK ($249.11 in chips)
KRAPOVICHEK: posts small blind $1
wakeup18: posts big blind $3
*** HOLE CARDS ***
KRAPOVICHEK: raises $3 to $6
wakeup18: calls $3
*** FLOP *** [Kh Kc Ts]
wakeup18: checks
KRAPOVICHEK: bets $3
wakeup18: folds
Uncalled bet ($3) returned to KRAPOVICHEK
KRAPOVICHEK collected $11.76 from pot
KRAPOVICHEK: doesn't show hand
*** SUMMARY ***
Total pot $12 | Rake $0.24
Board [Kh Kc Ts]
Seat 1: wakeup18 (big blind) folded on the Flop
Seat 2: KRAPOVICHEK (button) (small blind) collected ($11.76)


PokerStars Hand #145804251353:  Hold'em Limit ($3/$6 USD) - 2015/12/23 13:56:51 ET
Table 'Bharani II' 2-max Seat #1 is the button
Seat 1: wakeup18 ($162.14 in chips)
Seat 2: KRAPOVICHEK ($254.87 in chips)
wakeup18: posts small blind $1
KRAPOVICHEK: posts big blind $3
*** HOLE CARDS ***
wakeup18: raises $3 to $6
KRAPOVICHEK: raises $3 to $9
wakeup18: calls $3
*** FLOP *** [6s 3d 8d]
KRAPOVICHEK: bets $3
wakeup18: calls $3
*** TURN *** [6s 3d 8d] [7h]
KRAPOVICHEK: bets $6
wakeup18: calls $6
*** RIVER *** [6s 3d 8d 7h] [8c]
KRAPOVICHEK: bets $6
wakeup18: calls $6
*** SHOW DOWN ***
KRAPOVICHEK: shows [8h Ts] (three of a kind, Eights)
wakeup18: mucks hand
KRAPOVICHEK collected $47.50 from pot
*** SUMMARY ***
Total pot $48 | Rake $0.50
Board [6s 3d 8d 7h 8c]
Seat 1: wakeup18 (button) (small blind) mucked
Seat 2: KRAPOVICHEK (big blind) showed [8h Ts] and won ($47.50) with three of a kind, Eights


PokerStars Hand #145804287289:  Hold'em Limit ($3/$6 USD) - 2015/12/23 13:57:42 ET
Table 'Bharani II' 2-max Seat #1 is the button
Seat 1: wakeup18 ($143.66 in chips)
Seat 2: KRAPOVICHEK ($272.13 in chips)
wakeup18: posts small blind $1
KRAPOVICHEK: posts big blind $3
*** HOLE CARDS ***
wakeup18: raises $3 to $6
KRAPOVICHEK: calls $3
*** FLOP *** [8h 9h 7d]
KRAPOVICHEK: checks
wakeup18: bets $3
KRAPOVICHEK: raises $3 to $6
wakeup18: calls $3
*** TURN *** [8h 9h 7d] [Tc]
KRAPOVICHEK: bets $6
wakeup18: calls $6
*** RIVER *** [8h 9h 7d Tc] [Qd]
KRAPOVICHEK: bets $6
wakeup18: calls $6
*** SHOW DOWN ***
KRAPOVICHEK: shows [7h Qs] (two pair, Queens and Sevens)
wakeup18: mucks hand
KRAPOVICHEK collected $47.50 from pot
*** SUMMARY ***
Total pot $48 | Rake $0.50
Board [8h 9h 7d Tc Qd]
Seat 1: wakeup18 (button) (small blind) mucked
Seat 2: KRAPOVICHEK (big blind) showed [7h Qs] and won ($47.50) with two pair, Queens and Sevens


PokerStars Hand #145804308672:  Hold'em Limit ($3/$6 USD) - 2015/12/23 13:58:12 ET
Table 'Bharani II' 2-max Seat #2 is the button
Seat 1: wakeup18 ($126.42 in chips)
Seat 2: KRAPOVICHEK ($288.63 in chips)
KRAPOVICHEK: posts small blind $1
wakeup18: posts big blind $3
*** HOLE CARDS ***
KRAPOVICHEK: folds
Uncalled bet ($2) returned to wakeup18
wakeup18 collected $2 from pot
wakeup18: doesn't show hand
*** SUMMARY ***
Total pot $2 | Rake $0
Seat 1: wakeup18 (big blind) collected ($2)
Seat 2: KRAPOVICHEK (button) (small blind) folded before Flop


PokerStars Hand #145804312099:  Hold'em Limit ($3/$6 USD) - 2015/12/23 13:58:17 ET
Table 'Bharani II' 2-max Seat #1 is the button
Seat 1: wakeup18 ($127.42 in chips)
Seat 2: KRAPOVICHEK ($287.63 in chips)
wakeup18: posts small blind $1
KRAPOVICHEK: posts big blind $3
*** HOLE CARDS ***
wakeup18: raises $3 to $6
KRAPOVICHEK: raises $3 to $9
wakeup18: calls $3
*** FLOP *** [5s Ah 3h]
KRAPOVICHEK: bets $3
wakeup18: calls $3
*** TURN *** [5s Ah 3h] [6h]
KRAPOVICHEK: bets $6
wakeup18: calls $6
*** RIVER *** [5s Ah 3h 6h] [2h]
KRAPOVICHEK: checks
wakeup18: bets $6
KRAPOVICHEK: calls $6
*** SHOW DOWN ***
wakeup18: shows [5h Jc] (a flush, Ace high)
KRAPOVICHEK: mucks hand
wakeup18 collected $47.50 from pot
*** SUMMARY ***
Total pot $48 | Rake $0.50
Board [5s Ah 3h 6h 2h]
Seat 1: wakeup18 (button) (small blind) showed [5h Jc] and won ($47.50) with a flush, Ace high
Seat 2: KRAPOVICHEK (big blind) mucked


PokerStars Hand #145804298498:  Hold'em Limit ($3/$6 USD) - 2015/12/23 13:57:57 ET
Table 'Bharani II' 2-max Seat #2 is the button
Seat 1: wakeup18 ($119.66 in chips)
Seat 2: KRAPOVICHEK ($295.63 in chips)
KRAPOVICHEK: posts small blind $1
wakeup18: posts big blind $3
*** HOLE CARDS ***
KRAPOVICHEK: folds
Uncalled bet ($2) returned to wakeup18
wakeup18 collected $2 from pot
wakeup18: doesn't show hand
*** SUMMARY ***
Total pot $2 | Rake $0
Seat 1: wakeup18 (big blind) collected ($2)
Seat 2: KRAPOVICHEK (button) (small blind) folded before Flop


PokerStars Hand #145804362707:  Hold'em Limit ($3/$6 USD) - 2015/12/23 13:59:31 ET
Table 'Bharani II' 2-max Seat #1 is the button
Seat 1: wakeup18 ($139.44 in chips)
Seat 2: KRAPOVICHEK ($273.89 in chips)
wakeup18: posts small blind $1
KRAPOVICHEK: posts big blind $3
*** HOLE CARDS ***
wakeup18: raises $3 to $6
KRAPOVICHEK: calls $3
*** FLOP *** [Jc 6s 4c]
KRAPOVICHEK: checks
wakeup18: bets $3
KRAPOVICHEK: calls $3
*** TURN *** [Jc 6s 4c] [Th]
KRAPOVICHEK: checks
wakeup18: checks
*** RIVER *** [Jc 6s 4c Th] [5c]
KRAPOVICHEK: checks
wakeup18: checks
*** SHOW DOWN ***
KRAPOVICHEK: shows [7c Qs] (high card Queen)
wakeup18: shows [9h 4h] (a pair of Fours)
wakeup18 collected $17.64 from pot
*** SUMMARY ***
Total pot $18 | Rake $0.36
Board [Jc 6s 4c Th 5c]
Seat 1: wakeup18 (button) (small blind) showed [9h 4h] and won ($17.64) with a pair of Fours
Seat 2: KRAPOVICHEK (big blind) showed [7c Qs] and lost with high card Queen


PokerStars Hand #145804359491:  Hold'em Limit ($3/$6 USD) - 2015/12/23 13:59:26 ET
Table 'Bharani II' 2-max Seat #2 is the button
Seat 1: wakeup18 ($138.44 in chips)
Seat 2: KRAPOVICHEK ($274.89 in chips)
KRAPOVICHEK: posts small blind $1
wakeup18: posts big blind $3
*** HOLE CARDS ***
KRAPOVICHEK: folds
Uncalled bet ($2) returned to wakeup18
wakeup18 collected $2 from pot
wakeup18: doesn't show hand
*** SUMMARY ***
Total pot $2 | Rake $0
Seat 1: wakeup18 (big blind) collected ($2)
Seat 2: KRAPOVICHEK (button) (small blind) folded before Flop


PokerStars Hand #145804349108:  Hold'em Limit ($3/$6 USD) - 2015/12/23 13:59:12 ET
Table 'Bharani II' 2-max Seat #1 is the button
Seat 1: wakeup18 ($132.68 in chips)
Seat 2: KRAPOVICHEK ($280.89 in chips)
wakeup18: posts small blind $1
KRAPOVICHEK: posts big blind $3
*** HOLE CARDS ***
wakeup18: raises $3 to $6
KRAPOVICHEK: calls $3
*** FLOP *** [Qs 4s 7d]
KRAPOVICHEK: checks
wakeup18: bets $3
KRAPOVICHEK: folds
Uncalled bet ($3) returned to wakeup18
wakeup18 collected $11.76 from pot
wakeup18: doesn't show hand
*** SUMMARY ***
Total pot $12 | Rake $0.24
Board [Qs 4s 7d]
Seat 1: wakeup18 (button) (small blind) collected ($11.76)
Seat 2: KRAPOVICHEK (big blind) folded on the Flop


PokerStars Hand #145804339870:  Hold'em Limit ($3/$6 USD) - 2015/12/23 13:58:55 ET
Table 'Bharani II' 2-max Seat #2 is the button
Seat 1: wakeup18 ($150.68 in chips)
Seat 2: KRAPOVICHEK ($263.39 in chips)
KRAPOVICHEK: posts small blind $1
wakeup18: posts big blind $3
*** HOLE CARDS ***
KRAPOVICHEK: raises $3 to $6
wakeup18: raises $3 to $9
KRAPOVICHEK: calls $3
*** FLOP *** [Kd Qd Ks]
wakeup18: bets $3
KRAPOVICHEK: calls $3
*** TURN *** [Kd Qd Ks] [Kh]
wakeup18: bets $6
KRAPOVICHEK: raises $6 to $12
wakeup18: folds
Uncalled bet ($6) returned to KRAPOVICHEK
KRAPOVICHEK collected $35.50 from pot
KRAPOVICHEK: doesn't show hand
*** SUMMARY ***
Total pot $36 | Rake $0.50
Board [Kd Qd Ks Kh]
Seat 1: wakeup18 (big blind) folded on the Turn
Seat 2: KRAPOVICHEK (button) (small blind) collected ($35.50)


PokerStars Hand #145804373686:  Hold'em Limit ($3/$6 USD) - 2015/12/23 13:59:47 ET
Table 'Bharani II' 2-max Seat #2 is the button
Seat 1: wakeup18 ($148.08 in chips)
Seat 2: KRAPOVICHEK ($264.89 in chips)
KRAPOVICHEK: posts small blind $1
wakeup18: posts big blind $3
*** HOLE CARDS ***
KRAPOVICHEK: raises $3 to $6
wakeup18: calls $3
*** FLOP *** [5s Ah 7h]
wakeup18: checks
KRAPOVICHEK: bets $3
wakeup18: folds
Uncalled bet ($3) returned to KRAPOVICHEK
KRAPOVICHEK collected $11.76 from pot
KRAPOVICHEK: doesn't show hand
*** SUMMARY ***
Total pot $12 | Rake $0.24
Board [5s Ah 7h]
Seat 1: wakeup18 (big blind) folded on the Flop
Seat 2: KRAPOVICHEK (button) (small blind) collected ($11.76)


PokerStars Hand #145804393928:  Hold'em Limit ($3/$6 USD) - 2015/12/23 14:00:10 ET
Table 'Bharani II' 2-max Seat #2 is the button
Seat 1: wakeup18 ($150.72 in chips)
Seat 2: KRAPOVICHEK ($261.65 in chips)
KRAPOVICHEK: posts small blind $1
wakeup18: posts big blind $3
*** HOLE CARDS ***
KRAPOVICHEK: folds
Uncalled bet ($2) returned to wakeup18
wakeup18 collected $2 from pot
wakeup18: doesn't show hand
*** SUMMARY ***
Total pot $2 | Rake $0
Seat 1: wakeup18 (big blind) collected ($2)
Seat 2: KRAPOVICHEK (button) (small blind) folded before Flop


PokerStars Hand #145804380842:  Hold'em Limit ($3/$6 USD) - 2015/12/23 13:59:57 ET
Table 'Bharani II' 2-max Seat #1 is the button
Seat 1: wakeup18 ($142.08 in chips)
Seat 2: KRAPOVICHEK ($270.65 in chips)
wakeup18: posts small blind $1
KRAPOVICHEK: posts big blind $3
*** HOLE CARDS ***
wakeup18: raises $3 to $6
KRAPOVICHEK: calls $3
*** FLOP *** [5s 8d 6d]
KRAPOVICHEK: checks
wakeup18: bets $3
KRAPOVICHEK: calls $3
*** TURN *** [5s 8d 6d] [Jh]
KRAPOVICHEK: checks
wakeup18: bets $6
KRAPOVICHEK: folds
Uncalled bet ($6) returned to wakeup18
wakeup18 collected $17.64 from pot
wakeup18: doesn't show hand
*** SUMMARY ***
Total pot $18 | Rake $0.36
Board [5s 8d 6d Jh]
Seat 1: wakeup18 (button) (small blind) collected ($17.64)
Seat 2: KRAPOVICHEK (big blind) folded on the Turn


PokerStars Hand #145804456485:  Hold'em Limit ($3/$6 USD) - 2015/12/23 14:01:27 ET
Table 'Bharani II' 2-max Seat #2 is the button
Seat 1: wakeup18 ($148.22 in chips)
Seat 2: KRAPOVICHEK ($262.55 in chips)
KRAPOVICHEK: posts small blind $1
wakeup18: posts big blind $3
*** HOLE CARDS ***
KRAPOVICHEK: raises $3 to $6
wakeup18: raises $3 to $9
KRAPOVICHEK: raises $3 to $12
Betting is capped
wakeup18: calls $3
*** FLOP *** [Kd Qs Ts]
wakeup18: checks
KRAPOVICHEK: bets $3
wakeup18: calls $3
*** TURN *** [Kd Qs Ts] [Qd]
wakeup18: checks
KRAPOVICHEK: bets $6
wakeup18: calls $6
*** RIVER *** [Kd Qs Ts Qd] [4s]
wakeup18: checks
KRAPOVICHEK: bets $6
wakeup18: calls $6
*** SHOW DOWN ***
KRAPOVICHEK: shows [As Kh] (two pair, Kings and Queens)
wakeup18: mucks hand
KRAPOVICHEK collected $53.50 from pot
*** SUMMARY ***
Total pot $54 | Rake $0.50
Board [Kd Qs Ts Qd 4s]
Seat 1: wakeup18 (big blind) mucked
Seat 2: KRAPOVICHEK (button) (small blind) showed [As Kh] and won ($53.50) with two pair, Kings and Queens


PokerStars Hand #145804430177:  Hold'em Limit ($3/$6 USD) - 2015/12/23 14:00:56 ET
Table 'Bharani II' 2-max Seat #2 is the button
Seat 1: wakeup18 ($159.22 in chips)
Seat 2: KRAPOVICHEK ($252.15 in chips)
KRAPOVICHEK: posts small blind $1
wakeup18: posts big blind $3
*** HOLE CARDS ***
KRAPOVICHEK: raises $3 to $6
wakeup18: calls $3
*** FLOP *** [4s 7c Th]
wakeup18: checks
KRAPOVICHEK: bets $3
wakeup18: folds
Uncalled bet ($3) returned to KRAPOVICHEK
KRAPOVICHEK collected $11.76 from pot
KRAPOVICHEK: doesn't show hand
*** SUMMARY ***
Total pot $12 | Rake $0.24
Board [4s 7c Th]
Seat 1: wakeup18 (big blind) folded on the Flop
Seat 2: KRAPOVICHEK (button) (small blind) collected ($11.76)


PokerStars Hand #145804426277:  Hold'em Limit ($3/$6 USD) - 2015/12/23 14:00:51 ET
Table 'Bharani II' 2-max Seat #1 is the button
Seat 1: wakeup18 ($160.22 in chips)
Seat 2: KRAPOVICHEK ($251.15 in chips)
wakeup18: posts small blind $1
KRAPOVICHEK: posts big blind $3
*** HOLE CARDS ***
wakeup18: folds
Uncalled bet ($2) returned to KRAPOVICHEK
KRAPOVICHEK collected $2 from pot
KRAPOVICHEK: doesn't show hand
*** SUMMARY ***
Total pot $2 | Rake $0
Seat 1: wakeup18 (button) (small blind) folded before Flop
Seat 2: KRAPOVICHEK (big blind) collected ($2)


PokerStars Hand #145804411312:  Hold'em Limit ($3/$6 USD) - 2015/12/23 14:00:32 ET
Table 'Bharani II' 2-max Seat #2 is the button
Seat 1: wakeup18 ($175.22 in chips)
Seat 2: KRAPOVICHEK ($236.65 in chips)
KRAPOVICHEK: posts small blind $1
wakeup18: posts big blind $3
*** HOLE CARDS ***
KRAPOVICHEK: raises $3 to $6
wakeup18: calls $3
*** FLOP *** [Ac 4h 3c]
wakeup18: checks
KRAPOVICHEK: bets $3
wakeup18: calls $3
*** TURN *** [Ac 4h 3c] [2h]
wakeup18: checks
KRAPOVICHEK: bets $6
wakeup18: calls $6
*** RIVER *** [Ac 4h 3c 2h] [4c]
wakeup18: checks
KRAPOVICHEK: bets $6
wakeup18: folds
Uncalled bet ($6) returned to KRAPOVICHEK
KRAPOVICHEK collected $29.50 from pot
KRAPOVICHEK: doesn't show hand
*** SUMMARY ***
Total pot $30 | Rake $0.50
Board [Ac 4h 3c 2h 4c]
Seat 1: wakeup18 (big blind) folded on the River
Seat 2: KRAPOVICHEK (button) (small blind) collected ($29.50)


PokerStars Hand #145804443386:  Hold'em Limit ($3/$6 USD) - 2015/12/23 14:01:11 ET
Table 'Bharani II' 2-max Seat #2 is the button
Seat 1: wakeup18 ($156.22 in chips)
Seat 2: KRAPOVICHEK ($254.91 in chips)
KRAPOVICHEK: posts small blind $1
wakeup18: posts big blind $3
*** HOLE CARDS ***
KRAPOVICHEK: folds
Uncalled bet ($2) returned to wakeup18
wakeup18 collected $2 from pot
wakeup18: doesn't show hand
*** SUMMARY ***
Total pot $2 | Rake $0
Seat 1: wakeup18 (big blind) collected ($2)
Seat 2: KRAPOVICHEK (button) (small blind) folded before Flop


PokerStars Hand #145804438204:  Hold'em Limit ($3/$6 USD) - 2015/12/23 14:01:05 ET
Table 'Bharani II' 2-max Seat #1 is the button
Seat 1: wakeup18 ($153.22 in chips)
Seat 2: KRAPOVICHEK ($257.91 in chips)
wakeup18: posts small blind $1
KRAPOVICHEK: posts big blind $3
*** HOLE CARDS ***
wakeup18: raises $3 to $6
KRAPOVICHEK: folds
Uncalled bet ($3) returned to wakeup18
wakeup18 collected $6 from pot
wakeup18: doesn't show hand
*** SUMMARY ***
Total pot $6 | Rake $0
Seat 1: wakeup18 (button) (small blind) collected ($6)
Seat 2: KRAPOVICHEK (big blind) folded before Flop


PokerStars Hand #145804447683:  Hold'em Limit ($3/$6 USD) - 2015/12/23 14:01:16 ET
Table 'Bharani II' 2-max Seat #1 is the button
Seat 1: wakeup18 ($157.22 in chips)
Seat 2: KRAPOVICHEK ($253.91 in chips)
wakeup18: posts small blind $1
KRAPOVICHEK: posts big blind $3
*** HOLE CARDS ***
wakeup18: raises $3 to $6
KRAPOVICHEK: raises $3 to $9
wakeup18: calls $3
*** FLOP *** [6d 6h Ac]
KRAPOVICHEK: bets $3
wakeup18: folds
Uncalled bet ($3) returned to KRAPOVICHEK
KRAPOVICHEK collected $17.64 from pot
KRAPOVICHEK: doesn't show hand
*** SUMMARY ***
Total pot $18 | Rake $0.36
Board [6d 6h Ac]
Seat 1: wakeup18 (button) (small blind) folded on the Flop
Seat 2: KRAPOVICHEK (big blind) collected ($17.64)


PokerStars Hand #145804473888:  Hold'em Limit ($3/$6 USD) - 2015/12/23 14:01:47 ET
Table 'Bharani II' 2-max Seat #1 is the button
Seat 1: wakeup18 ($121.22 in chips)
Seat 2: KRAPOVICHEK ($289.05 in chips)
wakeup18: posts small blind $1
KRAPOVICHEK: posts big blind $3
*** HOLE CARDS ***
wakeup18: raises $3 to $6
KRAPOVICHEK: calls $3
*** FLOP *** [Th 6s Qh]
KRAPOVICHEK: checks
wakeup18: bets $3
KRAPOVICHEK: folds
Uncalled bet ($3) returned to wakeup18
wakeup18 collected $11.76 from pot
wakeup18: doesn't show hand
*** SUMMARY ***
Total pot $12 | Rake $0.24
Board [Th 6s Qh]
Seat 1: wakeup18 (button) (small blind) collected ($11.76)
Seat 2: KRAPOVICHEK (big blind) folded on the Flop


PokerStars Hand #145804526617:  Hold'em Limit ($3/$6 USD) - 2015/12/23 14:02:44 ET
Table 'Bharani II' 2-max Seat #2 is the button
Seat 1: wakeup18 ($128.48 in chips)
Seat 2: KRAPOVICHEK ($280.55 in chips)
KRAPOVICHEK: posts small blind $1
wakeup18: posts big blind $3
*** HOLE CARDS ***
KRAPOVICHEK: folds
Uncalled bet ($2) returned to wakeup18
wakeup18 collected $2 from pot
wakeup18: doesn't show hand
*** SUMMARY ***
Total pot $2 | Rake $0
Seat 1: wakeup18 (big blind) collected ($2)
Seat 2: KRAPOVICHEK (button) (small blind) folded before Flop


PokerStars Hand #145804510082:  Hold'em Limit ($3/$6 USD) - 2015/12/23 14:02:25 ET
Table 'Bharani II' 2-max Seat #1 is the button
Seat 1: wakeup18 ($110.98 in chips)
Seat 2: KRAPOVICHEK ($298.55 in chips)
wakeup18: posts small blind $1
KRAPOVICHEK: posts big blind $3
*** HOLE CARDS ***
wakeup18: raises $3 to $6
KRAPOVICHEK: raises $3 to $9
wakeup18: calls $3
*** FLOP *** [8c Ks 2c]
KRAPOVICHEK: bets $3
wakeup18: calls $3
*** TURN *** [8c Ks 2c] [9h]
KRAPOVICHEK: bets $6
wakeup18: calls $6
*** RIVER *** [8c Ks 2c 9h] [8h]
KRAPOVICHEK: checks
wakeup18: bets $6
KRAPOVICHEK: folds
Uncalled bet ($6) returned to wakeup18
wakeup18 collected $35.50 from pot
wakeup18: doesn't show hand
*** SUMMARY ***
Total pot $36 | Rake $0.50
Board [8c Ks 2c 9h 8h]
Seat 1: wakeup18 (button) (small blind) collected ($35.50)
Seat 2: KRAPOVICHEK (big blind) folded on the River


PokerStars Hand #145804483953:  Hold'em Limit ($3/$6 USD) - 2015/12/23 14:01:58 ET
Table 'Bharani II' 2-max Seat #2 is the button
Seat 1: wakeup18 ($126.98 in chips)
Seat 2: KRAPOVICHEK ($283.05 in chips)
KRAPOVICHEK: posts small blind $1
wakeup18: posts big blind $3
*** HOLE CARDS ***
KRAPOVICHEK: folds
Uncalled bet ($2) returned to wakeup18
wakeup18 collected $2 from pot
wakeup18: doesn't show hand
*** SUMMARY ***
Total pot $2 | Rake $0
Seat 1: wakeup18 (big blind) collected ($2)
Seat 2: KRAPOVICHEK (button) (small blind) folded before Flop


PokerStars Hand #145804488245:  Hold'em Limit ($3/$6 USD) - 2015/12/23 14:02:02 ET
Table 'Bharani II' 2-max Seat #1 is the button
Seat 1: wakeup18 ($127.98 in chips)
Seat 2: KRAPOVICHEK ($282.05 in chips)
wakeup18: posts small blind $1
KRAPOVICHEK: posts big blind $3
*** HOLE CARDS ***
wakeup18: raises $3 to $6
KRAPOVICHEK: raises $3 to $9
wakeup18: calls $3
*** FLOP *** [Ad 7s 6h]
KRAPOVICHEK: bets $3
wakeup18: calls $3
*** TURN *** [Ad 7s 6h] [4d]
KRAPOVICHEK: bets $6
wakeup18: calls $6
*** RIVER *** [Ad 7s 6h 4d] [5s]
KRAPOVICHEK: checks
wakeup18: checks
*** SHOW DOWN ***
KRAPOVICHEK: shows [9c 9d] (a pair of Nines)
wakeup18: mucks hand
KRAPOVICHEK collected $35.50 from pot
*** SUMMARY ***
Total pot $36 | Rake $0.50
Board [Ad 7s 6h 4d 5s]
Seat 1: wakeup18 (button) (small blind) mucked
Seat 2: KRAPOVICHEK (big blind) showed [9c 9d] and won ($35.50) with a pair of Nines


PokerStars Hand #145804505761:  Hold'em Limit ($3/$6 USD) - 2015/12/23 14:02:20 ET
Table 'Bharani II' 2-max Seat #2 is the button
Seat 1: wakeup18 ($109.98 in chips)
Seat 2: KRAPOVICHEK ($299.55 in chips)
KRAPOVICHEK: posts small blind $1
wakeup18: posts big blind $3
*** HOLE CARDS ***
KRAPOVICHEK: folds
Uncalled bet ($2) returned to wakeup18
wakeup18 collected $2 from pot
wakeup18: doesn't show hand
*** SUMMARY ***
Total pot $2 | Rake $0
Seat 1: wakeup18 (big blind) collected ($2)
Seat 2: KRAPOVICHEK (button) (small blind) folded before Flop


PokerStars Hand #145804571440:  Hold'em Limit ($3/$6 USD) - 2015/12/23 14:03:30 ET
Table 'Bharani II' 2-max Seat #2 is the button
Seat 1: wakeup18 ($167.38 in chips)
Seat 2: KRAPOVICHEK ($240.55 in chips)
KRAPOVICHEK: posts small blind $1
wakeup18: posts big blind $3
*** HOLE CARDS ***
KRAPOVICHEK: raises $3 to $6
wakeup18: calls $3
*** FLOP *** [9d Jh Ad]
wakeup18: checks
KRAPOVICHEK: bets $3
wakeup18: calls $3
*** TURN *** [9d Jh Ad] [5s]
wakeup18: checks
KRAPOVICHEK: checks
*** RIVER *** [9d Jh Ad 5s] [Qc]
wakeup18: bets $6
KRAPOVICHEK: raises $6 to $12
wakeup18: calls $6
*** SHOW DOWN ***
KRAPOVICHEK: shows [Qs 6s] (a pair of Queens)
wakeup18: shows [Ac 7s] (a pair of Aces)
wakeup18 collected $41.50 from pot
*** SUMMARY ***
Total pot $42 | Rake $0.50
Board [9d Jh Ad 5s Qc]
Seat 1: wakeup18 (big blind) showed [Ac 7s] and won ($41.50) with a pair of Aces
Seat 2: KRAPOVICHEK (button) (small blind) showed [Qs 6s] and lost with a pair of Queens


PokerStars Hand #145804531347:  Hold'em Limit ($3/$6 USD) - 2015/12/23 14:02:48 ET
Table 'Bharani II' 2-max Seat #1 is the button
Seat 1: wakeup18 ($129.48 in chips)
Seat 2: KRAPOVICHEK ($279.55 in chips)
wakeup18: posts small blind $1
KRAPOVICHEK: posts big blind $3
*** HOLE CARDS ***
wakeup18: raises $3 to $6
KRAPOVICHEK: raises $3 to $9
wakeup18: calls $3
*** FLOP *** [Th Tc Ac]
KRAPOVICHEK: bets $3
wakeup18: calls $3
*** TURN *** [Th Tc Ac] [8d]
KRAPOVICHEK: checks
wakeup18: checks
*** RIVER *** [Th Tc Ac 8d] [7c]
KRAPOVICHEK: bets $6
wakeup18: raises $6 to $12
KRAPOVICHEK: calls $6
*** SHOW DOWN ***
wakeup18: shows [4c 8c] (a flush, Ace high)
KRAPOVICHEK: mucks hand
wakeup18 collected $47.50 from pot
*** SUMMARY ***
Total pot $48 | Rake $0.50
Board [Th Tc Ac 8d 7c]
Seat 1: wakeup18 (button) (small blind) showed [4c 8c] and won ($47.50) with a flush, Ace high
Seat 2: KRAPOVICHEK (big blind) mucked


PokerStars Hand #145804562866:  Hold'em Limit ($3/$6 USD) - 2015/12/23 14:03:21 ET
Table 'Bharani II' 2-max Seat #1 is the button
Seat 1: wakeup18 ($161.62 in chips)
Seat 2: KRAPOVICHEK ($246.55 in chips)
wakeup18: posts small blind $1
KRAPOVICHEK: posts big blind $3
*** HOLE CARDS ***
wakeup18: raises $3 to $6
KRAPOVICHEK: calls $3
*** FLOP *** [Ad 2h Kc]
KRAPOVICHEK: checks
wakeup18: bets $3
KRAPOVICHEK: folds
Uncalled bet ($3) returned to wakeup18
wakeup18 collected $11.76 from pot
wakeup18: doesn't show hand
*** SUMMARY ***
Total pot $12 | Rake $0.24
Board [Ad 2h Kc]
Seat 1: wakeup18 (button) (small blind) collected ($11.76)
Seat 2: KRAPOVICHEK (big blind) folded on the Flop


PokerStars Hand #145804549289:  Hold'em Limit ($3/$6 USD) - 2015/12/23 14:03:07 ET
Table 'Bharani II' 2-max Seat #2 is the button
Seat 1: wakeup18 ($152.98 in chips)
Seat 2: KRAPOVICHEK ($255.55 in chips)
KRAPOVICHEK: posts small blind $1
wakeup18: posts big blind $3
*** HOLE CARDS ***
KRAPOVICHEK: raises $3 to $6
wakeup18: calls $3
*** FLOP *** [6s 9h Ad]
wakeup18: checks
KRAPOVICHEK: bets $3
wakeup18: calls $3
*** TURN *** [6s 9h Ad] [5d]
wakeup18: checks
KRAPOVICHEK: checks
*** RIVER *** [6s 9h Ad 5d] [6h]
wakeup18: bets $6
KRAPOVICHEK: folds
Uncalled bet ($6) returned to wakeup18
wakeup18 collected $17.64 from pot
wakeup18: doesn't show hand
*** SUMMARY ***
Total pot $18 | Rake $0.36
Board [6s 9h Ad 5d 6h]
Seat 1: wakeup18 (big blind) collected ($17.64)
Seat 2: KRAPOVICHEK (button) (small blind) folded on the River


PokerStars Hand #145804635493:  Hold'em Limit ($3/$6 USD) - 2015/12/23 14:04:35 ET
Table 'Bharani II' 2-max Seat #1 is the button
Seat 1: wakeup18 ($193.14 in chips)
Seat 2: KRAPOVICHEK ($212.95 in chips)
wakeup18: posts small blind $1
KRAPOVICHEK: posts big blind $3
*** HOLE CARDS ***
wakeup18: raises $3 to $6
KRAPOVICHEK: raises $3 to $9
wakeup18: calls $3
*** FLOP *** [9h Ah Tc]
KRAPOVICHEK: bets $3
wakeup18: folds
Uncalled bet ($3) returned to KRAPOVICHEK
KRAPOVICHEK collected $17.64 from pot
KRAPOVICHEK: doesn't show hand
*** SUMMARY ***
Total pot $18 | Rake $0.36
Board [9h Ah Tc]
Seat 1: wakeup18 (button) (small blind) folded on the Flop
Seat 2: KRAPOVICHEK (big blind) collected ($17.64)


PokerStars Hand #145804621017:  Hold'em Limit ($3/$6 USD) - 2015/12/23 14:04:20 ET
Table 'Bharani II' 2-max Seat #2 is the button
Seat 1: wakeup18 ($202.14 in chips)
Seat 2: KRAPOVICHEK ($204.31 in chips)
KRAPOVICHEK: posts small blind $1
wakeup18: posts big blind $3
*** HOLE CARDS ***
KRAPOVICHEK: raises $3 to $6
wakeup18: calls $3
*** FLOP *** [5c Th Qs]
wakeup18: checks
KRAPOVICHEK: bets $3
wakeup18: calls $3
*** TURN *** [5c Th Qs] [4h]
wakeup18: checks
KRAPOVICHEK: checks
*** RIVER *** [5c Th Qs 4h] [Js]
wakeup18: checks
KRAPOVICHEK: checks
*** SHOW DOWN ***
wakeup18: shows [6d Kh] (high card King)
KRAPOVICHEK: shows [8c Ah] (high card Ace)
KRAPOVICHEK collected $17.64 from pot
*** SUMMARY ***
Total pot $18 | Rake $0.36
Board [5c Th Qs 4h Js]
Seat 1: wakeup18 (big blind) showed [6d Kh] and lost with high card King
Seat 2: KRAPOVICHEK (button) (small blind) showed [8c Ah] and won ($17.64) with high card Ace


PokerStars Hand #145804587981:  Hold'em Limit ($3/$6 USD) - 2015/12/23 14:03:47 ET
Table 'Bharani II' 2-max Seat #1 is the button
Seat 1: wakeup18 ($187.88 in chips)
Seat 2: KRAPOVICHEK ($219.55 in chips)
wakeup18: posts small blind $1
KRAPOVICHEK: posts big blind $3
*** HOLE CARDS ***
wakeup18: raises $3 to $6
KRAPOVICHEK: calls $3
*** FLOP *** [5h Jd 9d]
KRAPOVICHEK: checks
wakeup18: bets $3
KRAPOVICHEK: calls $3
*** TURN *** [5h Jd 9d] [4s]
KRAPOVICHEK: checks
wakeup18: checks
*** RIVER *** [5h Jd 9d 4s] [2h]
KRAPOVICHEK: bets $6
wakeup18: calls $6
*** SHOW DOWN ***
KRAPOVICHEK: shows [7d Tc] (high card Jack)
wakeup18: shows [Qc 2c] (a pair of Deuces)
wakeup18 collected $29.50 from pot
*** SUMMARY ***
Total pot $30 | Rake $0.50
Board [5h Jd 9d 4s 2h]
Seat 1: wakeup18 (button) (small blind) showed [Qc 2c] and won ($29.50) with a pair of Deuces
Seat 2: KRAPOVICHEK (big blind) showed [7d Tc] and lost with high card Jack


PokerStars Hand #145804602353:  Hold'em Limit ($3/$6 USD) - 2015/12/23 14:04:01 ET
Table 'Bharani II' 2-max Seat #2 is the button
Seat 1: wakeup18 ($202.38 in chips)
Seat 2: KRAPOVICHEK ($204.55 in chips)
KRAPOVICHEK: posts small blind $1
wakeup18: posts big blind $3
*** HOLE CARDS ***
KRAPOVICHEK: raises $3 to $6
wakeup18: calls $3
*** FLOP *** [7h Th Qd]
wakeup18: checks
KRAPOVICHEK: bets $3
wakeup18: folds
Uncalled bet ($3) returned to KRAPOVICHEK
KRAPOVICHEK collected $11.76 from pot
KRAPOVICHEK: doesn't show hand
*** SUMMARY ***
Total pot $12 | Rake $0.24
Board [7h Th Qd]
Seat 1: wakeup18 (big blind) folded on the Flop
Seat 2: KRAPOVICHEK (button) (small blind) collected ($11.76)


PokerStars Hand #145804611722:  Hold'em Limit ($3/$6 USD) - 2015/12/23 14:04:11 ET
Table 'Bharani II' 2-max Seat #1 is the button
Seat 1: wakeup18 ($196.38 in chips)
Seat 2: KRAPOVICHEK ($210.31 in chips)
wakeup18: posts small blind $1
KRAPOVICHEK: posts big blind $3
*** HOLE CARDS ***
wakeup18: raises $3 to $6
KRAPOVICHEK: calls $3
*** FLOP *** [2c 7h Qc]
KRAPOVICHEK: checks
wakeup18: bets $3
KRAPOVICHEK: folds
Uncalled bet ($3) returned to wakeup18
wakeup18 collected $11.76 from pot
wakeup18: doesn't show hand
*** SUMMARY ***
Total pot $12 | Rake $0.24
Board [2c 7h Qc]
Seat 1: wakeup18 (button) (small blind) collected ($11.76)
Seat 2: KRAPOVICHEK (big blind) folded on the Flop


PokerStars Hand #145804686088:  Hold'em Limit ($3/$6 USD) - 2015/12/23 14:05:27 ET
Table 'Bharani II' 2-max Seat #1 is the button
Seat 1: wakeup18 ($145.14 in chips)
Seat 2: KRAPOVICHEK ($259.37 in chips)
wakeup18: posts small blind $1
KRAPOVICHEK: posts big blind $3
*** HOLE CARDS ***
wakeup18: raises $3 to $6
KRAPOVICHEK: raises $3 to $9
wakeup18: calls $3
*** FLOP *** [9d 2d 9c]
KRAPOVICHEK: bets $3
wakeup18: calls $3
*** TURN *** [9d 2d 9c] [6c]
KRAPOVICHEK: bets $6
wakeup18: calls $6
*** RIVER *** [9d 2d 9c 6c] [Jh]
KRAPOVICHEK: bets $6
wakeup18: calls $6
*** SHOW DOWN ***
KRAPOVICHEK: shows [As Qh] (a pair of Nines)
wakeup18: mucks hand
KRAPOVICHEK collected $47.50 from pot
*** SUMMARY ***
Total pot $48 | Rake $0.50
Board [9d 2d 9c 6c Jh]
Seat 1: wakeup18 (button) (small blind) mucked
Seat 2: KRAPOVICHEK (big blind) showed [As Qh] and won ($47.50) with a pair of Nines


PokerStars Hand #145804643940:  Hold'em Limit ($3/$6 USD) - 2015/12/23 14:04:44 ET
Table 'Bharani II' 2-max Seat #2 is the button
Seat 1: wakeup18 ($184.14 in chips)
Seat 2: KRAPOVICHEK ($221.59 in chips)
KRAPOVICHEK: posts small blind $1
wakeup18: posts big blind $3
*** HOLE CARDS ***
KRAPOVICHEK: raises $3 to $6
wakeup18: calls $3
*** FLOP *** [Jc 7h Ts]
wakeup18: checks
KRAPOVICHEK: checks
*** TURN *** [Jc 7h Ts] [9h]
wakeup18: checks
KRAPOVICHEK: bets $6
wakeup18: folds
Uncalled bet ($6) returned to KRAPOVICHEK
KRAPOVICHEK collected $11.76 from pot
KRAPOVICHEK: doesn't show hand
*** SUMMARY ***
Total pot $12 | Rake $0.24
Board [Jc 7h Ts 9h]
Seat 1: wakeup18 (big blind) folded on the Turn
Seat 2: KRAPOVICHEK (button) (small blind) collected ($11.76)


PokerStars Hand #145804656054:  Hold'em Limit ($3/$6 USD) - 2015/12/23 14:04:56 ET
Table 'Bharani II' 2-max Seat #1 is the button
Seat 1: wakeup18 ($178.14 in chips)
Seat 2: KRAPOVICHEK ($227.35 in chips)
wakeup18: posts small blind $1
KRAPOVICHEK: posts big blind $3
*** HOLE CARDS ***
wakeup18: raises $3 to $6
KRAPOVICHEK: raises $3 to $9
wakeup18: calls $3
*** FLOP *** [Qd 9h Ah]
KRAPOVICHEK: bets $3
wakeup18: calls $3
*** TURN *** [Qd 9h Ah] [4d]
KRAPOVICHEK: bets $6
wakeup18: folds
Uncalled bet ($6) returned to KRAPOVICHEK
KRAPOVICHEK collected $23.52 from pot
KRAPOVICHEK: doesn't show hand
*** SUMMARY ***
Total pot $24 | Rake $0.48
Board [Qd 9h Ah 4d]
Seat 1: wakeup18 (button) (small blind) folded on the Turn
Seat 2: KRAPOVICHEK (big blind) collected ($23.52)


PokerStars Hand #145804668148:  Hold'em Limit ($3/$6 USD) - 2015/12/23 14:05:08 ET
Table 'Bharani II' 2-max Seat #2 is the button
Seat 1: wakeup18 ($166.14 in chips)
Seat 2: KRAPOVICHEK ($238.87 in chips)
KRAPOVICHEK: posts small blind $1
wakeup18: posts big blind $3
*** HOLE CARDS ***
KRAPOVICHEK: raises $3 to $6
wakeup18: calls $3
*** FLOP *** [Kc 9c 4s]
wakeup18: checks
KRAPOVICHEK: bets $3
wakeup18: calls $3
*** TURN *** [Kc 9c 4s] [8d]
wakeup18: checks
KRAPOVICHEK: bets $6
wakeup18: calls $6
*** RIVER *** [Kc 9c 4s 8d] [Ks]
wakeup18: checks
KRAPOVICHEK: bets $6
wakeup18: calls $6
*** SHOW DOWN ***
KRAPOVICHEK: shows [5c Kd] (three of a kind, Kings)
wakeup18: mucks hand
KRAPOVICHEK collected $41.50 from pot
*** SUMMARY ***
Total pot $42 | Rake $0.50
Board [Kc 9c 4s 8d Ks]
Seat 1: wakeup18 (big blind) mucked
Seat 2: KRAPOVICHEK (button) (small blind) showed [5c Kd] and won ($41.50) with three of a kind, Kings


PokerStars Hand #145804699860:  Hold'em Limit ($3/$6 USD) - 2015/12/23 14:05:41 ET
Table 'Bharani II' 2-max Seat #2 is the button
Seat 1: wakeup18 ($121.14 in chips)
Seat 2: KRAPOVICHEK ($282.87 in chips)
KRAPOVICHEK: posts small blind $1
wakeup18: posts big blind $3
*** HOLE CARDS ***
KRAPOVICHEK: raises $3 to $6
wakeup18: calls $3
*** FLOP *** [Ad 5c 7s]
wakeup18: checks
KRAPOVICHEK: bets $3
wakeup18: calls $3
*** TURN *** [Ad 5c 7s] [2h]
wakeup18: checks
KRAPOVICHEK: checks
*** RIVER *** [Ad 5c 7s 2h] [Kc]
wakeup18: bets $6
KRAPOVICHEK: folds
Uncalled bet ($6) returned to wakeup18
wakeup18 collected $17.64 from pot
wakeup18: doesn't show hand
*** SUMMARY ***
Total pot $18 | Rake $0.36
Board [Ad 5c 7s 2h Kc]
Seat 1: wakeup18 (big blind) collected ($17.64)
Seat 2: KRAPOVICHEK (button) (small blind) folded on the River


PokerStars Hand #145804738541:  Hold'em Limit ($3/$6 USD) - 2015/12/23 14:06:20 ET
Table 'Bharani II' 2-max Seat #2 is the button
Seat 1: wakeup18 ($138.30 in chips)
Seat 2: KRAPOVICHEK ($264.87 in chips)
KRAPOVICHEK: posts small blind $1
wakeup18: posts big blind $3
*** HOLE CARDS ***
KRAPOVICHEK: raises $3 to $6
wakeup18: calls $3
*** FLOP *** [Ks 8s 4s]
wakeup18: checks
KRAPOVICHEK: bets $3
wakeup18: calls $3
*** TURN *** [Ks 8s 4s] [4d]
wakeup18: checks
KRAPOVICHEK: checks
*** RIVER *** [Ks 8s 4s 4d] [9h]
wakeup18: bets $6
KRAPOVICHEK: calls $6
*** SHOW DOWN ***
wakeup18: shows [3h 5s] (a pair of Fours)
KRAPOVICHEK: shows [9d Ac] (two pair, Nines and Fours)
KRAPOVICHEK collected $29.50 from pot
*** SUMMARY ***
Total pot $30 | Rake $0.50
Board [Ks 8s 4s 4d 9h]
Seat 1: wakeup18 (big blind) showed [3h 5s] and lost with a pair of Fours
Seat 2: KRAPOVICHEK (button) (small blind) showed [9d Ac] and won ($29.50) with two pair, Nines and Fours


PokerStars Hand #145804723356:  Hold'em Limit ($3/$6 USD) - 2015/12/23 14:06:05 ET
Table 'Bharani II' 2-max Seat #2 is the button
Seat 1: wakeup18 ($135.54 in chips)
Seat 2: KRAPOVICHEK ($267.87 in chips)
KRAPOVICHEK: posts small blind $1
wakeup18: posts big blind $3
*** HOLE CARDS ***
KRAPOVICHEK: raises $3 to $6
wakeup18: folds
Uncalled bet ($3) returned to KRAPOVICHEK
KRAPOVICHEK collected $6 from pot
KRAPOVICHEK: doesn't show hand
*** SUMMARY ***
Total pot $6 | Rake $0
Seat 1: wakeup18 (big blind) folded before Flop
Seat 2: KRAPOVICHEK (button) (small blind) collected ($6)


PokerStars Hand #145804714410:  Hold'em Limit ($3/$6 USD) - 2015/12/23 14:05:56 ET
Table 'Bharani II' 2-max Seat #1 is the button
Seat 1: wakeup18 ($129.78 in chips)
Seat 2: KRAPOVICHEK ($273.87 in chips)
wakeup18: posts small blind $1
KRAPOVICHEK: posts big blind $3
*** HOLE CARDS ***
wakeup18: raises $3 to $6
KRAPOVICHEK: calls $3
*** FLOP *** [3s Kc 9s]
KRAPOVICHEK: checks
wakeup18: bets $3
KRAPOVICHEK: folds
Uncalled bet ($3) returned to wakeup18
wakeup18 collected $11.76 from pot
wakeup18: doesn't show hand
*** SUMMARY ***
Total pot $12 | Rake $0.24
Board [3s Kc 9s]
Seat 1: wakeup18 (button) (small blind) collected ($11.76)
Seat 2: KRAPOVICHEK (big blind) folded on the Flop


PokerStars Hand #145804752867:  Hold'em Limit ($3/$6 USD) - 2015/12/23 14:06:35 ET
Table 'Bharani II' 2-max Seat #1 is the button
Seat 1: wakeup18 ($123.30 in chips)
Seat 2: KRAPOVICHEK ($279.37 in chips)
wakeup18: posts small blind $1
KRAPOVICHEK: posts big blind $3
*** HOLE CARDS ***
wakeup18: raises $3 to $6
KRAPOVICHEK: raises $3 to $9
wakeup18: calls $3
*** FLOP *** [3c 2h Kh]
KRAPOVICHEK: bets $3
wakeup18: calls $3
*** TURN *** [3c 2h Kh] [Ac]
KRAPOVICHEK: bets $6
wakeup18: calls $6
*** RIVER *** [3c 2h Kh Ac] [Jh]
KRAPOVICHEK: bets $6
wakeup18: calls $6
*** SHOW DOWN ***
KRAPOVICHEK: shows [Ah Ks] (two pair, Aces and Kings)
wakeup18: mucks hand
KRAPOVICHEK collected $47.50 from pot
*** SUMMARY ***
Total pot $48 | Rake $0.50
Board [3c 2h Kh Ac Jh]
Seat 1: wakeup18 (button) (small blind) mucked
Seat 2: KRAPOVICHEK (big blind) showed [Ah Ks] and won ($47.50) with two pair, Aces and Kings


