PokerStars Hand #162461793426:  Hold'em Limit ($3/$6 USD) - 2016/12/05 13:36:23 ET
Table 'Bharani' 6-max Seat #1 is the button
Seat 1: LifeisagameX ($106.75 in chips)
Seat 3: buddhasway ($87.40 in chips)
LifeisagameX: posts small blind $1
buddhasway: posts big blind $3
*** HOLE CARDS ***
LifeisagameX: raises $3 to $6
buddhasway: calls $3
*** FLOP *** [Qs Jc 7d]
buddhasway: checks
LifeisagameX: bets $3
buddhasway: calls $3
*** TURN *** [Qs Jc 7d] [6h]
buddhasway: checks
LifeisagameX: checks
*** RIVER *** [Qs Jc 7d 6h] [3h]
buddhasway: bets $6
LifeisagameX: calls $6
*** SHOW DOWN ***
buddhasway: shows [7s Kd] (a pair of Sevens)
LifeisagameX: mucks hand
buddhasway collected $29.50 from pot
*** SUMMARY ***
Total pot $30 | Rake $0.50
Board [Qs Jc 7d 6h 3h]
Seat 1: LifeisagameX (button) (small blind) mucked
Seat 3: buddhasway (big blind) showed [7s Kd] and won ($29.50) with a pair of Sevens


PokerStars Hand #162461743245:  Hold'em Limit ($3/$6 USD) - 2016/12/05 13:35:31 ET
Table 'Bharani' 6-max Seat #3 is the button
Seat 1: LifeisagameX ($107 in chips)
Seat 3: buddhasway ($87.65 in chips)
buddhasway: posts small blind $1
LifeisagameX: posts big blind $3
*** HOLE CARDS ***
buddhasway: calls $2
LifeisagameX: checks
*** FLOP *** [4s Js 8s]
LifeisagameX: bets $3
buddhasway: raises $3 to $6
LifeisagameX: calls $3
*** TURN *** [4s Js 8s] [Kh]
LifeisagameX: checks
buddhasway: bets $6
LifeisagameX: raises $6 to $12
buddhasway: calls $6
*** RIVER *** [4s Js 8s Kh] [Ad]
LifeisagameX: bets $6
buddhasway: calls $6
*** SHOW DOWN ***
LifeisagameX: shows [Jc 4h] (two pair, Jacks and Fours)
buddhasway: shows [Jd 4d] (two pair, Jacks and Fours)
LifeisagameX collected $26.75 from pot
buddhasway collected $26.75 from pot
*** SUMMARY ***
Total pot $54 | Rake $0.50
Board [4s Js 8s Kh Ad]
Seat 1: LifeisagameX (big blind) showed [Jc 4h] and won ($26.75) with two pair, Jacks and Fours
Seat 3: buddhasway (button) (small blind) showed [Jd 4d] and won ($26.75) with two pair, Jacks and Fours


PokerStars Hand #162461834906:  Hold'em Limit ($3/$6 USD) - 2016/12/05 13:37:06 ET
Table 'Bharani' 6-max Seat #3 is the button
Seat 1: LifeisagameX ($91.75 in chips)
Seat 3: buddhasway ($101.90 in chips)
buddhasway: posts small blind $1
LifeisagameX: posts big blind $3
*** HOLE CARDS ***
buddhasway: calls $2
LifeisagameX: checks
*** FLOP *** [Ks 9h Kc]
LifeisagameX: checks
buddhasway: checks
*** TURN *** [Ks 9h Kc] [6c]
LifeisagameX: bets $6
buddhasway: calls $6
*** RIVER *** [Ks 9h Kc 6c] [3h]
LifeisagameX: checks
buddhasway: bets $6
LifeisagameX: folds
Uncalled bet ($6) returned to buddhasway
buddhasway collected $17.64 from pot
buddhasway: doesn't show hand
*** SUMMARY ***
Total pot $18 | Rake $0.36
Board [Ks 9h Kc 6c 3h]
Seat 1: LifeisagameX (big blind) folded on the River
Seat 3: buddhasway (button) (small blind) collected ($17.64)


PokerStars Hand #162461890153:  Hold'em Limit ($3/$6 USD) - 2016/12/05 13:38:04 ET
Table 'Bharani' 6-max Seat #1 is the button
Seat 1: LifeisagameX ($84 in chips)
Seat 3: buddhasway ($110.54 in chips)
LifeisagameX: posts small blind $1
buddhasway: posts big blind $3
*** HOLE CARDS ***
LifeisagameX: raises $3 to $6
buddhasway: calls $3
*** FLOP *** [7c 5d 9s]
buddhasway: checks
hot shot2543 joins the table at seat #2
LifeisagameX: checks
*** TURN *** [7c 5d 9s] [5c]
buddhasway: checks
LifeisagameX: checks
*** RIVER *** [7c 5d 9s 5c] [Ts]
buddhasway: checks
LifeisagameX: bets $6
buddhasway: folds
Uncalled bet ($6) returned to LifeisagameX
Apanage joins the table at seat #4
LifeisagameX collected $11.76 from pot
LifeisagameX: doesn't show hand
*** SUMMARY ***
Total pot $12 | Rake $0.24
Board [7c 5d 9s 5c Ts]
Seat 1: LifeisagameX (button) (small blind) collected ($11.76)
Seat 3: buddhasway (big blind) folded on the River


PokerStars Hand #162462104415:  Hold'em Limit ($3/$6 USD) - 2016/12/05 13:41:45 ET
Table 'Bharani' 6-max Seat #2 is the button
Seat 2: hot shot2543 ($20.25 in chips)
Seat 4: Apanage ($90.20 in chips)
hot shot2543: posts small blind $1
Apanage: posts big blind $3
*** HOLE CARDS ***
hot shot2543: raises $3 to $6
Apanage: calls $3
*** FLOP *** [3s Js Kc]
Apanage: checks
hot shot2543: bets $3
Apanage: folds
Uncalled bet ($3) returned to hot shot2543
hot shot2543 collected $11.76 from pot
hot shot2543: doesn't show hand
*** SUMMARY ***
Total pot $12 | Rake $0.24
Board [3s Js Kc]
Seat 2: hot shot2543 (button) (small blind) collected ($11.76)
Seat 4: Apanage (big blind) folded on the Flop


PokerStars Hand #162462099698:  Hold'em Limit ($3/$6 USD) - 2016/12/05 13:41:40 ET
Table 'Bharani' 6-max Seat #4 is the button
Seat 2: hot shot2543 ($19.25 in chips)
Seat 4: Apanage ($91.20 in chips)
Apanage: posts small blind $1
buddhasway leaves the table
hot shot2543: posts big blind $3
*** HOLE CARDS ***
Apanage: folds
Uncalled bet ($2) returned to hot shot2543
hot shot2543 collected $2 from pot
hot shot2543: doesn't show hand
*** SUMMARY ***
Total pot $2 | Rake $0
Seat 2: hot shot2543 (big blind) collected ($2)
Seat 4: Apanage (button) (small blind) folded before Flop


PokerStars Hand #162462094325:  Hold'em Limit ($3/$6 USD) - 2016/12/05 13:41:34 ET
Table 'Bharani' 6-max Seat #2 is the button
Seat 2: hot shot2543 ($16.25 in chips)
Seat 4: Apanage ($94.20 in chips)
hot shot2543: posts small blind $1
buddhasway: is sitting out
Apanage: posts big blind $3
*** HOLE CARDS ***
hot shot2543: raises $3 to $6
Apanage: folds
Uncalled bet ($3) returned to hot shot2543
hot shot2543 collected $6 from pot
hot shot2543: doesn't show hand
*** SUMMARY ***
Total pot $6 | Rake $0
Seat 2: hot shot2543 (button) (small blind) collected ($6)
Seat 4: Apanage (big blind) folded before Flop


PokerStars Hand #162462164521:  Hold'em Limit ($3/$6 USD) - 2016/12/05 13:42:47 ET
Table 'Bharani' 6-max Seat #2 is the button
Seat 2: hot shot2543 ($30 in chips)
Seat 4: Apanage ($109.71 in chips)
hot shot2543: posts small blind $1
Apanage: posts big blind $3
*** HOLE CARDS ***
Bassie830 joins the table at seat #5
hot shot2543: raises $3 to $6
Apanage: raises $3 to $9
hot shot2543: raises $3 to $12
Betting is capped
Apanage: calls $3
*** FLOP *** [7s 2d 8d]
Apanage: checks
hot shot2543: bets $3
Apanage: raises $3 to $6
hot shot2543: raises $3 to $9
Apanage: raises $3 to $12
Betting is capped
hot shot2543: calls $3
*** TURN *** [7s 2d 8d] [Ts]
Apanage: bets $6
hot shot2543: calls $6 and is all-in
*** RIVER *** [7s 2d 8d Ts] [5d]
*** SHOW DOWN ***
Apanage: shows [Qh Qd] (a pair of Queens)
hot shot2543: shows [Qc 6c] (high card Queen)
Apanage collected $59.50 from pot
*** SUMMARY ***
Total pot $60 | Rake $0.50
Board [7s 2d 8d Ts 5d]
Seat 2: hot shot2543 (button) (small blind) showed [Qc 6c] and lost with high card Queen
Seat 4: Apanage (big blind) showed [Qh Qd] and won ($59.50) with a pair of Queens


PokerStars Hand #162462119290:  Hold'em Limit ($3/$6 USD) - 2016/12/05 13:42:00 ET
Table 'Bharani' 6-max Seat #4 is the button
Seat 2: hot shot2543 ($26.01 in chips)
Seat 4: Apanage ($84.20 in chips)
Apanage: posts small blind $1
hot shot2543: posts big blind $3
*** HOLE CARDS ***
Apanage: raises $3 to $6
hot shot2543: raises $3 to $9
Apanage: calls $3
*** FLOP *** [Jd 4c 3s]
hot shot2543: bets $3
Apanage: calls $3
*** TURN *** [Jd 4c 3s] [Td]
hot shot2543: bets $6
Apanage: calls $6
*** RIVER *** [Jd 4c 3s Td] [6h]
hot shot2543: bets $6
Apanage: raises $6 to $12
hot shot2543: calls $2.01 and is all-in
Uncalled bet ($3.99) returned to Apanage
*** SHOW DOWN ***
Apanage: shows [7d 5d] (a straight, Three to Seven)
hot shot2543: shows [Ah As] (a pair of Aces)
Apanage collected $51.52 from pot
*** SUMMARY ***
Total pot $52.02 | Rake $0.50
Board [Jd 4c 3s Td 6h]
Seat 2: hot shot2543 (big blind) showed [Ah As] and lost with a pair of Aces
Seat 4: Apanage (button) (small blind) showed [7d 5d] and won ($51.52) with a straight, Three to Seven


PokerStars Hand #162462185449:  Hold'em Limit ($3/$6 USD) - 2016/12/05 13:43:08 ET
Table 'Bharani' 6-max Seat #4 is the button
Seat 4: Apanage ($139.21 in chips)
Seat 5: Bassie830 ($120 in chips)
Apanage: posts small blind $1
Bassie830: posts big blind $3
hot shot2543 leaves the table
*** HOLE CARDS ***
Apanage: raises $3 to $6
Bassie830: calls $3
*** FLOP *** [6d 4h 4s]
Bassie830: checks
Apanage: bets $3
Bassie830: calls $3
*** TURN *** [6d 4h 4s] [2s]
Bassie830: checks
Apanage: bets $6
Bassie830: calls $6
*** RIVER *** [6d 4h 4s 2s] [Tc]
Bassie830: checks
Apanage: bets $6
Bassie830: calls $6
*** SHOW DOWN ***
Apanage: shows [Jd Ts] (two pair, Tens and Fours)
Bassie830: mucks hand
Apanage collected $41.50 from pot
*** SUMMARY ***
Total pot $42 | Rake $0.50
Board [6d 4h 4s 2s Tc]
Seat 4: Apanage (button) (small blind) showed [Jd Ts] and won ($41.50) with two pair, Tens and Fours
Seat 5: Bassie830 (big blind) mucked


