PokerStars Hand #175954470886:  Hold'em Limit ($3/$6 USD) - 2017/09/21 19:54:45 ET
Table 'Bharani II' 6-max Seat #6 is the button
Seat 1: TineJ2650 ($119.70 in chips)
Seat 6: knas4 ($381.05 in chips)
knas4: posts small blind $1
TineJ2650: posts big blind $3
*** HOLE CARDS ***
knas4: calls $2
TineJ2650: raises $3 to $6
knas4: calls $3
*** FLOP *** [4h Kd Qs]
TineJ2650: bets $3
knas4: folds
Uncalled bet ($3) returned to TineJ2650
TineJ2650 collected $11.76 from pot
TineJ2650: doesn't show hand
*** SUMMARY ***
Total pot $12 | Rake $0.24
Board [4h Kd Qs]
Seat 1: TineJ2650 (big blind) collected ($11.76)
Seat 6: knas4 (button) (small blind) folded on the Flop


PokerStars Hand #175954468004:  Hold'em Limit ($3/$6 USD) - 2017/09/21 19:54:39 ET
Table 'Bharani II' 6-max Seat #1 is the button
Seat 1: TineJ2650 ($120.70 in chips)
Seat 6: knas4 ($380.05 in chips)
TineJ2650: posts small blind $1
B_loJkl: is sitting out
knas4: posts big blind $3
*** HOLE CARDS ***
TineJ2650: folds
Uncalled bet ($2) returned to knas4
knas4 collected $2 from pot
knas4: doesn't show hand
*** SUMMARY ***
Total pot $2 | Rake $0
Seat 1: TineJ2650 (button) (small blind) folded before Flop
Seat 6: knas4 (big blind) collected ($2)


