PokerStars Hand #147350799518:  Hold'em Limit ($3/$6 USD) - 2016/01/20 1:43:06 ET
Table 'Bianca II' 2-max Seat #1 is the button
Seat 1: vitalik1203 ($61 in chips)
Seat 2: Bastenok ($237.14 in chips)
vitalik1203: posts small blind $1
Bastenok: posts big blind $3
*** HOLE CARDS ***
vitalik1203: raises $3 to $6
Bastenok: calls $3
*** FLOP *** [4c 4d Kd]
Bastenok: checks
vitalik1203: bets $3
Bastenok: calls $3
*** TURN *** [4c 4d Kd] [5s]
Bastenok: checks
vitalik1203: checks
*** RIVER *** [4c 4d Kd 5s] [2d]
Bastenok: checks
vitalik1203: checks
*** SHOW DOWN ***
Bastenok: shows [9h Qc] (a pair of Fours)
vitalik1203: shows [Js Qs] (a pair of Fours - King+Queen+Jack kicker)
vitalik1203 collected $17.64 from pot
*** SUMMARY ***
Total pot $18 | Rake $0.36
Board [4c 4d Kd 5s 2d]
Seat 1: vitalik1203 (button) (small blind) showed [Js Qs] and won ($17.64) with a pair of Fours
Seat 2: Bastenok (big blind) showed [9h Qc] and lost with a pair of Fours


PokerStars Hand #147350796004:  Hold'em Limit ($3/$6 USD) - 2016/01/20 1:42:54 ET
Table 'Bianca II' 2-max Seat #2 is the button
Seat 1: vitalik1203 ($34.50 in chips)
Seat 2: Bastenok ($264.14 in chips)
Bastenok: posts small blind $1
vitalik1203: posts big blind $3
*** HOLE CARDS ***
Bastenok: raises $3 to $6
vitalik1203: calls $3
*** FLOP *** [Ts Qs 5c]
vitalik1203: bets $3
Bastenok: raises $3 to $6
vitalik1203: raises $3 to $9
Bastenok: calls $3
*** TURN *** [Ts Qs 5c] [8s]
vitalik1203: bets $6
Bastenok: calls $6
*** RIVER *** [Ts Qs 5c 8s] [6h]
vitalik1203: bets $6
Bastenok: calls $6
*** SHOW DOWN ***
vitalik1203: shows [Qc 8d] (two pair, Queens and Eights)
Bastenok: mucks hand
vitalik1203 collected $53.50 from pot
*** SUMMARY ***
Total pot $54 | Rake $0.50
Board [Ts Qs 5c 8s 6h]
Seat 1: vitalik1203 (big blind) showed [Qc 8d] and won ($53.50) with two pair, Queens and Eights
Seat 2: Bastenok (button) (small blind) mucked


PokerStars Hand #147350792059:  Hold'em Limit ($3/$6 USD) - 2016/01/20 1:42:39 ET
Table 'Bianca II' 2-max Seat #1 is the button
Seat 1: vitalik1203 ($43.50 in chips)
Seat 2: Bastenok ($255.50 in chips)
vitalik1203: posts small blind $1
Bastenok: posts big blind $3
*** HOLE CARDS ***
vitalik1203: raises $3 to $6
Bastenok: calls $3
*** FLOP *** [4h 3d Ah]
Bastenok: checks
vitalik1203: bets $3
Bastenok: calls $3
*** TURN *** [4h 3d Ah] [Kh]
Bastenok: checks
vitalik1203: checks
*** RIVER *** [4h 3d Ah Kh] [Td]
Bastenok: bets $6
vitalik1203: folds
Uncalled bet ($6) returned to Bastenok
Bastenok collected $17.64 from pot
Bastenok: doesn't show hand
*** SUMMARY ***
Total pot $18 | Rake $0.36
Board [4h 3d Ah Kh Td]
Seat 1: vitalik1203 (button) (small blind) folded on the River
Seat 2: Bastenok (big blind) collected ($17.64)


PokerStars Hand #147350788292:  Hold'em Limit ($3/$6 USD) - 2016/01/20 1:42:26 ET
Table 'Bianca II' 2-max Seat #2 is the button
Seat 1: vitalik1203 ($29 in chips)
Seat 2: Bastenok ($270.50 in chips)
Bastenok: posts small blind $1
vitalik1203: posts big blind $3
*** HOLE CARDS ***
Bastenok: raises $3 to $6
vitalik1203: calls $3
*** FLOP *** [Jc 7s 8h]
vitalik1203: checks
Bastenok: bets $3
vitalik1203: calls $3
*** TURN *** [Jc 7s 8h] [5s]
vitalik1203: checks
Bastenok: checks
*** RIVER *** [Jc 7s 8h 5s] [2h]
vitalik1203: bets $6
Bastenok: calls $6
*** SHOW DOWN ***
vitalik1203: shows [5d Kc] (a pair of Fives)
Bastenok: mucks hand
vitalik1203 collected $29.50 from pot
*** SUMMARY ***
Total pot $30 | Rake $0.50
Board [Jc 7s 8h 5s 2h]
Seat 1: vitalik1203 (big blind) showed [5d Kc] and won ($29.50) with a pair of Fives
Seat 2: Bastenok (button) (small blind) mucked


PokerStars Hand #147350811650:  Hold'em Limit ($3/$6 USD) - 2016/01/20 1:43:50 ET
Table 'Bianca II' 2-max Seat #1 is the button
Seat 1: vitalik1203 ($45.64 in chips)
Seat 2: Bastenok ($251.18 in chips)
vitalik1203: posts small blind $1
Bastenok: posts big blind $3
*** HOLE CARDS ***
vitalik1203: calls $2
Bastenok: checks
*** FLOP *** [4c 6s 3d]
Bastenok: checks
vitalik1203: bets $3
Bastenok: raises $3 to $6
vitalik1203: calls $3
*** TURN *** [4c 6s 3d] [Kc]
Bastenok: bets $6
vitalik1203: calls $6
*** RIVER *** [4c 6s 3d Kc] [Qh]
Bastenok: bets $6
vitalik1203: folds
Uncalled bet ($6) returned to Bastenok
Bastenok collected $29.50 from pot
Bastenok: doesn't show hand
*** SUMMARY ***
Total pot $30 | Rake $0.50
Board [4c 6s 3d Kc Qh]
Seat 1: vitalik1203 (button) (small blind) folded on the River
Seat 2: Bastenok (big blind) collected ($29.50)


PokerStars Hand #147350808439:  Hold'em Limit ($3/$6 USD) - 2016/01/20 1:43:38 ET
Table 'Bianca II' 2-max Seat #2 is the button
Seat 1: vitalik1203 ($54.64 in chips)
Seat 2: Bastenok ($242.54 in chips)
Bastenok: posts small blind $1
vitalik1203: posts big blind $3
*** HOLE CARDS ***
Bastenok: raises $3 to $6
vitalik1203: calls $3
*** FLOP *** [9s Qd 3c]
vitalik1203: bets $3
Bastenok: calls $3
*** TURN *** [9s Qd 3c] [Kc]
vitalik1203: checks
Bastenok: checks
*** RIVER *** [9s Qd 3c Kc] [Kd]
vitalik1203: checks
Bastenok: checks
*** SHOW DOWN ***
vitalik1203: shows [4s 6d] (a pair of Kings)
Bastenok: shows [Ad 7c] (a pair of Kings - Ace kicker)
Bastenok collected $17.64 from pot
*** SUMMARY ***
Total pot $18 | Rake $0.36
Board [9s Qd 3c Kc Kd]
Seat 1: vitalik1203 (big blind) showed [4s 6d] and lost with a pair of Kings
Seat 2: Bastenok (button) (small blind) showed [Ad 7c] and won ($17.64) with a pair of Kings


PokerStars Hand #147350805545:  Hold'em Limit ($3/$6 USD) - 2016/01/20 1:43:28 ET
Table 'Bianca II' 2-max Seat #1 is the button
Seat 1: vitalik1203 ($57.64 in chips)
Seat 2: Bastenok ($239.66 in chips)
vitalik1203: posts small blind $1
Bastenok: posts big blind $3
*** HOLE CARDS ***
vitalik1203: calls $2
Bastenok: checks
*** FLOP *** [7s 4s Qh]
Bastenok: checks
vitalik1203: checks
*** TURN *** [7s 4s Qh] [9d]
Bastenok: bets $6
vitalik1203: folds
Uncalled bet ($6) returned to Bastenok
Bastenok collected $5.88 from pot
Bastenok: doesn't show hand
*** SUMMARY ***
Total pot $6 | Rake $0.12
Board [7s 4s Qh 9d]
Seat 1: vitalik1203 (button) (small blind) folded on the Turn
Seat 2: Bastenok (big blind) collected ($5.88)


PokerStars Hand #147350802509:  Hold'em Limit ($3/$6 USD) - 2016/01/20 1:43:17 ET
Table 'Bianca II' 2-max Seat #2 is the button
Seat 1: vitalik1203 ($69.64 in chips)
Seat 2: Bastenok ($228.14 in chips)
Bastenok: posts small blind $1
vitalik1203: posts big blind $3
*** HOLE CARDS ***
Bastenok: raises $3 to $6
vitalik1203: calls $3
*** FLOP *** [Qc 4s 7d]
vitalik1203: bets $3
Bastenok: raises $3 to $6
vitalik1203: calls $3
*** TURN *** [Qc 4s 7d] [Ts]
vitalik1203: checks
Bastenok: bets $6
vitalik1203: folds
Uncalled bet ($6) returned to Bastenok
Bastenok collected $23.52 from pot
Bastenok: doesn't show hand
*** SUMMARY ***
Total pot $24 | Rake $0.48
Board [Qc 4s 7d Ts]
Seat 1: vitalik1203 (big blind) folded on the Turn
Seat 2: Bastenok (button) (small blind) collected ($23.52)


PokerStars Hand #147350833055:  Hold'em Limit ($3/$6 USD) - 2016/01/20 1:45:06 ET
Table 'Bianca II' 2-max Seat #2 is the button
Seat 1: vitalik1203 ($24.80 in chips)
Seat 2: Bastenok ($270.06 in chips)
Bastenok: posts small blind $1
vitalik1203: posts big blind $3
*** HOLE CARDS ***
Bastenok: raises $3 to $6
vitalik1203: calls $3
*** FLOP *** [2c 9s Ac]
vitalik1203: checks
Bastenok: bets $3
vitalik1203: folds
Uncalled bet ($3) returned to Bastenok
Bastenok collected $11.76 from pot
Bastenok: doesn't show hand
*** SUMMARY ***
Total pot $12 | Rake $0.24
Board [2c 9s Ac]
Seat 1: vitalik1203 (big blind) folded on the Flop
Seat 2: Bastenok (button) (small blind) collected ($11.76)


PokerStars Hand #147350830890:  Hold'em Limit ($3/$6 USD) - 2016/01/20 1:44:58 ET
Table 'Bianca II' 2-max Seat #1 is the button
Seat 1: vitalik1203 ($21.92 in chips)
Seat 2: Bastenok ($273.06 in chips)
vitalik1203: posts small blind $1
Bastenok: posts big blind $3
*** HOLE CARDS ***
vitalik1203: calls $2
Bastenok: checks
*** FLOP *** [Jd 3c Qs]
Bastenok: checks
vitalik1203: bets $3
Bastenok: folds
Uncalled bet ($3) returned to vitalik1203
vitalik1203 collected $5.88 from pot
vitalik1203: doesn't show hand
*** SUMMARY ***
Total pot $6 | Rake $0.12
Board [Jd 3c Qs]
Seat 1: vitalik1203 (button) (small blind) collected ($5.88)
Seat 2: Bastenok (big blind) folded on the Flop


PokerStars Hand #147350826936:  Hold'em Limit ($3/$6 USD) - 2016/01/20 1:44:44 ET
Table 'Bianca II' 2-max Seat #2 is the button
Seat 1: vitalik1203 ($45.92 in chips)
Seat 2: Bastenok ($249.56 in chips)
Bastenok: posts small blind $1
vitalik1203: posts big blind $3
*** HOLE CARDS ***
Bastenok: raises $3 to $6
vitalik1203: calls $3
*** FLOP *** [7d 5c 4c]
vitalik1203: bets $3
Bastenok: raises $3 to $6
vitalik1203: calls $3
*** TURN *** [7d 5c 4c] [8s]
vitalik1203: checks
Bastenok: bets $6
vitalik1203: calls $6
*** RIVER *** [7d 5c 4c 8s] [2s]
vitalik1203: checks
Bastenok: bets $6
vitalik1203: calls $6
*** SHOW DOWN ***
Bastenok: shows [7c 8c] (two pair, Eights and Sevens)
vitalik1203: mucks hand
Bastenok collected $47.50 from pot
*** SUMMARY ***
Total pot $48 | Rake $0.50
Board [7d 5c 4c 8s 2s]
Seat 1: vitalik1203 (big blind) mucked
Seat 2: Bastenok (button) (small blind) showed [7c 8c] and won ($47.50) with two pair, Eights and Sevens


PokerStars Hand #147350823837:  Hold'em Limit ($3/$6 USD) - 2016/01/20 1:44:33 ET
Table 'Bianca II' 2-max Seat #1 is the button
Seat 1: vitalik1203 ($37.28 in chips)
Seat 2: Bastenok ($258.56 in chips)
vitalik1203: posts small blind $1
Bastenok: posts big blind $3
*** HOLE CARDS ***
vitalik1203: raises $3 to $6
Bastenok: calls $3
*** FLOP *** [7h Ad 5d]
Bastenok: checks
vitalik1203: bets $3
Bastenok: calls $3
*** TURN *** [7h Ad 5d] [9s]
Bastenok: checks
vitalik1203: checks
*** RIVER *** [7h Ad 5d 9s] [Kd]
Bastenok: checks
vitalik1203: checks
*** SHOW DOWN ***
Bastenok: shows [4s 5s] (a pair of Fives)
vitalik1203: shows [Qd 7s] (a pair of Sevens)
vitalik1203 collected $17.64 from pot
*** SUMMARY ***
Total pot $18 | Rake $0.36
Board [7h Ad 5d 9s Kd]
Seat 1: vitalik1203 (button) (small blind) showed [Qd 7s] and won ($17.64) with a pair of Sevens
Seat 2: Bastenok (big blind) showed [4s 5s] and lost with a pair of Fives


PokerStars Hand #147350822615:  Hold'em Limit ($3/$6 USD) - 2016/01/20 1:44:29 ET
Table 'Bianca II' 2-max Seat #2 is the button
Seat 1: vitalik1203 ($36.28 in chips)
Seat 2: Bastenok ($259.56 in chips)
Bastenok: posts small blind $1
vitalik1203: posts big blind $3
*** HOLE CARDS ***
Bastenok: folds
Uncalled bet ($2) returned to vitalik1203
vitalik1203 collected $2 from pot
vitalik1203: doesn't show hand
*** SUMMARY ***
Total pot $2 | Rake $0
Seat 1: vitalik1203 (big blind) collected ($2)
Seat 2: Bastenok (button) (small blind) folded before Flop


PokerStars Hand #147350819693:  Hold'em Limit ($3/$6 USD) - 2016/01/20 1:44:18 ET
Table 'Bianca II' 2-max Seat #1 is the button
Seat 1: vitalik1203 ($39.28 in chips)
Seat 2: Bastenok ($256.68 in chips)
vitalik1203: posts small blind $1
Bastenok: posts big blind $3
*** HOLE CARDS ***
vitalik1203: calls $2
Bastenok: checks
*** FLOP *** [Qh 8c Ad]
Bastenok: checks
vitalik1203: checks
*** TURN *** [Qh 8c Ad] [2c]
Bastenok: checks
vitalik1203: checks
*** RIVER *** [Qh 8c Ad 2c] [7d]
Bastenok: bets $6
vitalik1203: folds
Uncalled bet ($6) returned to Bastenok
Bastenok collected $5.88 from pot
Bastenok: doesn't show hand
*** SUMMARY ***
Total pot $6 | Rake $0.12
Board [Qh 8c Ad 2c 7d]
Seat 1: vitalik1203 (button) (small blind) folded on the River
Seat 2: Bastenok (big blind) collected ($5.88)


PokerStars Hand #147350815763:  Hold'em Limit ($3/$6 USD) - 2016/01/20 1:44:04 ET
Table 'Bianca II' 2-max Seat #2 is the button
Seat 1: vitalik1203 ($30.64 in chips)
Seat 2: Bastenok ($265.68 in chips)
Bastenok: posts small blind $1
vitalik1203: posts big blind $3
*** HOLE CARDS ***
Bastenok: raises $3 to $6
vitalik1203: raises $3 to $9
Bastenok: calls $3
*** FLOP *** [Kh 3c 4d]
vitalik1203: checks
Bastenok: checks
*** TURN *** [Kh 3c 4d] [Th]
vitalik1203: checks
Bastenok: checks
*** RIVER *** [Kh 3c 4d Th] [9h]
vitalik1203: checks
Bastenok: checks
*** SHOW DOWN ***
vitalik1203: shows [7s As] (high card Ace)
Bastenok: mucks hand
vitalik1203 collected $17.64 from pot
*** SUMMARY ***
Total pot $18 | Rake $0.36
Board [Kh 3c 4d Th 9h]
Seat 1: vitalik1203 (big blind) showed [7s As] and won ($17.64) with high card Ace
Seat 2: Bastenok (button) (small blind) mucked


PokerStars Hand #147350839818:  Hold'em Limit ($3/$6 USD) - 2016/01/20 1:45:30 ET
Table 'Bianca II' 2-max Seat #1 is the button
Seat 1: vitalik1203 ($11.80 in chips)
Seat 2: Bastenok ($282.58 in chips)
vitalik1203: posts small blind $1
Bastenok: posts big blind $3
*** HOLE CARDS ***
vitalik1203: raises $3 to $6
Bastenok: raises $3 to $9
vitalik1203: raises $2.80 to $11.80 and is all-in
Betting is capped
Bastenok: calls $2.80
*** FLOP *** [3h Kh 8c]
*** TURN *** [3h Kh 8c] [7d]
*** RIVER *** [3h Kh 8c 7d] [6h]
*** SHOW DOWN ***
Bastenok: shows [6s Ah] (a pair of Sixes)
vitalik1203: mucks hand
Bastenok collected $23.13 from pot
*** SUMMARY ***
Total pot $23.60 | Rake $0.47
Board [3h Kh 8c 7d 6h]
Seat 1: vitalik1203 (button) (small blind) mucked
Seat 2: Bastenok (big blind) showed [6s Ah] and won ($23.13) with a pair of Sixes


PokerStars Hand #147350836891:  Hold'em Limit ($3/$6 USD) - 2016/01/20 1:45:20 ET
Table 'Bianca II' 2-max Seat #2 is the button
Seat 1: vitalik1203 ($17.80 in chips)
Seat 2: Bastenok ($276.82 in chips)
Bastenok: posts small blind $1
vitalik1203: posts big blind $3
*** HOLE CARDS ***
Bastenok: raises $3 to $6
vitalik1203: calls $3
*** FLOP *** [Qs Ks Kc]
vitalik1203: checks
Bastenok: checks
*** TURN *** [Qs Ks Kc] [9c]
vitalik1203: checks
Bastenok: bets $6
vitalik1203: folds
Uncalled bet ($6) returned to Bastenok
Bastenok collected $11.76 from pot
Bastenok: doesn't show hand
*** SUMMARY ***
Total pot $12 | Rake $0.24
Board [Qs Ks Kc 9c]
Seat 1: vitalik1203 (big blind) folded on the Turn
Seat 2: Bastenok (button) (small blind) collected ($11.76)


PokerStars Hand #147350835441:  Hold'em Limit ($3/$6 USD) - 2016/01/20 1:45:14 ET
Table 'Bianca II' 2-max Seat #1 is the button
Seat 1: vitalik1203 ($18.80 in chips)
Seat 2: Bastenok ($275.82 in chips)
vitalik1203: posts small blind $1
Bastenok: posts big blind $3
*** HOLE CARDS ***
vitalik1203: folds
Uncalled bet ($2) returned to Bastenok
Bastenok collected $2 from pot
Bastenok: doesn't show hand
*** SUMMARY ***
Total pot $2 | Rake $0
Seat 1: vitalik1203 (button) (small blind) folded before Flop
Seat 2: Bastenok (big blind) collected ($2)


PokerStars Hand #147350856598:  Hold'em Limit ($3/$6 USD) - 2016/01/20 1:46:30 ET
Table 'Bianca II' 2-max Seat #2 is the button
Seat 1: vitalik1203 ($73.49 in chips)
Seat 2: Bastenok ($293.91 in chips)
Bastenok: posts small blind $1
vitalik1203: posts big blind $3
*** HOLE CARDS ***
Bastenok: raises $3 to $6
vitalik1203: raises $3 to $9
Bastenok: calls $3
*** FLOP *** [Ad 9s 8d]
vitalik1203: bets $3
Bastenok: raises $3 to $6
vitalik1203: calls $3
*** TURN *** [Ad 9s 8d] [Qh]
vitalik1203: bets $6
Bastenok: raises $6 to $12
vitalik1203: calls $6
*** RIVER *** [Ad 9s 8d Qh] [Kc]
vitalik1203: checks
Bastenok: bets $6
vitalik1203: folds
Uncalled bet ($6) returned to Bastenok
Bastenok collected $53.50 from pot
Bastenok: doesn't show hand
*** SUMMARY ***
Total pot $54 | Rake $0.50
Board [Ad 9s 8d Qh Kc]
Seat 1: vitalik1203 (big blind) folded on the River
Seat 2: Bastenok (button) (small blind) collected ($53.50)


PokerStars Hand #147350879997:  Hold'em Limit ($3/$6 USD) - 2016/01/20 1:47:54 ET
Table 'Bianca II' 2-max Seat #2 is the button
Seat 1: vitalik1203 ($75.49 in chips)
Seat 2: Bastenok ($289.91 in chips)
Bastenok: posts small blind $1
vitalik1203: posts big blind $3
*** HOLE CARDS ***
Bastenok: raises $3 to $6
vitalik1203: calls $3
*** FLOP *** [7d 5h Jh]
vitalik1203: checks
Bastenok: bets $3
vitalik1203: calls $3
*** TURN *** [7d 5h Jh] [Th]
vitalik1203: checks
Bastenok: bets $6
vitalik1203: calls $6
*** RIVER *** [7d 5h Jh Th] [4h]
vitalik1203: bets $6
Bastenok: raises $6 to $12
vitalik1203: folds
Uncalled bet ($6) returned to Bastenok
Bastenok collected $41.50 from pot
Bastenok: doesn't show hand
*** SUMMARY ***
Total pot $42 | Rake $0.50
Board [7d 5h Jh Th 4h]
Seat 1: vitalik1203 (big blind) folded on the River
Seat 2: Bastenok (button) (small blind) collected ($41.50)


PokerStars Hand #147350874540:  Hold'em Limit ($3/$6 USD) - 2016/01/20 1:47:34 ET
Table 'Bianca II' 2-max Seat #1 is the button
Seat 1: vitalik1203 ($99.49 in chips)
Seat 2: Bastenok ($266.41 in chips)
vitalik1203: posts small blind $1
Bastenok: posts big blind $3
*** HOLE CARDS ***
vitalik1203: calls $2
Bastenok: checks
*** FLOP *** [Kh 8h 6h]
Bastenok: bets $3
vitalik1203: calls $3
*** TURN *** [Kh 8h 6h] [8c]
Bastenok: bets $6
vitalik1203: raises $6 to $12
Bastenok: calls $6
*** RIVER *** [Kh 8h 6h 8c] [Kc]
Bastenok: bets $6
vitalik1203: calls $6
*** SHOW DOWN ***
Bastenok: shows [Ks 6s] (a full house, Kings full of Eights)
vitalik1203: mucks hand
Bastenok collected $47.50 from pot
*** SUMMARY ***
Total pot $48 | Rake $0.50
Board [Kh 8h 6h 8c Kc]
Seat 1: vitalik1203 (button) (small blind) mucked
Seat 2: Bastenok (big blind) showed [Ks 6s] and won ($47.50) with a full house, Kings full of Eights


PokerStars Hand #147350870814:  Hold'em Limit ($3/$6 USD) - 2016/01/20 1:47:21 ET
Table 'Bianca II' 2-max Seat #2 is the button
Seat 1: vitalik1203 ($72.99 in chips)
Seat 2: Bastenok ($293.41 in chips)
Bastenok: posts small blind $1
vitalik1203: posts big blind $3
*** HOLE CARDS ***
Bastenok: raises $3 to $6
vitalik1203: raises $3 to $9
Bastenok: calls $3
*** FLOP *** [Kc 5d Td]
vitalik1203: bets $3
Bastenok: raises $3 to $6
vitalik1203: calls $3
*** TURN *** [Kc 5d Td] [Ad]
vitalik1203: bets $6
Bastenok: calls $6
*** RIVER *** [Kc 5d Td Ad] [6s]
vitalik1203: bets $6
Bastenok: calls $6
*** SHOW DOWN ***
vitalik1203: shows [Jh Qh] (a straight, Ten to Ace)
Bastenok: mucks hand
vitalik1203 collected $53.50 from pot
*** SUMMARY ***
Total pot $54 | Rake $0.50
Board [Kc 5d Td Ad 6s]
Seat 1: vitalik1203 (big blind) showed [Jh Qh] and won ($53.50) with a straight, Ten to Ace
Seat 2: Bastenok (button) (small blind) mucked


PokerStars Hand #147350867097:  Hold'em Limit ($3/$6 USD) - 2016/01/20 1:47:08 ET
Table 'Bianca II' 2-max Seat #1 is the button
Seat 1: vitalik1203 ($46.49 in chips)
Seat 2: Bastenok ($320.41 in chips)
vitalik1203: posts small blind $1
Bastenok: posts big blind $3
*** HOLE CARDS ***
vitalik1203: raises $3 to $6
Bastenok: calls $3
*** FLOP *** [Td Th 7s]
Bastenok: checks
vitalik1203: bets $3
Bastenok: raises $3 to $6
vitalik1203: raises $3 to $9
Bastenok: calls $3
*** TURN *** [Td Th 7s] [Jh]
Bastenok: checks
vitalik1203: bets $6
Bastenok: calls $6
*** RIVER *** [Td Th 7s Jh] [2c]
Bastenok: checks
vitalik1203: bets $6
Bastenok: calls $6
*** SHOW DOWN ***
vitalik1203: shows [Ts Kh] (three of a kind, Tens)
Bastenok: mucks hand
vitalik1203 collected $53.50 from pot
*** SUMMARY ***
Total pot $54 | Rake $0.50
Board [Td Th 7s Jh 2c]
Seat 1: vitalik1203 (button) (small blind) showed [Ts Kh] and won ($53.50) with three of a kind, Tens
Seat 2: Bastenok (big blind) mucked


PokerStars Hand #147350898454:  Hold'em Limit ($3/$6 USD) - 2016/01/20 1:49:00 ET
Table 'Bianca II' 2-max Seat #2 is the button
Seat 1: vitalik1203 ($44.99 in chips)
Seat 2: Bastenok ($318.55 in chips)
Bastenok: posts small blind $1
vitalik1203: posts big blind $3
*** HOLE CARDS ***
Bastenok: raises $3 to $6
vitalik1203: calls $3
*** FLOP *** [Ac 7c 5s]
vitalik1203: bets $3
Bastenok: raises $3 to $6
vitalik1203: calls $3
*** TURN *** [Ac 7c 5s] [Ts]
vitalik1203: checks
Bastenok: bets $6
vitalik1203: calls $6
*** RIVER *** [Ac 7c 5s Ts] [8s]
vitalik1203: checks
Bastenok: bets $6
vitalik1203: calls $6
*** SHOW DOWN ***
Bastenok: shows [9s Ad] (a pair of Aces)
vitalik1203: mucks hand
Bastenok collected $47.50 from pot
*** SUMMARY ***
Total pot $48 | Rake $0.50
Board [Ac 7c 5s Ts 8s]
Seat 1: vitalik1203 (big blind) mucked
Seat 2: Bastenok (button) (small blind) showed [9s Ad] and won ($47.50) with a pair of Aces


PokerStars Hand #147350894311:  Hold'em Limit ($3/$6 USD) - 2016/01/20 1:48:45 ET
Table 'Bianca II' 2-max Seat #1 is the button
Seat 1: vitalik1203 ($30.49 in chips)
Seat 2: Bastenok ($333.55 in chips)
vitalik1203: posts small blind $1
Bastenok: posts big blind $3
*** HOLE CARDS ***
vitalik1203: calls $2
Bastenok: raises $3 to $6
vitalik1203: calls $3
*** FLOP *** [6s 5h 7s]
Bastenok: bets $3
vitalik1203: calls $3
*** TURN *** [6s 5h 7s] [5c]
Bastenok: checks
vitalik1203: checks
*** RIVER *** [6s 5h 7s 5c] [4d]
Bastenok: checks
vitalik1203: bets $6
Bastenok: calls $6
*** SHOW DOWN ***
vitalik1203: shows [2d 8d] (a straight, Four to Eight)
Bastenok: mucks hand
vitalik1203 collected $29.50 from pot
*** SUMMARY ***
Total pot $30 | Rake $0.50
Board [6s 5h 7s 5c 4d]
Seat 1: vitalik1203 (button) (small blind) showed [2d 8d] and won ($29.50) with a straight, Four to Eight
Seat 2: Bastenok (big blind) mucked


PokerStars Hand #147350890177:  Hold'em Limit ($3/$6 USD) - 2016/01/20 1:48:30 ET
Table 'Bianca II' 2-max Seat #2 is the button
Seat 1: vitalik1203 ($39.49 in chips)
Seat 2: Bastenok ($324.91 in chips)
Bastenok: posts small blind $1
vitalik1203: posts big blind $3
*** HOLE CARDS ***
Bastenok: raises $3 to $6
vitalik1203: calls $3
*** FLOP *** [2c 6d 7d]
vitalik1203: bets $3
Bastenok: calls $3
*** TURN *** [2c 6d 7d] [9d]
vitalik1203: checks
Bastenok: checks
*** RIVER *** [2c 6d 7d 9d] [8c]
vitalik1203: checks
Bastenok: bets $6
vitalik1203: folds
Uncalled bet ($6) returned to Bastenok
Bastenok collected $17.64 from pot
Bastenok: doesn't show hand
*** SUMMARY ***
Total pot $18 | Rake $0.36
Board [2c 6d 7d 9d 8c]
Seat 1: vitalik1203 (big blind) folded on the River
Seat 2: Bastenok (button) (small blind) collected ($17.64)


PokerStars Hand #147350885988:  Hold'em Limit ($3/$6 USD) - 2016/01/20 1:48:15 ET
Table 'Bianca II' 2-max Seat #1 is the button
Seat 1: vitalik1203 ($54.49 in chips)
Seat 2: Bastenok ($310.41 in chips)
vitalik1203: posts small blind $1
Bastenok: posts big blind $3
*** HOLE CARDS ***
vitalik1203: calls $2
Bastenok: raises $3 to $6
vitalik1203: calls $3
*** FLOP *** [7d Qs Jc]
Bastenok: bets $3
vitalik1203: calls $3
*** TURN *** [7d Qs Jc] [9c]
Bastenok: checks
vitalik1203: checks
*** RIVER *** [7d Qs Jc 9c] [2h]
Bastenok: checks
vitalik1203: bets $6
Bastenok: calls $6
*** SHOW DOWN ***
vitalik1203: shows [2s 3d] (a pair of Deuces)
Bastenok: shows [5h 5c] (a pair of Fives)
Bastenok collected $29.50 from pot
*** SUMMARY ***
Total pot $30 | Rake $0.50
Board [7d Qs Jc 9c 2h]
Seat 1: vitalik1203 (button) (small blind) showed [2s 3d] and lost with a pair of Deuces
Seat 2: Bastenok (big blind) showed [5h 5c] and won ($29.50) with a pair of Fives


PokerStars Hand #147350916441:  Hold'em Limit ($3/$6 USD) - 2016/01/20 1:50:03 ET
Table 'Bianca II' 2-max Seat #2 is the button
Seat 1: vitalik1203 ($29.15 in chips)
Seat 2: Bastenok ($332.57 in chips)
Bastenok: posts small blind $1
vitalik1203: posts big blind $3
*** HOLE CARDS ***
Bastenok: raises $3 to $6
vitalik1203: calls $3
*** FLOP *** [8d 7d 8h]
vitalik1203: bets $3
Bastenok: calls $3
*** TURN *** [8d 7d 8h] [2c]
vitalik1203: bets $6
Bastenok: folds
Uncalled bet ($6) returned to vitalik1203
vitalik1203 collected $17.64 from pot
vitalik1203: doesn't show hand
*** SUMMARY ***
Total pot $18 | Rake $0.36
Board [8d 7d 8h 2c]
Seat 1: vitalik1203 (big blind) collected ($17.64)
Seat 2: Bastenok (button) (small blind) folded on the Turn


PokerStars Hand #147350913435:  Hold'em Limit ($3/$6 USD) - 2016/01/20 1:49:53 ET
Table 'Bianca II' 2-max Seat #1 is the button
Seat 1: vitalik1203 ($35.15 in chips)
Seat 2: Bastenok ($326.81 in chips)
vitalik1203: posts small blind $1
Bastenok: posts big blind $3
*** HOLE CARDS ***
vitalik1203: raises $3 to $6
Bastenok: calls $3
*** FLOP *** [Ks Ac 5d]
Bastenok: checks
vitalik1203: checks
*** TURN *** [Ks Ac 5d] [Kh]
Bastenok: bets $6
vitalik1203: folds
Uncalled bet ($6) returned to Bastenok
Bastenok collected $11.76 from pot
Bastenok: doesn't show hand
*** SUMMARY ***
Total pot $12 | Rake $0.24
Board [Ks Ac 5d Kh]
Seat 1: vitalik1203 (button) (small blind) folded on the Turn
Seat 2: Bastenok (big blind) collected ($11.76)


PokerStars Hand #147350910922:  Hold'em Limit ($3/$6 USD) - 2016/01/20 1:49:44 ET
Table 'Bianca II' 2-max Seat #2 is the button
Seat 1: vitalik1203 ($41.15 in chips)
Seat 2: Bastenok ($321.05 in chips)
Bastenok: posts small blind $1
vitalik1203: posts big blind $3
*** HOLE CARDS ***
Bastenok: raises $3 to $6
vitalik1203: calls $3
*** FLOP *** [6h Kc Jh]
vitalik1203: checks
Bastenok: bets $3
vitalik1203: folds
Uncalled bet ($3) returned to Bastenok
Bastenok collected $11.76 from pot
Bastenok: doesn't show hand
*** SUMMARY ***
Total pot $12 | Rake $0.24
Board [6h Kc Jh]
Seat 1: vitalik1203 (big blind) folded on the Flop
Seat 2: Bastenok (button) (small blind) collected ($11.76)


PokerStars Hand #147350908473:  Hold'em Limit ($3/$6 USD) - 2016/01/20 1:49:35 ET
Table 'Bianca II' 2-max Seat #1 is the button
Seat 1: vitalik1203 ($35.39 in chips)
Seat 2: Bastenok ($327.05 in chips)
vitalik1203: posts small blind $1
Bastenok: posts big blind $3
*** HOLE CARDS ***
vitalik1203: raises $3 to $6
Bastenok: calls $3
*** FLOP *** [3c 6h Kh]
Bastenok: checks
vitalik1203: bets $3
Bastenok: folds
Uncalled bet ($3) returned to vitalik1203
vitalik1203 collected $11.76 from pot
vitalik1203: doesn't show hand
*** SUMMARY ***
Total pot $12 | Rake $0.24
Board [3c 6h Kh]
Seat 1: vitalik1203 (button) (small blind) collected ($11.76)
Seat 2: Bastenok (big blind) folded on the Flop


PokerStars Hand #147350905591:  Hold'em Limit ($3/$6 USD) - 2016/01/20 1:49:25 ET
Table 'Bianca II' 2-max Seat #2 is the button
Seat 1: vitalik1203 ($26.75 in chips)
Seat 2: Bastenok ($336.05 in chips)
Bastenok: posts small blind $1
vitalik1203: posts big blind $3
*** HOLE CARDS ***
Bastenok: raises $3 to $6
vitalik1203: calls $3
*** FLOP *** [7c Kh Qs]
vitalik1203: bets $3
Bastenok: calls $3
*** TURN *** [7c Kh Qs] [7d]
vitalik1203: bets $6
Bastenok: folds
Uncalled bet ($6) returned to vitalik1203
vitalik1203 collected $17.64 from pot
vitalik1203: doesn't show hand
*** SUMMARY ***
Total pot $18 | Rake $0.36
Board [7c Kh Qs 7d]
Seat 1: vitalik1203 (big blind) collected ($17.64)
Seat 2: Bastenok (button) (small blind) folded on the Turn


PokerStars Hand #147350902998:  Hold'em Limit ($3/$6 USD) - 2016/01/20 1:49:16 ET
Table 'Bianca II' 2-max Seat #1 is the button
Seat 1: vitalik1203 ($20.99 in chips)
Seat 2: Bastenok ($342.05 in chips)
vitalik1203: posts small blind $1
Bastenok: posts big blind $3
*** HOLE CARDS ***
vitalik1203: calls $2
Bastenok: checks
*** FLOP *** [9c 6s As]
Bastenok: bets $3
vitalik1203: raises $3 to $6
Bastenok: folds
Uncalled bet ($3) returned to vitalik1203
vitalik1203 collected $11.76 from pot
vitalik1203: doesn't show hand
*** SUMMARY ***
Total pot $12 | Rake $0.24
Board [9c 6s As]
Seat 1: vitalik1203 (button) (small blind) collected ($11.76)
Seat 2: Bastenok (big blind) folded on the Flop


PokerStars Hand #147350929034:  Hold'em Limit ($3/$6 USD) - 2016/01/20 1:50:48 ET
Table 'Bianca II' 2-max Seat #2 is the button
Seat 1: vitalik1203 ($15.27 in chips)
Seat 2: Bastenok ($345.04 in chips)
Bastenok: posts small blind $1
vitalik1203: posts big blind $3
*** HOLE CARDS ***
Bastenok: raises $3 to $6
vitalik1203: raises $3 to $9
Bastenok: calls $3
*** FLOP *** [Ks Jh 8d]
vitalik1203: bets $3
Bastenok: raises $3 to $6
vitalik1203: raises $0.27 to $6.27 and is all-in
Bastenok: calls $0.27
*** TURN *** [Ks Jh 8d] [Kh]
*** RIVER *** [Ks Jh 8d Kh] [8s]
*** SHOW DOWN ***
vitalik1203: shows [6h 6d] (two pair, Kings and Eights)
Bastenok: shows [Jc Td] (two pair, Kings and Jacks)
Bastenok collected $30.04 from pot
*** SUMMARY ***
Total pot $30.54 | Rake $0.50
Board [Ks Jh 8d Kh 8s]
Seat 1: vitalik1203 (big blind) showed [6h 6d] and lost with two pair, Kings and Eights
Seat 2: Bastenok (button) (small blind) showed [Jc Td] and won ($30.04) with two pair, Kings and Jacks


PokerStars Hand #147350925898:  Hold'em Limit ($3/$6 USD) - 2016/01/20 1:50:37 ET
Table 'Bianca II' 2-max Seat #1 is the button
Seat 1: vitalik1203 ($7.79 in chips)
Seat 2: Bastenok ($352.83 in chips)
vitalik1203: posts small blind $1
Bastenok: posts big blind $3
*** HOLE CARDS ***
vitalik1203: raises $3 to $6
Bastenok: raises $3 to $9
vitalik1203: calls $1.79 and is all-in
Uncalled bet ($1.21) returned to Bastenok
*** FLOP *** [As 2s 6h]
*** TURN *** [As 2s 6h] [Qh]
*** RIVER *** [As 2s 6h Qh] [6c]
*** SHOW DOWN ***
Bastenok: shows [4d 5h] (a pair of Sixes)
vitalik1203: shows [Tc 8d] (a pair of Sixes - Ace+Queen+Ten kicker)
vitalik1203 collected $15.27 from pot
*** SUMMARY ***
Total pot $15.58 | Rake $0.31
Board [As 2s 6h Qh 6c]
Seat 1: vitalik1203 (button) (small blind) showed [Tc 8d] and won ($15.27) with a pair of Sixes
Seat 2: Bastenok (big blind) showed [4d 5h] and lost with a pair of Sixes


PokerStars Hand #147350923393:  Hold'em Limit ($3/$6 USD) - 2016/01/20 1:50:28 ET
Table 'Bianca II' 2-max Seat #2 is the button
Seat 1: vitalik1203 ($13.79 in chips)
Seat 2: Bastenok ($347.07 in chips)
Bastenok: posts small blind $1
vitalik1203: posts big blind $3
*** HOLE CARDS ***
Bastenok: raises $3 to $6
vitalik1203: calls $3
*** FLOP *** [Ac Kd 7c]
vitalik1203: checks
Bastenok: bets $3
vitalik1203: folds
Uncalled bet ($3) returned to Bastenok
Bastenok collected $11.76 from pot
Bastenok: doesn't show hand
*** SUMMARY ***
Total pot $12 | Rake $0.24
Board [Ac Kd 7c]
Seat 1: vitalik1203 (big blind) folded on the Flop
Seat 2: Bastenok (button) (small blind) collected ($11.76)


PokerStars Hand #147350919401:  Hold'em Limit ($3/$6 USD) - 2016/01/20 1:50:14 ET
Table 'Bianca II' 2-max Seat #1 is the button
Seat 1: vitalik1203 ($37.79 in chips)
Seat 2: Bastenok ($323.57 in chips)
vitalik1203: posts small blind $1
Bastenok: posts big blind $3
*** HOLE CARDS ***
vitalik1203: raises $3 to $6
Bastenok: raises $3 to $9
vitalik1203: calls $3
*** FLOP *** [2s 5s 4d]
Bastenok: bets $3
vitalik1203: calls $3
*** TURN *** [2s 5s 4d] [9c]
Bastenok: bets $6
vitalik1203: calls $6
*** RIVER *** [2s 5s 4d 9c] [7c]
Bastenok: bets $6
vitalik1203: calls $6
*** SHOW DOWN ***
Bastenok: shows [Kd Kh] (a pair of Kings)
vitalik1203: mucks hand
Bastenok collected $47.50 from pot
*** SUMMARY ***
Total pot $48 | Rake $0.50
Board [2s 5s 4d 9c 7c]
Seat 1: vitalik1203 (button) (small blind) mucked
Seat 2: Bastenok (big blind) showed [Kd Kh] and won ($47.50) with a pair of Kings


