PokerStars Hand #151045835156:  Hold'em Limit ($3/$6 USD) - 2016/03/27 22:41:02 ET
Table 'Bianca' 6-max Seat #3 is the button
Seat 3: fabricio004 ($68 in chips)
Seat 4: AzureCaper ($76 in chips)
fabricio004: posts small blind $1
AzureCaper: posts big blind $3
*** HOLE CARDS ***
fabricio004: raises $3 to $6
AzureCaper: calls $3
*** FLOP *** [Ks Jc 9h]
AzureCaper: checks
fabricio004: checks
*** TURN *** [Ks Jc 9h] [5s]
AzureCaper: bets $6
fabricio004: folds
Uncalled bet ($6) returned to AzureCaper
AzureCaper collected $11.76 from pot
AzureCaper: doesn't show hand
*** SUMMARY ***
Total pot $12 | Rake $0.24
Board [Ks Jc 9h 5s]
Seat 3: fabricio004 (button) (small blind) folded on the Turn
Seat 4: AzureCaper (big blind) collected ($11.76)


PokerStars Hand #151045832245:  Hold'em Limit ($3/$6 USD) - 2016/03/27 22:40:54 ET
Table 'Bianca' 6-max Seat #4 is the button
Seat 3: fabricio004 ($71 in chips)
Seat 4: AzureCaper ($73 in chips)
AzureCaper: posts small blind $1
fabricio004: posts big blind $3
*** HOLE CARDS ***
AzureCaper: raises $3 to $6
fabricio004: folds
Uncalled bet ($3) returned to AzureCaper
AzureCaper collected $6 from pot
AzureCaper: doesn't show hand
*** SUMMARY ***
Total pot $6 | Rake $0
Seat 3: fabricio004 (big blind) folded before Flop
Seat 4: AzureCaper (button) (small blind) collected ($6)


PokerStars Hand #151045828211:  Hold'em Limit ($3/$6 USD) - 2016/03/27 22:40:43 ET
Table 'Bianca' 6-max Seat #3 is the button
Seat 3: fabricio004 ($72 in chips)
Seat 4: AzureCaper ($72 in chips)
fabricio004: posts small blind $1
AzureCaper: posts big blind $3
*** HOLE CARDS ***
fabricio004: folds
Uncalled bet ($2) returned to AzureCaper
AzureCaper collected $2 from pot
AzureCaper: doesn't show hand
*** SUMMARY ***
Total pot $2 | Rake $0
Seat 3: fabricio004 (button) (small blind) folded before Flop
Seat 4: AzureCaper (big blind) collected ($2)


PokerStars Hand #151045842266:  Hold'em Limit ($3/$6 USD) - 2016/03/27 22:41:22 ET
Table 'Bianca' 6-max Seat #3 is the button
Seat 3: fabricio004 ($63 in chips)
Seat 4: AzureCaper ($80.76 in chips)
fabricio004: posts small blind $1
AzureCaper: posts big blind $3
*** HOLE CARDS ***
fabricio004: raises $3 to $6
AzureCaper: calls $3
*** FLOP *** [6h 7c 7s]
AzureCaper: checks
fabricio004: bets $3
AzureCaper: raises $3 to $6
fabricio004: calls $3
*** TURN *** [6h 7c 7s] [Jd]
AzureCaper: bets $6
fabricio004: calls $6
*** RIVER *** [6h 7c 7s Jd] [2c]
AzureCaper: bets $6
fabricio004: calls $6
*** SHOW DOWN ***
AzureCaper: shows [Qh 7d] (three of a kind, Sevens)
jacks292001 joins the table at seat #5
fabricio004: mucks hand
AzureCaper collected $47.50 from pot
*** SUMMARY ***
Total pot $48 | Rake $0.50
Board [6h 7c 7s Jd 2c]
Seat 3: fabricio004 (button) (small blind) mucked
Seat 4: AzureCaper (big blind) showed [Qh 7d] and won ($47.50) with three of a kind, Sevens


PokerStars Hand #151045839675:  Hold'em Limit ($3/$6 USD) - 2016/03/27 22:41:14 ET
Table 'Bianca' 6-max Seat #4 is the button
Seat 3: fabricio004 ($62 in chips)
Seat 4: AzureCaper ($81.76 in chips)
AzureCaper: posts small blind $1
fabricio004: posts big blind $3
*** HOLE CARDS ***
AzureCaper: folds
Uncalled bet ($2) returned to fabricio004
fabricio004 collected $2 from pot
fabricio004: doesn't show hand
*** SUMMARY ***
Total pot $2 | Rake $0
Seat 3: fabricio004 (big blind) collected ($2)
Seat 4: AzureCaper (button) (small blind) folded before Flop


PokerStars Hand #151046764101:  Hold'em Limit ($3/$6 USD) - 2016/03/27 23:26:45 ET
Table 'Bianca' 6-max Seat #2 is the button
Seat 1: RaisemyNut$ ($137.57 in chips)
Seat 2: MissEKAmouse ($148 in chips)
MissEKAmouse: posts small blind $1
RaisemyNut$: posts big blind $3
*** HOLE CARDS ***
MissEKAmouse: folds
Uncalled bet ($2) returned to RaisemyNut$
RaisemyNut$ collected $2 from pot
RaisemyNut$: doesn't show hand
*** SUMMARY ***
Total pot $2 | Rake $0
Seat 1: RaisemyNut$ (big blind) collected ($2)
Seat 2: MissEKAmouse (button) (small blind) folded before Flop


