PokerStars Hand #145041069120:  Hold'em Limit ($3/$6 USD) - 2015/12/08 16:12:45 ET
Table 'Biarmia' 2-max Seat #1 is the button
Seat 1: balrog25 ($200.50 in chips)
Seat 2: jl45259071 ($146.43 in chips)
balrog25: posts small blind $1
jl45259071: posts big blind $3
*** HOLE CARDS ***
balrog25: raises $3 to $6
jl45259071: raises $3 to $9
balrog25: calls $3
*** FLOP *** [8s 9s Qd]
jl45259071: bets $3
balrog25: folds
Uncalled bet ($3) returned to jl45259071
jl45259071 collected $17.64 from pot
jl45259071: doesn't show hand
*** SUMMARY ***
Total pot $18 | Rake $0.36
Board [8s 9s Qd]
Seat 1: balrog25 (button) (small blind) folded on the Flop
Seat 2: jl45259071 (big blind) collected ($17.64)


PokerStars Hand #145041106591:  Hold'em Limit ($3/$6 USD) - 2015/12/08 16:13:23 ET
Table 'Biarmia' 2-max Seat #1 is the button
Seat 1: balrog25 ($170.50 in chips)
Seat 2: jl45259071 ($175.57 in chips)
balrog25: posts small blind $1
jl45259071: posts big blind $3
*** HOLE CARDS ***
balrog25: raises $3 to $6
jl45259071: calls $3
*** FLOP *** [6d 7c 6c]
jl45259071: checks
balrog25: bets $3
jl45259071: raises $3 to $6
balrog25: calls $3
*** TURN *** [6d 7c 6c] [Ks]
jl45259071: bets $6
balrog25: calls $6
*** RIVER *** [6d 7c 6c Ks] [5c]
jl45259071: bets $6
balrog25: folds
Uncalled bet ($6) returned to jl45259071
jl45259071 collected $35.50 from pot
jl45259071: doesn't show hand
*** SUMMARY ***
Total pot $36 | Rake $0.50
Board [6d 7c 6c Ks 5c]
Seat 1: balrog25 (button) (small blind) folded on the River
Seat 2: jl45259071 (big blind) collected ($35.50)


PokerStars Hand #145041130849:  Hold'em Limit ($3/$6 USD) - 2015/12/08 16:13:48 ET
Table 'Biarmia' 2-max Seat #2 is the button
Seat 1: balrog25 ($152.50 in chips)
Seat 2: jl45259071 ($193.07 in chips)
jl45259071: posts small blind $1
balrog25: posts big blind $3
*** HOLE CARDS ***
jl45259071: raises $3 to $6
balrog25: calls $3
*** FLOP *** [5h 5s 4h]
balrog25: checks
jl45259071: bets $3
balrog25: raises $3 to $6
jl45259071: raises $3 to $9
balrog25: calls $3
*** TURN *** [5h 5s 4h] [Tc]
balrog25: checks
jl45259071: bets $6
balrog25: calls $6
*** RIVER *** [5h 5s 4h Tc] [Jc]
balrog25: checks
jl45259071: bets $6
balrog25: calls $6
*** SHOW DOWN ***
jl45259071: shows [Kd Kc] (two pair, Kings and Fives)
balrog25: mucks hand
jl45259071 collected $53.50 from pot
*** SUMMARY ***
Total pot $54 | Rake $0.50
Board [5h 5s 4h Tc Jc]
Seat 1: balrog25 (big blind) mucked
Seat 2: jl45259071 (button) (small blind) showed [Kd Kc] and won ($53.50) with two pair, Kings and Fives


PokerStars Hand #145041084360:  Hold'em Limit ($3/$6 USD) - 2015/12/08 16:13:00 ET
Table 'Biarmia' 2-max Seat #2 is the button
Seat 1: balrog25 ($191.50 in chips)
Seat 2: jl45259071 ($155.07 in chips)
jl45259071: posts small blind $1
balrog25: posts big blind $3
*** HOLE CARDS ***
jl45259071: raises $3 to $6
balrog25: calls $3
*** FLOP *** [2d Qh Ts]
balrog25: checks
jl45259071: bets $3
balrog25: calls $3
*** TURN *** [2d Qh Ts] [3h]
balrog25: checks
jl45259071: bets $6
balrog25: calls $6
*** RIVER *** [2d Qh Ts 3h] [Th]
balrog25: checks
jl45259071: bets $6
balrog25: calls $6
*** SHOW DOWN ***
jl45259071: shows [Ac Js] (a pair of Tens)
balrog25: mucks hand
jl45259071 collected $41.50 from pot
*** SUMMARY ***
Total pot $42 | Rake $0.50
Board [2d Qh Ts 3h Th]
Seat 1: balrog25 (big blind) mucked
Seat 2: jl45259071 (button) (small blind) showed [Ac Js] and won ($41.50) with a pair of Tens


PokerStars Hand #145041152126:  Hold'em Limit ($3/$6 USD) - 2015/12/08 16:14:10 ET
Table 'Biarmia' 2-max Seat #1 is the button
Seat 1: balrog25 ($125.50 in chips)
Seat 2: jl45259071 ($219.57 in chips)
balrog25: posts small blind $1
jl45259071: posts big blind $3
*** HOLE CARDS ***
balrog25: raises $3 to $6
jl45259071: raises $3 to $9
balrog25: calls $3
*** FLOP *** [8s Qd 5h]
jl45259071: bets $3
balrog25: calls $3
*** TURN *** [8s Qd 5h] [2c]
jl45259071: bets $6
balrog25: folds
Uncalled bet ($6) returned to jl45259071
jl45259071 collected $23.52 from pot
jl45259071: doesn't show hand
*** SUMMARY ***
Total pot $24 | Rake $0.48
Board [8s Qd 5h 2c]
Seat 1: balrog25 (button) (small blind) folded on the Turn
Seat 2: jl45259071 (big blind) collected ($23.52)


PokerStars Hand #145041169635:  Hold'em Limit ($3/$6 USD) - 2015/12/08 16:14:28 ET
Table 'Biarmia' 2-max Seat #2 is the button
Seat 1: balrog25 ($173.50 in chips)
Seat 2: jl45259071 ($231.09 in chips)
jl45259071: posts small blind $1
balrog25: posts big blind $3
*** HOLE CARDS ***
jl45259071: raises $3 to $6
balrog25: calls $3
*** FLOP *** [7h Ah 4h]
balrog25: checks
jl45259071: bets $3
balrog25: folds
Uncalled bet ($3) returned to jl45259071
jl45259071 collected $11.76 from pot
jl45259071: doesn't show hand
*** SUMMARY ***
Total pot $12 | Rake $0.24
Board [7h Ah 4h]
Seat 1: balrog25 (big blind) folded on the Flop
Seat 2: jl45259071 (button) (small blind) collected ($11.76)


PokerStars Hand #145041184829:  Hold'em Limit ($3/$6 USD) - 2015/12/08 16:14:44 ET
Table 'Biarmia' 2-max Seat #1 is the button
Seat 1: balrog25 ($167.50 in chips)
Seat 2: jl45259071 ($236.85 in chips)
balrog25: posts small blind $1
jl45259071: posts big blind $3
*** HOLE CARDS ***
balrog25: folds
Uncalled bet ($2) returned to jl45259071
jl45259071 collected $2 from pot
jl45259071: doesn't show hand
*** SUMMARY ***
Total pot $2 | Rake $0
Seat 1: balrog25 (button) (small blind) folded before Flop
Seat 2: jl45259071 (big blind) collected ($2)


PokerStars Hand #145041207249:  Hold'em Limit ($3/$6 USD) - 2015/12/08 16:15:07 ET
Table 'Biarmia' 2-max Seat #2 is the button
Seat 1: balrog25 ($166.50 in chips)
Seat 2: jl45259071 ($237.85 in chips)
jl45259071: posts small blind $1
balrog25: posts big blind $3
*** HOLE CARDS ***
jl45259071: raises $3 to $6
balrog25: raises $3 to $9
jl45259071: calls $3
*** FLOP *** [Kc 4h 2h]
balrog25: bets $3
jl45259071: calls $3
*** TURN *** [Kc 4h 2h] [7s]
balrog25: bets $6
jl45259071: raises $6 to $12
balrog25: calls $6
*** RIVER *** [Kc 4h 2h 7s] [Kh]
balrog25: checks
jl45259071: checks
*** SHOW DOWN ***
balrog25: shows [Qs Ad] (a pair of Kings)
jl45259071: mucks hand
balrog25 collected $47.50 from pot
*** SUMMARY ***
Total pot $48 | Rake $0.50
Board [Kc 4h 2h 7s Kh]
Seat 1: balrog25 (big blind) showed [Qs Ad] and won ($47.50) with a pair of Kings
Seat 2: jl45259071 (button) (small blind) mucked


PokerStars Hand #145041228296:  Hold'em Limit ($3/$6 USD) - 2015/12/08 16:15:28 ET
Table 'Biarmia' 2-max Seat #1 is the button
Seat 1: balrog25 ($190 in chips)
Seat 2: jl45259071 ($213.85 in chips)
balrog25: posts small blind $1
jl45259071: posts big blind $3
*** HOLE CARDS ***
balrog25: raises $3 to $6
jl45259071: raises $3 to $9
balrog25: calls $3
*** FLOP *** [5d Qh 8s]
jl45259071: bets $3
balrog25: calls $3
*** TURN *** [5d Qh 8s] [Jh]
jl45259071: bets $6
balrog25: calls $6
*** RIVER *** [5d Qh 8s Jh] [2s]
jl45259071: bets $6
balrog25: folds
Uncalled bet ($6) returned to jl45259071
jl45259071 collected $35.50 from pot
jl45259071: doesn't show hand
*** SUMMARY ***
Total pot $36 | Rake $0.50
Board [5d Qh 8s Jh 2s]
Seat 1: balrog25 (button) (small blind) folded on the River
Seat 2: jl45259071 (big blind) collected ($35.50)


PokerStars Hand #145041273967:  Hold'em Limit ($3/$6 USD) - 2015/12/08 16:16:15 ET
Table 'Biarmia' 2-max Seat #1 is the button
Seat 1: balrog25 ($195.50 in chips)
Seat 2: jl45259071 ($207.35 in chips)
balrog25: posts small blind $1
jl45259071: posts big blind $3
*** HOLE CARDS ***
balrog25: folds
Uncalled bet ($2) returned to jl45259071
jl45259071 collected $2 from pot
jl45259071: doesn't show hand
*** SUMMARY ***
Total pot $2 | Rake $0
Seat 1: balrog25 (button) (small blind) folded before Flop
Seat 2: jl45259071 (big blind) collected ($2)


PokerStars Hand #145041256764:  Hold'em Limit ($3/$6 USD) - 2015/12/08 16:15:57 ET
Table 'Biarmia' 2-max Seat #2 is the button
Seat 1: balrog25 ($172 in chips)
Seat 2: jl45259071 ($231.35 in chips)
jl45259071: posts small blind $1
balrog25: posts big blind $3
*** HOLE CARDS ***
jl45259071: raises $3 to $6
balrog25: raises $3 to $9
jl45259071: raises $3 to $12
Betting is capped
balrog25: calls $3
*** FLOP *** [9s Jh 9d]
balrog25: checks
jl45259071: checks
*** TURN *** [9s Jh 9d] [Th]
balrog25: checks
jl45259071: bets $6
balrog25: calls $6
*** RIVER *** [9s Jh 9d Th] [5s]
balrog25: checks
jl45259071: bets $6
balrog25: calls $6
*** SHOW DOWN ***
jl45259071: shows [Ac 8d] (a pair of Nines)
balrog25: shows [8h 8s] (two pair, Nines and Eights)
balrog25 collected $47.50 from pot
*** SUMMARY ***
Total pot $48 | Rake $0.50
Board [9s Jh 9d Th 5s]
Seat 1: balrog25 (big blind) showed [8h 8s] and won ($47.50) with two pair, Nines and Eights
Seat 2: jl45259071 (button) (small blind) showed [Ac 8d] and lost with a pair of Nines


PokerStars Hand #145041280700:  Hold'em Limit ($3/$6 USD) - 2015/12/08 16:16:22 ET
Table 'Biarmia' 2-max Seat #2 is the button
Seat 1: balrog25 ($194.50 in chips)
Seat 2: jl45259071 ($208.35 in chips)
jl45259071: posts small blind $1
balrog25: posts big blind $3
*** HOLE CARDS ***
jl45259071: raises $3 to $6
balrog25: folds
Uncalled bet ($3) returned to jl45259071
jl45259071 collected $6 from pot
jl45259071: doesn't show hand
*** SUMMARY ***
Total pot $6 | Rake $0
Seat 1: balrog25 (big blind) folded before Flop
Seat 2: jl45259071 (button) (small blind) collected ($6)


PokerStars Hand #145041296994:  Hold'em Limit ($3/$6 USD) - 2015/12/08 16:16:38 ET
Table 'Biarmia' 2-max Seat #1 is the button
Seat 1: balrog25 ($191.50 in chips)
Seat 2: jl45259071 ($211.35 in chips)
balrog25: posts small blind $1
jl45259071: posts big blind $3
*** HOLE CARDS ***
balrog25: folds
Uncalled bet ($2) returned to jl45259071
jl45259071 collected $2 from pot
jl45259071: doesn't show hand
*** SUMMARY ***
Total pot $2 | Rake $0
Seat 1: balrog25 (button) (small blind) folded before Flop
Seat 2: jl45259071 (big blind) collected ($2)


PokerStars Hand #145041303144:  Hold'em Limit ($3/$6 USD) - 2015/12/08 16:16:45 ET
Table 'Biarmia' 2-max Seat #2 is the button
Seat 1: balrog25 ($190.50 in chips)
Seat 2: jl45259071 ($212.35 in chips)
jl45259071: posts small blind $1
balrog25: posts big blind $3
*** HOLE CARDS ***
jl45259071: calls $2
balrog25: raises $3 to $6
jl45259071: calls $3
*** FLOP *** [5d 2d 6d]
balrog25: bets $3
jl45259071: calls $3
*** TURN *** [5d 2d 6d] [Tc]
balrog25: checks
jl45259071: bets $6
balrog25: calls $6
*** RIVER *** [5d 2d 6d Tc] [Kh]
balrog25: checks
jl45259071: bets $6
balrog25: calls $6
*** SHOW DOWN ***
jl45259071: shows [8s 3h] (high card King)
balrog25: shows [3c Ac] (high card Ace)
balrog25 collected $41.50 from pot
*** SUMMARY ***
Total pot $42 | Rake $0.50
Board [5d 2d 6d Tc Kh]
Seat 1: balrog25 (big blind) showed [3c Ac] and won ($41.50) with high card Ace
Seat 2: jl45259071 (button) (small blind) showed [8s 3h] and lost with high card King


PokerStars Hand #145041341200:  Hold'em Limit ($3/$6 USD) - 2015/12/08 16:17:23 ET
Table 'Biarmia' 2-max Seat #1 is the button
Seat 1: balrog25 ($211 in chips)
Seat 2: jl45259071 ($191.35 in chips)
balrog25: posts small blind $1
jl45259071: posts big blind $3
*** HOLE CARDS ***
balrog25: raises $3 to $6
jl45259071: calls $3
*** FLOP *** [Ac 7d 4c]
jl45259071: checks
balrog25: bets $3
jl45259071: calls $3
*** TURN *** [Ac 7d 4c] [Ks]
jl45259071: checks
balrog25: checks
*** RIVER *** [Ac 7d 4c Ks] [5h]
jl45259071: bets $6
balrog25: folds
Uncalled bet ($6) returned to jl45259071
jl45259071 collected $17.64 from pot
jl45259071: doesn't show hand
*** SUMMARY ***
Total pot $18 | Rake $0.36
Board [Ac 7d 4c Ks 5h]
Seat 1: balrog25 (button) (small blind) folded on the River
Seat 2: jl45259071 (big blind) collected ($17.64)


PokerStars Hand #145041364632:  Hold'em Limit ($3/$6 USD) - 2015/12/08 16:17:47 ET
Table 'Biarmia' 2-max Seat #2 is the button
Seat 1: balrog25 ($202 in chips)
Seat 2: jl45259071 ($199.99 in chips)
jl45259071: posts small blind $1
balrog25: posts big blind $3
*** HOLE CARDS ***
jl45259071: calls $2
balrog25: raises $3 to $6
jl45259071: calls $3
*** FLOP *** [2c 4s Ks]
balrog25: bets $3
jl45259071: raises $3 to $6
balrog25: calls $3
*** TURN *** [2c 4s Ks] [Kc]
balrog25: checks
jl45259071: bets $6
balrog25: calls $6
*** RIVER *** [2c 4s Ks Kc] [Ad]
balrog25: checks
jl45259071: bets $6
balrog25: calls $6
*** SHOW DOWN ***
jl45259071: shows [2s Ts] (two pair, Kings and Deuces)
balrog25: shows [4h 3h] (two pair, Kings and Fours)
balrog25 collected $47.50 from pot
*** SUMMARY ***
Total pot $48 | Rake $0.50
Board [2c 4s Ks Kc Ad]
Seat 1: balrog25 (big blind) showed [4h 3h] and won ($47.50) with two pair, Kings and Fours
Seat 2: jl45259071 (button) (small blind) showed [2s Ts] and lost with two pair, Kings and Deuces


PokerStars Hand #145041396835:  Hold'em Limit ($3/$6 USD) - 2015/12/08 16:18:20 ET
Table 'Biarmia' 2-max Seat #1 is the button
Seat 1: balrog25 ($225.50 in chips)
Seat 2: jl45259071 ($175.99 in chips)
balrog25: posts small blind $1
jl45259071: posts big blind $3
*** HOLE CARDS ***
balrog25: raises $3 to $6
jl45259071: raises $3 to $9
balrog25: calls $3
*** FLOP *** [7c Jh 7d]
jl45259071: bets $3
balrog25: calls $3
*** TURN *** [7c Jh 7d] [Qs]
jl45259071: checks
balrog25: checks
*** RIVER *** [7c Jh 7d Qs] [Td]
jl45259071: checks
balrog25: checks
*** SHOW DOWN ***
jl45259071: shows [4d 8d] (a pair of Sevens)
balrog25: shows [5c Ah] (a pair of Sevens - Ace kicker)
balrog25 collected $23.52 from pot
*** SUMMARY ***
Total pot $24 | Rake $0.48
Board [7c Jh 7d Qs Td]
Seat 1: balrog25 (button) (small blind) showed [5c Ah] and won ($23.52) with a pair of Sevens
Seat 2: jl45259071 (big blind) showed [4d 8d] and lost with a pair of Sevens


PokerStars Hand #145041455923:  Hold'em Limit ($3/$6 USD) - 2015/12/08 16:19:21 ET
Table 'Biarmia' 2-max Seat #1 is the button
Seat 1: balrog25 ($251.52 in chips)
Seat 2: jl45259071 ($148.99 in chips)
balrog25: posts small blind $1
jl45259071: posts big blind $3
*** HOLE CARDS ***
balrog25: raises $3 to $6
jl45259071: raises $3 to $9
balrog25: calls $3
*** FLOP *** [3s 2s Jh]
jl45259071: bets $3
balrog25: calls $3
*** TURN *** [3s 2s Jh] [4c]
jl45259071: bets $6
balrog25: calls $6
*** RIVER *** [3s 2s Jh 4c] [4s]
jl45259071: bets $6
balrog25: calls $6
*** SHOW DOWN ***
jl45259071: shows [Kd 8h] (a pair of Fours)
balrog25: shows [Kc Tc] (a pair of Fours - King+Jack+Ten kicker)
balrog25 collected $47.50 from pot
*** SUMMARY ***
Total pot $48 | Rake $0.50
Board [3s 2s Jh 4c 4s]
Seat 1: balrog25 (button) (small blind) showed [Kc Tc] and won ($47.50) with a pair of Fours
Seat 2: jl45259071 (big blind) showed [Kd 8h] and lost with a pair of Fours


PokerStars Hand #145041429918:  Hold'em Limit ($3/$6 USD) - 2015/12/08 16:18:54 ET
Table 'Biarmia' 2-max Seat #2 is the button
Seat 1: balrog25 ($237.02 in chips)
Seat 2: jl45259071 ($163.99 in chips)
jl45259071: posts small blind $1
balrog25: posts big blind $3
*** HOLE CARDS ***
jl45259071: raises $3 to $6
balrog25: calls $3
*** FLOP *** [9d 2d 8c]
balrog25: checks
jl45259071: bets $3
balrog25: calls $3
*** TURN *** [9d 2d 8c] [2h]
balrog25: checks
jl45259071: checks
*** RIVER *** [9d 2d 8c 2h] [Kd]
balrog25: bets $6
jl45259071: calls $6
*** SHOW DOWN ***
balrog25: shows [2c Qc] (three of a kind, Deuces)
jl45259071: mucks hand
balrog25 collected $29.50 from pot
*** SUMMARY ***
Total pot $30 | Rake $0.50
Board [9d 2d 8c 2h Kd]
Seat 1: balrog25 (big blind) showed [2c Qc] and won ($29.50) with three of a kind, Deuces
Seat 2: jl45259071 (button) (small blind) mucked


PokerStars Hand #145041525734:  Hold'em Limit ($3/$6 USD) - 2015/12/08 16:20:33 ET
Table 'Biarmia' 2-max Seat #2 is the button
Seat 1: balrog25 ($286.54 in chips)
Seat 2: jl45259071 ($112.99 in chips)
jl45259071: posts small blind $1
balrog25: posts big blind $3
*** HOLE CARDS ***
jl45259071: raises $3 to $6
balrog25: calls $3
*** FLOP *** [Ad 4s 6h]
balrog25: checks
jl45259071: bets $3
balrog25: calls $3
*** TURN *** [Ad 4s 6h] [7s]
balrog25: checks
jl45259071: bets $6
balrog25: folds
Uncalled bet ($6) returned to jl45259071
jl45259071 collected $17.64 from pot
jl45259071: doesn't show hand
*** SUMMARY ***
Total pot $18 | Rake $0.36
Board [Ad 4s 6h 7s]
Seat 1: balrog25 (big blind) folded on the Turn
Seat 2: jl45259071 (button) (small blind) collected ($17.64)


PokerStars Hand #145041513068:  Hold'em Limit ($3/$6 USD) - 2015/12/08 16:20:20 ET
Table 'Biarmia' 2-max Seat #1 is the button
Seat 1: balrog25 ($280.78 in chips)
Seat 2: jl45259071 ($118.99 in chips)
balrog25: posts small blind $1
jl45259071: posts big blind $3
*** HOLE CARDS ***
balrog25: raises $3 to $6
jl45259071: calls $3
*** FLOP *** [6s Kh Qs]
jl45259071: checks
balrog25: bets $3
jl45259071: folds
Uncalled bet ($3) returned to balrog25
balrog25 collected $11.76 from pot
balrog25: doesn't show hand
*** SUMMARY ***
Total pot $12 | Rake $0.24
Board [6s Kh Qs]
Seat 1: balrog25 (button) (small blind) collected ($11.76)
Seat 2: jl45259071 (big blind) folded on the Flop


PokerStars Hand #145041490118:  Hold'em Limit ($3/$6 USD) - 2015/12/08 16:19:56 ET
Table 'Biarmia' 2-max Seat #2 is the button
Seat 1: balrog25 ($275.02 in chips)
Seat 2: jl45259071 ($124.99 in chips)
jl45259071: posts small blind $1
balrog25: posts big blind $3
*** HOLE CARDS ***
jl45259071: calls $2
balrog25: checks
*** FLOP *** [Kh 8h 6c]
balrog25: checks
jl45259071: bets $3
balrog25: calls $3
*** TURN *** [Kh 8h 6c] [Td]
balrog25: checks
jl45259071: checks
*** RIVER *** [Kh 8h 6c Td] [Kd]
balrog25: checks
jl45259071: checks
*** SHOW DOWN ***
balrog25: shows [6d 2h] (two pair, Kings and Sixes)
jl45259071: mucks hand
balrog25 collected $11.76 from pot
*** SUMMARY ***
Total pot $12 | Rake $0.24
Board [Kh 8h 6c Td Kd]
Seat 1: balrog25 (big blind) showed [6d 2h] and won ($11.76) with two pair, Kings and Sixes
Seat 2: jl45259071 (button) (small blind) mucked


PokerStars Hand #145041575772:  Hold'em Limit ($3/$6 USD) - 2015/12/08 16:21:26 ET
Table 'Biarmia' 2-max Seat #2 is the button
Seat 1: balrog25 ($286.18 in chips)
Seat 2: jl45259071 ($112.63 in chips)
jl45259071: posts small blind $1
balrog25: posts big blind $3
*** HOLE CARDS ***
jl45259071: raises $3 to $6
balrog25: calls $3
*** FLOP *** [Qh 4c 2h]
balrog25: bets $3
jl45259071: raises $3 to $6
balrog25: raises $3 to $9
jl45259071: raises $3 to $12
Betting is capped
balrog25: calls $3
*** TURN *** [Qh 4c 2h] [Kd]
balrog25: checks
jl45259071: bets $6
balrog25: calls $6
*** RIVER *** [Qh 4c 2h Kd] [4d]
balrog25: checks
jl45259071: bets $6
balrog25: calls $6
*** SHOW DOWN ***
jl45259071: shows [Jh 4h] (three of a kind, Fours)
balrog25: mucks hand
jl45259071 collected $59.50 from pot
*** SUMMARY ***
Total pot $60 | Rake $0.50
Board [Qh 4c 2h Kd 4d]
Seat 1: balrog25 (big blind) mucked
Seat 2: jl45259071 (button) (small blind) showed [Jh 4h] and won ($59.50) with three of a kind, Fours


PokerStars Hand #145041551091:  Hold'em Limit ($3/$6 USD) - 2015/12/08 16:21:00 ET
Table 'Biarmia' 2-max Seat #1 is the button
Seat 1: balrog25 ($277.54 in chips)
Seat 2: jl45259071 ($121.63 in chips)
balrog25: posts small blind $1
jl45259071: posts big blind $3
*** HOLE CARDS ***
balrog25: raises $3 to $6
jl45259071: calls $3
*** FLOP *** [7s 2h 6c]
jl45259071: checks
balrog25: bets $3
jl45259071: calls $3
*** TURN *** [7s 2h 6c] [6s]
jl45259071: checks
balrog25: checks
*** RIVER *** [7s 2h 6c 6s] [3d]
jl45259071: checks
balrog25: checks
*** SHOW DOWN ***
jl45259071: shows [4d Th] (a pair of Sixes)
balrog25: shows [Jd Tc] (a pair of Sixes - Jack kicker)
balrog25 collected $17.64 from pot
*** SUMMARY ***
Total pot $18 | Rake $0.36
Board [7s 2h 6c 6s 3d]
Seat 1: balrog25 (button) (small blind) showed [Jd Tc] and won ($17.64) with a pair of Sixes
Seat 2: jl45259071 (big blind) showed [4d Th] and lost with a pair of Sixes


PokerStars Hand #145041649987:  Hold'em Limit ($3/$6 USD) - 2015/12/08 16:22:44 ET
Table 'Biarmia' 2-max Seat #1 is the button
Seat 1: balrog25 ($264.70 in chips)
Seat 2: jl45259071 ($133.13 in chips)
balrog25: posts small blind $1
jl45259071: posts big blind $3
*** HOLE CARDS ***
balrog25: raises $3 to $6
jl45259071: calls $3
*** FLOP *** [7d Ah Ad]
jl45259071: checks
balrog25: bets $3
jl45259071: folds
Uncalled bet ($3) returned to balrog25
balrog25 collected $11.76 from pot
balrog25: doesn't show hand
*** SUMMARY ***
Total pot $12 | Rake $0.24
Board [7d Ah Ad]
Seat 1: balrog25 (button) (small blind) collected ($11.76)
Seat 2: jl45259071 (big blind) folded on the Flop


PokerStars Hand #145041642508:  Hold'em Limit ($3/$6 USD) - 2015/12/08 16:22:36 ET
Table 'Biarmia' 2-max Seat #2 is the button
Seat 1: balrog25 ($267.70 in chips)
Seat 2: jl45259071 ($130.13 in chips)
jl45259071: posts small blind $1
balrog25: posts big blind $3
*** HOLE CARDS ***
jl45259071: raises $3 to $6
balrog25: folds
Uncalled bet ($3) returned to jl45259071
jl45259071 collected $6 from pot
jl45259071: doesn't show hand
*** SUMMARY ***
Total pot $6 | Rake $0
Seat 1: balrog25 (big blind) folded before Flop
Seat 2: jl45259071 (button) (small blind) collected ($6)


PokerStars Hand #145041611771:  Hold'em Limit ($3/$6 USD) - 2015/12/08 16:22:03 ET
Table 'Biarmia' 2-max Seat #1 is the button
Seat 1: balrog25 ($256.18 in chips)
Seat 2: jl45259071 ($142.13 in chips)
balrog25: posts small blind $1
jl45259071: posts big blind $3
*** HOLE CARDS ***
balrog25: raises $3 to $6
jl45259071: raises $3 to $9
balrog25: calls $3
*** FLOP *** [Qh 4h Qd]
jl45259071: bets $3
balrog25: calls $3
*** TURN *** [Qh 4h Qd] [9h]
jl45259071: checks
balrog25: checks
*** RIVER *** [Qh 4h Qd 9h] [4d]
jl45259071: checks
balrog25: checks
*** SHOW DOWN ***
jl45259071: shows [8c 7s] (two pair, Queens and Fours)
balrog25: shows [6s Kc] (two pair, Queens and Fours - King kicker)
balrog25 collected $23.52 from pot
*** SUMMARY ***
Total pot $24 | Rake $0.48
Board [Qh 4h Qd 9h 4d]
Seat 1: balrog25 (button) (small blind) showed [6s Kc] and won ($23.52) with two pair, Queens and Fours
Seat 2: jl45259071 (big blind) showed [8c 7s] and lost with two pair, Queens and Fours


PokerStars Hand #145041704143:  Hold'em Limit ($3/$6 USD) - 2015/12/08 16:23:41 ET
Table 'Biarmia' 2-max Seat #1 is the button
Seat 1: balrog25 ($264.46 in chips)
Seat 2: jl45259071 ($132.89 in chips)
balrog25: posts small blind $1
jl45259071: posts big blind $3
*** HOLE CARDS ***
balrog25: raises $3 to $6
jl45259071: raises $3 to $9
balrog25: calls $3
*** FLOP *** [Jh Th 5d]
jl45259071: bets $3
balrog25: calls $3
*** TURN *** [Jh Th 5d] [3h]
jl45259071: checks
balrog25: bets $6
jl45259071: folds
Uncalled bet ($6) returned to balrog25
balrog25 collected $23.52 from pot
balrog25: doesn't show hand
*** SUMMARY ***
Total pot $24 | Rake $0.48
Board [Jh Th 5d 3h]
Seat 1: balrog25 (button) (small blind) collected ($23.52)
Seat 2: jl45259071 (big blind) folded on the Turn


PokerStars Hand #145041661161:  Hold'em Limit ($3/$6 USD) - 2015/12/08 16:22:55 ET
Table 'Biarmia' 2-max Seat #2 is the button
Seat 1: balrog25 ($270.46 in chips)
Seat 2: jl45259071 ($127.13 in chips)
jl45259071: posts small blind $1
balrog25: posts big blind $3
*** HOLE CARDS ***
jl45259071: raises $3 to $6
balrog25: calls $3
*** FLOP *** [Td 5d Ac]
balrog25: checks
jl45259071: bets $3
balrog25: folds
Uncalled bet ($3) returned to jl45259071
jl45259071 collected $11.76 from pot
jl45259071: doesn't show hand
*** SUMMARY ***
Total pot $12 | Rake $0.24
Board [Td 5d Ac]
Seat 1: balrog25 (big blind) folded on the Flop
Seat 2: jl45259071 (button) (small blind) collected ($11.76)


PokerStars Hand #145041758467:  Hold'em Limit ($3/$6 USD) - 2015/12/08 16:24:38 ET
Table 'Biarmia' 2-max Seat #1 is the button
Seat 1: balrog25 ($275.92 in chips)
Seat 2: jl45259071 ($120.83 in chips)
balrog25: posts small blind $1
jl45259071: posts big blind $3
*** HOLE CARDS ***
balrog25: raises $3 to $6
jl45259071: raises $3 to $9
balrog25: calls $3
*** FLOP *** [5c 6s Ah]
jl45259071: bets $3
balrog25: calls $3
*** TURN *** [5c 6s Ah] [7s]
jl45259071: bets $6
balrog25: folds
Uncalled bet ($6) returned to jl45259071
jl45259071 collected $23.52 from pot
jl45259071: doesn't show hand
*** SUMMARY ***
Total pot $24 | Rake $0.48
Board [5c 6s Ah 7s]
Seat 1: balrog25 (button) (small blind) folded on the Turn
Seat 2: jl45259071 (big blind) collected ($23.52)


PokerStars Hand #145041736405:  Hold'em Limit ($3/$6 USD) - 2015/12/08 16:24:15 ET
Table 'Biarmia' 2-max Seat #2 is the button
Seat 1: balrog25 ($275.98 in chips)
Seat 2: jl45259071 ($120.89 in chips)
jl45259071: posts small blind $1
balrog25: posts big blind $3
*** HOLE CARDS ***
jl45259071: calls $2
balrog25: checks
*** FLOP *** [Kh Js 6c]
balrog25: checks
jl45259071: checks
*** TURN *** [Kh Js 6c] [8c]
balrog25: checks
jl45259071: checks
*** RIVER *** [Kh Js 6c 8c] [Th]
balrog25: checks
jl45259071: checks
*** SHOW DOWN ***
balrog25: shows [3h 4c] (high card King)
jl45259071: shows [4s 5d] (high card King)
balrog25 collected $2.94 from pot
jl45259071 collected $2.94 from pot
*** SUMMARY ***
Total pot $6 | Rake $0.12
Board [Kh Js 6c 8c Th]
Seat 1: balrog25 (big blind) showed [3h 4c] and won ($2.94) with high card King
Seat 2: jl45259071 (button) (small blind) showed [4s 5d] and won ($2.94) with high card King


PokerStars Hand #145041817349:  Hold'em Limit ($3/$6 USD) - 2015/12/08 16:25:41 ET
Table 'Biarmia' 2-max Seat #1 is the button
Seat 1: balrog25 ($281.42 in chips)
Seat 2: jl45259071 ($114.35 in chips)
balrog25: posts small blind $1
jl45259071: posts big blind $3
*** HOLE CARDS ***
balrog25: raises $3 to $6
jl45259071: raises $3 to $9
balrog25: calls $3
*** FLOP *** [6s Qd 3s]
jl45259071: bets $3
balrog25: calls $3
*** TURN *** [6s Qd 3s] [6d]
jl45259071: bets $6
balrog25: folds
Uncalled bet ($6) returned to jl45259071
jl45259071 collected $23.52 from pot
jl45259071: doesn't show hand
*** SUMMARY ***
Total pot $24 | Rake $0.48
Board [6s Qd 3s 6d]
Seat 1: balrog25 (button) (small blind) folded on the Turn
Seat 2: jl45259071 (big blind) collected ($23.52)


PokerStars Hand #145041784422:  Hold'em Limit ($3/$6 USD) - 2015/12/08 16:25:06 ET
Table 'Biarmia' 2-max Seat #2 is the button
Seat 1: balrog25 ($263.92 in chips)
Seat 2: jl45259071 ($132.35 in chips)
jl45259071: posts small blind $1
balrog25: posts big blind $3
*** HOLE CARDS ***
jl45259071: raises $3 to $6
balrog25: calls $3
*** FLOP *** [6s Th Qh]
balrog25: checks
jl45259071: bets $3
balrog25: raises $3 to $6
jl45259071: calls $3
*** TURN *** [6s Th Qh] [8s]
balrog25: checks
jl45259071: checks
*** RIVER *** [6s Th Qh 8s] [Qc]
balrog25: bets $6
jl45259071: calls $6
*** SHOW DOWN ***
balrog25: shows [8h 3h] (two pair, Queens and Eights)
jl45259071: mucks hand
balrog25 collected $35.50 from pot
*** SUMMARY ***
Total pot $36 | Rake $0.50
Board [6s Th Qh 8s Qc]
Seat 1: balrog25 (big blind) showed [8h 3h] and won ($35.50) with two pair, Queens and Eights
Seat 2: jl45259071 (button) (small blind) mucked


PokerStars Hand #145041874066:  Hold'em Limit ($3/$6 USD) - 2015/12/08 16:26:41 ET
Table 'Biarmia' 2-max Seat #2 is the button
Seat 1: balrog25 ($307.56 in chips)
Seat 2: jl45259071 ($86.87 in chips)
jl45259071: posts small blind $1
balrog25: posts big blind $3
*** HOLE CARDS ***
jl45259071: raises $3 to $6
balrog25: calls $3
*** FLOP *** [9d 9s 6s]
balrog25: checks
jl45259071: bets $3
balrog25: raises $3 to $6
jl45259071: calls $3
*** TURN *** [9d 9s 6s] [2d]
balrog25: bets $6
jl45259071: folds
Uncalled bet ($6) returned to balrog25
balrog25 collected $23.52 from pot
balrog25: doesn't show hand
*** SUMMARY ***
Total pot $24 | Rake $0.48
Board [9d 9s 6s 2d]
Seat 1: balrog25 (big blind) collected ($23.52)
Seat 2: jl45259071 (button) (small blind) folded on the Turn


PokerStars Hand #145041854834:  Hold'em Limit ($3/$6 USD) - 2015/12/08 16:26:21 ET
Table 'Biarmia' 2-max Seat #1 is the button
Seat 1: balrog25 ($278.06 in chips)
Seat 2: jl45259071 ($116.87 in chips)
balrog25: posts small blind $1
jl45259071: posts big blind $3
*** HOLE CARDS ***
balrog25: raises $3 to $6
jl45259071: calls $3
*** FLOP *** [Td 7d 6c]
jl45259071: checks
balrog25: bets $3
jl45259071: raises $3 to $6
balrog25: calls $3
*** TURN *** [Td 7d 6c] [9s]
jl45259071: bets $6
balrog25: raises $6 to $12
jl45259071: calls $6
*** RIVER *** [Td 7d 6c 9s] [Qc]
jl45259071: checks
balrog25: bets $6
jl45259071: calls $6
*** SHOW DOWN ***
balrog25: shows [Ks 8s] (a straight, Six to Ten)
jl45259071: mucks hand
balrog25 collected $59.50 from pot
*** SUMMARY ***
Total pot $60 | Rake $0.50
Board [Td 7d 6c 9s Qc]
Seat 1: balrog25 (button) (small blind) showed [Ks 8s] and won ($59.50) with a straight, Six to Ten
Seat 2: jl45259071 (big blind) mucked


PokerStars Hand #145041841709:  Hold'em Limit ($3/$6 USD) - 2015/12/08 16:26:07 ET
Table 'Biarmia' 2-max Seat #2 is the button
Seat 1: balrog25 ($269.42 in chips)
Seat 2: jl45259071 ($125.87 in chips)
jl45259071: posts small blind $1
balrog25: posts big blind $3
*** HOLE CARDS ***
jl45259071: raises $3 to $6
balrog25: raises $3 to $9
jl45259071: calls $3
*** FLOP *** [8s 2s Kh]
balrog25: bets $3
jl45259071: folds
Uncalled bet ($3) returned to balrog25
balrog25 collected $17.64 from pot
balrog25: doesn't show hand
*** SUMMARY ***
Total pot $18 | Rake $0.36
Board [8s 2s Kh]
Seat 1: balrog25 (big blind) collected ($17.64)
Seat 2: jl45259071 (button) (small blind) folded on the Flop


PokerStars Hand #145041948349:  Hold'em Limit ($3/$6 USD) - 2015/12/08 16:28:01 ET
Table 'Biarmia' 2-max Seat #1 is the button
Seat 1: balrog25 ($345.08 in chips)
Seat 2: jl45259071 ($47.51 in chips)
balrog25: posts small blind $1
jl45259071: posts big blind $3
*** HOLE CARDS ***
balrog25: raises $3 to $6
jl45259071: raises $3 to $9
balrog25: calls $3
*** FLOP *** [4s 2c Ks]
jl45259071: bets $3
balrog25: calls $3
*** TURN *** [4s 2c Ks] [Qc]
jl45259071: bets $6
balrog25: calls $6
*** RIVER *** [4s 2c Ks Qc] [4h]
jl45259071: bets $6
balrog25: calls $6
*** SHOW DOWN ***
jl45259071: shows [Tc As] (a pair of Fours)
balrog25: shows [Qs Ac] (two pair, Queens and Fours)
balrog25 collected $47.50 from pot
*** SUMMARY ***
Total pot $48 | Rake $0.50
Board [4s 2c Ks Qc 4h]
Seat 1: balrog25 (button) (small blind) showed [Qs Ac] and won ($47.50) with two pair, Queens and Fours
Seat 2: jl45259071 (big blind) showed [Tc As] and lost with a pair of Fours


PokerStars Hand #145041929384:  Hold'em Limit ($3/$6 USD) - 2015/12/08 16:27:41 ET
Table 'Biarmia' 2-max Seat #2 is the button
Seat 1: balrog25 ($330.58 in chips)
Seat 2: jl45259071 ($62.51 in chips)
jl45259071: posts small blind $1
balrog25: posts big blind $3
*** HOLE CARDS ***
jl45259071: calls $2
balrog25: raises $3 to $6
jl45259071: calls $3
*** FLOP *** [6s 2d Qs]
balrog25: bets $3
jl45259071: calls $3
*** TURN *** [6s 2d Qs] [5s]
balrog25: checks
jl45259071: checks
*** RIVER *** [6s 2d Qs 5s] [8s]
balrog25: bets $6
jl45259071: calls $6
*** SHOW DOWN ***
balrog25: shows [Qc Ac] (a pair of Queens)
jl45259071: mucks hand
balrog25 collected $29.50 from pot
*** SUMMARY ***
Total pot $30 | Rake $0.50
Board [6s 2d Qs 5s 8s]
Seat 1: balrog25 (big blind) showed [Qc Ac] and won ($29.50) with a pair of Queens
Seat 2: jl45259071 (button) (small blind) mucked


PokerStars Hand #145041918655:  Hold'em Limit ($3/$6 USD) - 2015/12/08 16:27:29 ET
Table 'Biarmia' 2-max Seat #1 is the button
Seat 1: balrog25 ($339.58 in chips)
Seat 2: jl45259071 ($53.87 in chips)
balrog25: posts small blind $1
jl45259071: posts big blind $3
*** HOLE CARDS ***
balrog25: raises $3 to $6
jl45259071: raises $3 to $9
balrog25: calls $3
*** FLOP *** [9s Qd Kd]
jl45259071: bets $3
balrog25: folds
Uncalled bet ($3) returned to jl45259071
jl45259071 collected $17.64 from pot
jl45259071: doesn't show hand
*** SUMMARY ***
Total pot $18 | Rake $0.36
Board [9s Qd Kd]
Seat 1: balrog25 (button) (small blind) folded on the Flop
Seat 2: jl45259071 (big blind) collected ($17.64)


PokerStars Hand #145041912280:  Hold'em Limit ($3/$6 USD) - 2015/12/08 16:27:23 ET
Table 'Biarmia' 2-max Seat #2 is the button
Seat 1: balrog25 ($342.58 in chips)
Seat 2: jl45259071 ($50.87 in chips)
jl45259071: posts small blind $1
balrog25: posts big blind $3
*** HOLE CARDS ***
jl45259071: raises $3 to $6
balrog25: folds
Uncalled bet ($3) returned to jl45259071
jl45259071 collected $6 from pot
jl45259071: doesn't show hand
*** SUMMARY ***
Total pot $6 | Rake $0
Seat 1: balrog25 (big blind) folded before Flop
Seat 2: jl45259071 (button) (small blind) collected ($6)


PokerStars Hand #145041889661:  Hold'em Limit ($3/$6 USD) - 2015/12/08 16:26:58 ET
Table 'Biarmia' 2-max Seat #1 is the button
Seat 1: balrog25 ($319.08 in chips)
Seat 2: jl45259071 ($74.87 in chips)
balrog25: posts small blind $1
jl45259071: posts big blind $3
*** HOLE CARDS ***
balrog25: raises $3 to $6
jl45259071: raises $3 to $9
balrog25: calls $3
*** FLOP *** [6d Ad 2c]
jl45259071: bets $3
balrog25: calls $3
*** TURN *** [6d Ad 2c] [8c]
jl45259071: bets $6
balrog25: calls $6
*** RIVER *** [6d Ad 2c 8c] [6s]
jl45259071: bets $6
balrog25: raises $6 to $12
jl45259071: folds
Uncalled bet ($6) returned to balrog25
balrog25 collected $47.50 from pot
balrog25: doesn't show hand
*** SUMMARY ***
Total pot $48 | Rake $0.50
Board [6d Ad 2c 8c 6s]
Seat 1: balrog25 (button) (small blind) collected ($47.50)
Seat 2: jl45259071 (big blind) folded on the River


PokerStars Hand #145041975361:  Hold'em Limit ($3/$6 USD) - 2015/12/08 16:28:30 ET
Table 'Biarmia' 2-max Seat #1 is the button
Seat 1: balrog25 ($359.58 in chips)
Seat 2: jl45259071 ($32.15 in chips)
balrog25: posts small blind $1
jl45259071: posts big blind $3
*** HOLE CARDS ***
balrog25: raises $3 to $6
jl45259071: raises $3 to $9
balrog25: calls $3
*** FLOP *** [6c Ad As]
jl45259071: bets $3
balrog25: calls $3
*** TURN *** [6c Ad As] [2d]
jl45259071: bets $6
balrog25: calls $6
*** RIVER *** [6c Ad As 2d] [5s]
jl45259071: bets $6
balrog25: calls $6
*** SHOW DOWN ***
jl45259071: shows [3h Th] (a pair of Aces)
balrog25: shows [Qc 3c] (a pair of Aces - Queen kicker)
balrog25 collected $47.50 from pot
*** SUMMARY ***
Total pot $48 | Rake $0.50
Board [6c Ad As 2d 5s]
Seat 1: balrog25 (button) (small blind) showed [Qc 3c] and won ($47.50) with a pair of Aces
Seat 2: jl45259071 (big blind) showed [3h Th] and lost with a pair of Aces


PokerStars Hand #145041962151:  Hold'em Limit ($3/$6 USD) - 2015/12/08 16:28:16 ET
Table 'Biarmia' 2-max Seat #2 is the button
Seat 1: balrog25 ($368.58 in chips)
Seat 2: jl45259071 ($23.51 in chips)
jl45259071: posts small blind $1
balrog25: posts big blind $3
*** HOLE CARDS ***
jl45259071: raises $3 to $6
balrog25: calls $3
*** FLOP *** [8d 4h 4c]
balrog25: checks
jl45259071: bets $3
balrog25: calls $3
*** TURN *** [8d 4h 4c] [Ad]
balrog25: checks
jl45259071: bets $6
balrog25: folds
Uncalled bet ($6) returned to jl45259071
jl45259071 collected $17.64 from pot
jl45259071: doesn't show hand
*** SUMMARY ***
Total pot $18 | Rake $0.36
Board [8d 4h 4c Ad]
Seat 1: balrog25 (big blind) folded on the Turn
Seat 2: jl45259071 (button) (small blind) collected ($17.64)


PokerStars Hand #145041987669:  Hold'em Limit ($3/$6 USD) - 2015/12/08 16:28:44 ET
Table 'Biarmia' 2-max Seat #2 is the button
Seat 1: balrog25 ($383.08 in chips)
Seat 2: jl45259071 ($8.15 in chips)
jl45259071: posts small blind $1
balrog25: posts big blind $3
*** HOLE CARDS ***
jl45259071: raises $3 to $6
balrog25: raises $3 to $9
jl45259071: calls $2.15 and is all-in
Uncalled bet ($0.85) returned to balrog25
*** FLOP *** [Ks Qh 7h]
*** TURN *** [Ks Qh 7h] [Jc]
*** RIVER *** [Ks Qh 7h Jc] [9d]
*** SHOW DOWN ***
balrog25: shows [Ad 5d] (high card Ace)
jl45259071: shows [8d Ts] (a straight, Nine to King)
jl45259071 collected $15.97 from pot
*** SUMMARY ***
Total pot $16.30 | Rake $0.33
Board [Ks Qh 7h Jc 9d]
Seat 1: balrog25 (big blind) showed [Ad 5d] and lost with high card Ace
Seat 2: jl45259071 (button) (small blind) showed [8d Ts] and won ($15.97) with a straight, Nine to King


PokerStars Hand #145042044499:  Hold'em Limit ($3/$6 USD) - 2015/12/08 16:29:45 ET
Table 'Biarmia' 2-max Seat #1 is the button
Seat 1: balrog25 ($379.46 in chips)
Seat 2: jl45259071 ($10.44 in chips)
balrog25: posts small blind $1
jl45259071: posts big blind $3
*** HOLE CARDS ***
balrog25: folds
Uncalled bet ($2) returned to jl45259071
jl45259071 collected $2 from pot
jl45259071: doesn't show hand
*** SUMMARY ***
Total pot $2 | Rake $0
Seat 1: balrog25 (button) (small blind) folded before Flop
Seat 2: jl45259071 (big blind) collected ($2)


PokerStars Hand #145042026404:  Hold'em Limit ($3/$6 USD) - 2015/12/08 16:29:25 ET
Table 'Biarmia' 2-max Seat #2 is the button
Seat 1: balrog25 ($358.96 in chips)
Seat 2: jl45259071 ($31.44 in chips)
jl45259071: posts small blind $1
balrog25: posts big blind $3
*** HOLE CARDS ***
jl45259071: raises $3 to $6
balrog25: calls $3
*** FLOP *** [9h Kc Jh]
balrog25: checks
jl45259071: bets $3
balrog25: calls $3
*** TURN *** [9h Kc Jh] [Kd]
balrog25: checks
jl45259071: bets $6
balrog25: calls $6
*** RIVER *** [9h Kc Jh Kd] [Ac]
balrog25: checks
jl45259071: bets $6
balrog25: calls $6
*** SHOW DOWN ***
jl45259071: shows [9c 3c] (two pair, Kings and Nines)
balrog25: shows [7h Jc] (two pair, Kings and Jacks)
balrog25 collected $41.50 from pot
*** SUMMARY ***
Total pot $42 | Rake $0.50
Board [9h Kc Jh Kd Ac]
Seat 1: balrog25 (big blind) showed [7h Jc] and won ($41.50) with two pair, Kings and Jacks
Seat 2: jl45259071 (button) (small blind) showed [9c 3c] and lost with two pair, Kings and Nines


PokerStars Hand #145042000346:  Hold'em Limit ($3/$6 USD) - 2015/12/08 16:28:57 ET
Table 'Biarmia' 2-max Seat #1 is the button
Seat 1: balrog25 ($374.93 in chips)
Seat 2: jl45259071 ($15.97 in chips)
balrog25: posts small blind $1
jl45259071: posts big blind $3
*** HOLE CARDS ***
balrog25: raises $3 to $6
jl45259071: calls $3
*** FLOP *** [4s 8h 3d]
jl45259071: checks
balrog25: bets $3
jl45259071: raises $3 to $6
balrog25: calls $3
*** TURN *** [4s 8h 3d] [5c]
jl45259071: bets $3.97 and is all-in
balrog25: calls $3.97
*** RIVER *** [4s 8h 3d 5c] [Kc]
*** SHOW DOWN ***
jl45259071: shows [8d 3s] (two pair, Eights and Threes)
balrog25: shows [Ts 5s] (a pair of Fives)
jl45259071 collected $31.44 from pot
*** SUMMARY ***
Total pot $31.94 | Rake $0.50
Board [4s 8h 3d 5c Kc]
Seat 1: balrog25 (button) (small blind) showed [Ts 5s] and lost with a pair of Fives
Seat 2: jl45259071 (big blind) showed [8d 3s] and won ($31.44) with two pair, Eights and Threes


PokerStars Hand #145042049573:  Hold'em Limit ($3/$6 USD) - 2015/12/08 16:29:51 ET
Table 'Biarmia' 2-max Seat #2 is the button
Seat 1: balrog25 ($378.46 in chips)
Seat 2: jl45259071 ($11.44 in chips)
jl45259071: posts small blind $1
balrog25: posts big blind $3
*** HOLE CARDS ***
jl45259071: raises $3 to $6
balrog25: calls $3
*** FLOP *** [Th 8c Ac]
balrog25: checks
jl45259071: bets $3
balrog25: raises $3 to $6
jl45259071: calls $2.44 and is all-in
Uncalled bet ($0.56) returned to balrog25
*** TURN *** [Th 8c Ac] [Jd]
*** RIVER *** [Th 8c Ac Jd] [4s]
*** SHOW DOWN ***
balrog25: shows [Ts Jh] (two pair, Jacks and Tens)
jl45259071: shows [As 9d] (a pair of Aces)
balrog25 collected $22.42 from pot
*** SUMMARY ***
Total pot $22.88 | Rake $0.46
Board [Th 8c Ac Jd 4s]
Seat 1: balrog25 (big blind) showed [Ts Jh] and won ($22.42) with two pair, Jacks and Tens
Seat 2: jl45259071 (button) (small blind) showed [As 9d] and lost with a pair of Aces


PokerStars Hand #145043575720:  Hold'em Limit ($3/$6 USD) - 2015/12/08 16:57:54 ET
Table 'Biarmia' 2-max Seat #2 is the button
Seat 1: balrog25 ($374.44 in chips)
Seat 2: xlas-mariasx ($44.50 in chips)
xlas-mariasx: posts small blind $1
balrog25: posts big blind $3
*** HOLE CARDS ***
xlas-mariasx: raises $3 to $6
balrog25: calls $3
*** FLOP *** [Kd 3c Kc]
balrog25: checks
xlas-mariasx: bets $3
balrog25: folds
Uncalled bet ($3) returned to xlas-mariasx
xlas-mariasx collected $11.76 from pot
xlas-mariasx: doesn't show hand
*** SUMMARY ***
Total pot $12 | Rake $0.24
Board [Kd 3c Kc]
Seat 1: balrog25 (big blind) folded on the Flop
Seat 2: xlas-mariasx (button) (small blind) collected ($11.76)


PokerStars Hand #145043586015:  Hold'em Limit ($3/$6 USD) - 2015/12/08 16:58:07 ET
Table 'Biarmia' 2-max Seat #1 is the button
Seat 1: balrog25 ($368.44 in chips)
Seat 2: xlas-mariasx ($50.26 in chips)
balrog25: posts small blind $1
xlas-mariasx: posts big blind $3
*** HOLE CARDS ***
balrog25: raises $3 to $6
xlas-mariasx: calls $3
*** FLOP *** [2c Js 3h]
xlas-mariasx: checks
balrog25: bets $3
xlas-mariasx: calls $3
*** TURN *** [2c Js 3h] [6c]
xlas-mariasx: checks
balrog25: bets $6
xlas-mariasx: calls $6
*** RIVER *** [2c Js 3h 6c] [4s]
xlas-mariasx: checks
balrog25: checks
*** SHOW DOWN ***
xlas-mariasx: shows [Th Qs] (high card Queen)
balrog25: shows [6s Ad] (a pair of Sixes)
balrog25 collected $29.50 from pot
*** SUMMARY ***
Total pot $30 | Rake $0.50
Board [2c Js 3h 6c 4s]
Seat 1: balrog25 (button) (small blind) showed [6s Ad] and won ($29.50) with a pair of Sixes
Seat 2: xlas-mariasx (big blind) showed [Th Qs] and lost with high card Queen


PokerStars Hand #145043634793:  Hold'em Limit ($3/$6 USD) - 2015/12/08 16:59:12 ET
Table 'Biarmia' 2-max Seat #2 is the button
Seat 1: balrog25 ($382.94 in chips)
Seat 2: xlas-mariasx ($35.26 in chips)
xlas-mariasx: posts small blind $1
balrog25: posts big blind $3
*** HOLE CARDS ***
xlas-mariasx: raises $3 to $6
balrog25: raises $3 to $9
xlas-mariasx: calls $3
*** FLOP *** [8c 3d 2s]
balrog25: bets $3
xlas-mariasx: calls $3
*** TURN *** [8c 3d 2s] [8s]
balrog25: checks
xlas-mariasx: bets $6
balrog25: folds
Uncalled bet ($6) returned to xlas-mariasx
xlas-mariasx collected $23.52 from pot
xlas-mariasx: doesn't show hand
*** SUMMARY ***
Total pot $24 | Rake $0.48
Board [8c 3d 2s 8s]
Seat 1: balrog25 (big blind) folded on the Turn
Seat 2: xlas-mariasx (button) (small blind) collected ($23.52)


PokerStars Hand #145043743663:  Hold'em Limit ($3/$6 USD) - 2015/12/08 17:01:27 ET
Table 'Biarmia' 2-max Seat #2 is the button
Seat 1: balrog25 ($382.21 in chips)
Seat 2: xlas-mariasx ($34.53 in chips)
xlas-mariasx: posts small blind $1
balrog25: posts big blind $3
*** HOLE CARDS ***
xlas-mariasx: folds
Uncalled bet ($2) returned to balrog25
balrog25 collected $2 from pot
balrog25: doesn't show hand
*** SUMMARY ***
Total pot $2 | Rake $0
Seat 1: balrog25 (big blind) collected ($2)
Seat 2: xlas-mariasx (button) (small blind) folded before Flop


PokerStars Hand #145043720998:  Hold'em Limit ($3/$6 USD) - 2015/12/08 17:01:00 ET
Table 'Biarmia' 2-max Seat #1 is the button
Seat 1: balrog25 ($376.45 in chips)
Seat 2: xlas-mariasx ($40.53 in chips)
balrog25: posts small blind $1
xlas-mariasx: posts big blind $3
*** HOLE CARDS ***
balrog25: raises $3 to $6
xlas-mariasx: calls $3
*** FLOP *** [Kh 6c Ad]
xlas-mariasx: checks
balrog25: bets $3
xlas-mariasx: folds
Uncalled bet ($3) returned to balrog25
balrog25 collected $11.76 from pot
balrog25: doesn't show hand
*** SUMMARY ***
Total pot $12 | Rake $0.24
Board [Kh 6c Ad]
Seat 1: balrog25 (button) (small blind) collected ($11.76)
Seat 2: xlas-mariasx (big blind) folded on the Flop


PokerStars Hand #145043695174:  Hold'em Limit ($3/$6 USD) - 2015/12/08 17:00:29 ET
Table 'Biarmia' 2-max Seat #2 is the button
Seat 1: balrog25 ($370.69 in chips)
Seat 2: xlas-mariasx ($46.53 in chips)
xlas-mariasx: posts small blind $1
balrog25: posts big blind $3
*** HOLE CARDS ***
xlas-mariasx: raises $3 to $6
balrog25: calls $3
*** FLOP *** [9c 6h Js]
balrog25: checks
xlas-mariasx: checks
*** TURN *** [9c 6h Js] [3s]
balrog25: checks
xlas-mariasx: checks
*** RIVER *** [9c 6h Js 3s] [7c]
balrog25: checks
xlas-mariasx: checks
*** SHOW DOWN ***
balrog25: shows [3d Td] (a pair of Threes)
xlas-mariasx: mucks hand
balrog25 collected $11.76 from pot
*** SUMMARY ***
Total pot $12 | Rake $0.24
Board [9c 6h Js 3s 7c]
Seat 1: balrog25 (big blind) showed [3d Td] and won ($11.76) with a pair of Threes
Seat 2: xlas-mariasx (button) (small blind) mucked


