PokerStars Hand #170496176294:  Hold'em Limit ($3/$6 USD) - 2017/05/16 11:42:01 ET
Table 'Biarmia' 6-max Seat #3 is the button
Seat 3: igorkabmw ($38.08 in chips)
Seat 4: Ale4o ($117 in chips)
igorkabmw: posts small blind $1
Ale4o: posts big blind $3
*** HOLE CARDS ***
igorkabmw: folds
Uncalled bet ($2) returned to Ale4o
Ale4o collected $2 from pot
Ale4o: doesn't show hand
*** SUMMARY ***
Total pot $2 | Rake $0
Seat 3: igorkabmw (button) (small blind) folded before Flop
Seat 4: Ale4o (big blind) collected ($2)


PokerStars Hand #170496166252:  Hold'em Limit ($3/$6 USD) - 2017/05/16 11:41:45 ET
Table 'Biarmia' 6-max Seat #4 is the button
Seat 3: igorkabmw ($35.20 in chips)
Seat 4: Ale4o ($120 in chips)
Ale4o: posts small blind $1
GoliafUa: is sitting out
igorkabmw: posts big blind $3
*** HOLE CARDS ***
Ale4o: calls $2
igorkabmw: checks
*** FLOP *** [2d 6s Ah]
igorkabmw: checks
Ale4o: checks
*** TURN *** [2d 6s Ah] [Kc]
igorkabmw: checks
Ale4o: checks
*** RIVER *** [2d 6s Ah Kc] [Kd]
igorkabmw: checks
Ale4o: checks
*** SHOW DOWN ***
igorkabmw: shows [2h 5s] (two pair, Kings and Deuces)
Ale4o: mucks hand
igorkabmw collected $5.88 from pot
belik555 joins the table at seat #6
*** SUMMARY ***
Total pot $6 | Rake $0.12
Board [2d 6s Ah Kc Kd]
Seat 3: igorkabmw (big blind) showed [2h 5s] and won ($5.88) with two pair, Kings and Deuces
Seat 4: Ale4o (button) (small blind) mucked


