PokerStars Hand #149608310317:  Hold'em Limit ($3/$6 USD) - 2016/02/29 8:16:43 ET
Table 'Biarmia' 6-max Seat #1 is the button
Seat 1: VolkovDmitri ($120 in chips)
Seat 2: HAOYUN88888 ($60 in chips)
VolkovDmitri: posts small blind $1
HAOYUN88888: posts big blind $3
*** HOLE CARDS ***
RockKillerTY joins the table at seat #3
VolkovDmitri: raises $3 to $6
HAOYUN88888: calls $3
*** FLOP *** [5c 4s Js]
HAOYUN88888: checks
VolkovDmitri: bets $3
HAOYUN88888: calls $3
*** TURN *** [5c 4s Js] [Ks]
HAOYUN88888: checks
VolkovDmitri: bets $6
HAOYUN88888: folds
Uncalled bet ($6) returned to VolkovDmitri
VolkovDmitri collected $17.64 from pot
VolkovDmitri: doesn't show hand
*** SUMMARY ***
Total pot $18 | Rake $0.36
Board [5c 4s Js Ks]
Seat 1: VolkovDmitri (button) (small blind) collected ($17.64)
Seat 2: HAOYUN88888 (big blind) folded on the Turn


PokerStars Hand #149608480659:  Hold'em Limit ($3/$6 USD) - 2016/02/29 8:21:14 ET
Table 'Biarmia' 6-max Seat #4 is the button
Seat 1: VolkovDmitri ($152.58 in chips)
Seat 4: BJ72 ($146.14 in chips)
BJ72: posts small blind $1
VolkovDmitri: posts big blind $3
*** HOLE CARDS ***
BJ72: raises $3 to $6
VolkovDmitri: folds
Uncalled bet ($3) returned to BJ72
BJ72 collected $6 from pot
*** SUMMARY ***
Total pot $6 | Rake $0
Seat 1: VolkovDmitri (big blind) folded before Flop
Seat 4: BJ72 (button) (small blind) collected ($6)


PokerStars Hand #149608459240:  Hold'em Limit ($3/$6 USD) - 2016/02/29 8:20:40 ET
Table 'Biarmia' 6-max Seat #4 is the button
Seat 1: VolkovDmitri ($170.58 in chips)
Seat 4: BJ72 ($128.64 in chips)
BJ72: posts small blind $1
VolkovDmitri: posts big blind $3
*** HOLE CARDS ***
BJ72: raises $3 to $6
VolkovDmitri: folds
Uncalled bet ($3) returned to BJ72
BJ72 collected $6 from pot
BJ72: doesn't show hand
*** SUMMARY ***
Total pot $6 | Rake $0
Seat 1: VolkovDmitri (big blind) folded before Flop
Seat 4: BJ72 (button) (small blind) collected ($6)


PokerStars Hand #149608441196:  Hold'em Limit ($3/$6 USD) - 2016/02/29 8:20:11 ET
Table 'Biarmia' 6-max Seat #1 is the button
Seat 1: VolkovDmitri ($179.58 in chips)
Seat 4: BJ72 ($120 in chips)
RockKillerTY leaves the table
Sirocko leaves the table
VolkovDmitri: posts small blind $1
BJ72: posts big blind $3
*** HOLE CARDS ***
VolkovDmitri: raises $3 to $6
BJ72: calls $3
*** FLOP *** [6s Qd 9c]
BJ72: checks
VolkovDmitri: bets $3
BJ72: raises $3 to $6
VolkovDmitri: folds
Uncalled bet ($3) returned to BJ72
BJ72 collected $17.64 from pot
BJ72: doesn't show hand
*** SUMMARY ***
Total pot $18 | Rake $0.36
Board [6s Qd 9c]
Seat 1: VolkovDmitri (button) (small blind) folded on the Flop
Seat 4: BJ72 (big blind) collected ($17.64)


PokerStars Hand #149608463186:  Hold'em Limit ($3/$6 USD) - 2016/02/29 8:20:46 ET
Table 'Biarmia' 6-max Seat #1 is the button
Seat 1: VolkovDmitri ($167.58 in chips)
Seat 4: BJ72 ($131.64 in chips)
VolkovDmitri: posts small blind $1
BJ72: posts big blind $3
*** HOLE CARDS ***
VolkovDmitri: raises $3 to $6
BJ72: calls $3
*** FLOP *** [5c Js 5d]
BJ72: checks
VolkovDmitri: bets $3
BJ72: calls $3
*** TURN *** [5c Js 5d] [3d]
BJ72: checks
VolkovDmitri: checks
*** RIVER *** [5c Js 5d 3d] [Ah]
BJ72: bets $6
VolkovDmitri: calls $6
*** SHOW DOWN ***
BJ72: shows [4s Ad] (two pair, Aces and Fives)
VolkovDmitri: mucks hand
BJ72 collected $29.50 from pot
*** SUMMARY ***
Total pot $30 | Rake $0.50
Board [5c Js 5d 3d Ah]
Seat 1: VolkovDmitri (button) (small blind) mucked
Seat 4: BJ72 (big blind) showed [4s Ad] and won ($29.50) with two pair, Aces and Fives


PokerStars Hand #149608485267:  Hold'em Limit ($3/$6 USD) - 2016/02/29 8:21:21 ET
Table 'Biarmia' 6-max Seat #1 is the button
Seat 1: VolkovDmitri ($149.58 in chips)
Seat 4: BJ72 ($149.14 in chips)
VolkovDmitri: posts small blind $1
BJ72: posts big blind $3
*** HOLE CARDS ***
VolkovDmitri: raises $3 to $6
BJ72: calls $3
*** FLOP *** [6d 6h 2c]
BJ72: checks
VolkovDmitri: bets $3
BJ72: calls $3
*** TURN *** [6d 6h 2c] [5s]
BJ72: checks
VolkovDmitri: bets $6
BJ72: calls $6
*** RIVER *** [6d 6h 2c 5s] [3d]
BJ72: bets $6
VolkovDmitri: calls $6
*** SHOW DOWN ***
BJ72: shows [4c Qh] (a straight, Deuce to Six)
VolkovDmitri: mucks hand
BJ72 collected $41.50 from pot
*** SUMMARY ***
Total pot $42 | Rake $0.50
Board [6d 6h 2c 5s 3d]
Seat 1: VolkovDmitri (button) (small blind) mucked
Seat 4: BJ72 (big blind) showed [4c Qh] and won ($41.50) with a straight, Deuce to Six


PokerStars Hand #149608537167:  Hold'em Limit ($3/$6 USD) - 2016/02/29 8:22:43 ET
Table 'Biarmia' 6-max Seat #1 is the button
Seat 1: VolkovDmitri ($120 in chips)
Seat 4: BJ72 ($199.14 in chips)
VolkovDmitri: posts small blind $1
BJ72: posts big blind $3
*** HOLE CARDS ***
VolkovDmitri: raises $3 to $6
BJ72: raises $3 to $9
VolkovDmitri: calls $3
*** FLOP *** [Ad Th 4h]
BJ72: bets $3
VolkovDmitri: calls $3
*** TURN *** [Ad Th 4h] [3d]
BJ72: bets $6
VolkovDmitri: calls $6
*** RIVER *** [Ad Th 4h 3d] [7d]
BJ72: checks
VolkovDmitri: bets $6
BJ72: calls $6
*** SHOW DOWN ***
VolkovDmitri: shows [Qs Td] (a pair of Tens)
BJ72: mucks hand
VolkovDmitri collected $47.50 from pot
*** SUMMARY ***
Total pot $48 | Rake $0.50
Board [Ad Th 4h 3d 7d]
Seat 1: VolkovDmitri (button) (small blind) showed [Qs Td] and won ($47.50) with a pair of Tens
Seat 4: BJ72 (big blind) mucked


PokerStars Hand #149608510326:  Hold'em Limit ($3/$6 USD) - 2016/02/29 8:22:01 ET
Table 'Biarmia' 6-max Seat #4 is the button
Seat 1: VolkovDmitri ($128.58 in chips)
Seat 4: BJ72 ($169.64 in chips)
BJ72: posts small blind $1
VolkovDmitri: posts big blind $3
*** HOLE CARDS ***
BJ72: raises $3 to $6
VolkovDmitri: raises $3 to $9
BJ72: calls $3
*** FLOP *** [6c Kc 3d]
VolkovDmitri: bets $3
BJ72: calls $3
*** TURN *** [6c Kc 3d] [Th]
VolkovDmitri: bets $6
BJ72: raises $6 to $12
VolkovDmitri: calls $6
*** RIVER *** [6c Kc 3d Th] [6s]
VolkovDmitri: checks
BJ72: bets $6
VolkovDmitri: calls $6
*** SHOW DOWN ***
BJ72: shows [6d 6h] (four of a kind, Sixes)
VolkovDmitri: mucks hand
BJ72 collected $59.50 from pot
*** SUMMARY ***
Total pot $60 | Rake $0.50
Board [6c Kc 3d Th 6s]
Seat 1: VolkovDmitri (big blind) mucked
Seat 4: BJ72 (button) (small blind) showed [6d 6h] and won ($59.50) with four of a kind, Sixes


PokerStars Hand #149608564777:  Hold'em Limit ($3/$6 USD) - 2016/02/29 8:23:27 ET
Table 'Biarmia' 6-max Seat #4 is the button
Seat 1: VolkovDmitri ($143.50 in chips)
Seat 4: BJ72 ($175.14 in chips)
BJ72: posts small blind $1
VolkovDmitri: posts big blind $3
*** HOLE CARDS ***
BJ72: raises $3 to $6
VolkovDmitri: calls $3
*** FLOP *** [Th 5c 7h]
VolkovDmitri: checks
BJ72: bets $3
VolkovDmitri: raises $3 to $6
BJ72: calls $3
*** TURN *** [Th 5c 7h] [Js]
VolkovDmitri: bets $6
BJ72: calls $6
*** RIVER *** [Th 5c 7h Js] [9d]
VolkovDmitri: bets $6
BJ72: folds
Uncalled bet ($6) returned to VolkovDmitri
VolkovDmitri collected $35.50 from pot
VolkovDmitri: doesn't show hand
*** SUMMARY ***
Total pot $36 | Rake $0.50
Board [Th 5c 7h Js 9d]
Seat 1: VolkovDmitri (big blind) collected ($35.50)
Seat 4: BJ72 (button) (small blind) folded on the River


PokerStars Hand #149608587326:  Hold'em Limit ($3/$6 USD) - 2016/02/29 8:24:03 ET
Table 'Biarmia' 6-max Seat #1 is the button
Seat 1: VolkovDmitri ($161 in chips)
Seat 4: BJ72 ($157.14 in chips)
VolkovDmitri: posts small blind $1
BJ72: posts big blind $3
*** HOLE CARDS ***
VolkovDmitri: raises $3 to $6
BJ72: calls $3
*** FLOP *** [3c 8d Qd]
BJ72: checks
VolkovDmitri: bets $3
BJ72: folds
Uncalled bet ($3) returned to VolkovDmitri
VolkovDmitri collected $11.76 from pot
VolkovDmitri: doesn't show hand
*** SUMMARY ***
Total pot $12 | Rake $0.24
Board [3c 8d Qd]
Seat 1: VolkovDmitri (button) (small blind) collected ($11.76)
Seat 4: BJ72 (big blind) folded on the Flop


PokerStars Hand #149608598520:  Hold'em Limit ($3/$6 USD) - 2016/02/29 8:24:21 ET
Table 'Biarmia' 6-max Seat #4 is the button
Seat 1: VolkovDmitri ($166.76 in chips)
Seat 4: BJ72 ($151.14 in chips)
BJ72: posts small blind $1
VolkovDmitri: posts big blind $3
*** HOLE CARDS ***
BJ72: raises $3 to $6
VolkovDmitri: calls $3
*** FLOP *** [4c 4h 6h]
VolkovDmitri: checks
BJ72: checks
*** TURN *** [4c 4h 6h] [7s]
VolkovDmitri: bets $6
BJ72: calls $6
*** RIVER *** [4c 4h 6h 7s] [Jh]
VolkovDmitri: bets $6
BJ72: folds
Uncalled bet ($6) returned to VolkovDmitri
VolkovDmitri collected $23.52 from pot
VolkovDmitri: doesn't show hand
*** SUMMARY ***
Total pot $24 | Rake $0.48
Board [4c 4h 6h 7s Jh]
Seat 1: VolkovDmitri (big blind) collected ($23.52)
Seat 4: BJ72 (button) (small blind) folded on the River


