PokerStars Hand #152306161781:  Hold'em Limit ($3/$6 USD) - 2016/04/22 20:24:09 ET
Table 'Biarmia' 6-max Seat #5 is the button
Seat 4: Kikimor1220 ($156.55 in chips)
Seat 5: GRAILKO ($905.87 in chips)
GRAILKO: posts small blind $1
Kikimor1220: posts big blind $3
*** HOLE CARDS ***
GRAILKO: raises $3 to $6
Kikimor1220: folds
Uncalled bet ($3) returned to GRAILKO
GRAILKO collected $6 from pot
GRAILKO: doesn't show hand
*** SUMMARY ***
Total pot $6 | Rake $0
Seat 4: Kikimor1220 (big blind) folded before Flop
Seat 5: GRAILKO (button) (small blind) collected ($6)


PokerStars Hand #152306164689:  Hold'em Limit ($3/$6 USD) - 2016/04/22 20:24:15 ET
Table 'Biarmia' 6-max Seat #4 is the button
Seat 4: Kikimor1220 ($153.55 in chips)
Seat 5: GRAILKO ($908.87 in chips)
Kikimor1220: posts small blind $1
GRAILKO: posts big blind $3
*** HOLE CARDS ***
Kikimor1220: raises $3 to $6
GRAILKO: folds
Uncalled bet ($3) returned to Kikimor1220
Kikimor1220 collected $6 from pot
Kikimor1220: doesn't show hand
*** SUMMARY ***
Total pot $6 | Rake $0
Seat 4: Kikimor1220 (button) (small blind) collected ($6)
Seat 5: GRAILKO (big blind) folded before Flop


PokerStars Hand #152306168920:  Hold'em Limit ($3/$6 USD) - 2016/04/22 20:24:24 ET
Table 'Biarmia' 6-max Seat #5 is the button
Seat 4: Kikimor1220 ($156.55 in chips)
Seat 5: GRAILKO ($905.87 in chips)
GRAILKO: posts small blind $1
Kikimor1220: posts big blind $3
*** HOLE CARDS ***
GRAILKO: folds
Uncalled bet ($2) returned to Kikimor1220
Kikimor1220 collected $2 from pot
Kikimor1220: doesn't show hand
*** SUMMARY ***
Total pot $2 | Rake $0
Seat 4: Kikimor1220 (big blind) collected ($2)
Seat 5: GRAILKO (button) (small blind) folded before Flop


PokerStars Hand #152306178115:  Hold'em Limit ($3/$6 USD) - 2016/04/22 20:24:42 ET
Table 'Biarmia' 6-max Seat #5 is the button
Seat 4: Kikimor1220 ($163.31 in chips)
Seat 5: GRAILKO ($898.87 in chips)
GRAILKO: posts small blind $1
Kikimor1220: posts big blind $3
*** HOLE CARDS ***
GRAILKO: folds
Uncalled bet ($2) returned to Kikimor1220
Kikimor1220 collected $2 from pot
Kikimor1220: doesn't show hand
*** SUMMARY ***
Total pot $2 | Rake $0
Seat 4: Kikimor1220 (big blind) collected ($2)
Seat 5: GRAILKO (button) (small blind) folded before Flop


PokerStars Hand #152306172526:  Hold'em Limit ($3/$6 USD) - 2016/04/22 20:24:31 ET
Table 'Biarmia' 6-max Seat #4 is the button
Seat 4: Kikimor1220 ($157.55 in chips)
Seat 5: GRAILKO ($904.87 in chips)
Kikimor1220: posts small blind $1
GRAILKO: posts big blind $3
*** HOLE CARDS ***
Kikimor1220: raises $3 to $6
GRAILKO: calls $3
*** FLOP *** [6s Jd Js]
GRAILKO: checks
Kikimor1220: bets $3
GRAILKO: folds
Uncalled bet ($3) returned to Kikimor1220
Kikimor1220 collected $11.76 from pot
Kikimor1220: doesn't show hand
*** SUMMARY ***
Total pot $12 | Rake $0.24
Board [6s Jd Js]
Seat 4: Kikimor1220 (button) (small blind) collected ($11.76)
Seat 5: GRAILKO (big blind) folded on the Flop


PokerStars Hand #152306180423:  Hold'em Limit ($3/$6 USD) - 2016/04/22 20:24:46 ET
Table 'Biarmia' 6-max Seat #4 is the button
Seat 4: Kikimor1220 ($164.31 in chips)
Seat 5: GRAILKO ($897.87 in chips)
Kikimor1220: posts small blind $1
GRAILKO: posts big blind $3
*** HOLE CARDS ***
Kikimor1220: raises $3 to $6
GRAILKO: calls $3
*** FLOP *** [2s Ah 8d]
GRAILKO: checks
Kikimor1220: bets $3
GRAILKO: raises $3 to $6
Kikimor1220: calls $3
*** TURN *** [2s Ah 8d] [6c]
GRAILKO: bets $6
Kikimor1220: calls $6
*** RIVER *** [2s Ah 8d 6c] [9h]
GRAILKO: bets $6
Kikimor1220: calls $6
*** SHOW DOWN ***
GRAILKO: shows [2h As] (two pair, Aces and Deuces)
Kikimor1220: mucks hand
GRAILKO collected $47.50 from pot
Guimp leaves the table
*** SUMMARY ***
Total pot $48 | Rake $0.50
Board [2s Ah 8d 6c 9h]
Seat 4: Kikimor1220 (button) (small blind) mucked
Seat 5: GRAILKO (big blind) showed [2h As] and won ($47.50) with two pair, Aces and Deuces


PokerStars Hand #152306191049:  Hold'em Limit ($3/$6 USD) - 2016/04/22 20:25:07 ET
Table 'Biarmia' 6-max Seat #5 is the button
Seat 4: Kikimor1220 ($140.31 in chips)
Seat 5: GRAILKO ($921.37 in chips)
GRAILKO: posts small blind $1
Kikimor1220: posts big blind $3
*** HOLE CARDS ***
GRAILKO: raises $3 to $6
Kikimor1220: raises $3 to $9
GRAILKO: calls $3
*** FLOP *** [7h 3d 5h]
Kikimor1220: bets $3
GRAILKO: calls $3
*** TURN *** [7h 3d 5h] [Kc]
Kikimor1220: checks
GRAILKO: bets $6
Kikimor1220: folds
Uncalled bet ($6) returned to GRAILKO
GRAILKO collected $23.52 from pot
GRAILKO: doesn't show hand
*** SUMMARY ***
Total pot $24 | Rake $0.48
Board [7h 3d 5h Kc]
Seat 4: Kikimor1220 (big blind) folded on the Turn
Seat 5: GRAILKO (button) (small blind) collected ($23.52)


PokerStars Hand #152306202984:  Hold'em Limit ($3/$6 USD) - 2016/04/22 20:25:31 ET
Table 'Biarmia' 6-max Seat #4 is the button
Seat 4: Kikimor1220 ($128.31 in chips)
Seat 5: GRAILKO ($932.89 in chips)
Kikimor1220: posts small blind $1
GRAILKO: posts big blind $3
*** HOLE CARDS ***
Kikimor1220: raises $3 to $6
GRAILKO: calls $3
*** FLOP *** [4c 9h Ac]
GRAILKO: checks
Kikimor1220: bets $3
GRAILKO: folds
Uncalled bet ($3) returned to Kikimor1220
Kikimor1220 collected $11.76 from pot
Kikimor1220: doesn't show hand
*** SUMMARY ***
Total pot $12 | Rake $0.24
Board [4c 9h Ac]
Seat 4: Kikimor1220 (button) (small blind) collected ($11.76)
Seat 5: GRAILKO (big blind) folded on the Flop


PokerStars Hand #152306209470:  Hold'em Limit ($3/$6 USD) - 2016/04/22 20:25:44 ET
Table 'Biarmia' 6-max Seat #5 is the button
Seat 4: Kikimor1220 ($134.07 in chips)
Seat 5: GRAILKO ($926.89 in chips)
GRAILKO: posts small blind $1
Kikimor1220: posts big blind $3
*** HOLE CARDS ***
GRAILKO: raises $3 to $6
Kikimor1220: calls $3
*** FLOP *** [Ks 8c Js]
Kikimor1220: checks
GRAILKO: bets $3
Kikimor1220: folds
Uncalled bet ($3) returned to GRAILKO
GRAILKO collected $11.76 from pot
GRAILKO: doesn't show hand
*** SUMMARY ***
Total pot $12 | Rake $0.24
Board [Ks 8c Js]
Seat 4: Kikimor1220 (big blind) folded on the Flop
Seat 5: GRAILKO (button) (small blind) collected ($11.76)


PokerStars Hand #152306215762:  Hold'em Limit ($3/$6 USD) - 2016/04/22 20:25:56 ET
Table 'Biarmia' 6-max Seat #4 is the button
Seat 4: Kikimor1220 ($128.07 in chips)
Seat 5: GRAILKO ($932.65 in chips)
Kikimor1220: posts small blind $1
GRAILKO: posts big blind $3
*** HOLE CARDS ***
Kikimor1220: folds
Uncalled bet ($2) returned to GRAILKO
GRAILKO collected $2 from pot
GRAILKO: doesn't show hand
*** SUMMARY ***
Total pot $2 | Rake $0
Seat 4: Kikimor1220 (button) (small blind) folded before Flop
Seat 5: GRAILKO (big blind) collected ($2)


PokerStars Hand #152306218285:  Hold'em Limit ($3/$6 USD) - 2016/04/22 20:26:01 ET
Table 'Biarmia' 6-max Seat #5 is the button
Seat 4: Kikimor1220 ($127.07 in chips)
Seat 5: GRAILKO ($933.65 in chips)
GRAILKO: posts small blind $1
Kikimor1220: posts big blind $3
*** HOLE CARDS ***
GRAILKO: raises $3 to $6
Kikimor1220: calls $3
*** FLOP *** [Th 9h 5s]
Kikimor1220: checks
GRAILKO: bets $3
Kikimor1220: folds
Uncalled bet ($3) returned to GRAILKO
GRAILKO collected $11.76 from pot
GRAILKO: doesn't show hand
*** SUMMARY ***
Total pot $12 | Rake $0.24
Board [Th 9h 5s]
Seat 4: Kikimor1220 (big blind) folded on the Flop
Seat 5: GRAILKO (button) (small blind) collected ($11.76)


PokerStars Hand #152306233309:  Hold'em Limit ($3/$6 USD) - 2016/04/22 20:26:31 ET
Table 'Biarmia' 6-max Seat #5 is the button
Seat 4: Kikimor1220 ($112.07 in chips)
Seat 5: GRAILKO ($948.05 in chips)
GRAILKO: posts small blind $1
Kikimor1220: posts big blind $3
*** HOLE CARDS ***
GRAILKO: raises $3 to $6
Kikimor1220: folds
Uncalled bet ($3) returned to GRAILKO
GRAILKO collected $6 from pot
GRAILKO: doesn't show hand
*** SUMMARY ***
Total pot $6 | Rake $0
Seat 4: Kikimor1220 (big blind) folded before Flop
Seat 5: GRAILKO (button) (small blind) collected ($6)


PokerStars Hand #152306226185:  Hold'em Limit ($3/$6 USD) - 2016/04/22 20:26:17 ET
Table 'Biarmia' 6-max Seat #4 is the button
Seat 4: Kikimor1220 ($121.07 in chips)
Seat 5: GRAILKO ($939.41 in chips)
Kikimor1220: posts small blind $1
GRAILKO: posts big blind $3
*** HOLE CARDS ***
Kikimor1220: raises $3 to $6
GRAILKO: calls $3
*** FLOP *** [Ks 8c 7c]
GRAILKO: checks
Kikimor1220: bets $3
GRAILKO: raises $3 to $6
Kikimor1220: folds
Uncalled bet ($3) returned to GRAILKO
GRAILKO collected $17.64 from pot
GRAILKO: doesn't show hand
*** SUMMARY ***
Total pot $18 | Rake $0.36
Board [Ks 8c 7c]
Seat 4: Kikimor1220 (button) (small blind) folded on the Flop
Seat 5: GRAILKO (big blind) collected ($17.64)


PokerStars Hand #152306236597:  Hold'em Limit ($3/$6 USD) - 2016/04/22 20:26:37 ET
Table 'Biarmia' 6-max Seat #4 is the button
Seat 4: Kikimor1220 ($109.07 in chips)
Seat 5: GRAILKO ($951.05 in chips)
Kikimor1220: posts small blind $1
GRAILKO: posts big blind $3
*** HOLE CARDS ***
Kikimor1220: raises $3 to $6
GRAILKO: calls $3
*** FLOP *** [6d Jh 6c]
GRAILKO: checks
Kikimor1220: bets $3
GRAILKO: raises $3 to $6
Kikimor1220: calls $3
*** TURN *** [6d Jh 6c] [5s]
GRAILKO: bets $6
Kikimor1220: calls $6
*** RIVER *** [6d Jh 6c 5s] [4d]
GRAILKO: bets $6
Kikimor1220: calls $6
*** SHOW DOWN ***
GRAILKO: shows [4c Jc] (two pair, Jacks and Sixes)
Kikimor1220: mucks hand
GRAILKO collected $47.50 from pot
*** SUMMARY ***
Total pot $48 | Rake $0.50
Board [6d Jh 6c 5s 4d]
Seat 4: Kikimor1220 (button) (small blind) mucked
Seat 5: GRAILKO (big blind) showed [4c Jc] and won ($47.50) with two pair, Jacks and Sixes


PokerStars Hand #152306749738:  Hold'em Limit ($3/$6 USD) - 2016/04/22 20:43:48 ET
Table 'Biarmia' 6-max Seat #1 is the button
Seat 1: KingKroniKK ($102.25 in chips)
Seat 2: MissEKAmouse ($203.88 in chips)
KingKroniKK: posts small blind $1
MissEKAmouse: posts big blind $3
*** HOLE CARDS ***
KingKroniKK: folds
Uncalled bet ($2) returned to MissEKAmouse
MissEKAmouse collected $2 from pot
MissEKAmouse: doesn't show hand
*** SUMMARY ***
Total pot $2 | Rake $0
Seat 1: KingKroniKK (button) (small blind) folded before Flop
Seat 2: MissEKAmouse (big blind) collected ($2)


PokerStars Hand #152306746671:  Hold'em Limit ($3/$6 USD) - 2016/04/22 20:43:42 ET
Table 'Biarmia' 6-max Seat #2 is the button
Seat 1: KingKroniKK ($101.25 in chips)
Seat 2: MissEKAmouse ($204.88 in chips)
MissEKAmouse: posts small blind $1
GRAILKO: is sitting out
KingKroniKK: posts big blind $3
*** HOLE CARDS ***
MissEKAmouse: folds
Uncalled bet ($2) returned to KingKroniKK
KingKroniKK collected $2 from pot
*** SUMMARY ***
Total pot $2 | Rake $0
Seat 1: KingKroniKK (big blind) collected ($2)
Seat 2: MissEKAmouse (button) (small blind) folded before Flop


