PokerStars Hand #155749910762:  Hold'em Limit ($3/$6 USD) - 2016/07/09 8:53:16 ET
Table 'Biela' 6-max Seat #4 is the button
Seat 1: _fayzulllo_ ($77.76 in chips)
Seat 4: VolkovDmitri ($120 in chips)
VolkovDmitri: posts small blind $1
_fayzulllo_: posts big blind $3
*** HOLE CARDS ***
VolkovDmitri: raises $3 to $6
_fayzulllo_: calls $3
*** FLOP *** [Th 9d 4c]
_fayzulllo_: checks
VolkovDmitri: bets $3
_fayzulllo_: calls $3
*** TURN *** [Th 9d 4c] [Tc]
_fayzulllo_: checks
RockKillerTY joins the table at seat #3
VolkovDmitri: bets $6
_fayzulllo_: calls $6
*** RIVER *** [Th 9d 4c Tc] [6h]
_fayzulllo_: checks
VolkovDmitri: checks
*** SHOW DOWN ***
_fayzulllo_: shows [Kd 7c] (a pair of Tens)
VolkovDmitri: shows [Kh Ac] (a pair of Tens - Ace kicker)
VolkovDmitri collected $29.50 from pot
*** SUMMARY ***
Total pot $30 | Rake $0.50
Board [Th 9d 4c Tc 6h]
Seat 1: _fayzulllo_ (big blind) showed [Kd 7c] and lost with a pair of Tens
Seat 4: VolkovDmitri (button) (small blind) showed [Kh Ac] and won ($29.50) with a pair of Tens


PokerStars Hand #155750196133:  Hold'em Limit ($3/$6 USD) - 2016/07/09 9:03:23 ET
Table 'Biela' 6-max Seat #2 is the button
Seat 2: kolaz03 ($73 in chips)
Seat 3: RockKillerTY ($203.28 in chips)
kolaz03: posts small blind $1
RockKillerTY: posts big blind $3
*** HOLE CARDS ***
_fayzulllo_ leaves the table
kolaz03: folds
Uncalled bet ($2) returned to RockKillerTY
RockKillerTY collected $2 from pot
RockKillerTY: doesn't show hand
*** SUMMARY ***
Total pot $2 | Rake $0
Seat 2: kolaz03 (button) (small blind) folded before Flop
Seat 3: RockKillerTY (big blind) collected ($2)


