PokerStars Hand #166901402961:  Hold'em Limit ($3/$6 USD) - 2017/02/28 10:13:44 ET
Table 'Biela' 6-max Seat #4 is the button
Seat 3: lelala ($141.40 in chips)
Seat 4: AzureCaper ($72 in chips)
AzureCaper: posts small blind $1
lelala: posts big blind $3
*** HOLE CARDS ***
AzureCaper: raises $3 to $6
lelala: folds
Uncalled bet ($3) returned to AzureCaper
AzureCaper collected $6 from pot
AzureCaper: doesn't show hand
*** SUMMARY ***
Total pot $6 | Rake $0
Seat 3: lelala (big blind) folded before Flop
Seat 4: AzureCaper (button) (small blind) collected ($6)


PokerStars Hand #166901381783:  Hold'em Limit ($3/$6 USD) - 2017/02/28 10:13:14 ET
Table 'Biela' 6-max Seat #3 is the button
Seat 3: lelala ($120.90 in chips)
Seat 4: AzureCaper ($75 in chips)
lelala: posts small blind $1
AzureCaper: posts big blind $3
*** HOLE CARDS ***
lelala: raises $3 to $6
AzureCaper: calls $3
*** FLOP *** [Ah 2c 4c]
AzureCaper: checks
lelala: bets $3
AzureCaper: calls $3
*** TURN *** [Ah 2c 4c] [Ac]
AzureCaper: checks
lelala: bets $6
AzureCaper: calls $6
*** RIVER *** [Ah 2c 4c Ac] [Td]
AzureCaper: checks
lelala: bets $6
AzureCaper: calls $6
*** SHOW DOWN ***
lelala: shows [3h Th] (two pair, Aces and Tens)
AzureCaper: mucks hand
lelala collected $41.50 from pot
*** SUMMARY ***
Total pot $42 | Rake $0.50
Board [Ah 2c 4c Ac Td]
Seat 3: lelala (button) (small blind) showed [3h Th] and won ($41.50) with two pair, Aces and Tens
Seat 4: AzureCaper (big blind) mucked


PokerStars Hand #166901355911:  Hold'em Limit ($3/$6 USD) - 2017/02/28 10:12:37 ET
Table 'Biela' 6-max Seat #3 is the button
Seat 3: lelala ($103.40 in chips)
Seat 4: AzureCaper ($72 in chips)
lelala: posts small blind $1
AzureCaper: posts big blind $3
*** HOLE CARDS ***
lelala: raises $3 to $6
AzureCaper: calls $3
*** FLOP *** [6d 5c Qh]
AzureCaper: checks
lelala: bets $3
AzureCaper: calls $3
*** TURN *** [6d 5c Qh] [2d]
AzureCaper: checks
lelala: bets $6
AzureCaper: calls $6
*** RIVER *** [6d 5c Qh 2d] [3h]
AzureCaper: checks
lelala: bets $6
AzureCaper: calls $6
*** SHOW DOWN ***
lelala: shows [4c Ks] (a straight, Deuce to Six)
AzureCaper: mucks hand
lelala collected $41.50 from pot
*** SUMMARY ***
Total pot $42 | Rake $0.50
Board [6d 5c Qh 2d 3h]
Seat 3: lelala (button) (small blind) showed [4c Ks] and won ($41.50) with a straight, Deuce to Six
Seat 4: AzureCaper (big blind) mucked


PokerStars Hand #166901376847:  Hold'em Limit ($3/$6 USD) - 2017/02/28 10:13:07 ET
Table 'Biela' 6-max Seat #4 is the button
Seat 3: lelala ($123.90 in chips)
Seat 4: AzureCaper ($72 in chips)
AzureCaper: posts small blind $1
lelala: posts big blind $3
*** HOLE CARDS ***
AzureCaper: raises $3 to $6
lelala: folds
Uncalled bet ($3) returned to AzureCaper
AzureCaper collected $6 from pot
AzureCaper: doesn't show hand
*** SUMMARY ***
Total pot $6 | Rake $0
Seat 3: lelala (big blind) folded before Flop
Seat 4: AzureCaper (button) (small blind) collected ($6)


PokerStars Hand #166901408009:  Hold'em Limit ($3/$6 USD) - 2017/02/28 10:13:51 ET
Table 'Biela' 6-max Seat #3 is the button
Seat 3: lelala ($138.40 in chips)
Seat 4: AzureCaper ($75 in chips)
lelala: posts small blind $1
AzureCaper: posts big blind $3
*** HOLE CARDS ***
lelala: raises $3 to $6
AzureCaper: calls $3
*** FLOP *** [6c 4h Qd]
AzureCaper: checks
lelala: checks
*** TURN *** [6c 4h Qd] [8h]
AzureCaper: checks
lelala: bets $6
AzureCaper: folds
Uncalled bet ($6) returned to lelala
lelala collected $11.76 from pot
*** SUMMARY ***
Total pot $12 | Rake $0.24
Board [6c 4h Qd 8h]
Seat 3: lelala (button) (small blind) collected ($11.76)
Seat 4: AzureCaper (big blind) folded on the Turn


PokerStars Hand #166901424131:  Hold'em Limit ($3/$6 USD) - 2017/02/28 10:14:14 ET
Table 'Biela' 6-max Seat #3 is the button
Seat 3: lelala ($141.16 in chips)
Seat 4: AzureCaper ($75 in chips)
lelala: posts small blind $1
AzureCaper: posts big blind $3
*** HOLE CARDS ***
lelala: folds
Uncalled bet ($2) returned to AzureCaper
AzureCaper collected $2 from pot
AzureCaper: doesn't show hand
*** SUMMARY ***
Total pot $2 | Rake $0
Seat 3: lelala (button) (small blind) folded before Flop
Seat 4: AzureCaper (big blind) collected ($2)


PokerStars Hand #166901419748:  Hold'em Limit ($3/$6 USD) - 2017/02/28 10:14:07 ET
Table 'Biela' 6-max Seat #4 is the button
Seat 3: lelala ($144.16 in chips)
Seat 4: AzureCaper ($72 in chips)
AzureCaper: posts small blind $1
lelala: posts big blind $3
*** HOLE CARDS ***
AzureCaper: raises $3 to $6
lelala: folds
Uncalled bet ($3) returned to AzureCaper
AzureCaper collected $6 from pot
AzureCaper: doesn't show hand
*** SUMMARY ***
Total pot $6 | Rake $0
Seat 3: lelala (big blind) folded before Flop
Seat 4: AzureCaper (button) (small blind) collected ($6)


PokerStars Hand #166901427867:  Hold'em Limit ($3/$6 USD) - 2017/02/28 10:14:19 ET
Table 'Biela' 6-max Seat #4 is the button
Seat 3: lelala ($140.16 in chips)
Seat 4: AzureCaper ($76 in chips)
AzureCaper: posts small blind $1
lelala: posts big blind $3
*** HOLE CARDS ***
AzureCaper: folds
Uncalled bet ($2) returned to lelala
lelala collected $2 from pot
*** SUMMARY ***
Total pot $2 | Rake $0
Seat 3: lelala (big blind) collected ($2)
Seat 4: AzureCaper (button) (small blind) folded before Flop


PokerStars Hand #166901437591:  Hold'em Limit ($3/$6 USD) - 2017/02/28 10:14:33 ET
Table 'Biela' 6-max Seat #4 is the button
Seat 3: lelala ($140.16 in chips)
Seat 4: AzureCaper ($76 in chips)
AzureCaper: posts small blind $1
lelala: posts big blind $3
*** HOLE CARDS ***
AzureCaper: raises $3 to $6
lelala: folds
Uncalled bet ($3) returned to AzureCaper
AzureCaper collected $6 from pot
AzureCaper: doesn't show hand
*** SUMMARY ***
Total pot $6 | Rake $0
Seat 3: lelala (big blind) folded before Flop
Seat 4: AzureCaper (button) (small blind) collected ($6)


PokerStars Hand #166901433868:  Hold'em Limit ($3/$6 USD) - 2017/02/28 10:14:27 ET
Table 'Biela' 6-max Seat #3 is the button
Seat 3: lelala ($141.16 in chips)
Seat 4: AzureCaper ($75 in chips)
lelala: posts small blind $1
AzureCaper: posts big blind $3
*** HOLE CARDS ***
lelala: folds
Uncalled bet ($2) returned to AzureCaper
AzureCaper collected $2 from pot
AzureCaper: doesn't show hand
*** SUMMARY ***
Total pot $2 | Rake $0
Seat 3: lelala (button) (small blind) folded before Flop
Seat 4: AzureCaper (big blind) collected ($2)


PokerStars Hand #166901442762:  Hold'em Limit ($3/$6 USD) - 2017/02/28 10:14:40 ET
Table 'Biela' 6-max Seat #3 is the button
Seat 3: lelala ($137.16 in chips)
Seat 4: AzureCaper ($79 in chips)
lelala: posts small blind $1
AzureCaper: posts big blind $3
*** HOLE CARDS ***
lelala: folds
Uncalled bet ($2) returned to AzureCaper
AzureCaper collected $2 from pot
AzureCaper: doesn't show hand
*** SUMMARY ***
Total pot $2 | Rake $0
Seat 3: lelala (button) (small blind) folded before Flop
Seat 4: AzureCaper (big blind) collected ($2)


PokerStars Hand #166901498704:  Hold'em Limit ($3/$6 USD) - 2017/02/28 10:16:00 ET
Table 'Biela' 6-max Seat #3 is the button
Seat 3: lelala ($156.66 in chips)
Seat 4: AzureCaper ($86.50 in chips)
lelala: posts small blind $1
AzureCaper: posts big blind $3
*** HOLE CARDS ***
lelala: folds
Uncalled bet ($2) returned to AzureCaper
AzureCaper collected $2 from pot
AzureCaper: doesn't show hand
*** SUMMARY ***
Total pot $2 | Rake $0
Seat 3: lelala (button) (small blind) folded before Flop
Seat 4: AzureCaper (big blind) collected ($2)


PokerStars Hand #166901483695:  Hold'em Limit ($3/$6 USD) - 2017/02/28 10:15:39 ET
Table 'Biela' 6-max Seat #4 is the button
Seat 3: lelala ($171.66 in chips)
Seat 4: AzureCaper ($72 in chips)
AzureCaper: posts small blind $1
lelala: posts big blind $3
*** HOLE CARDS ***
AzureCaper: raises $3 to $6
lelala: calls $3
*** FLOP *** [2d 7d 2c]
lelala: checks
AzureCaper: bets $3
lelala: calls $3
*** TURN *** [2d 7d 2c] [Ac]
lelala: checks
AzureCaper: checks
*** RIVER *** [2d 7d 2c Ac] [7h]
lelala: checks
AzureCaper: bets $6
lelala: calls $6
*** SHOW DOWN ***
AzureCaper: shows [5c As] (two pair, Aces and Sevens)
lelala: mucks hand
AzureCaper collected $29.50 from pot
*** SUMMARY ***
Total pot $30 | Rake $0.50
Board [2d 7d 2c Ac 7h]
Seat 3: lelala (big blind) mucked
Seat 4: AzureCaper (button) (small blind) showed [5c As] and won ($29.50) with two pair, Aces and Sevens


PokerStars Hand #166901475135:  Hold'em Limit ($3/$6 USD) - 2017/02/28 10:15:26 ET
Table 'Biela' 6-max Seat #4 is the button
Seat 3: lelala ($167.66 in chips)
Seat 4: AzureCaper ($73 in chips)
AzureCaper: posts small blind $1
lelala: posts big blind $3
*** HOLE CARDS ***
AzureCaper: folds
Uncalled bet ($2) returned to lelala
lelala collected $2 from pot
*** SUMMARY ***
Total pot $2 | Rake $0
Seat 3: lelala (big blind) collected ($2)
Seat 4: AzureCaper (button) (small blind) folded before Flop


PokerStars Hand #166901471403:  Hold'em Limit ($3/$6 USD) - 2017/02/28 10:15:21 ET
Table 'Biela' 6-max Seat #3 is the button
Seat 3: lelala ($168.66 in chips)
Seat 4: AzureCaper ($72 in chips)
lelala: posts small blind $1
AzureCaper: posts big blind $3
*** HOLE CARDS ***
lelala: folds
Uncalled bet ($2) returned to AzureCaper
AzureCaper collected $2 from pot
AzureCaper: doesn't show hand
*** SUMMARY ***
Total pot $2 | Rake $0
Seat 3: lelala (button) (small blind) folded before Flop
Seat 4: AzureCaper (big blind) collected ($2)


PokerStars Hand #166901446722:  Hold'em Limit ($3/$6 USD) - 2017/02/28 10:14:46 ET
Table 'Biela' 6-max Seat #4 is the button
Seat 3: lelala ($136.16 in chips)
Seat 4: AzureCaper ($80 in chips)
AzureCaper: posts small blind $1
lelala: posts big blind $3
*** HOLE CARDS ***
AzureCaper: raises $3 to $6
lelala: raises $3 to $9
AzureCaper: raises $3 to $12
Betting is capped
lelala: calls $3
*** FLOP *** [3s 4c 7h]
lelala: checks
AzureCaper: bets $3
lelala: calls $3
*** TURN *** [3s 4c 7h] [7d]
lelala: checks
AzureCaper: bets $6
lelala: raises $6 to $12
AzureCaper: calls $6
*** RIVER *** [3s 4c 7h 7d] [Qh]
lelala: bets $6
AzureCaper: calls $6
*** SHOW DOWN ***
lelala: shows [4d 4h] (a full house, Fours full of Sevens)
AzureCaper: mucks hand
lelala collected $65.50 from pot
*** SUMMARY ***
Total pot $66 | Rake $0.50
Board [3s 4c 7h 7d Qh]
Seat 3: lelala (big blind) showed [4d 4h] and won ($65.50) with a full house, Fours full of Sevens
Seat 4: AzureCaper (button) (small blind) mucked


PokerStars Hand #166901478671:  Hold'em Limit ($3/$6 USD) - 2017/02/28 10:15:32 ET
Table 'Biela' 6-max Seat #3 is the button
Seat 3: lelala ($168.66 in chips)
Seat 4: AzureCaper ($72 in chips)
lelala: posts small blind $1
AzureCaper: posts big blind $3
*** HOLE CARDS ***
lelala: raises $3 to $6
AzureCaper: folds
Uncalled bet ($3) returned to lelala
lelala collected $6 from pot
*** SUMMARY ***
Total pot $6 | Rake $0
Seat 3: lelala (button) (small blind) collected ($6)
Seat 4: AzureCaper (big blind) folded before Flop


PokerStars Hand #166901521396:  Hold'em Limit ($3/$6 USD) - 2017/02/28 10:16:33 ET
Table 'Biela' 6-max Seat #4 is the button
Seat 3: lelala ($137.66 in chips)
Seat 4: AzureCaper ($105 in chips)
AzureCaper: posts small blind $1
lelala: posts big blind $3
*** HOLE CARDS ***
AzureCaper: raises $3 to $6
lelala: folds
Uncalled bet ($3) returned to AzureCaper
AzureCaper collected $6 from pot
AzureCaper: doesn't show hand
*** SUMMARY ***
Total pot $6 | Rake $0
Seat 3: lelala (big blind) folded before Flop
Seat 4: AzureCaper (button) (small blind) collected ($6)


PokerStars Hand #166901502290:  Hold'em Limit ($3/$6 USD) - 2017/02/28 10:16:06 ET
Table 'Biela' 6-max Seat #4 is the button
Seat 3: lelala ($155.66 in chips)
Seat 4: AzureCaper ($87.50 in chips)
AzureCaper: posts small blind $1
lelala: posts big blind $3
*** HOLE CARDS ***
AzureCaper: raises $3 to $6
lelala: folds
Uncalled bet ($3) returned to AzureCaper
AzureCaper collected $6 from pot
AzureCaper: doesn't show hand
*** SUMMARY ***
Total pot $6 | Rake $0
Seat 3: lelala (big blind) folded before Flop
Seat 4: AzureCaper (button) (small blind) collected ($6)


PokerStars Hand #166901506680:  Hold'em Limit ($3/$6 USD) - 2017/02/28 10:16:12 ET
Table 'Biela' 6-max Seat #3 is the button
Seat 3: lelala ($152.66 in chips)
Seat 4: AzureCaper ($90.50 in chips)
lelala: posts small blind $1
AzureCaper: posts big blind $3
*** HOLE CARDS ***
lelala: raises $3 to $6
AzureCaper: calls $3
*** FLOP *** [Kc 8c Qh]
AzureCaper: checks
lelala: bets $3
AzureCaper: calls $3
*** TURN *** [Kc 8c Qh] [Qc]
AzureCaper: checks
lelala: bets $6
AzureCaper: calls $6
*** RIVER *** [Kc 8c Qh Qc] [9h]
AzureCaper: checks
lelala: checks
*** SHOW DOWN ***
AzureCaper: shows [9d 9c] (a full house, Nines full of Queens)
lelala: mucks hand
AzureCaper collected $29.50 from pot
*** SUMMARY ***
Total pot $30 | Rake $0.50
Board [Kc 8c Qh Qc 9h]
Seat 3: lelala (button) (small blind) mucked
Seat 4: AzureCaper (big blind) showed [9d 9c] and won ($29.50) with a full house, Nines full of Queens


PokerStars Hand #166901527182:  Hold'em Limit ($3/$6 USD) - 2017/02/28 10:16:41 ET
Table 'Biela' 6-max Seat #3 is the button
Seat 3: lelala ($134.66 in chips)
Seat 4: AzureCaper ($108 in chips)
lelala: posts small blind $1
AzureCaper: posts big blind $3
*** HOLE CARDS ***
lelala: raises $3 to $6
AzureCaper: calls $3
*** FLOP *** [6s Qs 6d]
AzureCaper: checks
zizonmusang joins the table at seat #6
lelala: checks
*** TURN *** [6s Qs 6d] [5h]
AzureCaper: checks
lelala: bets $6
AzureCaper: raises $6 to $12
lelala: calls $6
*** RIVER *** [6s Qs 6d 5h] [Kh]
AzureCaper: bets $6
lelala: folds
Uncalled bet ($6) returned to AzureCaper
AzureCaper collected $35.50 from pot
AzureCaper: doesn't show hand
*** SUMMARY ***
Total pot $36 | Rake $0.50
Board [6s Qs 6d 5h Kh]
Seat 3: lelala (button) (small blind) folded on the River
Seat 4: AzureCaper (big blind) collected ($35.50)


