PokerStars Hand #163376412531:  Hold'em Limit ($3/$6 USD) - 2016/12/22 22:59:26 ET
Table 'Biham' 6-max Seat #6 is the button
Seat 5: ToDaFelt ($190.44 in chips)
Seat 6: linuxhunter ($122.70 in chips)
linuxhunter: posts small blind $1
ToDaFelt: posts big blind $3
*** HOLE CARDS ***
linuxhunter: folds
Uncalled bet ($2) returned to ToDaFelt
ToDaFelt collected $2 from pot
ToDaFelt: doesn't show hand
*** SUMMARY ***
Total pot $2 | Rake $0
Seat 5: ToDaFelt (big blind) collected ($2)
Seat 6: linuxhunter (button) (small blind) folded before Flop


PokerStars Hand #163376414202:  Hold'em Limit ($3/$6 USD) - 2016/12/22 22:59:32 ET
Table 'Biham' 6-max Seat #5 is the button
Seat 5: ToDaFelt ($191.44 in chips)
Seat 6: linuxhunter ($121.70 in chips)
ToDaFelt: posts small blind $1
linuxhunter: posts big blind $3
*** HOLE CARDS ***
ToDaFelt: raises $3 to $6
linuxhunter: raises $3 to $9
ToDaFelt: calls $3
*** FLOP *** [Td 6c 5d]
linuxhunter: bets $3
ToDaFelt: calls $3
*** TURN *** [Td 6c 5d] [Th]
linuxhunter: bets $6
ToDaFelt: calls $6
*** RIVER *** [Td 6c 5d Th] [9h]
linuxhunter: bets $6
ToDaFelt: calls $6
*** SHOW DOWN ***
linuxhunter: shows [Ah Ts] (three of a kind, Tens)
ToDaFelt: mucks hand
linuxhunter collected $47.50 from pot
*** SUMMARY ***
Total pot $48 | Rake $0.50
Board [Td 6c 5d Th 9h]
Seat 5: ToDaFelt (button) (small blind) mucked
Seat 6: linuxhunter (big blind) showed [Ah Ts] and won ($47.50) with three of a kind, Tens


PokerStars Hand #163376427900:  Hold'em Limit ($3/$6 USD) - 2016/12/22 23:00:11 ET
Table 'Biham' 6-max Seat #6 is the button
Seat 5: ToDaFelt ($174.20 in chips)
Seat 6: linuxhunter ($138.20 in chips)
linuxhunter: posts small blind $1
ToDaFelt: posts big blind $3
*** HOLE CARDS ***
linuxhunter: folds
Uncalled bet ($2) returned to ToDaFelt
ToDaFelt collected $2 from pot
ToDaFelt: doesn't show hand
*** SUMMARY ***
Total pot $2 | Rake $0
Seat 5: ToDaFelt (big blind) collected ($2)
Seat 6: linuxhunter (button) (small blind) folded before Flop


PokerStars Hand #163376422350:  Hold'em Limit ($3/$6 USD) - 2016/12/22 22:59:57 ET
Table 'Biham' 6-max Seat #5 is the button
Seat 5: ToDaFelt ($168.44 in chips)
Seat 6: linuxhunter ($144.20 in chips)
ToDaFelt: posts small blind $1
linuxhunter: posts big blind $3
*** HOLE CARDS ***
ToDaFelt: raises $3 to $6
linuxhunter: calls $3
*** FLOP *** [6h Ac Qd]
linuxhunter: checks
ToDaFelt: bets $3
linuxhunter: folds
Uncalled bet ($3) returned to ToDaFelt
ToDaFelt collected $11.76 from pot
ToDaFelt: doesn't show hand
*** SUMMARY ***
Total pot $12 | Rake $0.24
Board [6h Ac Qd]
Seat 5: ToDaFelt (button) (small blind) collected ($11.76)
Seat 6: linuxhunter (big blind) folded on the Flop


PokerStars Hand #163376420628:  Hold'em Limit ($3/$6 USD) - 2016/12/22 22:59:51 ET
Table 'Biham' 6-max Seat #6 is the button
Seat 5: ToDaFelt ($167.44 in chips)
Seat 6: linuxhunter ($145.20 in chips)
linuxhunter: posts small blind $1
ToDaFelt: posts big blind $3
*** HOLE CARDS ***
linuxhunter: folds
Uncalled bet ($2) returned to ToDaFelt
ToDaFelt collected $2 from pot
ToDaFelt: doesn't show hand
*** SUMMARY ***
Total pot $2 | Rake $0
Seat 5: ToDaFelt (big blind) collected ($2)
Seat 6: linuxhunter (button) (small blind) folded before Flop


PokerStars Hand #163376430468:  Hold'em Limit ($3/$6 USD) - 2016/12/22 23:00:18 ET
Table 'Biham' 6-max Seat #5 is the button
Seat 5: ToDaFelt ($175.20 in chips)
Seat 6: linuxhunter ($137.20 in chips)
ToDaFelt: posts small blind $1
linuxhunter: posts big blind $3
*** HOLE CARDS ***
ToDaFelt: raises $3 to $6
linuxhunter: raises $3 to $9
ToDaFelt: calls $3
*** FLOP *** [Th 7s Tc]
linuxhunter: bets $3
ToDaFelt: calls $3
*** TURN *** [Th 7s Tc] [3h]
linuxhunter: bets $6
ToDaFelt: calls $6
*** RIVER *** [Th 7s Tc 3h] [9c]
linuxhunter: bets $6
ToDaFelt: calls $6
*** SHOW DOWN ***
linuxhunter: shows [8c 8s] (two pair, Tens and Eights)
pro_gosy joins the table at seat #3
ToDaFelt: mucks hand
linuxhunter collected $47.50 from pot
*** SUMMARY ***
Total pot $48 | Rake $0.50
Board [Th 7s Tc 3h 9c]
Seat 5: ToDaFelt (button) (small blind) mucked
Seat 6: linuxhunter (big blind) showed [8c 8s] and won ($47.50) with two pair, Tens and Eights


PokerStars Hand #163376465922:  Hold'em Limit ($3/$6 USD) - 2016/12/22 23:01:59 ET
Table 'Biham' 6-max Seat #5 is the button
Seat 5: ToDaFelt ($172.12 in chips)
Seat 6: linuxhunter ($173.62 in chips)
ToDaFelt: posts small blind $1
linuxhunter: posts big blind $3
*** HOLE CARDS ***
ToDaFelt: raises $3 to $6
linuxhunter: raises $3 to $9
ToDaFelt: calls $3
*** FLOP *** [Js 7c 2s]
linuxhunter: bets $3
ToDaFelt: calls $3
*** TURN *** [Js 7c 2s] [Kd]
linuxhunter: bets $6
ToDaFelt: raises $6 to $12
linuxhunter: calls $6
*** RIVER *** [Js 7c 2s Kd] [8h]
linuxhunter: checks
ToDaFelt: bets $6
linuxhunter: calls $6
*** SHOW DOWN ***
ToDaFelt: shows [Jd 6h] (a pair of Jacks)
linuxhunter: shows [Jh Qh] (a pair of Jacks - King+Queen kicker)
linuxhunter collected $59.50 from pot
*** SUMMARY ***
Total pot $60 | Rake $0.50
Board [Js 7c 2s Kd 8h]
Seat 5: ToDaFelt (button) (small blind) showed [Jd 6h] and lost with a pair of Jacks
Seat 6: linuxhunter (big blind) showed [Jh Qh] and won ($59.50) with a pair of Jacks


PokerStars Hand #163377797566:  Hold'em Limit ($3/$6 USD) - 2016/12/23 0:07:41 ET
Table 'Biham' 6-max Seat #6 is the button
Seat 3: Veter A. Y. ($183.47 in chips)
Seat 6: linuxhunter ($254.12 in chips)
linuxhunter: posts small blind $1
Veter A. Y.: posts big blind $3
*** HOLE CARDS ***
linuxhunter: raises $3 to $6
Veter A. Y.: folds
Uncalled bet ($3) returned to linuxhunter
linuxhunter collected $6 from pot
linuxhunter: doesn't show hand
Cigarete94 joins the table at seat #4
*** SUMMARY ***
Total pot $6 | Rake $0
Seat 3: Veter A. Y. (big blind) folded before Flop
Seat 6: linuxhunter (button) (small blind) collected ($6)


PokerStars Hand #163377794237:  Hold'em Limit ($3/$6 USD) - 2016/12/23 0:07:30 ET
Table 'Biham' 6-max Seat #3 is the button
Seat 3: Veter A. Y. ($184.47 in chips)
Seat 6: linuxhunter ($253.12 in chips)
Veter A. Y.: posts small blind $1
linuxhunter: posts big blind $3
*** HOLE CARDS ***
Veter A. Y.: folds
Uncalled bet ($2) returned to linuxhunter
linuxhunter collected $2 from pot
linuxhunter: doesn't show hand
*** SUMMARY ***
Total pot $2 | Rake $0
Seat 3: Veter A. Y. (button) (small blind) folded before Flop
Seat 6: linuxhunter (big blind) collected ($2)


PokerStars Hand #163378328863:  Hold'em Limit ($3/$6 USD) - 2016/12/23 0:35:05 ET
Table 'Biham' 6-max Seat #6 is the button
Seat 4: Cigarete94 ($112 in chips)
Seat 6: vinipooh09 ($102.27 in chips)
neudachnik20 will be allowed to play after the button
vinipooh09: posts small blind $1
zizonmusang: is sitting out
TbIP-TbIP 88: is sitting out
Cigarete94: posts big blind $3
*** HOLE CARDS ***
vinipooh09: folds
Uncalled bet ($2) returned to Cigarete94
Cigarete94 collected $2 from pot
Cigarete94: doesn't show hand
*** SUMMARY ***
Total pot $2 | Rake $0
Seat 4: Cigarete94 (big blind) collected ($2)
Seat 6: vinipooh09 (button) (small blind) folded before Flop


PokerStars Hand #163378409541:  Hold'em Limit ($3/$6 USD) - 2016/12/23 0:39:25 ET
Table 'Biham' 6-max Seat #6 is the button
Seat 5: neudachnik20 ($80.64 in chips)
Seat 6: vinipooh09 ($131.33 in chips)
vinipooh09: posts small blind $1
neudachnik20: posts big blind $3
*** HOLE CARDS ***
Cigarete94 leaves the table
zizonmusang leaves the table
vinipooh09: folds
Uncalled bet ($2) returned to neudachnik20
neudachnik20 collected $2 from pot
*** SUMMARY ***
Total pot $2 | Rake $0
Seat 5: neudachnik20 (big blind) collected ($2)
Seat 6: vinipooh09 (button) (small blind) folded before Flop


