PokerStars Hand #149061841476:  Hold'em Limit ($3/$6 USD) - 2016/02/19 9:40:23 ET
Table 'Bilkis II' 6-max Seat #1 is the button
Seat 1: VolkovDmitri ($140.32 in chips)
Seat 3: RowntreWilly ($8.82 in chips)
VolkovDmitri: posts small blind $1
RowntreWilly: posts big blind $3
*** HOLE CARDS ***
VolkovDmitri: raises $3 to $6
RowntreWilly: raises $2.82 to $8.82 and is all-in
VolkovDmitri: calls $2.82
*** FLOP *** [9c Jc Kd]
*** TURN *** [9c Jc Kd] [Qs]
*** RIVER *** [9c Jc Kd Qs] [8d]
*** SHOW DOWN ***
RowntreWilly: shows [5h 7c] (high card King)
VolkovDmitri: shows [6h 4s] (high card King)
RowntreWilly collected $8.65 from pot
VolkovDmitri collected $8.64 from pot
*** SUMMARY ***
Total pot $17.64 | Rake $0.35
Board [9c Jc Kd Qs 8d]
Seat 1: VolkovDmitri (button) (small blind) showed [6h 4s] and won ($8.64) with high card King
Seat 3: RowntreWilly (big blind) showed [5h 7c] and won ($8.65) with high card King


PokerStars Hand #149061826517:  Hold'em Limit ($3/$6 USD) - 2016/02/19 9:40:02 ET
Table 'Bilkis II' 6-max Seat #3 is the button
Seat 1: VolkovDmitri ($140.50 in chips)
Seat 3: RowntreWilly ($9 in chips)
RowntreWilly: posts small blind $1
VolkovDmitri: posts big blind $3
*** HOLE CARDS ***
RowntreWilly: raises $3 to $6
VolkovDmitri: raises $3 to $9
RowntreWilly: calls $3 and is all-in
*** FLOP *** [Td 6h Ts]
*** TURN *** [Td 6h Ts] [Tc]
*** RIVER *** [Td 6h Ts Tc] [6s]
*** SHOW DOWN ***
VolkovDmitri: shows [Kd 5c] (a full house, Tens full of Sixes)
RowntreWilly: shows [Ad 9s] (a full house, Tens full of Sixes)
VolkovDmitri collected $8.82 from pot
RowntreWilly collected $8.82 from pot
*** SUMMARY ***
Total pot $18 | Rake $0.36
Board [Td 6h Ts Tc 6s]
Seat 1: VolkovDmitri (big blind) showed [Kd 5c] and won ($8.82) with a full house, Tens full of Sixes
Seat 3: RowntreWilly (button) (small blind) showed [Ad 9s] and won ($8.82) with a full house, Tens full of Sixes


PokerStars Hand #149061869984:  Hold'em Limit ($3/$6 USD) - 2016/02/19 9:41:03 ET
Table 'Bilkis II' 6-max Seat #1 is the button
Seat 1: VolkovDmitri ($141.14 in chips)
Seat 3: RowntreWilly ($7.65 in chips)
VolkovDmitri: posts small blind $1
RowntreWilly: posts big blind $3
*** HOLE CARDS ***
VolkovDmitri: raises $3 to $6
RowntreWilly: raises $1.65 to $7.65 and is all-in
VolkovDmitri: calls $1.65
*** FLOP *** [Ad Qd Kd]
*** TURN *** [Ad Qd Kd] [8s]
*** RIVER *** [Ad Qd Kd 8s] [3c]
*** SHOW DOWN ***
RowntreWilly: shows [Kh 7h] (a pair of Kings)
VolkovDmitri: shows [7s Js] (high card Ace)
RowntreWilly collected $14.99 from pot
*** SUMMARY ***
Total pot $15.30 | Rake $0.31
Board [Ad Qd Kd 8s 3c]
Seat 1: VolkovDmitri (button) (small blind) showed [7s Js] and lost with high card Ace
Seat 3: RowntreWilly (big blind) showed [Kh 7h] and won ($14.99) with a pair of Kings


PokerStars Hand #149061854580:  Hold'em Limit ($3/$6 USD) - 2016/02/19 9:40:42 ET
Table 'Bilkis II' 6-max Seat #3 is the button
Seat 1: VolkovDmitri ($140.14 in chips)
Seat 3: RowntreWilly ($8.65 in chips)
RowntreWilly: posts small blind $1
VolkovDmitri: posts big blind $3
*** HOLE CARDS ***
B_loJkl joins the table at seat #4
RowntreWilly: folds
Uncalled bet ($2) returned to VolkovDmitri
VolkovDmitri collected $2 from pot
VolkovDmitri: doesn't show hand
*** SUMMARY ***
Total pot $2 | Rake $0
Seat 1: VolkovDmitri (big blind) collected ($2)
Seat 3: RowntreWilly (button) (small blind) folded before Flop


PokerStars Hand #149061880938:  Hold'em Limit ($3/$6 USD) - 2016/02/19 9:41:19 ET
Table 'Bilkis II' 6-max Seat #3 is the button
Seat 1: VolkovDmitri ($133.49 in chips)
Seat 3: RowntreWilly ($14.99 in chips)
RowntreWilly: posts small blind $1
VolkovDmitri: posts big blind $3
*** HOLE CARDS ***
RowntreWilly: folds
Uncalled bet ($2) returned to VolkovDmitri
VolkovDmitri collected $2 from pot
VolkovDmitri: doesn't show hand
*** SUMMARY ***
Total pot $2 | Rake $0
Seat 1: VolkovDmitri (big blind) collected ($2)
Seat 3: RowntreWilly (button) (small blind) folded before Flop


PokerStars Hand #149061885105:  Hold'em Limit ($3/$6 USD) - 2016/02/19 9:41:25 ET
Table 'Bilkis II' 6-max Seat #1 is the button
Seat 1: VolkovDmitri ($134.49 in chips)
Seat 3: RowntreWilly ($13.99 in chips)
VolkovDmitri: posts small blind $1
RowntreWilly: posts big blind $3
*** HOLE CARDS ***
VolkovDmitri: raises $3 to $6
RowntreWilly: calls $3
*** FLOP *** [4c 5s 4d]
RowntreWilly: checks
VolkovDmitri: bets $3
RowntreWilly: calls $3
*** TURN *** [4c 5s 4d] [As]
RowntreWilly: bets $4.99 and is all-in
VolkovDmitri: calls $4.99
*** RIVER *** [4c 5s 4d As] [9d]
*** SHOW DOWN ***
RowntreWilly: shows [Qs 9h] (two pair, Nines and Fours)
VolkovDmitri: shows [Td 3c] (a pair of Fours)
RowntreWilly collected $27.48 from pot
*** SUMMARY ***
Total pot $27.98 | Rake $0.50
Board [4c 5s 4d As 9d]
Seat 1: VolkovDmitri (button) (small blind) showed [Td 3c] and lost with a pair of Fours
Seat 3: RowntreWilly (big blind) showed [Qs 9h] and won ($27.48) with two pair, Nines and Fours


PokerStars Hand #149061945606:  Hold'em Limit ($3/$6 USD) - 2016/02/19 9:42:50 ET
Table 'Bilkis II' 6-max Seat #1 is the button
Seat 1: VolkovDmitri ($126.26 in chips)
Seat 3: RowntreWilly ($21.48 in chips)
VolkovDmitri: posts small blind $1
RowntreWilly: posts big blind $3
*** HOLE CARDS ***
VolkovDmitri: raises $3 to $6
RowntreWilly: calls $3
*** FLOP *** [8s 6d 8c]
RowntreWilly: bets $3
VolkovDmitri: calls $3
*** TURN *** [8s 6d 8c] [9s]
RowntreWilly: bets $6
VolkovDmitri: calls $6
*** RIVER *** [8s 6d 8c 9s] [2c]
RowntreWilly: bets $6
VolkovDmitri: calls $6
*** SHOW DOWN ***
RowntreWilly: shows [Ac 5h] (a pair of Eights)
VolkovDmitri: shows [7c Ah] (a pair of Eights - Ace+Nine+Seven kicker)
VolkovDmitri collected $41.50 from pot
*** SUMMARY ***
Total pot $42 | Rake $0.50
Board [8s 6d 8c 9s 2c]
Seat 1: VolkovDmitri (button) (small blind) showed [7c Ah] and won ($41.50) with a pair of Eights
Seat 3: RowntreWilly (big blind) showed [Ac 5h] and lost with a pair of Eights


