PokerStars Hand #175959479637:  Hold'em Limit ($3/$6 USD) - 2017/09/21 23:43:21 ET
Table 'Bilkis' 6-max Seat #1 is the button
Seat 1: LifeisagameX ($84 in chips)
Seat 4: pappen ($120 in chips)
LifeisagameX: posts small blind $1
pappen: posts big blind $3
*** HOLE CARDS ***
LifeisagameX: raises $3 to $6
pappen: raises $3 to $9
LifeisagameX: calls $3
*** FLOP *** [Tc 4d Kd]
pappen: bets $3
LifeisagameX: calls $3
*** TURN *** [Tc 4d Kd] [8s]
pappen: bets $6
LifeisagameX: folds
Uncalled bet ($6) returned to pappen
pappen collected $23.52 from pot
pappen: doesn't show hand
*** SUMMARY ***
Total pot $24 | Rake $0.48
Board [Tc 4d Kd 8s]
Seat 1: LifeisagameX (button) (small blind) folded on the Turn
Seat 4: pappen (big blind) collected ($23.52)


PokerStars Hand #175959501946:  Hold'em Limit ($3/$6 USD) - 2017/09/21 23:44:45 ET
Table 'Bilkis' 6-max Seat #4 is the button
Seat 1: LifeisagameX ($84 in chips)
Seat 4: pappen ($145.02 in chips)
pappen: posts small blind $1
LifeisagameX: posts big blind $3
*** HOLE CARDS ***
pappen: calls $2
LifeisagameX: checks
*** FLOP *** [Kh 3s Ad]
LifeisagameX: checks
pappen: checks
*** TURN *** [Kh 3s Ad] [5h]
LifeisagameX: checks
pappen: checks
*** RIVER *** [Kh 3s Ad 5h] [2c]
LifeisagameX: bets $6
pappen: raises $6 to $12
LifeisagameX: folds
Uncalled bet ($6) returned to pappen
pappen collected $17.64 from pot
pappen: doesn't show hand
*** SUMMARY ***
Total pot $18 | Rake $0.36
Board [Kh 3s Ad 5h 2c]
Seat 1: LifeisagameX (big blind) folded on the River
Seat 4: pappen (button) (small blind) collected ($17.64)


PokerStars Hand #175959492922:  Hold'em Limit ($3/$6 USD) - 2017/09/21 23:44:11 ET
Table 'Bilkis' 6-max Seat #1 is the button
Seat 1: LifeisagameX ($85 in chips)
Seat 4: pappen ($130.52 in chips)
LifeisagameX: posts small blind $1
pappen: posts big blind $3
*** HOLE CARDS ***
LifeisagameX: raises $3 to $6
pappen: calls $3
*** FLOP *** [5s 9h 7h]
pappen: checks
LifeisagameX: bets $3
pappen: calls $3
*** TURN *** [5s 9h 7h] [Qd]
pappen: checks
LifeisagameX: bets $6
pappen: raises $6 to $12
LifeisagameX: folds
Uncalled bet ($6) returned to pappen
pappen collected $29.50 from pot
pappen: doesn't show hand
*** SUMMARY ***
Total pot $30 | Rake $0.50
Board [5s 9h 7h Qd]
Seat 1: LifeisagameX (button) (small blind) folded on the Turn
Seat 4: pappen (big blind) collected ($29.50)


PokerStars Hand #175959491288:  Hold'em Limit ($3/$6 USD) - 2017/09/21 23:44:05 ET
Table 'Bilkis' 6-max Seat #4 is the button
Seat 1: LifeisagameX ($84 in chips)
Seat 4: pappen ($131.52 in chips)
pappen: posts small blind $1
LifeisagameX: posts big blind $3
*** HOLE CARDS ***
pappen: folds
Uncalled bet ($2) returned to LifeisagameX
LifeisagameX collected $2 from pot
LifeisagameX: doesn't show hand
*** SUMMARY ***
Total pot $2 | Rake $0
Seat 1: LifeisagameX (big blind) collected ($2)
Seat 4: pappen (button) (small blind) folded before Flop


PokerStars Hand #175959508062:  Hold'em Limit ($3/$6 USD) - 2017/09/21 23:45:09 ET
Table 'Bilkis' 6-max Seat #1 is the button
Seat 1: LifeisagameX ($84 in chips)
Seat 4: pappen ($153.66 in chips)
LifeisagameX: posts small blind $1
pappen: posts big blind $3
*** HOLE CARDS ***
LifeisagameX: raises $3 to $6
pappen: calls $3
*** FLOP *** [Qd Td Kc]
pappen: checks
LifeisagameX: bets $3
pappen: calls $3
*** TURN *** [Qd Td Kc] [5c]
pappen: checks
LifeisagameX: bets $6
pappen: calls $6
*** RIVER *** [Qd Td Kc 5c] [7d]
pappen: checks
DirtyDouble2 joins the table at seat #3
LifeisagameX: bets $6
pappen: folds
Uncalled bet ($6) returned to LifeisagameX
LifeisagameX collected $29.50 from pot
LifeisagameX: doesn't show hand
*** SUMMARY ***
Total pot $30 | Rake $0.50
Board [Qd Td Kc 5c 7d]
Seat 1: LifeisagameX (button) (small blind) collected ($29.50)
Seat 4: pappen (big blind) folded on the River


PokerStars Hand #175959522051:  Hold'em Limit ($3/$6 USD) - 2017/09/21 23:46:02 ET
Table 'Bilkis' 6-max Seat #4 is the button
Seat 1: LifeisagameX ($98.50 in chips)
Seat 4: pappen ($138.66 in chips)
pappen: posts small blind $1
LifeisagameX: posts big blind $3
*** HOLE CARDS ***
pappen: raises $3 to $6
LifeisagameX: calls $3
*** FLOP *** [Qh Jc Kc]
LifeisagameX: checks
pappen: bets $3
LifeisagameX: raises $3 to $6
pappen: calls $3
*** TURN *** [Qh Jc Kc] [7d]
LifeisagameX: checks
pappen: bets $6
LifeisagameX: calls $6
*** RIVER *** [Qh Jc Kc 7d] [4c]
LifeisagameX: checks
pappen: checks
*** SHOW DOWN ***
LifeisagameX: shows [6h Th] (high card King)
pappen: shows [7s Js] (two pair, Jacks and Sevens)
pappen collected $35.50 from pot
*** SUMMARY ***
Total pot $36 | Rake $0.50
Board [Qh Jc Kc 7d 4c]
Seat 1: LifeisagameX (big blind) showed [6h Th] and lost with high card King
Seat 4: pappen (button) (small blind) showed [7s Js] and won ($35.50) with two pair, Jacks and Sevens


PokerStars Hand #175959587167:  Hold'em Limit ($3/$6 USD) - 2017/09/21 23:50:08 ET
Table 'Bilkis' 6-max Seat #3 is the button
Seat 3: DirtyDouble2 ($61.02 in chips)
Seat 4: pappen ($176.51 in chips)
DirtyDouble2: posts small blind $1
pappen: posts big blind $3
*** HOLE CARDS ***
DirtyDouble2: folds
Uncalled bet ($2) returned to pappen
pappen collected $2 from pot
pappen: doesn't show hand
*** SUMMARY ***
Total pot $2 | Rake $0
Seat 3: DirtyDouble2 (button) (small blind) folded before Flop
Seat 4: pappen (big blind) collected ($2)


PokerStars Hand #175959597219:  Hold'em Limit ($3/$6 USD) - 2017/09/21 23:50:46 ET
Table 'Bilkis' 6-max Seat #3 is the button
Seat 3: DirtyDouble2 ($41.02 in chips)
Seat 4: pappen ($196.01 in chips)
DirtyDouble2: posts small blind $1
pappen: posts big blind $3
*** HOLE CARDS ***
DirtyDouble2: folds
Uncalled bet ($2) returned to pappen
pappen collected $2 from pot
pappen: doesn't show hand
*** SUMMARY ***
Total pot $2 | Rake $0
Seat 3: DirtyDouble2 (button) (small blind) folded before Flop
Seat 4: pappen (big blind) collected ($2)


PokerStars Hand #175959598436:  Hold'em Limit ($3/$6 USD) - 2017/09/21 23:50:51 ET
Table 'Bilkis' 6-max Seat #4 is the button
Seat 3: DirtyDouble2 ($40.02 in chips)
Seat 4: pappen ($197.01 in chips)
pappen: posts small blind $1
DirtyDouble2: posts big blind $3
*** HOLE CARDS ***
pappen: raises $3 to $6
DirtyDouble2: raises $3 to $9
pappen: calls $3
*** FLOP *** [5c 3s 6s]
DirtyDouble2: bets $3
pappen: calls $3
*** TURN *** [5c 3s 6s] [Kd]
DirtyDouble2: bets $6
pappen: calls $6
*** RIVER *** [5c 3s 6s Kd] [Ad]
DirtyDouble2: bets $6
pappen: calls $6
*** SHOW DOWN ***
DirtyDouble2: shows [9c Qc] (high card Ace)
pappen: shows [5d 4c] (a pair of Fives)
pappen collected $47.50 from pot
*** SUMMARY ***
Total pot $48 | Rake $0.50
Board [5c 3s 6s Kd Ad]
Seat 3: DirtyDouble2 (big blind) showed [9c Qc] and lost with high card Ace
Seat 4: pappen (button) (small blind) showed [5d 4c] and won ($47.50) with a pair of Fives


PokerStars Hand #175959595145:  Hold'em Limit ($3/$6 USD) - 2017/09/21 23:50:39 ET
Table 'Bilkis' 6-max Seat #4 is the button
Seat 3: DirtyDouble2 ($44.02 in chips)
Seat 4: pappen ($193.01 in chips)
pappen: posts small blind $1
DirtyDouble2: posts big blind $3
*** HOLE CARDS ***
pappen: raises $3 to $6
DirtyDouble2: folds
Uncalled bet ($3) returned to pappen
pappen collected $6 from pot
pappen: doesn't show hand
*** SUMMARY ***
Total pot $6 | Rake $0
Seat 3: DirtyDouble2 (big blind) folded before Flop
Seat 4: pappen (button) (small blind) collected ($6)


PokerStars Hand #175959593937:  Hold'em Limit ($3/$6 USD) - 2017/09/21 23:50:34 ET
Table 'Bilkis' 6-max Seat #3 is the button
Seat 3: DirtyDouble2 ($45.02 in chips)
Seat 4: pappen ($192.01 in chips)
DirtyDouble2: posts small blind $1
pappen: posts big blind $3
*** HOLE CARDS ***
DirtyDouble2: folds
Uncalled bet ($2) returned to pappen
pappen collected $2 from pot
pappen: doesn't show hand
*** SUMMARY ***
Total pot $2 | Rake $0
Seat 3: DirtyDouble2 (button) (small blind) folded before Flop
Seat 4: pappen (big blind) collected ($2)


PokerStars Hand #175959588336:  Hold'em Limit ($3/$6 USD) - 2017/09/21 23:50:13 ET
Table 'Bilkis' 6-max Seat #4 is the button
Seat 3: DirtyDouble2 ($60.02 in chips)
Seat 4: pappen ($177.51 in chips)
pappen: posts small blind $1
DirtyDouble2: posts big blind $3
*** HOLE CARDS ***
pappen: raises $3 to $6
DirtyDouble2: calls $3
*** FLOP *** [5h 7c 2d]
LifeisagameX leaves the table
DirtyDouble2: checks
pappen: bets $3
DirtyDouble2: calls $3
*** TURN *** [5h 7c 2d] [Jh]
DirtyDouble2: checks
pappen: bets $6
DirtyDouble2: calls $6
*** RIVER *** [5h 7c 2d Jh] [6c]
DirtyDouble2: checks
pappen: checks
*** SHOW DOWN ***
DirtyDouble2: shows [Ad 9s] (high card Ace)
pappen: shows [9c 7s] (a pair of Sevens)
pappen collected $29.50 from pot
*** SUMMARY ***
Total pot $30 | Rake $0.50
Board [5h 7c 2d Jh 6c]
Seat 3: DirtyDouble2 (big blind) showed [Ad 9s] and lost with high card Ace
Seat 4: pappen (button) (small blind) showed [9c 7s] and won ($29.50) with a pair of Sevens


PokerStars Hand #175959603209:  Hold'em Limit ($3/$6 USD) - 2017/09/21 23:51:10 ET
Table 'Bilkis' 6-max Seat #3 is the button
Seat 3: DirtyDouble2 ($16.02 in chips)
Seat 4: pappen ($220.51 in chips)
DirtyDouble2: posts small blind $1
pappen: posts big blind $3
*** HOLE CARDS ***
DirtyDouble2: folds
Uncalled bet ($2) returned to pappen
pappen collected $2 from pot
pappen: doesn't show hand
*** SUMMARY ***
Total pot $2 | Rake $0
Seat 3: DirtyDouble2 (button) (small blind) folded before Flop
Seat 4: pappen (big blind) collected ($2)


PokerStars Hand #175959612663:  Hold'em Limit ($3/$6 USD) - 2017/09/21 23:51:46 ET
Table 'Bilkis' 6-max Seat #4 is the button
Seat 3: DirtyDouble2 ($38.18 in chips)
Seat 4: pappen ($197.49 in chips)
pappen: posts small blind $1
DirtyDouble2: posts big blind $3
*** HOLE CARDS ***
pappen: raises $3 to $6
DirtyDouble2: calls $3
*** FLOP *** [Ac Td 3h]
DirtyDouble2: checks
pappen: bets $3
DirtyDouble2: calls $3
*** TURN *** [Ac Td 3h] [Qc]
DirtyDouble2: checks
pappen: checks
*** RIVER *** [Ac Td 3h Qc] [7h]
DirtyDouble2: checks
pappen: checks
*** SHOW DOWN ***
DirtyDouble2: shows [3s 4h] (a pair of Threes)
pappen: mucks hand
DirtyDouble2 collected $17.64 from pot
*** SUMMARY ***
Total pot $18 | Rake $0.36
Board [Ac Td 3h Qc 7h]
Seat 3: DirtyDouble2 (big blind) showed [3s 4h] and won ($17.64) with a pair of Threes
Seat 4: pappen (button) (small blind) mucked


PokerStars Hand #175959604386:  Hold'em Limit ($3/$6 USD) - 2017/09/21 23:51:14 ET
Table 'Bilkis' 6-max Seat #4 is the button
Seat 3: DirtyDouble2 ($15.02 in chips)
Seat 4: pappen ($221.51 in chips)
pappen: posts small blind $1
DirtyDouble2: posts big blind $3
*** HOLE CARDS ***
pappen: raises $3 to $6
DirtyDouble2: raises $3 to $9
pappen: raises $3 to $12
Betting is capped
DirtyDouble2: calls $3
*** FLOP *** [Qs 4h Jh]
DirtyDouble2: bets $3
pappen: raises $3 to $6
DirtyDouble2: calls $0.02 and is all-in
Uncalled bet ($2.98) returned to pappen
*** TURN *** [Qs 4h Jh] [Qd]
*** RIVER *** [Qs 4h Jh Qd] [Td]
*** SHOW DOWN ***
DirtyDouble2: shows [Ks As] (a straight, Ten to Ace)
pappen: shows [6s Ah] (a pair of Queens)
DirtyDouble2 collected $29.54 from pot
*** SUMMARY ***
Total pot $30.04 | Rake $0.50
Board [Qs 4h Jh Qd Td]
Seat 3: DirtyDouble2 (big blind) showed [Ks As] and won ($29.54) with a straight, Ten to Ace
Seat 4: pappen (button) (small blind) showed [6s Ah] and lost with a pair of Queens


PokerStars Hand #175959608646:  Hold'em Limit ($3/$6 USD) - 2017/09/21 23:51:31 ET
Table 'Bilkis' 6-max Seat #3 is the button
Seat 3: DirtyDouble2 ($29.54 in chips)
Seat 4: pappen ($206.49 in chips)
DirtyDouble2: posts small blind $1
pappen: posts big blind $3
*** HOLE CARDS ***
DirtyDouble2: raises $3 to $6
pappen: calls $3
*** FLOP *** [Jc 4s Ts]
pappen: checks
DirtyDouble2: bets $3
pappen: calls $3
*** TURN *** [Jc 4s Ts] [Ah]
pappen: checks
DirtyDouble2: bets $6
pappen: folds
Uncalled bet ($6) returned to DirtyDouble2
DirtyDouble2 collected $17.64 from pot
*** SUMMARY ***
Total pot $18 | Rake $0.36
Board [Jc 4s Ts Ah]
Seat 3: DirtyDouble2 (button) (small blind) collected ($17.64)
Seat 4: pappen (big blind) folded on the Turn


PokerStars Hand #175959617572:  Hold'em Limit ($3/$6 USD) - 2017/09/21 23:52:05 ET
Table 'Bilkis' 6-max Seat #3 is the button
Seat 3: DirtyDouble2 ($46.82 in chips)
Seat 4: pappen ($188.49 in chips)
DirtyDouble2: posts small blind $1
pappen: posts big blind $3
*** HOLE CARDS ***
Brama Br joins the table at seat #6
DirtyDouble2: raises $3 to $6
pappen: calls $3
*** FLOP *** [5d Qd 8h]
pappen: bets $3
DirtyDouble2: calls $3
*** TURN *** [5d Qd 8h] [2c]
pappen: bets $6
DirtyDouble2: calls $6
*** RIVER *** [5d Qd 8h 2c] [6s]
pappen: bets $6
DirtyDouble2: raises $6 to $12
pappen: raises $6 to $18
DirtyDouble2: calls $6
*** SHOW DOWN ***
pappen: shows [8c 6h] (two pair, Eights and Sixes)
DirtyDouble2: shows [6c 8s] (two pair, Eights and Sixes)
pappen collected $32.75 from pot
DirtyDouble2 collected $32.75 from pot
*** SUMMARY ***
Total pot $66 | Rake $0.50
Board [5d Qd 8h 2c 6s]
Seat 3: DirtyDouble2 (button) (small blind) showed [6c 8s] and won ($32.75) with two pair, Eights and Sixes
Seat 4: pappen (big blind) showed [8c 6h] and won ($32.75) with two pair, Eights and Sixes


