PokerStars Hand #165609834577:  Hold'em Limit ($3/$6 USD) - 2017/02/03 9:25:27 ET
Table 'Bilkis' 6-max Seat #3 is the button
Seat 3: lelala ($120 in chips)
Seat 4: Agrotait ($72 in chips)
lelala: posts small blind $1
Agrotait: posts big blind $3
*** HOLE CARDS ***
lelala: raises $3 to $6
Agrotait: calls $3
*** FLOP *** [8h Kd 6c]
Agrotait: checks
lelala: bets $3
Agrotait: folds
Uncalled bet ($3) returned to lelala
lelala collected $11.76 from pot
*** SUMMARY ***
Total pot $12 | Rake $0.24
Board [8h Kd 6c]
Seat 3: lelala (button) (small blind) collected ($11.76)
Seat 4: Agrotait (big blind) folded on the Flop


PokerStars Hand #165609861761:  Hold'em Limit ($3/$6 USD) - 2017/02/03 9:26:07 ET
Table 'Bilkis' 6-max Seat #4 is the button
Seat 3: lelala ($125.76 in chips)
Seat 4: Agrotait ($66 in chips)
Agrotait: posts small blind $1
lelala: posts big blind $3
*** HOLE CARDS ***
Agrotait: folds
Uncalled bet ($2) returned to lelala
lelala collected $2 from pot
*** SUMMARY ***
Total pot $2 | Rake $0
Seat 3: lelala (big blind) collected ($2)
Seat 4: Agrotait (button) (small blind) folded before Flop


PokerStars Hand #165609871360:  Hold'em Limit ($3/$6 USD) - 2017/02/03 9:26:21 ET
Table 'Bilkis' 6-max Seat #3 is the button
Seat 3: lelala ($126.76 in chips)
Seat 4: Agrotait ($65 in chips)
lelala: posts small blind $1
Agrotait: posts big blind $3
*** HOLE CARDS ***
lelala: raises $3 to $6
Agrotait: raises $3 to $9
lelala: calls $3
*** FLOP *** [2h Qs Jh]
Agrotait: bets $3
lelala: raises $3 to $6
Agrotait: calls $3
*** TURN *** [2h Qs Jh] [5c]
Agrotait: checks
lelala: bets $6
Agrotait: calls $6
*** RIVER *** [2h Qs Jh 5c] [Kc]
Agrotait: checks
lelala: bets $6
Agrotait: calls $6
*** SHOW DOWN ***
lelala: shows [6h 5h] (a pair of Fives)
Agrotait: shows [Js 9s] (a pair of Jacks)
Agrotait collected $53.50 from pot
*** SUMMARY ***
Total pot $54 | Rake $0.50
Board [2h Qs Jh 5c Kc]
Seat 3: lelala (button) (small blind) showed [6h 5h] and lost with a pair of Fives
Seat 4: Agrotait (big blind) showed [Js 9s] and won ($53.50) with a pair of Jacks


PokerStars Hand #165609910411:  Hold'em Limit ($3/$6 USD) - 2017/02/03 9:27:18 ET
Table 'Bilkis' 6-max Seat #4 is the button
Seat 3: lelala ($99.76 in chips)
Seat 4: Agrotait ($91.50 in chips)
Agrotait: posts small blind $1
lelala: posts big blind $3
*** HOLE CARDS ***
Agrotait: raises $3 to $6
lelala: raises $3 to $9
Agrotait: calls $3
*** FLOP *** [Ac Tc 2d]
lelala: bets $3
Agrotait: folds
Uncalled bet ($3) returned to lelala
lelala collected $17.64 from pot
*** SUMMARY ***
Total pot $18 | Rake $0.36
Board [Ac Tc 2d]
Seat 3: lelala (big blind) collected ($17.64)
Seat 4: Agrotait (button) (small blind) folded on the Flop


PokerStars Hand #165609929353:  Hold'em Limit ($3/$6 USD) - 2017/02/03 9:27:46 ET
Table 'Bilkis' 6-max Seat #3 is the button
Seat 3: lelala ($108.40 in chips)
Seat 4: Agrotait ($82.50 in chips)
lelala: posts small blind $1
Agrotait: posts big blind $3
*** HOLE CARDS ***
lelala: raises $3 to $6
Agrotait: raises $3 to $9
lelala: calls $3
*** FLOP *** [2c 9c 4s]
Agrotait: bets $3
lelala: calls $3
*** TURN *** [2c 9c 4s] [Ts]
Agrotait: bets $6
lelala: raises $6 to $12
Agrotait: raises $6 to $18
lelala: calls $6
*** RIVER *** [2c 9c 4s Ts] [2d]
Agrotait: bets $6
lelala: calls $6
*** SHOW DOWN ***
Agrotait: shows [Ad As] (two pair, Aces and Deuces)
lelala: mucks hand
Agrotait collected $71.50 from pot
*** SUMMARY ***
Total pot $72 | Rake $0.50
Board [2c 9c 4s Ts 2d]
Seat 3: lelala (button) (small blind) mucked
Seat 4: Agrotait (big blind) showed [Ad As] and won ($71.50) with two pair, Aces and Deuces


PokerStars Hand #165609948225:  Hold'em Limit ($3/$6 USD) - 2017/02/03 9:28:13 ET
Table 'Bilkis' 6-max Seat #4 is the button
Seat 3: lelala ($72.40 in chips)
Seat 4: Agrotait ($118 in chips)
Agrotait: posts small blind $1
lelala: posts big blind $3
*** HOLE CARDS ***
Agrotait: raises $3 to $6
lelala: folds
Uncalled bet ($3) returned to Agrotait
Agrotait collected $6 from pot
Agrotait: doesn't show hand
*** SUMMARY ***
Total pot $6 | Rake $0
Seat 3: lelala (big blind) folded before Flop
Seat 4: Agrotait (button) (small blind) collected ($6)


PokerStars Hand #165609971638:  Hold'em Limit ($3/$6 USD) - 2017/02/03 9:28:47 ET
Table 'Bilkis' 6-max Seat #4 is the button
Seat 3: lelala ($48.40 in chips)
Seat 4: Agrotait ($141.50 in chips)
Agrotait: posts small blind $1
lelala: posts big blind $3
*** HOLE CARDS ***
Agrotait: folds
Uncalled bet ($2) returned to lelala
lelala collected $2 from pot
*** SUMMARY ***
Total pot $2 | Rake $0
Seat 3: lelala (big blind) collected ($2)
Seat 4: Agrotait (button) (small blind) folded before Flop


PokerStars Hand #165609953506:  Hold'em Limit ($3/$6 USD) - 2017/02/03 9:28:21 ET
Table 'Bilkis' 6-max Seat #3 is the button
Seat 3: lelala ($69.40 in chips)
Seat 4: Agrotait ($121 in chips)
lelala: posts small blind $1
Agrotait: posts big blind $3
*** HOLE CARDS ***
lelala: raises $3 to $6
Agrotait: calls $3
*** FLOP *** [8s 8c 9h]
Agrotait: checks
lelala: bets $3
Agrotait: calls $3
*** TURN *** [8s 8c 9h] [9c]
Agrotait: checks
lelala: bets $6
Agrotait: calls $6
*** RIVER *** [8s 8c 9h 9c] [Ks]
Agrotait: checks
lelala: bets $6
Agrotait: calls $6
*** SHOW DOWN ***
lelala: shows [2c 5c] (two pair, Nines and Eights)
Agrotait: shows [3s Kd] (two pair, Kings and Nines)
Agrotait collected $41.50 from pot
*** SUMMARY ***
Total pot $42 | Rake $0.50
Board [8s 8c 9h 9c Ks]
Seat 3: lelala (button) (small blind) showed [2c 5c] and lost with two pair, Nines and Eights
Seat 4: Agrotait (big blind) showed [3s Kd] and won ($41.50) with two pair, Kings and Nines


PokerStars Hand #165609975298:  Hold'em Limit ($3/$6 USD) - 2017/02/03 9:28:53 ET
Table 'Bilkis' 6-max Seat #3 is the button
Seat 3: lelala ($53.08 in chips)
Seat 4: Agrotait ($140.50 in chips)
lelala: posts small blind $1
Agrotait: posts big blind $3
*** HOLE CARDS ***
lelala: raises $3 to $6
Agrotait: calls $3
*** FLOP *** [7c 6h Qs]
Agrotait: checks
lelala: bets $3
Agrotait: calls $3
*** TURN *** [7c 6h Qs] [4d]
Agrotait: checks
lelala: bets $6
Agrotait: calls $6
*** RIVER *** [7c 6h Qs 4d] [4h]
Agrotait: checks
lelala: bets $6
Agrotait: calls $6
*** SHOW DOWN ***
lelala: shows [Qc 9c] (two pair, Queens and Fours)
Agrotait: mucks hand
lelala collected $41.50 from pot
*** SUMMARY ***
Total pot $42 | Rake $0.50
Board [7c 6h Qs 4d 4h]
Seat 3: lelala (button) (small blind) showed [Qc 9c] and won ($41.50) with two pair, Queens and Fours
Seat 4: Agrotait (big blind) mucked


PokerStars Hand #165609997284:  Hold'em Limit ($3/$6 USD) - 2017/02/03 9:29:25 ET
Table 'Bilkis' 6-max Seat #3 is the button
Seat 3: lelala ($70.58 in chips)
Seat 4: Agrotait ($122.50 in chips)
lelala: posts small blind $1
Agrotait: posts big blind $3
*** HOLE CARDS ***
lelala: folds
Uncalled bet ($2) returned to Agrotait
Agrotait collected $2 from pot
Agrotait: doesn't show hand
*** SUMMARY ***
Total pot $2 | Rake $0
Seat 3: lelala (button) (small blind) folded before Flop
Seat 4: Agrotait (big blind) collected ($2)


PokerStars Hand #165609992591:  Hold'em Limit ($3/$6 USD) - 2017/02/03 9:29:18 ET
Table 'Bilkis' 6-max Seat #4 is the button
Seat 3: lelala ($73.58 in chips)
Seat 4: Agrotait ($119.50 in chips)
Agrotait: posts small blind $1
lelala: posts big blind $3
*** HOLE CARDS ***
Agrotait: raises $3 to $6
lelala: folds
Uncalled bet ($3) returned to Agrotait
Agrotait collected $6 from pot
Agrotait: doesn't show hand
*** SUMMARY ***
Total pot $6 | Rake $0
Seat 3: lelala (big blind) folded before Flop
Seat 4: Agrotait (button) (small blind) collected ($6)


PokerStars Hand #165610000905:  Hold'em Limit ($3/$6 USD) - 2017/02/03 9:29:30 ET
Table 'Bilkis' 6-max Seat #4 is the button
Seat 3: lelala ($69.58 in chips)
Seat 4: Agrotait ($123.50 in chips)
Agrotait: posts small blind $1
lelala: posts big blind $3
*** HOLE CARDS ***
Agrotait: raises $3 to $6
lelala: folds
Uncalled bet ($3) returned to Agrotait
Agrotait collected $6 from pot
Agrotait: doesn't show hand
*** SUMMARY ***
Total pot $6 | Rake $0
Seat 3: lelala (big blind) folded before Flop
Seat 4: Agrotait (button) (small blind) collected ($6)


PokerStars Hand #165610031019:  Hold'em Limit ($3/$6 USD) - 2017/02/03 9:30:14 ET
Table 'Bilkis' 6-max Seat #3 is the button
Seat 3: lelala ($72.22 in chips)
Seat 4: Agrotait ($120.50 in chips)
lelala: posts small blind $1
Agrotait: posts big blind $3
*** HOLE CARDS ***
lelala: raises $3 to $6
Agrotait: calls $3
*** FLOP *** [9c Jd 2d]
Agrotait: checks
lelala: bets $3
Agrotait: calls $3
*** TURN *** [9c Jd 2d] [5s]
Agrotait: checks
lelala: bets $6
Agrotait: calls $6
*** RIVER *** [9c Jd 2d 5s] [2s]
Agrotait: checks
lelala: bets $6
Agrotait: calls $6
*** SHOW DOWN ***
lelala: shows [7h 7s] (two pair, Sevens and Deuces)
Agrotait: mucks hand
lelala collected $41.50 from pot
*** SUMMARY ***
Total pot $42 | Rake $0.50
Board [9c Jd 2d 5s 2s]
Seat 3: lelala (button) (small blind) showed [7h 7s] and won ($41.50) with two pair, Sevens and Deuces
Seat 4: Agrotait (big blind) mucked


PokerStars Hand #165610023913:  Hold'em Limit ($3/$6 USD) - 2017/02/03 9:30:04 ET
Table 'Bilkis' 6-max Seat #4 is the button
Seat 3: lelala ($75.22 in chips)
Seat 4: Agrotait ($117.50 in chips)
Agrotait: posts small blind $1
lelala: posts big blind $3
*** HOLE CARDS ***
Agrotait: raises $3 to $6
lelala: folds
Uncalled bet ($3) returned to Agrotait
Agrotait collected $6 from pot
Agrotait: doesn't show hand
*** SUMMARY ***
Total pot $6 | Rake $0
Seat 3: lelala (big blind) folded before Flop
Seat 4: Agrotait (button) (small blind) collected ($6)


PokerStars Hand #165610010154:  Hold'em Limit ($3/$6 USD) - 2017/02/03 9:29:43 ET
Table 'Bilkis' 6-max Seat #3 is the button
Seat 3: lelala ($66.58 in chips)
Seat 4: Agrotait ($126.50 in chips)
lelala: posts small blind $1
Agrotait: posts big blind $3
*** HOLE CARDS ***
lelala: raises $3 to $6
Agrotait: calls $3
*** FLOP *** [Jc Qh 9c]
Agrotait: checks
lelala: bets $3
Agrotait: calls $3
*** TURN *** [Jc Qh 9c] [3s]
Agrotait: checks
lelala: checks
*** RIVER *** [Jc Qh 9c 3s] [4c]
Agrotait: checks
lelala: checks
*** SHOW DOWN ***
Agrotait: shows [3c 8h] (a pair of Threes)
lelala: shows [Kd 4s] (a pair of Fours)
lelala collected $17.64 from pot
*** SUMMARY ***
Total pot $18 | Rake $0.36
Board [Jc Qh 9c 3s 4c]
Seat 3: lelala (button) (small blind) showed [Kd 4s] and won ($17.64) with a pair of Fours
Seat 4: Agrotait (big blind) showed [3c 8h] and lost with a pair of Threes


PokerStars Hand #165610048323:  Hold'em Limit ($3/$6 USD) - 2017/02/03 9:30:39 ET
Table 'Bilkis' 6-max Seat #4 is the button
Seat 3: lelala ($92.72 in chips)
Seat 4: Agrotait ($99.50 in chips)
Agrotait: posts small blind $1
lelala: posts big blind $3
*** HOLE CARDS ***
Agrotait: raises $3 to $6
lelala: raises $3 to $9
Agrotait: calls $3
*** FLOP *** [7h Jc 9d]
lelala: bets $3
Agrotait: folds
Uncalled bet ($3) returned to lelala
lelala collected $17.64 from pot
*** SUMMARY ***
Total pot $18 | Rake $0.36
Board [7h Jc 9d]
Seat 3: lelala (big blind) collected ($17.64)
Seat 4: Agrotait (button) (small blind) folded on the Flop


PokerStars Hand #165610063975:  Hold'em Limit ($3/$6 USD) - 2017/02/03 9:31:02 ET
Table 'Bilkis' 6-max Seat #3 is the button
Seat 3: lelala ($101.36 in chips)
Seat 4: Agrotait ($90.50 in chips)
lelala: posts small blind $1
Agrotait: posts big blind $3
*** HOLE CARDS ***
lelala: folds
Uncalled bet ($2) returned to Agrotait
Agrotait collected $2 from pot
Agrotait: doesn't show hand
*** SUMMARY ***
Total pot $2 | Rake $0
Seat 3: lelala (button) (small blind) folded before Flop
Seat 4: Agrotait (big blind) collected ($2)


PokerStars Hand #165610069897:  Hold'em Limit ($3/$6 USD) - 2017/02/03 9:31:10 ET
Table 'Bilkis' 6-max Seat #4 is the button
Seat 3: lelala ($100.36 in chips)
Seat 4: Agrotait ($91.50 in chips)
Agrotait: posts small blind $1
lelala: posts big blind $3
*** HOLE CARDS ***
Agrotait: folds
Uncalled bet ($2) returned to lelala
lelala collected $2 from pot
*** SUMMARY ***
Total pot $2 | Rake $0
Seat 3: lelala (big blind) collected ($2)
Seat 4: Agrotait (button) (small blind) folded before Flop


PokerStars Hand #165610075980:  Hold'em Limit ($3/$6 USD) - 2017/02/03 9:31:19 ET
Table 'Bilkis' 6-max Seat #3 is the button
Seat 3: lelala ($101.36 in chips)
Seat 4: Agrotait ($90.50 in chips)
lelala: posts small blind $1
Agrotait: posts big blind $3
*** HOLE CARDS ***
lelala: raises $3 to $6
Agrotait: folds
Uncalled bet ($3) returned to lelala
lelala collected $6 from pot
*** SUMMARY ***
Total pot $6 | Rake $0
Seat 3: lelala (button) (small blind) collected ($6)
Seat 4: Agrotait (big blind) folded before Flop


PokerStars Hand #165610080356:  Hold'em Limit ($3/$6 USD) - 2017/02/03 9:31:25 ET
Table 'Bilkis' 6-max Seat #4 is the button
Seat 3: lelala ($104.36 in chips)
Seat 4: Agrotait ($87.50 in chips)
Agrotait: posts small blind $1
lelala: posts big blind $3
*** HOLE CARDS ***
Agrotait: raises $3 to $6
lelala: raises $3 to $9
Agrotait: calls $3
*** FLOP *** [3c 5h 3h]
lelala: bets $3
Agrotait: calls $3
*** TURN *** [3c 5h 3h] [2h]
lelala: bets $6
Agrotait: calls $6
*** RIVER *** [3c 5h 3h 2h] [5d]
lelala: bets $6
Agrotait: folds
Uncalled bet ($6) returned to lelala
lelala collected $35.50 from pot
*** SUMMARY ***
Total pot $36 | Rake $0.50
Board [3c 5h 3h 2h 5d]
Seat 3: lelala (big blind) collected ($35.50)
Seat 4: Agrotait (button) (small blind) folded on the River


PokerStars Hand #165610172276:  Hold'em Limit ($3/$6 USD) - 2017/02/03 9:33:38 ET
Table 'Bilkis' 6-max Seat #4 is the button
Seat 3: lelala ($129.25 in chips)
Seat 4: Agrotait ($61.25 in chips)
Agrotait: posts small blind $1
lelala: posts big blind $3
*** HOLE CARDS ***
Agrotait: raises $3 to $6
lelala: folds
Uncalled bet ($3) returned to Agrotait
Agrotait collected $6 from pot
Agrotait: doesn't show hand
*** SUMMARY ***
Total pot $6 | Rake $0
Seat 3: lelala (big blind) folded before Flop
Seat 4: Agrotait (button) (small blind) collected ($6)


PokerStars Hand #165610168964:  Hold'em Limit ($3/$6 USD) - 2017/02/03 9:33:34 ET
Table 'Bilkis' 6-max Seat #3 is the button
Seat 3: lelala ($130.25 in chips)
Seat 4: Agrotait ($60.25 in chips)
lelala: posts small blind $1
Agrotait: posts big blind $3
*** HOLE CARDS ***
lelala: folds
Uncalled bet ($2) returned to Agrotait
Agrotait collected $2 from pot
Agrotait: doesn't show hand
*** SUMMARY ***
Total pot $2 | Rake $0
Seat 3: lelala (button) (small blind) folded before Flop
Seat 4: Agrotait (big blind) collected ($2)


PokerStars Hand #165610157507:  Hold'em Limit ($3/$6 USD) - 2017/02/03 9:33:17 ET
Table 'Bilkis' 6-max Seat #4 is the button
Seat 3: lelala ($121.61 in chips)
Seat 4: Agrotait ($69.25 in chips)
Agrotait: posts small blind $1
lelala: posts big blind $3
*** HOLE CARDS ***
Agrotait: raises $3 to $6
lelala: raises $3 to $9
Agrotait: calls $3
*** FLOP *** [5d Ac 6s]
lelala: bets $3
Agrotait: folds
Uncalled bet ($3) returned to lelala
lelala collected $17.64 from pot
*** SUMMARY ***
Total pot $18 | Rake $0.36
Board [5d Ac 6s]
Seat 3: lelala (big blind) collected ($17.64)
Seat 4: Agrotait (button) (small blind) folded on the Flop


PokerStars Hand #165610103650:  Hold'em Limit ($3/$6 USD) - 2017/02/03 9:31:59 ET
Table 'Bilkis' 6-max Seat #3 is the button
Seat 3: lelala ($121.86 in chips)
Seat 4: Agrotait ($69.50 in chips)
lelala: posts small blind $1
Agrotait: posts big blind $3
*** HOLE CARDS ***
lelala: raises $3 to $6
Agrotait: calls $3
*** FLOP *** [9d Js 2c]
Agrotait: checks
lelala: bets $3
Agrotait: calls $3
*** TURN *** [9d Js 2c] [5d]
Agrotait: checks
lelala: bets $6
Agrotait: calls $6
*** RIVER *** [9d Js 2c 5d] [9c]
Agrotait has timed out
Agrotait: checks
lelala: bets $6
Agrotait: calls $6
*** SHOW DOWN ***
lelala: shows [4c Ac] (a pair of Nines)
Agrotait: shows [4h As] (a pair of Nines)
Agrotait collected $20.75 from pot
lelala collected $20.75 from pot
*** SUMMARY ***
Total pot $42 | Rake $0.50
Board [9d Js 2c 5d 9c]
Seat 3: lelala (button) (small blind) showed [4c Ac] and won ($20.75) with a pair of Nines
Seat 4: Agrotait (big blind) showed [4h As] and won ($20.75) with a pair of Nines


PokerStars Hand #165610184452:  Hold'em Limit ($3/$6 USD) - 2017/02/03 9:33:56 ET
Table 'Bilkis' 6-max Seat #4 is the button
Seat 3: lelala ($129.25 in chips)
Seat 4: Agrotait ($61.25 in chips)
Agrotait: posts small blind $1
lelala: posts big blind $3
*** HOLE CARDS ***
Agrotait: raises $3 to $6
lelala: raises $3 to $9
Agrotait: calls $3
*** FLOP *** [4s Ks 2s]
lelala: bets $3
Agrotait: raises $3 to $6
lelala: calls $3
*** TURN *** [4s Ks 2s] [Kd]
lelala: checks
Agrotait: bets $6
lelala: calls $6
*** RIVER *** [4s Ks 2s Kd] [3c]
lelala: checks
Agrotait: bets $6
lelala: calls $6
*** SHOW DOWN ***
Agrotait: shows [Qs 4h] (two pair, Kings and Fours)
lelala: mucks hand
Agrotait collected $53.50 from pot
*** SUMMARY ***
Total pot $54 | Rake $0.50
Board [4s Ks 2s Kd 3c]
Seat 3: lelala (big blind) mucked
Seat 4: Agrotait (button) (small blind) showed [Qs 4h] and won ($53.50) with two pair, Kings and Fours


PokerStars Hand #165610179830:  Hold'em Limit ($3/$6 USD) - 2017/02/03 9:33:49 ET
Table 'Bilkis' 6-max Seat #3 is the button
Seat 3: lelala ($126.25 in chips)
Seat 4: Agrotait ($64.25 in chips)
lelala: posts small blind $1
Agrotait: posts big blind $3
*** HOLE CARDS ***
lelala: raises $3 to $6
Agrotait: folds
Uncalled bet ($3) returned to lelala
lelala collected $6 from pot
*** SUMMARY ***
Total pot $6 | Rake $0
Seat 3: lelala (button) (small blind) collected ($6)
Seat 4: Agrotait (big blind) folded before Flop


PokerStars Hand #165610252287:  Hold'em Limit ($3/$6 USD) - 2017/02/03 9:35:34 ET
Table 'Bilkis' 6-max Seat #4 is the button
Seat 3: lelala ($66.25 in chips)
Seat 4: Agrotait ($123.25 in chips)
Agrotait: posts small blind $1
lelala: posts big blind $3
*** HOLE CARDS ***
Agrotait: folds
Uncalled bet ($2) returned to lelala
lelala collected $2 from pot
*** SUMMARY ***
Total pot $2 | Rake $0
Seat 3: lelala (big blind) collected ($2)
Seat 4: Agrotait (button) (small blind) folded before Flop


PokerStars Hand #165610211238:  Hold'em Limit ($3/$6 USD) - 2017/02/03 9:34:35 ET
Table 'Bilkis' 6-max Seat #3 is the button
Seat 3: lelala ($102.25 in chips)
Seat 4: Agrotait ($87.75 in chips)
lelala: posts small blind $1
Agrotait: posts big blind $3
*** HOLE CARDS ***
lelala: raises $3 to $6
Agrotait: raises $3 to $9
lelala: calls $3
*** FLOP *** [9s 6h Jd]
Agrotait: bets $3
lelala: calls $3
*** TURN *** [9s 6h Jd] [9c]
Agrotait: bets $6
lelala: raises $6 to $12
Agrotait: raises $6 to $18
lelala: calls $6
*** RIVER *** [9s 6h Jd 9c] [Ts]
Agrotait: bets $6
lelala: calls $6
*** SHOW DOWN ***
Agrotait: shows [7h 9h] (three of a kind, Nines)
lelala: mucks hand
Agrotait collected $71.50 from pot
*** SUMMARY ***
Total pot $72 | Rake $0.50
Board [9s 6h Jd 9c Ts]
Seat 3: lelala (button) (small blind) mucked
Seat 4: Agrotait (big blind) showed [7h 9h] and won ($71.50) with three of a kind, Nines


PokerStars Hand #165610294970:  Hold'em Limit ($3/$6 USD) - 2017/02/03 9:36:36 ET
Table 'Bilkis' 6-max Seat #3 is the button
Seat 3: lelala ($87.41 in chips)
Seat 4: Agrotait ($101.25 in chips)
lelala: posts small blind $1
Agrotait: posts big blind $3
*** HOLE CARDS ***
lelala: folds
Uncalled bet ($2) returned to Agrotait
Agrotait collected $2 from pot
Agrotait: doesn't show hand
*** SUMMARY ***
Total pot $2 | Rake $0
Seat 3: lelala (button) (small blind) folded before Flop
Seat 4: Agrotait (big blind) collected ($2)


PokerStars Hand #165610290682:  Hold'em Limit ($3/$6 USD) - 2017/02/03 9:36:30 ET
Table 'Bilkis' 6-max Seat #4 is the button
Seat 3: lelala ($90.41 in chips)
Seat 4: Agrotait ($98.25 in chips)
Agrotait: posts small blind $1
lelala: posts big blind $3
*** HOLE CARDS ***
Agrotait: raises $3 to $6
lelala: folds
Uncalled bet ($3) returned to Agrotait
Agrotait collected $6 from pot
Agrotait: doesn't show hand
*** SUMMARY ***
Total pot $6 | Rake $0
Seat 3: lelala (big blind) folded before Flop
Seat 4: Agrotait (button) (small blind) collected ($6)


PokerStars Hand #165610287074:  Hold'em Limit ($3/$6 USD) - 2017/02/03 9:36:25 ET
Table 'Bilkis' 6-max Seat #3 is the button
Seat 3: lelala ($91.41 in chips)
Seat 4: Agrotait ($97.25 in chips)
lelala: posts small blind $1
Agrotait: posts big blind $3
*** HOLE CARDS ***
lelala: folds
Uncalled bet ($2) returned to Agrotait
Agrotait collected $2 from pot
Agrotait: doesn't show hand
*** SUMMARY ***
Total pot $2 | Rake $0
Seat 3: lelala (button) (small blind) folded before Flop
Seat 4: Agrotait (big blind) collected ($2)


PokerStars Hand #165610280933:  Hold'em Limit ($3/$6 USD) - 2017/02/03 9:36:16 ET
Table 'Bilkis' 6-max Seat #4 is the button
Seat 3: lelala ($82.77 in chips)
Seat 4: Agrotait ($106.25 in chips)
Agrotait: posts small blind $1
lelala: posts big blind $3
*** HOLE CARDS ***
Agrotait: raises $3 to $6
lelala: raises $3 to $9
Agrotait: calls $3
*** FLOP *** [3h 8c Qd]
lelala: bets $3
Agrotait: folds
Uncalled bet ($3) returned to lelala
lelala collected $17.64 from pot
*** SUMMARY ***
Total pot $18 | Rake $0.36
Board [3h 8c Qd]
Seat 3: lelala (big blind) collected ($17.64)
Seat 4: Agrotait (button) (small blind) folded on the Flop


PokerStars Hand #165610276266:  Hold'em Limit ($3/$6 USD) - 2017/02/03 9:36:09 ET
Table 'Bilkis' 6-max Seat #3 is the button
Seat 3: lelala ($79.77 in chips)
Seat 4: Agrotait ($109.25 in chips)
lelala: posts small blind $1
Agrotait: posts big blind $3
*** HOLE CARDS ***
lelala: raises $3 to $6
Agrotait: folds
Uncalled bet ($3) returned to lelala
lelala collected $6 from pot
*** SUMMARY ***
Total pot $6 | Rake $0
Seat 3: lelala (button) (small blind) collected ($6)
Seat 4: Agrotait (big blind) folded before Flop


PokerStars Hand #165610272450:  Hold'em Limit ($3/$6 USD) - 2017/02/03 9:36:03 ET
Table 'Bilkis' 6-max Seat #4 is the button
Seat 3: lelala ($78.77 in chips)
Seat 4: Agrotait ($110.25 in chips)
Agrotait: posts small blind $1
lelala: posts big blind $3
*** HOLE CARDS ***
Agrotait: folds
Uncalled bet ($2) returned to lelala
lelala collected $2 from pot
*** SUMMARY ***
Total pot $2 | Rake $0
Seat 3: lelala (big blind) collected ($2)
Seat 4: Agrotait (button) (small blind) folded before Flop


PokerStars Hand #165610255839:  Hold'em Limit ($3/$6 USD) - 2017/02/03 9:35:39 ET
Table 'Bilkis' 6-max Seat #3 is the button
Seat 3: lelala ($67.25 in chips)
Seat 4: Agrotait ($122.25 in chips)
lelala: posts small blind $1
Agrotait: posts big blind $3
*** HOLE CARDS ***
lelala: raises $3 to $6
Agrotait: raises $3 to $9
lelala: raises $3 to $12
Betting is capped
Agrotait: calls $3
*** FLOP *** [4h Kd 5d]
Agrotait: checks
lelala: bets $3
Agrotait: folds
Uncalled bet ($3) returned to lelala
lelala collected $23.52 from pot
*** SUMMARY ***
Total pot $24 | Rake $0.48
Board [4h Kd 5d]
Seat 3: lelala (button) (small blind) collected ($23.52)
Seat 4: Agrotait (big blind) folded on the Flop


PokerStars Hand #165610333003:  Hold'em Limit ($3/$6 USD) - 2017/02/03 9:37:31 ET
Table 'Bilkis' 6-max Seat #4 is the button
Seat 3: lelala ($97.91 in chips)
Seat 4: Agrotait ($90.01 in chips)
Agrotait: posts small blind $1
lelala: posts big blind $3
*** HOLE CARDS ***
Agrotait: raises $3 to $6
lelala: calls $3
*** FLOP *** [9h Qs 5s]
lelala: checks
Agrotait: bets $3
lelala: raises $3 to $6
Agrotait: calls $3
*** TURN *** [9h Qs 5s] [8c]
lelala: bets $6
Agrotait: calls $6
*** RIVER *** [9h Qs 5s 8c] [3s]
lelala: checks
Agrotait: checks
*** SHOW DOWN ***
lelala: shows [5h Kc] (a pair of Fives)
Agrotait: mucks hand
lelala collected $35.50 from pot
*** SUMMARY ***
Total pot $36 | Rake $0.50
Board [9h Qs 5s 8c 3s]
Seat 3: lelala (big blind) showed [5h Kc] and won ($35.50) with a pair of Fives
Seat 4: Agrotait (button) (small blind) mucked


PokerStars Hand #165610320535:  Hold'em Limit ($3/$6 USD) - 2017/02/03 9:37:13 ET
Table 'Bilkis' 6-max Seat #3 is the button
Seat 3: lelala ($103.91 in chips)
Seat 4: Agrotait ($84.25 in chips)
lelala: posts small blind $1
Agrotait: posts big blind $3
*** HOLE CARDS ***
lelala: raises $3 to $6
Agrotait: calls $3
*** FLOP *** [Qh 7s 6d]
Agrotait: checks
lelala: checks
*** TURN *** [Qh 7s 6d] [Qc]
Agrotait: bets $6
lelala: folds
Uncalled bet ($6) returned to Agrotait
Agrotait collected $11.76 from pot
Agrotait: doesn't show hand
*** SUMMARY ***
Total pot $12 | Rake $0.24
Board [Qh 7s 6d Qc]
Seat 3: lelala (button) (small blind) folded on the Turn
Seat 4: Agrotait (big blind) collected ($11.76)


PokerStars Hand #165610298519:  Hold'em Limit ($3/$6 USD) - 2017/02/03 9:36:41 ET
Table 'Bilkis' 6-max Seat #4 is the button
Seat 3: lelala ($86.41 in chips)
Seat 4: Agrotait ($102.25 in chips)
Agrotait: posts small blind $1
lelala: posts big blind $3
*** HOLE CARDS ***
Agrotait: raises $3 to $6
lelala: raises $3 to $9
Agrotait: calls $3
*** FLOP *** [4c Th 7c]
lelala: bets $3
Agrotait: calls $3
*** TURN *** [4c Th 7c] [9d]
lelala: bets $6
Agrotait: calls $6
*** RIVER *** [4c Th 7c 9d] [Qc]
lelala: bets $6
Agrotait: folds
Uncalled bet ($6) returned to lelala
lelala collected $35.50 from pot
*** SUMMARY ***
Total pot $36 | Rake $0.50
Board [4c Th 7c 9d Qc]
Seat 3: lelala (big blind) collected ($35.50)
Seat 4: Agrotait (button) (small blind) folded on the River


PokerStars Hand #165610370302:  Hold'em Limit ($3/$6 USD) - 2017/02/03 9:38:25 ET
Table 'Bilkis' 6-max Seat #3 is the button
Seat 3: lelala ($138.67 in chips)
Seat 4: Agrotait ($72 in chips)
lelala: posts small blind $1
Agrotait: posts big blind $3
*** HOLE CARDS ***
lelala: folds
Uncalled bet ($2) returned to Agrotait
Agrotait collected $2 from pot
Agrotait: doesn't show hand
*** SUMMARY ***
Total pot $2 | Rake $0
Seat 3: lelala (button) (small blind) folded before Flop
Seat 4: Agrotait (big blind) collected ($2)


PokerStars Hand #165610357359:  Hold'em Limit ($3/$6 USD) - 2017/02/03 9:38:07 ET
Table 'Bilkis' 6-max Seat #4 is the button
Seat 3: lelala ($121.17 in chips)
Seat 4: Agrotait ($66.01 in chips)
Agrotait: posts small blind $1
lelala: posts big blind $3
*** HOLE CARDS ***
Agrotait: raises $3 to $6
lelala: raises $3 to $9
Agrotait: calls $3
*** FLOP *** [5d 6s Qh]
lelala: bets $3
Agrotait: calls $3
*** TURN *** [5d 6s Qh] [5h]
lelala: bets $6
Agrotait: calls $6
*** RIVER *** [5d 6s Qh 5h] [Jh]
lelala: bets $6
Agrotait: folds
Uncalled bet ($6) returned to lelala
lelala collected $35.50 from pot
*** SUMMARY ***
Total pot $36 | Rake $0.50
Board [5d 6s Qh 5h Jh]
Seat 3: lelala (big blind) collected ($35.50)
Seat 4: Agrotait (button) (small blind) folded on the River


PokerStars Hand #165610349000:  Hold'em Limit ($3/$6 USD) - 2017/02/03 9:37:54 ET
Table 'Bilkis' 6-max Seat #3 is the button
Seat 3: lelala ($115.41 in chips)
Seat 4: Agrotait ($72.01 in chips)
lelala: posts small blind $1
Agrotait: posts big blind $3
*** HOLE CARDS ***
lelala: raises $3 to $6
Agrotait: calls $3
*** FLOP *** [3h Kh 9c]
Agrotait: checks
lelala: bets $3
Agrotait: folds
Uncalled bet ($3) returned to lelala
lelala collected $11.76 from pot
*** SUMMARY ***
Total pot $12 | Rake $0.24
Board [3h Kh 9c]
Seat 3: lelala (button) (small blind) collected ($11.76)
Seat 4: Agrotait (big blind) folded on the Flop


