PokerStars Hand #164035694089:  Hold'em Limit ($3/$6 USD) - 2017/01/04 14:59:08 ET
Table 'Binomi' 6-max Seat #4 is the button
Seat 2: tje777 ($57.83 in chips)
Seat 4: GRAILKO ($213.82 in chips)
Longstaaf will be allowed to play after the button
GRAILKO: posts small blind $1
kachon66: is sitting out
tje777: posts big blind $3
*** HOLE CARDS ***
GRAILKO: raises $3 to $6
kachon66 leaves the table
tje777: calls $3
*** FLOP *** [Kd As Ah]
Longstaaf leaves the table
tje777: checks
GRAILKO: bets $3
Hannibal2211 joins the table at seat #3
tje777: folds
Uncalled bet ($3) returned to GRAILKO
GRAILKO collected $11.76 from pot
GRAILKO: doesn't show hand
*** SUMMARY ***
Total pot $12 | Rake $0.24
Board [Kd As Ah]
Seat 2: tje777 (big blind) folded on the Flop
Seat 4: GRAILKO (button) (small blind) collected ($11.76)


PokerStars Hand #164035717932:  Hold'em Limit ($3/$6 USD) - 2017/01/04 14:59:37 ET
Table 'Binomi' 6-max Seat #2 is the button
Seat 2: tje777 ($51.83 in chips)
Seat 3: Hannibal2211 ($72 in chips)
tje777: posts small blind $1
Hannibal2211: posts big blind $3
*** HOLE CARDS ***
tje777: folds
Uncalled bet ($2) returned to Hannibal2211
Hannibal2211 collected $2 from pot
*** SUMMARY ***
Total pot $2 | Rake $0
Seat 2: tje777 (button) (small blind) folded before Flop
Seat 3: Hannibal2211 (big blind) collected ($2)


PokerStars Hand #164035713721:  Hold'em Limit ($3/$6 USD) - 2017/01/04 14:59:32 ET
Table 'Binomi' 6-max Seat #3 is the button
Seat 2: tje777 ($50.83 in chips)
Seat 3: Hannibal2211 ($73 in chips)
Hannibal2211: posts small blind $1
GRAILKO: is sitting out
tje777: posts big blind $3
*** HOLE CARDS ***
Hannibal2211: folds
Uncalled bet ($2) returned to tje777
tje777 collected $2 from pot
tje777: doesn't show hand
*** SUMMARY ***
Total pot $2 | Rake $0
Seat 2: tje777 (big blind) collected ($2)
Seat 3: Hannibal2211 (button) (small blind) folded before Flop


PokerStars Hand #164035722004:  Hold'em Limit ($3/$6 USD) - 2017/01/04 14:59:42 ET
Table 'Binomi' 6-max Seat #3 is the button
Seat 2: tje777 ($50.83 in chips)
Seat 3: Hannibal2211 ($73 in chips)
Hannibal2211: posts small blind $1
tje777: posts big blind $3
*** HOLE CARDS ***
vestimokrec joins the table at seat #6
Hannibal2211: raises $3 to $6
GRAILKO leaves the table
tje777: calls $3
*** FLOP *** [3s 7s 8h]
Krazy90 leaves the table
tje777: checks
Hannibal2211: bets $3
tje777: calls $3
*** TURN *** [3s 7s 8h] [8s]
tje777: checks
Hannibal2211: bets $6
tje777: folds
Uncalled bet ($6) returned to Hannibal2211
Hannibal2211 collected $17.64 from pot
*** SUMMARY ***
Total pot $18 | Rake $0.36
Board [3s 7s 8h 8s]
Seat 2: tje777 (big blind) folded on the Turn
Seat 3: Hannibal2211 (button) (small blind) collected ($17.64)


PokerStars Hand #164035740216:  Hold'em Limit ($3/$6 USD) - 2017/01/04 15:00:03 ET
Table 'Binomi' 6-max Seat #2 is the button
Seat 2: tje777 ($41.83 in chips)
Seat 3: Hannibal2211 ($81.64 in chips)
tje777: posts small blind $1
Hannibal2211: posts big blind $3
*** HOLE CARDS ***
vestimokrec leaves the table
tje777: raises $3 to $6
Hannibal2211: calls $3
*** FLOP *** [4s Td 3h]
Hannibal2211: checks
tje777: bets $3
Hannibal2211: calls $3
*** TURN *** [4s Td 3h] [6c]
Hannibal2211: checks
tje777: bets $6
Hannibal2211: raises $6 to $12
tje777: calls $6
*** RIVER *** [4s Td 3h 6c] [Ac]
Hannibal2211: bets $6
tje777: calls $6
*** SHOW DOWN ***
Hannibal2211: shows [5h Qh] (high card Ace)
tje777: shows [Ts Kc] (a pair of Tens)
tje777 collected $53.50 from pot
*** SUMMARY ***
Total pot $54 | Rake $0.50
Board [4s Td 3h 6c Ac]
Seat 2: tje777 (button) (small blind) showed [Ts Kc] and won ($53.50) with a pair of Tens
Seat 3: Hannibal2211 (big blind) showed [5h Qh] and lost with high card Ace


PokerStars Hand #164035755985:  Hold'em Limit ($3/$6 USD) - 2017/01/04 15:00:21 ET
Table 'Binomi' 6-max Seat #3 is the button
Seat 2: tje777 ($68.33 in chips)
Seat 3: Hannibal2211 ($72 in chips)
Hannibal2211: posts small blind $1
Brando Jr was removed from the table for failing to post
tje777: posts big blind $3
*** HOLE CARDS ***
Hannibal2211: folds
Uncalled bet ($2) returned to tje777
tje777 collected $2 from pot
tje777: doesn't show hand
*** SUMMARY ***
Total pot $2 | Rake $0
Seat 2: tje777 (big blind) collected ($2)
Seat 3: Hannibal2211 (button) (small blind) folded before Flop


PokerStars Hand #164035760529:  Hold'em Limit ($3/$6 USD) - 2017/01/04 15:00:26 ET
Table 'Binomi' 6-max Seat #2 is the button
Seat 2: tje777 ($69.33 in chips)
Seat 3: Hannibal2211 ($72 in chips)
tje777: posts small blind $1
Hannibal2211: posts big blind $3
*** HOLE CARDS ***
tje777: raises $3 to $6
Hannibal2211: calls $3
*** FLOP *** [Ac 6d Ts]
Hannibal2211: checks
tje777: bets $3
Hannibal2211: folds
Uncalled bet ($3) returned to tje777
tje777 collected $11.76 from pot
tje777: doesn't show hand
*** SUMMARY ***
Total pot $12 | Rake $0.24
Board [Ac 6d Ts]
Seat 2: tje777 (button) (small blind) collected ($11.76)
Seat 3: Hannibal2211 (big blind) folded on the Flop


PokerStars Hand #164035770994:  Hold'em Limit ($3/$6 USD) - 2017/01/04 15:00:38 ET
Table 'Binomi' 6-max Seat #3 is the button
Seat 2: tje777 ($75.09 in chips)
Seat 3: Hannibal2211 ($72 in chips)
Hannibal2211: posts small blind $1
tje777: posts big blind $3
*** HOLE CARDS ***
Hannibal2211: raises $3 to $6
tje777: calls $3
*** FLOP *** [6s Ks 2h]
tje777: checks
Hannibal2211: bets $3
tje777: folds
Uncalled bet ($3) returned to Hannibal2211
Hannibal2211 collected $11.76 from pot
*** SUMMARY ***
Total pot $12 | Rake $0.24
Board [6s Ks 2h]
Seat 2: tje777 (big blind) folded on the Flop
Seat 3: Hannibal2211 (button) (small blind) collected ($11.76)


PokerStars Hand #164035782521:  Hold'em Limit ($3/$6 USD) - 2017/01/04 15:00:51 ET
Table 'Binomi' 6-max Seat #2 is the button
Seat 2: tje777 ($69.09 in chips)
Seat 3: Hannibal2211 ($77.76 in chips)
tje777: posts small blind $1
Hannibal2211: posts big blind $3
*** HOLE CARDS ***
tje777: raises $3 to $6
Hannibal2211: raises $3 to $9
tje777: calls $3
*** FLOP *** [2h Jh 4d]
Hannibal2211: bets $3
tje777: calls $3
*** TURN *** [2h Jh 4d] [8d]
Hannibal2211: bets $6
tje777: calls $6
*** RIVER *** [2h Jh 4d 8d] [6d]
Hannibal2211: bets $6
tje777: calls $6
*** SHOW DOWN ***
Hannibal2211: shows [Js Qs] (a pair of Jacks)
tje777: mucks hand
Hannibal2211 collected $47.50 from pot
*** SUMMARY ***
Total pot $48 | Rake $0.50
Board [2h Jh 4d 8d 6d]
Seat 2: tje777 (button) (small blind) mucked
Seat 3: Hannibal2211 (big blind) showed [Js Qs] and won ($47.50) with a pair of Jacks


PokerStars Hand #164035797545:  Hold'em Limit ($3/$6 USD) - 2017/01/04 15:01:08 ET
Table 'Binomi' 6-max Seat #3 is the button
Seat 2: tje777 ($45.09 in chips)
Seat 3: Hannibal2211 ($101.26 in chips)
Hannibal2211: posts small blind $1
tje777: posts big blind $3
*** HOLE CARDS ***
Hannibal2211: raises $3 to $6
tje777: calls $3
*** FLOP *** [Kd Qc 7d]
tje777: checks
Hannibal2211: bets $3
tje777: calls $3
*** TURN *** [Kd Qc 7d] [Kc]
tje777: checks
Hannibal2211: bets $6
tje777: folds
Uncalled bet ($6) returned to Hannibal2211
Hannibal2211 collected $17.64 from pot
*** SUMMARY ***
Total pot $18 | Rake $0.36
Board [Kd Qc 7d Kc]
Seat 2: tje777 (big blind) folded on the Turn
Seat 3: Hannibal2211 (button) (small blind) collected ($17.64)


PokerStars Hand #164035813061:  Hold'em Limit ($3/$6 USD) - 2017/01/04 15:01:24 ET
Table 'Binomi' 6-max Seat #2 is the button
Seat 2: tje777 ($36.09 in chips)
Seat 3: Hannibal2211 ($109.90 in chips)
tje777: posts small blind $1
Hannibal2211: posts big blind $3
*** HOLE CARDS ***
tje777: raises $3 to $6
Hannibal2211: calls $3
*** FLOP *** [Td 2s 3d]
Hannibal2211: checks
tje777: bets $3
Hannibal2211: raises $3 to $6
tje777: calls $3
*** TURN *** [Td 2s 3d] [9c]
Hannibal2211: bets $6
tje777: calls $6
*** RIVER *** [Td 2s 3d 9c] [3s]
Hannibal2211: checks
tje777: checks
*** SHOW DOWN ***
Hannibal2211: shows [4c 5h] (a pair of Threes)
tje777: shows [5d Kd] (a pair of Threes - King kicker)
tje777 collected $35.50 from pot
*** SUMMARY ***
Total pot $36 | Rake $0.50
Board [Td 2s 3d 9c 3s]
Seat 2: tje777 (button) (small blind) showed [5d Kd] and won ($35.50) with a pair of Threes
Seat 3: Hannibal2211 (big blind) showed [4c 5h] and lost with a pair of Threes


PokerStars Hand #164035831096:  Hold'em Limit ($3/$6 USD) - 2017/01/04 15:01:43 ET
Table 'Binomi' 6-max Seat #3 is the button
Seat 2: tje777 ($53.59 in chips)
Seat 3: Hannibal2211 ($91.90 in chips)
Hannibal2211: posts small blind $1
tje777: posts big blind $3
*** HOLE CARDS ***
Hannibal2211: raises $3 to $6
tje777: calls $3
*** FLOP *** [Ad 9s 4s]
tje777: checks
Hannibal2211: bets $3
tje777: folds
Uncalled bet ($3) returned to Hannibal2211
Hannibal2211 collected $11.76 from pot
*** SUMMARY ***
Total pot $12 | Rake $0.24
Board [Ad 9s 4s]
Seat 2: tje777 (big blind) folded on the Flop
Seat 3: Hannibal2211 (button) (small blind) collected ($11.76)


PokerStars Hand #164035839635:  Hold'em Limit ($3/$6 USD) - 2017/01/04 15:01:52 ET
Table 'Binomi' 6-max Seat #2 is the button
Seat 2: tje777 ($47.59 in chips)
Seat 3: Hannibal2211 ($97.66 in chips)
tje777: posts small blind $1
Hannibal2211: posts big blind $3
*** HOLE CARDS ***
tje777: raises $3 to $6
Hannibal2211: calls $3
*** FLOP *** [As 5c 7c]
Hannibal2211: checks
tje777: bets $3
Hannibal2211: calls $3
*** TURN *** [As 5c 7c] [2c]
Hannibal2211: checks
tje777: checks
*** RIVER *** [As 5c 7c 2c] [6c]
Hannibal2211: checks
tje777: checks
*** SHOW DOWN ***
Hannibal2211: shows [5d Qs] (a pair of Fives)
tje777: shows [8d 9c] (a flush, Nine high)
tje777 collected $17.64 from pot
*** SUMMARY ***
Total pot $18 | Rake $0.36
Board [As 5c 7c 2c 6c]
Seat 2: tje777 (button) (small blind) showed [8d 9c] and won ($17.64) with a flush, Nine high
Seat 3: Hannibal2211 (big blind) showed [5d Qs] and lost with a pair of Fives


PokerStars Hand #164035857220:  Hold'em Limit ($3/$6 USD) - 2017/01/04 15:02:10 ET
Table 'Binomi' 6-max Seat #3 is the button
Seat 2: tje777 ($56.23 in chips)
Seat 3: Hannibal2211 ($88.66 in chips)
Hannibal2211: posts small blind $1
tje777: posts big blind $3
*** HOLE CARDS ***
Hannibal2211: folds
Uncalled bet ($2) returned to tje777
tje777 collected $2 from pot
tje777: doesn't show hand
*** SUMMARY ***
Total pot $2 | Rake $0
Seat 2: tje777 (big blind) collected ($2)
Seat 3: Hannibal2211 (button) (small blind) folded before Flop


PokerStars Hand #164035861851:  Hold'em Limit ($3/$6 USD) - 2017/01/04 15:02:15 ET
Table 'Binomi' 6-max Seat #2 is the button
Seat 2: tje777 ($57.23 in chips)
Seat 3: Hannibal2211 ($87.66 in chips)
tje777: posts small blind $1
Hannibal2211: posts big blind $3
*** HOLE CARDS ***
tje777: raises $3 to $6
Hannibal2211: calls $3
*** FLOP *** [Ac Js 7h]
Hannibal2211: checks
tje777: bets $3
Hannibal2211: raises $3 to $6
vestimokrec joins the table at seat #4
tje777: calls $3
*** TURN *** [Ac Js 7h] [2h]
Hannibal2211: bets $6
tje777: calls $6
*** RIVER *** [Ac Js 7h 2h] [2c]
Hannibal2211: bets $6
tje777: folds
Uncalled bet ($6) returned to Hannibal2211
Hannibal2211 collected $35.50 from pot
*** SUMMARY ***
Total pot $36 | Rake $0.50
Board [Ac Js 7h 2h 2c]
Seat 2: tje777 (button) (small blind) folded on the River
Seat 3: Hannibal2211 (big blind) collected ($35.50)


PokerStars Hand #164036043286:  Hold'em Limit ($3/$6 USD) - 2017/01/04 15:05:10 ET
Table 'Binomi' 6-max Seat #2 is the button
Seat 2: tje777 ($33.23 in chips)
Seat 3: Hannibal2211 ($108.48 in chips)
tje777: posts small blind $1
Hannibal2211: posts big blind $3
*** HOLE CARDS ***
tje777: raises $3 to $6
Hannibal2211: calls $3
*** FLOP *** [6d 3s Qs]
Hannibal2211: checks
tje777: bets $3
Hannibal2211: calls $3
*** TURN *** [6d 3s Qs] [Tc]
Hannibal2211: checks
tje777: bets $6
Hannibal2211: folds
Uncalled bet ($6) returned to tje777
tje777 collected $17.64 from pot
tje777: doesn't show hand
*** SUMMARY ***
Total pot $18 | Rake $0.36
Board [6d 3s Qs Tc]
Seat 2: tje777 (button) (small blind) collected ($17.64)
Seat 3: Hannibal2211 (big blind) folded on the Turn


PokerStars Hand #164036060151:  Hold'em Limit ($3/$6 USD) - 2017/01/04 15:05:26 ET
Table 'Binomi' 6-max Seat #3 is the button
Seat 2: tje777 ($41.87 in chips)
Seat 3: Hannibal2211 ($99.48 in chips)
Hannibal2211: posts small blind $1
tje777: posts big blind $3
*** HOLE CARDS ***
Hannibal2211: raises $3 to $6
tje777: calls $3
*** FLOP *** [Kh Qc Ts]
tje777: checks
Hannibal2211: bets $3
tje777: raises $3 to $6
Hannibal2211: folds
Uncalled bet ($3) returned to tje777
tje777 collected $17.64 from pot
tje777: doesn't show hand
*** SUMMARY ***
Total pot $18 | Rake $0.36
Board [Kh Qc Ts]
Seat 2: tje777 (big blind) collected ($17.64)
Seat 3: Hannibal2211 (button) (small blind) folded on the Flop


PokerStars Hand #164036077382:  Hold'em Limit ($3/$6 USD) - 2017/01/04 15:05:42 ET
Table 'Binomi' 6-max Seat #2 is the button
Seat 2: tje777 ($50.51 in chips)
Seat 3: Hannibal2211 ($90.48 in chips)
tje777: posts small blind $1
Hannibal2211: posts big blind $3
*** HOLE CARDS ***
tje777: raises $3 to $6
Hannibal2211: raises $3 to $9
tje777: calls $3
*** FLOP *** [5s 7h As]
Hannibal2211: bets $3
tje777: calls $3
*** TURN *** [5s 7h As] [Th]
Hannibal2211: bets $6
tje777: calls $6
*** RIVER *** [5s 7h As Th] [Kd]
Hannibal2211: checks
tje777: checks
*** SHOW DOWN ***
Hannibal2211: shows [Ks Jc] (a pair of Kings)
tje777: mucks hand
Hannibal2211 collected $35.50 from pot
*** SUMMARY ***
Total pot $36 | Rake $0.50
Board [5s 7h As Th Kd]
Seat 2: tje777 (button) (small blind) mucked
Seat 3: Hannibal2211 (big blind) showed [Ks Jc] and won ($35.50) with a pair of Kings


PokerStars Hand #164036101369:  Hold'em Limit ($3/$6 USD) - 2017/01/04 15:06:05 ET
Table 'Binomi' 6-max Seat #2 is the button
Seat 2: tje777 ($33.51 in chips)
Seat 3: Hannibal2211 ($106.98 in chips)
tje777: posts small blind $1
Hannibal2211: posts big blind $3
*** HOLE CARDS ***
tje777: folds
Uncalled bet ($2) returned to Hannibal2211
Hannibal2211 collected $2 from pot
*** SUMMARY ***
Total pot $2 | Rake $0
Seat 2: tje777 (button) (small blind) folded before Flop
Seat 3: Hannibal2211 (big blind) collected ($2)


PokerStars Hand #164036096186:  Hold'em Limit ($3/$6 USD) - 2017/01/04 15:06:01 ET
Table 'Binomi' 6-max Seat #3 is the button
Seat 2: tje777 ($32.51 in chips)
Seat 3: Hannibal2211 ($107.98 in chips)
Hannibal2211: posts small blind $1
tje777: posts big blind $3
*** HOLE CARDS ***
Hannibal2211: folds
Uncalled bet ($2) returned to tje777
tje777 collected $2 from pot
tje777: doesn't show hand
*** SUMMARY ***
Total pot $2 | Rake $0
Seat 2: tje777 (big blind) collected ($2)
Seat 3: Hannibal2211 (button) (small blind) folded before Flop


PokerStars Hand #164036106513:  Hold'em Limit ($3/$6 USD) - 2017/01/04 15:06:10 ET
Table 'Binomi' 6-max Seat #3 is the button
Seat 2: tje777 ($32.51 in chips)
Seat 3: Hannibal2211 ($107.98 in chips)
Hannibal2211: posts small blind $1
tje777: posts big blind $3
*** HOLE CARDS ***
Hannibal2211: raises $3 to $6
tje777: calls $3
*** FLOP *** [8h Js 3s]
tje777: checks
Hannibal2211: bets $3
tje777: raises $3 to $6
Hannibal2211: calls $3
*** TURN *** [8h Js 3s] [8c]
tje777: bets $6
Hannibal2211: calls $6
*** RIVER *** [8h Js 3s 8c] [4s]
tje777: bets $6
Hannibal2211: folds
Uncalled bet ($6) returned to tje777
tje777 collected $35.50 from pot
tje777: doesn't show hand
*** SUMMARY ***
Total pot $36 | Rake $0.50
Board [8h Js 3s 8c 4s]
Seat 2: tje777 (big blind) collected ($35.50)
Seat 3: Hannibal2211 (button) (small blind) folded on the River


PokerStars Hand #164036129018:  Hold'em Limit ($3/$6 USD) - 2017/01/04 15:06:32 ET
Table 'Binomi' 6-max Seat #2 is the button
Seat 2: tje777 ($50.01 in chips)
Seat 3: Hannibal2211 ($89.98 in chips)
tje777: posts small blind $1
Hannibal2211: posts big blind $3
*** HOLE CARDS ***
tje777: raises $3 to $6
Hannibal2211: calls $3
*** FLOP *** [7d 6d Ts]
Hannibal2211: checks
tje777: bets $3
Hannibal2211: folds
Uncalled bet ($3) returned to tje777
tje777 collected $11.76 from pot
tje777: doesn't show hand
*** SUMMARY ***
Total pot $12 | Rake $0.24
Board [7d 6d Ts]
Seat 2: tje777 (button) (small blind) collected ($11.76)
Seat 3: Hannibal2211 (big blind) folded on the Flop


PokerStars Hand #164036145377:  Hold'em Limit ($3/$6 USD) - 2017/01/04 15:06:48 ET
Table 'Binomi' 6-max Seat #2 is the button
Seat 2: tje777 ($56.77 in chips)
Seat 3: Hannibal2211 ($82.98 in chips)
tje777: posts small blind $1
Hannibal2211: posts big blind $3
*** HOLE CARDS ***
tje777: raises $3 to $6
Hannibal2211: folds
Uncalled bet ($3) returned to tje777
tje777 collected $6 from pot
tje777: doesn't show hand
*** SUMMARY ***
Total pot $6 | Rake $0
Seat 2: tje777 (button) (small blind) collected ($6)
Seat 3: Hannibal2211 (big blind) folded before Flop


PokerStars Hand #164036140537:  Hold'em Limit ($3/$6 USD) - 2017/01/04 15:06:43 ET
Table 'Binomi' 6-max Seat #3 is the button
Seat 2: tje777 ($55.77 in chips)
Seat 3: Hannibal2211 ($83.98 in chips)
Hannibal2211: posts small blind $1
tje777: posts big blind $3
*** HOLE CARDS ***
Hannibal2211: folds
Uncalled bet ($2) returned to tje777
tje777 collected $2 from pot
tje777: doesn't show hand
*** SUMMARY ***
Total pot $2 | Rake $0
Seat 2: tje777 (big blind) collected ($2)
Seat 3: Hannibal2211 (button) (small blind) folded before Flop


PokerStars Hand #164036156039:  Hold'em Limit ($3/$6 USD) - 2017/01/04 15:06:58 ET
Table 'Binomi' 6-max Seat #2 is the button
Seat 2: tje777 ($60.77 in chips)
Seat 3: Hannibal2211 ($78.98 in chips)
tje777: posts small blind $1
Hannibal2211: posts big blind $3
*** HOLE CARDS ***
tje777: raises $3 to $6
Hannibal2211: folds
Uncalled bet ($3) returned to tje777
tje777 collected $6 from pot
tje777: doesn't show hand
*** SUMMARY ***
Total pot $6 | Rake $0
Seat 2: tje777 (button) (small blind) collected ($6)
Seat 3: Hannibal2211 (big blind) folded before Flop


PokerStars Hand #164036150910:  Hold'em Limit ($3/$6 USD) - 2017/01/04 15:06:53 ET
Table 'Binomi' 6-max Seat #3 is the button
Seat 2: tje777 ($59.77 in chips)
Seat 3: Hannibal2211 ($79.98 in chips)
Hannibal2211: posts small blind $1
tje777: posts big blind $3
*** HOLE CARDS ***
Hannibal2211: folds
Uncalled bet ($2) returned to tje777
tje777 collected $2 from pot
tje777: doesn't show hand
*** SUMMARY ***
Total pot $2 | Rake $0
Seat 2: tje777 (big blind) collected ($2)
Seat 3: Hannibal2211 (button) (small blind) folded before Flop


PokerStars Hand #164036161976:  Hold'em Limit ($3/$6 USD) - 2017/01/04 15:07:03 ET
Table 'Binomi' 6-max Seat #3 is the button
Seat 2: tje777 ($63.77 in chips)
Seat 3: Hannibal2211 ($75.98 in chips)
Hannibal2211: posts small blind $1
tje777: posts big blind $3
*** HOLE CARDS ***
Hannibal2211: raises $3 to $6
tje777: raises $3 to $9
Hannibal2211: calls $3
*** FLOP *** [3s 5s 7h]
tje777: bets $3
Hannibal2211: raises $3 to $6
tje777: calls $3
*** TURN *** [3s 5s 7h] [Qd]
tje777: checks
Hannibal2211: bets $6
tje777: calls $6
*** RIVER *** [3s 5s 7h Qd] [Ad]
tje777: checks
Hannibal2211: checks
*** SHOW DOWN ***
tje777: shows [Ac Ts] (a pair of Aces)
Hannibal2211: mucks hand
tje777 collected $41.50 from pot
*** SUMMARY ***
Total pot $42 | Rake $0.50
Board [3s 5s 7h Qd Ad]
Seat 2: tje777 (big blind) showed [Ac Ts] and won ($41.50) with a pair of Aces
Seat 3: Hannibal2211 (button) (small blind) mucked


PokerStars Hand #164036183819:  Hold'em Limit ($3/$6 USD) - 2017/01/04 15:07:24 ET
Table 'Binomi' 6-max Seat #2 is the button
Seat 2: tje777 ($84.27 in chips)
Seat 3: Hannibal2211 ($72 in chips)
tje777: posts small blind $1
Hannibal2211: posts big blind $3
*** HOLE CARDS ***
tje777: folds
Uncalled bet ($2) returned to Hannibal2211
Hannibal2211 collected $2 from pot
*** SUMMARY ***
Total pot $2 | Rake $0
Seat 2: tje777 (button) (small blind) folded before Flop
Seat 3: Hannibal2211 (big blind) collected ($2)


PokerStars Hand #164036189845:  Hold'em Limit ($3/$6 USD) - 2017/01/04 15:07:30 ET
Table 'Binomi' 6-max Seat #3 is the button
Seat 2: tje777 ($83.27 in chips)
Seat 3: Hannibal2211 ($73 in chips)
Hannibal2211: posts small blind $1
tje777: posts big blind $3
*** HOLE CARDS ***
Hannibal2211: raises $3 to $6
tje777: folds
Uncalled bet ($3) returned to Hannibal2211
Hannibal2211 collected $6 from pot
*** SUMMARY ***
Total pot $6 | Rake $0
Seat 2: tje777 (big blind) folded before Flop
Seat 3: Hannibal2211 (button) (small blind) collected ($6)


PokerStars Hand #164036197935:  Hold'em Limit ($3/$6 USD) - 2017/01/04 15:07:38 ET
Table 'Binomi' 6-max Seat #2 is the button
Seat 2: tje777 ($80.27 in chips)
Seat 3: Hannibal2211 ($76 in chips)
tje777: posts small blind $1
Hannibal2211: posts big blind $3
*** HOLE CARDS ***
tje777: folds
Uncalled bet ($2) returned to Hannibal2211
Hannibal2211 collected $2 from pot
*** SUMMARY ***
Total pot $2 | Rake $0
Seat 2: tje777 (button) (small blind) folded before Flop
Seat 3: Hannibal2211 (big blind) collected ($2)


PokerStars Hand #164036220236:  Hold'em Limit ($3/$6 USD) - 2017/01/04 15:07:59 ET
Table 'Binomi' 6-max Seat #3 is the button
Seat 2: tje777 ($79.27 in chips)
Seat 3: Hannibal2211 ($77 in chips)
Hannibal2211: posts small blind $1
tje777: posts big blind $3
*** HOLE CARDS ***
Hannibal2211: raises $3 to $6
tje777: calls $3
*** FLOP *** [8h Qh Ad]
tje777: checks
Hannibal2211: bets $3
tje777: calls $3
*** TURN *** [8h Qh Ad] [2h]
tje777: checks
Hannibal2211: bets $6
tje777: calls $6
*** RIVER *** [8h Qh Ad 2h] [4s]
tje777: checks
Hannibal2211: checks
*** SHOW DOWN ***
tje777: shows [4d Kh] (a pair of Fours)
Hannibal2211: shows [Qs 6s] (a pair of Queens)
Hannibal2211 collected $29.50 from pot
*** SUMMARY ***
Total pot $30 | Rake $0.50
Board [8h Qh Ad 2h 4s]
Seat 2: tje777 (big blind) showed [4d Kh] and lost with a pair of Fours
Seat 3: Hannibal2211 (button) (small blind) showed [Qs 6s] and won ($29.50) with a pair of Queens


PokerStars Hand #164036250489:  Hold'em Limit ($3/$6 USD) - 2017/01/04 15:08:28 ET
Table 'Binomi' 6-max Seat #3 is the button
Seat 2: tje777 ($70.03 in chips)
Seat 3: Hannibal2211 ($85.50 in chips)
Hannibal2211: posts small blind $1
tje777: posts big blind $3
*** HOLE CARDS ***
Hannibal2211: folds
Uncalled bet ($2) returned to tje777
tje777 collected $2 from pot
tje777: doesn't show hand
*** SUMMARY ***
Total pot $2 | Rake $0
Seat 2: tje777 (big blind) collected ($2)
Seat 3: Hannibal2211 (button) (small blind) folded before Flop


PokerStars Hand #164036239524:  Hold'em Limit ($3/$6 USD) - 2017/01/04 15:08:18 ET
Table 'Binomi' 6-max Seat #2 is the button
Seat 2: tje777 ($64.27 in chips)
Seat 3: Hannibal2211 ($91.50 in chips)
tje777: posts small blind $1
Hannibal2211: posts big blind $3
*** HOLE CARDS ***
tje777: raises $3 to $6
Hannibal2211: calls $3
*** FLOP *** [Ac Ks 9s]
Hannibal2211: checks
tje777: bets $3
Hannibal2211: folds
Uncalled bet ($3) returned to tje777
tje777 collected $11.76 from pot
tje777: doesn't show hand
*** SUMMARY ***
Total pot $12 | Rake $0.24
Board [Ac Ks 9s]
Seat 2: tje777 (button) (small blind) collected ($11.76)
Seat 3: Hannibal2211 (big blind) folded on the Flop


PokerStars Hand #164036255647:  Hold'em Limit ($3/$6 USD) - 2017/01/04 15:08:33 ET
Table 'Binomi' 6-max Seat #2 is the button
Seat 2: tje777 ($71.03 in chips)
Seat 3: Hannibal2211 ($84.50 in chips)
tje777: posts small blind $1
Hannibal2211: posts big blind $3
*** HOLE CARDS ***
tje777: raises $3 to $6
Hannibal2211: calls $3
*** FLOP *** [8h 9s 7h]
Hannibal2211: checks
tje777: bets $3
Hannibal2211: raises $3 to $6
tje777: calls $3
*** TURN *** [8h 9s 7h] [7s]
Hannibal2211: bets $6
tje777: raises $6 to $12
Hannibal2211: calls $6
*** RIVER *** [8h 9s 7h 7s] [Jd]
Hannibal2211: checks
tje777: checks
*** SHOW DOWN ***
Hannibal2211: shows [Qc 9d] (two pair, Nines and Sevens)
tje777: shows [6d 7c] (three of a kind, Sevens)
tje777 collected $47.50 from pot
*** SUMMARY ***
Total pot $48 | Rake $0.50
Board [8h 9s 7h 7s Jd]
Seat 2: tje777 (button) (small blind) showed [6d 7c] and won ($47.50) with three of a kind, Sevens
Seat 3: Hannibal2211 (big blind) showed [Qc 9d] and lost with two pair, Nines and Sevens


PokerStars Hand #164036276331:  Hold'em Limit ($3/$6 USD) - 2017/01/04 15:08:53 ET
Table 'Binomi' 6-max Seat #3 is the button
Seat 2: tje777 ($94.53 in chips)
Seat 3: Hannibal2211 ($72 in chips)
Hannibal2211: posts small blind $1
tje777: posts big blind $3
*** HOLE CARDS ***
Hannibal2211: raises $3 to $6
tje777: calls $3
*** FLOP *** [Th Qc 2c]
tje777: checks
Hannibal2211: bets $3
tje777: folds
Uncalled bet ($3) returned to Hannibal2211
Hannibal2211 collected $11.76 from pot
*** SUMMARY ***
Total pot $12 | Rake $0.24
Board [Th Qc 2c]
Seat 2: tje777 (big blind) folded on the Flop
Seat 3: Hannibal2211 (button) (small blind) collected ($11.76)


PokerStars Hand #164036286800:  Hold'em Limit ($3/$6 USD) - 2017/01/04 15:09:04 ET
Table 'Binomi' 6-max Seat #2 is the button
Seat 2: tje777 ($88.53 in chips)
Seat 3: Hannibal2211 ($77.76 in chips)
tje777: posts small blind $1
Hannibal2211: posts big blind $3
*** HOLE CARDS ***
tje777: raises $3 to $6
Hannibal2211: calls $3
*** FLOP *** [5h 8s Td]
Hannibal2211: checks
242f242 joins the table at seat #4
tje777: bets $3
Hannibal2211: folds
Uncalled bet ($3) returned to tje777
tje777 collected $11.76 from pot
tje777: doesn't show hand
*** SUMMARY ***
Total pot $12 | Rake $0.24
Board [5h 8s Td]
Seat 2: tje777 (button) (small blind) collected ($11.76)
Seat 3: Hannibal2211 (big blind) folded on the Flop


PokerStars Hand #164045703531:  Hold'em Limit ($3/$6 USD) - 2017/01/04 17:47:10 ET
Table 'Binomi' 6-max Seat #3 is the button
Seat 2: lexishake ($130.70 in chips)
Seat 3: RaisemyNut$ ($181.87 in chips)
RaisemyNut$: posts small blind $1
lexishake: posts big blind $3
*** HOLE CARDS ***
RaisemyNut$: folds
Uncalled bet ($2) returned to lexishake
lexishake collected $2 from pot
*** SUMMARY ***
Total pot $2 | Rake $0
Seat 2: lexishake (big blind) collected ($2)
Seat 3: RaisemyNut$ (button) (small blind) folded before Flop


PokerStars Hand #164045689544:  Hold'em Limit ($3/$6 USD) - 2017/01/04 17:46:55 ET
Table 'Binomi' 6-max Seat #2 is the button
Seat 2: lexishake ($116.20 in chips)
Seat 3: RaisemyNut$ ($196.87 in chips)
lexishake: posts small blind $1
RaisemyNut$: posts big blind $3
*** HOLE CARDS ***
lexishake: calls $2
GRAILKO leaves the table
RaisemyNut$: raises $3 to $6
lexishake: calls $3
*** FLOP *** [5h Qs 4c]
RaisemyNut$: bets $3
lexishake: calls $3
*** TURN *** [5h Qs 4c] [4s]
RaisemyNut$: bets $6
lexishake: raises $6 to $12
RaisemyNut$: folds
Uncalled bet ($6) returned to lexishake
lexishake collected $29.50 from pot
*** SUMMARY ***
Total pot $30 | Rake $0.50
Board [5h Qs 4c 4s]
Seat 2: lexishake (button) (small blind) collected ($29.50)
Seat 3: RaisemyNut$ (big blind) folded on the Turn


PokerStars Hand #164045684968:  Hold'em Limit ($3/$6 USD) - 2017/01/04 17:46:49 ET
Table 'Binomi' 6-max Seat #3 is the button
Seat 2: lexishake ($115.20 in chips)
Seat 3: RaisemyNut$ ($197.87 in chips)
RaisemyNut$: posts small blind $1
GRAILKO: is sitting out
lexishake: posts big blind $3
*** HOLE CARDS ***
RaisemyNut$: folds
Uncalled bet ($2) returned to lexishake
lexishake collected $2 from pot
*** SUMMARY ***
Total pot $2 | Rake $0
Seat 2: lexishake (big blind) collected ($2)
Seat 3: RaisemyNut$ (button) (small blind) folded before Flop


PokerStars Hand #164045726178:  Hold'em Limit ($3/$6 USD) - 2017/01/04 17:47:34 ET
Table 'Binomi' 6-max Seat #3 is the button
Seat 2: lexishake ($140.34 in chips)
Seat 3: RaisemyNut$ ($171.87 in chips)
RaisemyNut$: posts small blind $1
lexishake: posts big blind $3
*** HOLE CARDS ***
RaisemyNut$: raises $3 to $6
lexishake: calls $3
*** FLOP *** [4c 5s 4h]
lexishake: checks
RaisemyNut$: bets $3
lexishake: calls $3
*** TURN *** [4c 5s 4h] [8s]
lexishake: checks
RaisemyNut$: bets $6
lexishake: calls $6
*** RIVER *** [4c 5s 4h 8s] [3s]
lexishake: checks
RaisemyNut$: checks
*** SHOW DOWN ***
lexishake: shows [4d Qc] (three of a kind, Fours)
RaisemyNut$: shows [Ac 2s] (a straight, Ace to Five)
RaisemyNut$ collected $29.50 from pot
*** SUMMARY ***
Total pot $30 | Rake $0.50
Board [4c 5s 4h 8s 3s]
Seat 2: lexishake (big blind) showed [4d Qc] and lost with three of a kind, Fours
Seat 3: RaisemyNut$ (button) (small blind) showed [Ac 2s] and won ($29.50) with a straight, Ace to Five


PokerStars Hand #164045708421:  Hold'em Limit ($3/$6 USD) - 2017/01/04 17:47:15 ET
Table 'Binomi' 6-max Seat #2 is the button
Seat 2: lexishake ($131.70 in chips)
Seat 3: RaisemyNut$ ($180.87 in chips)
lexishake: posts small blind $1
RaisemyNut$: posts big blind $3
*** HOLE CARDS ***
lexishake: calls $2
RaisemyNut$: raises $3 to $6
lexishake: calls $3
*** FLOP *** [4c Ac 9h]
RaisemyNut$: checks
lexishake: bets $3
RaisemyNut$: calls $3
*** TURN *** [4c Ac 9h] [5h]
RaisemyNut$: checks
lexishake: bets $6
RaisemyNut$: folds
Uncalled bet ($6) returned to lexishake
lexishake collected $17.64 from pot
*** SUMMARY ***
Total pot $18 | Rake $0.36
Board [4c Ac 9h 5h]
Seat 2: lexishake (button) (small blind) collected ($17.64)
Seat 3: RaisemyNut$ (big blind) folded on the Turn


PokerStars Hand #164045811702:  Hold'em Limit ($3/$6 USD) - 2017/01/04 17:49:08 ET
Table 'Binomi' 6-max Seat #2 is the button
Seat 2: lexishake ($148.48 in chips)
Seat 3: RaisemyNut$ ($162.37 in chips)
lexishake: posts small blind $1
RaisemyNut$: posts big blind $3
*** HOLE CARDS ***
lexishake: calls $2
RaisemyNut$: checks
*** FLOP *** [8h 3s 8d]
RaisemyNut$: checks
lexishake: bets $3
RaisemyNut$: folds
Uncalled bet ($3) returned to lexishake
lexishake collected $5.88 from pot
*** SUMMARY ***
Total pot $6 | Rake $0.12
Board [8h 3s 8d]
Seat 2: lexishake (button) (small blind) collected ($5.88)
Seat 3: RaisemyNut$ (big blind) folded on the Flop


PokerStars Hand #164045784900:  Hold'em Limit ($3/$6 USD) - 2017/01/04 17:48:38 ET
Table 'Binomi' 6-max Seat #3 is the button
Seat 2: lexishake ($139.84 in chips)
Seat 3: RaisemyNut$ ($171.37 in chips)
RaisemyNut$: posts small blind $1
lexishake: posts big blind $3
*** HOLE CARDS ***
RaisemyNut$: raises $3 to $6
lexishake: calls $3
*** FLOP *** [7d Tc 3h]
lexishake: checks
RaisemyNut$: bets $3
lexishake: calls $3
*** TURN *** [7d Tc 3h] [Th]
lexishake: checks
RaisemyNut$: checks
*** RIVER *** [7d Tc 3h Th] [4d]
lexishake: bets $6
RaisemyNut$: folds
Uncalled bet ($6) returned to lexishake
lexishake collected $17.64 from pot
*** SUMMARY ***
Total pot $18 | Rake $0.36
Board [7d Tc 3h Th 4d]
Seat 2: lexishake (big blind) collected ($17.64)
Seat 3: RaisemyNut$ (button) (small blind) folded on the River


PokerStars Hand #164045748852:  Hold'em Limit ($3/$6 USD) - 2017/01/04 17:47:59 ET
Table 'Binomi' 6-max Seat #2 is the button
Seat 2: lexishake ($125.34 in chips)
Seat 3: RaisemyNut$ ($186.37 in chips)
lexishake: posts small blind $1
RaisemyNut$: posts big blind $3
*** HOLE CARDS ***
lexishake: calls $2
RaisemyNut$: raises $3 to $6
lexishake: calls $3
*** FLOP *** [4d 5s Tc]
RaisemyNut$: bets $3
lexishake: calls $3
*** TURN *** [4d 5s Tc] [As]
RaisemyNut$: checks
lexishake: bets $6
RaisemyNut$: calls $6
*** RIVER *** [4d 5s Tc As] [2h]
RaisemyNut$: checks
lexishake: bets $6
RaisemyNut$: folds
Uncalled bet ($6) returned to lexishake
lexishake collected $29.50 from pot
*** SUMMARY ***
Total pot $30 | Rake $0.50
Board [4d 5s Tc As 2h]
Seat 2: lexishake (button) (small blind) collected ($29.50)
Seat 3: RaisemyNut$ (big blind) folded on the River


PokerStars Hand #164045871981:  Hold'em Limit ($3/$6 USD) - 2017/01/04 17:50:13 ET
Table 'Binomi' 6-max Seat #2 is the button
Seat 2: lexishake ($174.36 in chips)
Seat 3: RaisemyNut$ ($135.13 in chips)
lexishake: posts small blind $1
RaisemyNut$: posts big blind $3
*** HOLE CARDS ***
lexishake: calls $2
RaisemyNut$: checks
*** FLOP *** [9d 8h 9c]
RaisemyNut$: checks
lexishake: bets $3
RaisemyNut$: folds
Uncalled bet ($3) returned to lexishake
lexishake collected $5.88 from pot
*** SUMMARY ***
Total pot $6 | Rake $0.12
Board [9d 8h 9c]
Seat 2: lexishake (button) (small blind) collected ($5.88)
Seat 3: RaisemyNut$ (big blind) folded on the Flop


PokerStars Hand #164045862685:  Hold'em Limit ($3/$6 USD) - 2017/01/04 17:50:03 ET
Table 'Binomi' 6-max Seat #3 is the button
Seat 2: lexishake ($180.36 in chips)
Seat 3: RaisemyNut$ ($129.37 in chips)
RaisemyNut$: posts small blind $1
lexishake: posts big blind $3
*** HOLE CARDS ***
RaisemyNut$: raises $3 to $6
lexishake: calls $3
*** FLOP *** [2h 4s Ad]
lexishake: checks
RaisemyNut$: bets $3
lexishake: folds
Uncalled bet ($3) returned to RaisemyNut$
RaisemyNut$ collected $11.76 from pot
RaisemyNut$: doesn't show hand
*** SUMMARY ***
Total pot $12 | Rake $0.24
Board [2h 4s Ad]
Seat 2: lexishake (big blind) folded on the Flop
Seat 3: RaisemyNut$ (button) (small blind) collected ($11.76)


PokerStars Hand #164045844106:  Hold'em Limit ($3/$6 USD) - 2017/01/04 17:49:43 ET
Table 'Binomi' 6-max Seat #2 is the button
Seat 2: lexishake ($165.86 in chips)
Seat 3: RaisemyNut$ ($144.37 in chips)
lexishake: posts small blind $1
RaisemyNut$: posts big blind $3
*** HOLE CARDS ***
lexishake: calls $2
RaisemyNut$: raises $3 to $6
lexishake: calls $3
*** FLOP *** [9d 5h 3s]
RaisemyNut$: bets $3
lexishake: calls $3
*** TURN *** [9d 5h 3s] [5d]
RaisemyNut$: bets $6
lexishake: raises $6 to $12
RaisemyNut$: folds
Uncalled bet ($6) returned to lexishake
lexishake collected $29.50 from pot
*** SUMMARY ***
Total pot $30 | Rake $0.50
Board [9d 5h 3s 5d]
Seat 2: lexishake (button) (small blind) collected ($29.50)
Seat 3: RaisemyNut$ (big blind) folded on the Turn


PokerStars Hand #164045827093:  Hold'em Limit ($3/$6 USD) - 2017/01/04 17:49:24 ET
Table 'Binomi' 6-max Seat #3 is the button
Seat 2: lexishake ($151.36 in chips)
Seat 3: RaisemyNut$ ($159.37 in chips)
RaisemyNut$: posts small blind $1
lexishake: posts big blind $3
*** HOLE CARDS ***
RaisemyNut$: raises $3 to $6
lexishake: calls $3
*** FLOP *** [4s 6d 3c]
lexishake: checks
RaisemyNut$: bets $3
lexishake: calls $3
*** TURN *** [4s 6d 3c] [Ac]
lexishake: checks
RaisemyNut$: bets $6
lexishake: calls $6
*** RIVER *** [4s 6d 3c Ac] [Kd]
lexishake: checks
RaisemyNut$: checks
*** SHOW DOWN ***
lexishake: shows [9s 9c] (a pair of Nines)
RaisemyNut$: mucks hand
lexishake collected $29.50 from pot
*** SUMMARY ***
Total pot $30 | Rake $0.50
Board [4s 6d 3c Ac Kd]
Seat 2: lexishake (big blind) showed [9s 9c] and won ($29.50) with a pair of Nines
Seat 3: RaisemyNut$ (button) (small blind) mucked


PokerStars Hand #164045910251:  Hold'em Limit ($3/$6 USD) - 2017/01/04 17:50:55 ET
Table 'Binomi' 6-max Seat #3 is the button
Seat 2: lexishake ($155.24 in chips)
Seat 3: RaisemyNut$ ($153.63 in chips)
RaisemyNut$: posts small blind $1
lexishake: posts big blind $3
*** HOLE CARDS ***
RaisemyNut$: raises $3 to $6
lexishake: calls $3
*** FLOP *** [Th 2c 4c]
lexishake: checks
RaisemyNut$: bets $3
lexishake: calls $3
*** TURN *** [Th 2c 4c] [Ad]
lexishake: checks
RaisemyNut$: bets $6
lexishake: calls $6
*** RIVER *** [Th 2c 4c Ad] [Js]
lexishake: bets $6
RaisemyNut$: folds
Uncalled bet ($6) returned to lexishake
lexishake collected $29.50 from pot
*** SUMMARY ***
Total pot $30 | Rake $0.50
Board [Th 2c 4c Ad Js]
Seat 2: lexishake (big blind) collected ($29.50)
Seat 3: RaisemyNut$ (button) (small blind) folded on the River


PokerStars Hand #164045905995:  Hold'em Limit ($3/$6 USD) - 2017/01/04 17:50:50 ET
Table 'Binomi' 6-max Seat #2 is the button
Seat 2: lexishake ($156.24 in chips)
Seat 3: RaisemyNut$ ($152.63 in chips)
lexishake: posts small blind $1
RaisemyNut$: posts big blind $3
*** HOLE CARDS ***
lexishake: folds
Uncalled bet ($2) returned to RaisemyNut$
RaisemyNut$ collected $2 from pot
RaisemyNut$: doesn't show hand
*** SUMMARY ***
Total pot $2 | Rake $0
Seat 2: lexishake (button) (small blind) folded before Flop
Seat 3: RaisemyNut$ (big blind) collected ($2)


PokerStars Hand #164045887124:  Hold'em Limit ($3/$6 USD) - 2017/01/04 17:50:30 ET
Table 'Binomi' 6-max Seat #3 is the button
Seat 2: lexishake ($177.24 in chips)
Seat 3: RaisemyNut$ ($132.13 in chips)
RaisemyNut$: posts small blind $1
lexishake: posts big blind $3
*** HOLE CARDS ***
RaisemyNut$: raises $3 to $6
lexishake: calls $3
*** FLOP *** [5s Th Ks]
lexishake: checks
RaisemyNut$: bets $3
lexishake: calls $3
*** TURN *** [5s Th Ks] [Qd]
lexishake: checks
RaisemyNut$: checks
*** RIVER *** [5s Th Ks Qd] [Jh]
lexishake: bets $6
RaisemyNut$: raises $6 to $12
lexishake: calls $6
*** SHOW DOWN ***
RaisemyNut$: shows [Ah 8h] (a straight, Ten to Ace)
lexishake: mucks hand
RaisemyNut$ collected $41.50 from pot
*** SUMMARY ***
Total pot $42 | Rake $0.50
Board [5s Th Ks Qd Jh]
Seat 2: lexishake (big blind) mucked
Seat 3: RaisemyNut$ (button) (small blind) showed [Ah 8h] and won ($41.50) with a straight, Ten to Ace


PokerStars Hand #164045977157:  Hold'em Limit ($3/$6 USD) - 2017/01/04 17:52:08 ET
Table 'Binomi' 6-max Seat #3 is the button
Seat 2: lexishake ($178.13 in chips)
Seat 3: RaisemyNut$ ($129.38 in chips)
RaisemyNut$: posts small blind $1
lexishake: posts big blind $3
*** HOLE CARDS ***
RaisemyNut$: raises $3 to $6
lexishake: calls $3
*** FLOP *** [Jc Ac 3c]
lexishake: checks
RaisemyNut$: bets $3
lexishake: raises $3 to $6
RaisemyNut$: calls $3
*** TURN *** [Jc Ac 3c] [4d]
lexishake: bets $6
RaisemyNut$: calls $6
*** RIVER *** [Jc Ac 3c 4d] [4h]
lexishake: bets $6
RaisemyNut$: calls $6
*** SHOW DOWN ***
lexishake: shows [3d 9d] (two pair, Fours and Threes)
RaisemyNut$: shows [Ad Kd] (two pair, Aces and Fours)
RaisemyNut$ collected $47.50 from pot
*** SUMMARY ***
Total pot $48 | Rake $0.50
Board [Jc Ac 3c 4d 4h]
Seat 2: lexishake (big blind) showed [3d 9d] and lost with two pair, Fours and Threes
Seat 3: RaisemyNut$ (button) (small blind) showed [Ad Kd] and won ($47.50) with two pair, Aces and Fours


PokerStars Hand #164045963896:  Hold'em Limit ($3/$6 USD) - 2017/01/04 17:51:53 ET
Table 'Binomi' 6-max Seat #2 is the button
Seat 2: lexishake ($175.25 in chips)
Seat 3: RaisemyNut$ ($132.38 in chips)
lexishake: posts small blind $1
RaisemyNut$: posts big blind $3
*** HOLE CARDS ***
lexishake: calls $2
RaisemyNut$: checks
*** FLOP *** [9d 3c 3h]
RaisemyNut$: checks
lexishake: bets $3
RaisemyNut$: folds
Uncalled bet ($3) returned to lexishake
lexishake collected $5.88 from pot
*** SUMMARY ***
Total pot $6 | Rake $0.12
Board [9d 3c 3h]
Seat 2: lexishake (button) (small blind) collected ($5.88)
Seat 3: RaisemyNut$ (big blind) folded on the Flop


PokerStars Hand #164045947808:  Hold'em Limit ($3/$6 USD) - 2017/01/04 17:51:36 ET
Table 'Binomi' 6-max Seat #3 is the button
Seat 2: lexishake ($175.50 in chips)
Seat 3: RaisemyNut$ ($132.63 in chips)
RaisemyNut$: posts small blind $1
lexishake: posts big blind $3
*** HOLE CARDS ***
RaisemyNut$: raises $3 to $6
lexishake: calls $3
*** FLOP *** [Kc 4d Jd]
lexishake: checks
RaisemyNut$: bets $3
lexishake: calls $3
*** TURN *** [Kc 4d Jd] [As]
lexishake: checks
RaisemyNut$: checks
*** RIVER *** [Kc 4d Jd As] [8c]
lexishake: bets $6
RaisemyNut$: calls $6
*** SHOW DOWN ***
lexishake: shows [Qs 4s] (a pair of Fours)
RaisemyNut$: shows [4c Qh] (a pair of Fours)
lexishake collected $14.75 from pot
RaisemyNut$ collected $14.75 from pot
*** SUMMARY ***
Total pot $30 | Rake $0.50
Board [Kc 4d Jd As 8c]
Seat 2: lexishake (big blind) showed [Qs 4s] and won ($14.75) with a pair of Fours
Seat 3: RaisemyNut$ (button) (small blind) showed [4c Qh] and won ($14.75) with a pair of Fours


PokerStars Hand #164045929467:  Hold'em Limit ($3/$6 USD) - 2017/01/04 17:51:16 ET
Table 'Binomi' 6-max Seat #2 is the button
Seat 2: lexishake ($169.74 in chips)
Seat 3: RaisemyNut$ ($138.63 in chips)
lexishake: posts small blind $1
RaisemyNut$: posts big blind $3
*** HOLE CARDS ***
lexishake: calls $2
RaisemyNut$: raises $3 to $6
lexishake: calls $3
*** FLOP *** [9s Jc Qs]
RaisemyNut$: checks
lexishake: checks
*** TURN *** [9s Jc Qs] [7s]
RaisemyNut$: checks
lexishake: bets $6
RaisemyNut$: folds
Uncalled bet ($6) returned to lexishake
lexishake collected $11.76 from pot
*** SUMMARY ***
Total pot $12 | Rake $0.24
Board [9s Jc Qs 7s]
Seat 2: lexishake (button) (small blind) collected ($11.76)
Seat 3: RaisemyNut$ (big blind) folded on the Turn


PokerStars Hand #164045997998:  Hold'em Limit ($3/$6 USD) - 2017/01/04 17:52:31 ET
Table 'Binomi' 6-max Seat #2 is the button
Seat 2: lexishake ($154.13 in chips)
Seat 3: RaisemyNut$ ($152.88 in chips)
lexishake: posts small blind $1
RaisemyNut$: posts big blind $3
*** HOLE CARDS ***
lexishake: calls $2
RaisemyNut$: checks
*** FLOP *** [Qh Js Ts]
RaisemyNut$: bets $3
lexishake: calls $3
*** TURN *** [Qh Js Ts] [9h]
nikosha8 joins the table at seat #1
RaisemyNut$: bets $6
lexishake: raises $6 to $12
RaisemyNut$: folds
Uncalled bet ($6) returned to lexishake
lexishake collected $23.52 from pot
*** SUMMARY ***
Total pot $24 | Rake $0.48
Board [Qh Js Ts 9h]
Seat 2: lexishake (button) (small blind) collected ($23.52)
Seat 3: RaisemyNut$ (big blind) folded on the Turn


