PokerStars Hand #168627467001:  Hold'em Limit ($3/$6 USD) - 2017/04/05 16:33:56 ET
Table 'Binomi' 6-max Seat #4 is the button
Seat 1: Grey_fishKa ($145.14 in chips)
Seat 4: MTails ($154 in chips)
MTails: posts small blind $1
Grey_fishKa: posts big blind $3
*** HOLE CARDS ***
MTails: raises $3 to $6
Grey_fishKa: calls $3
*** FLOP *** [Ts 7c 4c]
Grey_fishKa: checks
MTails: bets $3
Grey_fishKa: calls $3
*** TURN *** [Ts 7c 4c] [6h]
Grey_fishKa: checks
MTails: bets $6
Grey_fishKa: calls $6
*** RIVER *** [Ts 7c 4c 6h] [9d]
Grey_fishKa: checks
MTails: bets $6
Grey_fishKa: folds
Uncalled bet ($6) returned to MTails
MTails collected $29.50 from pot
MTails: doesn't show hand
*** SUMMARY ***
Total pot $30 | Rake $0.50
Board [Ts 7c 4c 6h 9d]
Seat 1: Grey_fishKa (big blind) folded on the River
Seat 4: MTails (button) (small blind) collected ($29.50)


PokerStars Hand #168627462465:  Hold'em Limit ($3/$6 USD) - 2017/04/05 16:33:50 ET
Table 'Binomi' 6-max Seat #1 is the button
Seat 1: Grey_fishKa ($146.14 in chips)
Seat 4: MTails ($153 in chips)
Grey_fishKa: posts small blind $1
MTails: posts big blind $3
*** HOLE CARDS ***
Grey_fishKa: folds
Uncalled bet ($2) returned to MTails
MTails collected $2 from pot
*** SUMMARY ***
Total pot $2 | Rake $0
Seat 1: Grey_fishKa (button) (small blind) folded before Flop
Seat 4: MTails (big blind) collected ($2)


PokerStars Hand #168627448376:  Hold'em Limit ($3/$6 USD) - 2017/04/05 16:33:34 ET
Table 'Binomi' 6-max Seat #4 is the button
Seat 1: Grey_fishKa ($137.50 in chips)
Seat 4: MTails ($102 in chips)
MTails: posts small blind $1
Grey_fishKa: posts big blind $3
*** HOLE CARDS ***
MTails: raises $3 to $6
Grey_fishKa: calls $3
*** FLOP *** [5s 6s Jc]
Grey_fishKa: checks
MTails: bets $3
Grey_fishKa: calls $3
*** TURN *** [5s 6s Jc] [Td]
Grey_fishKa: checks
MTails: checks
*** RIVER *** [5s 6s Jc Td] [8c]
Grey_fishKa: bets $6
MTails: folds
Uncalled bet ($6) returned to Grey_fishKa
Grey_fishKa collected $17.64 from pot
Grey_fishKa: doesn't show hand
*** SUMMARY ***
Total pot $18 | Rake $0.36
Board [5s 6s Jc Td 8c]
Seat 1: Grey_fishKa (big blind) collected ($17.64)
Seat 4: MTails (button) (small blind) folded on the River


PokerStars Hand #168627422654:  Hold'em Limit ($3/$6 USD) - 2017/04/05 16:33:05 ET
Table 'Binomi' 6-max Seat #1 is the button
Seat 1: Grey_fishKa ($120 in chips)
Seat 4: MTails ($120 in chips)
Grey_fishKa: posts small blind $1
MTails: posts big blind $3
*** HOLE CARDS ***
Grey_fishKa: calls $2
MTails: raises $3 to $6
Grey_fishKa: calls $3
*** FLOP *** [As 3c 2c]
MTails: bets $3
Grey_fishKa: raises $3 to $6
MTails: calls $3
*** TURN *** [As 3c 2c] [3s]
MTails: checks
Grey_fishKa: bets $6
MTails: calls $6
*** RIVER *** [As 3c 2c 3s] [5c]
MTails: checks
Grey_fishKa: checks
*** SHOW DOWN ***
MTails: shows [9d Kc] (a pair of Threes)
Grey_fishKa: shows [9h 3h] (three of a kind, Threes)
Grey_fishKa collected $35.50 from pot
*** SUMMARY ***
Total pot $36 | Rake $0.50
Board [As 3c 2c 3s 5c]
Seat 1: Grey_fishKa (button) (small blind) showed [9h 3h] and won ($35.50) with three of a kind, Threes
Seat 4: MTails (big blind) showed [9d Kc] and lost with a pair of Threes


PokerStars Hand #168627532546:  Hold'em Limit ($3/$6 USD) - 2017/04/05 16:35:12 ET
Table 'Binomi' 6-max Seat #4 is the button
Seat 1: Grey_fishKa ($116.64 in chips)
Seat 4: MTails ($180.40 in chips)
MTails: posts small blind $1
Grey_fishKa: posts big blind $3
*** HOLE CARDS ***
MTails: folds
Uncalled bet ($2) returned to Grey_fishKa
Grey_fishKa collected $2 from pot
Grey_fishKa: doesn't show hand
*** SUMMARY ***
Total pot $2 | Rake $0
Seat 1: Grey_fishKa (big blind) collected ($2)
Seat 4: MTails (button) (small blind) folded before Flop


PokerStars Hand #168627528516:  Hold'em Limit ($3/$6 USD) - 2017/04/05 16:35:07 ET
Table 'Binomi' 6-max Seat #1 is the button
Seat 1: Grey_fishKa ($117.64 in chips)
Seat 4: MTails ($179.40 in chips)
Grey_fishKa: posts small blind $1
MTails: posts big blind $3
*** HOLE CARDS ***
Grey_fishKa: folds
Uncalled bet ($2) returned to MTails
MTails collected $2 from pot
MTails: doesn't show hand
*** SUMMARY ***
Total pot $2 | Rake $0
Seat 1: Grey_fishKa (button) (small blind) folded before Flop
Seat 4: MTails (big blind) collected ($2)


PokerStars Hand #168627521205:  Hold'em Limit ($3/$6 USD) - 2017/04/05 16:34:58 ET
Table 'Binomi' 6-max Seat #4 is the button
Seat 1: Grey_fishKa ($123.64 in chips)
Seat 4: MTails ($173.64 in chips)
MTails: posts small blind $1
Grey_fishKa: posts big blind $3
*** HOLE CARDS ***
MTails: raises $3 to $6
Grey_fishKa: calls $3
*** FLOP *** [7h Ah 2h]
Grey_fishKa: checks
MTails: bets $3
Grey_fishKa: folds
Uncalled bet ($3) returned to MTails
MTails collected $11.76 from pot
*** SUMMARY ***
Total pot $12 | Rake $0.24
Board [7h Ah 2h]
Seat 1: Grey_fishKa (big blind) folded on the Flop
Seat 4: MTails (button) (small blind) collected ($11.76)


PokerStars Hand #168627504836:  Hold'em Limit ($3/$6 USD) - 2017/04/05 16:34:39 ET
Table 'Binomi' 6-max Seat #1 is the button
Seat 1: Grey_fishKa ($97.14 in chips)
Seat 4: MTails ($200.64 in chips)
Grey_fishKa: posts small blind $1
MTails: posts big blind $3
*** HOLE CARDS ***
Grey_fishKa: raises $3 to $6
MTails: calls $3
*** FLOP *** [3h 3c Ah]
MTails: checks
Grey_fishKa: bets $3
MTails: raises $3 to $6
Grey_fishKa: raises $3 to $9
MTails: calls $3
*** TURN *** [3h 3c Ah] [9h]
MTails: checks
Grey_fishKa: checks
*** RIVER *** [3h 3c Ah 9h] [As]
MTails: bets $6
Grey_fishKa: raises $6 to $12
MTails: calls $6
*** SHOW DOWN ***
Grey_fishKa: shows [8d Ac] (a full house, Aces full of Threes)
MTails: mucks hand
Grey_fishKa collected $53.50 from pot
*** SUMMARY ***
Total pot $54 | Rake $0.50
Board [3h 3c Ah 9h As]
Seat 1: Grey_fishKa (button) (small blind) showed [8d Ac] and won ($53.50) with a full house, Aces full of Threes
Seat 4: MTails (big blind) mucked


PokerStars Hand #168627492783:  Hold'em Limit ($3/$6 USD) - 2017/04/05 16:34:25 ET
Table 'Binomi' 6-max Seat #4 is the button
Seat 1: Grey_fishKa ($106.14 in chips)
Seat 4: MTails ($192 in chips)
MTails: posts small blind $1
Grey_fishKa: posts big blind $3
*** HOLE CARDS ***
MTails: raises $3 to $6
Grey_fishKa: calls $3
*** FLOP *** [Ts Qh 8c]
Grey_fishKa: checks
MTails: bets $3
Grey_fishKa: calls $3
*** TURN *** [Ts Qh 8c] [7c]
Grey_fishKa: checks
MTails: bets $6
Grey_fishKa: folds
Uncalled bet ($6) returned to MTails
MTails collected $17.64 from pot
*** SUMMARY ***
Total pot $18 | Rake $0.36
Board [Ts Qh 8c 7c]
Seat 1: Grey_fishKa (big blind) folded on the Turn
Seat 4: MTails (button) (small blind) collected ($17.64)


PokerStars Hand #168627479225:  Hold'em Limit ($3/$6 USD) - 2017/04/05 16:34:10 ET
Table 'Binomi' 6-max Seat #1 is the button
Seat 1: Grey_fishKa ($130.14 in chips)
Seat 4: MTails ($168.50 in chips)
Grey_fishKa: posts small blind $1
MTails: posts big blind $3
*** HOLE CARDS ***
Grey_fishKa: raises $3 to $6
MTails: calls $3
*** FLOP *** [As 5d 8h]
MTails: checks
Grey_fishKa: bets $3
MTails: raises $3 to $6
Grey_fishKa: calls $3
*** TURN *** [As 5d 8h] [Kd]
MTails: bets $6
Grey_fishKa: calls $6
*** RIVER *** [As 5d 8h Kd] [3d]
MTails: bets $6
Grey_fishKa: calls $6
*** SHOW DOWN ***
MTails: shows [9d Ad] (a flush, Ace high)
Grey_fishKa: mucks hand
MTails collected $47.50 from pot
*** SUMMARY ***
Total pot $48 | Rake $0.50
Board [As 5d 8h Kd 3d]
Seat 1: Grey_fishKa (button) (small blind) mucked
Seat 4: MTails (big blind) showed [9d Ad] and won ($47.50) with a flush, Ace high


PokerStars Hand #168627578172:  Hold'em Limit ($3/$6 USD) - 2017/04/05 16:36:04 ET
Table 'Binomi' 6-max Seat #1 is the button
Seat 1: Grey_fishKa ($125.78 in chips)
Seat 4: MTails ($169.80 in chips)
Grey_fishKa: posts small blind $1
MTails: posts big blind $3
*** HOLE CARDS ***
Grey_fishKa: calls $2
MTails: raises $3 to $6
Grey_fishKa: calls $3
*** FLOP *** [2d 6d Ad]
MTails: bets $3
Grey_fishKa: folds
Uncalled bet ($3) returned to MTails
MTails collected $11.76 from pot
*** SUMMARY ***
Total pot $12 | Rake $0.24
Board [2d 6d Ad]
Seat 1: Grey_fishKa (button) (small blind) folded on the Flop
Seat 4: MTails (big blind) collected ($11.76)


PokerStars Hand #168627569333:  Hold'em Limit ($3/$6 USD) - 2017/04/05 16:35:54 ET
Table 'Binomi' 6-max Seat #4 is the button
Seat 1: Grey_fishKa ($117.14 in chips)
Seat 4: MTails ($178.80 in chips)
MTails: posts small blind $1
Grey_fishKa: posts big blind $3
*** HOLE CARDS ***
MTails: raises $3 to $6
Grey_fishKa: raises $3 to $9
MTails: calls $3
*** FLOP *** [Ac 8c 9h]
Grey_fishKa: bets $3
MTails: folds
Uncalled bet ($3) returned to Grey_fishKa
Grey_fishKa collected $17.64 from pot
Grey_fishKa: doesn't show hand
*** SUMMARY ***
Total pot $18 | Rake $0.36
Board [Ac 8c 9h]
Seat 1: Grey_fishKa (big blind) collected ($17.64)
Seat 4: MTails (button) (small blind) folded on the Flop


PokerStars Hand #168627559334:  Hold'em Limit ($3/$6 USD) - 2017/04/05 16:35:43 ET
Table 'Binomi' 6-max Seat #1 is the button
Seat 1: Grey_fishKa ($123.14 in chips)
Seat 4: MTails ($173.04 in chips)
Grey_fishKa: posts small blind $1
MTails: posts big blind $3
*** HOLE CARDS ***
Grey_fishKa: calls $2
MTails: raises $3 to $6
Grey_fishKa: calls $3
*** FLOP *** [3s 4d Kc]
MTails: bets $3
Grey_fishKa: folds
Uncalled bet ($3) returned to MTails
MTails collected $11.76 from pot
*** SUMMARY ***
Total pot $12 | Rake $0.24
Board [3s 4d Kc]
Seat 1: Grey_fishKa (button) (small blind) folded on the Flop
Seat 4: MTails (big blind) collected ($11.76)


PokerStars Hand #168627549813:  Hold'em Limit ($3/$6 USD) - 2017/04/05 16:35:32 ET
Table 'Binomi' 6-max Seat #4 is the button
Seat 1: Grey_fishKa ($132.14 in chips)
Seat 4: MTails ($164.40 in chips)
MTails: posts small blind $1
Grey_fishKa: posts big blind $3
*** HOLE CARDS ***
MTails: raises $3 to $6
Grey_fishKa: calls $3
*** FLOP *** [Tc 2c Jd]
Grey_fishKa: checks
MTails: bets $3
Grey_fishKa: calls $3
*** TURN *** [Tc 2c Jd] [Th]
Grey_fishKa: checks
MTails: bets $6
Grey_fishKa: folds
Uncalled bet ($6) returned to MTails
MTails collected $17.64 from pot
*** SUMMARY ***
Total pot $18 | Rake $0.36
Board [Tc 2c Jd Th]
Seat 1: Grey_fishKa (big blind) folded on the Turn
Seat 4: MTails (button) (small blind) collected ($17.64)


PokerStars Hand #168627536532:  Hold'em Limit ($3/$6 USD) - 2017/04/05 16:35:16 ET
Table 'Binomi' 6-max Seat #1 is the button
Seat 1: Grey_fishKa ($117.64 in chips)
Seat 4: MTails ($179.40 in chips)
Grey_fishKa: posts small blind $1
MTails: posts big blind $3
*** HOLE CARDS ***
Grey_fishKa: raises $3 to $6
MTails: calls $3
*** FLOP *** [Ad 2h 5h]
MTails: checks
Grey_fishKa: bets $3
MTails: raises $3 to $6
Grey_fishKa: raises $3 to $9
MTails: calls $3
*** TURN *** [Ad 2h 5h] [4h]
MTails: checks
Grey_fishKa: checks
*** RIVER *** [Ad 2h 5h 4h] [2c]
MTails: checks
Grey_fishKa: checks
*** SHOW DOWN ***
MTails: shows [Kd Ts] (a pair of Deuces)
Grey_fishKa: shows [6h 6s] (two pair, Sixes and Deuces)
Grey_fishKa collected $29.50 from pot
*** SUMMARY ***
Total pot $30 | Rake $0.50
Board [Ad 2h 5h 4h 2c]
Seat 1: Grey_fishKa (button) (small blind) showed [6h 6s] and won ($29.50) with two pair, Sixes and Deuces
Seat 4: MTails (big blind) showed [Kd Ts] and lost with a pair of Deuces


PokerStars Hand #168627624366:  Hold'em Limit ($3/$6 USD) - 2017/04/05 16:36:57 ET
Table 'Binomi' 6-max Seat #1 is the button
Seat 1: Grey_fishKa ($109.42 in chips)
Seat 4: MTails ($185.06 in chips)
Grey_fishKa: posts small blind $1
MTails: posts big blind $3
*** HOLE CARDS ***
Grey_fishKa: raises $3 to $6
MTails: calls $3
*** FLOP *** [Kh 6h Jh]
MTails: checks
Grey_fishKa: bets $3
MTails: calls $3
*** TURN *** [Kh 6h Jh] [8c]
MTails: checks
Grey_fishKa: bets $6
MTails: folds
Uncalled bet ($6) returned to Grey_fishKa
Grey_fishKa collected $17.64 from pot
Grey_fishKa: doesn't show hand
*** SUMMARY ***
Total pot $18 | Rake $0.36
Board [Kh 6h Jh 8c]
Seat 1: Grey_fishKa (button) (small blind) collected ($17.64)
Seat 4: MTails (big blind) folded on the Turn


PokerStars Hand #168627604289:  Hold'em Limit ($3/$6 USD) - 2017/04/05 16:36:34 ET
Table 'Binomi' 6-max Seat #1 is the button
Seat 1: Grey_fishKa ($128.42 in chips)
Seat 4: MTails ($166.56 in chips)
Grey_fishKa: posts small blind $1
MTails: posts big blind $3
*** HOLE CARDS ***
Grey_fishKa: folds
Uncalled bet ($2) returned to MTails
MTails collected $2 from pot
*** SUMMARY ***
Total pot $2 | Rake $0
Seat 1: Grey_fishKa (button) (small blind) folded before Flop
Seat 4: MTails (big blind) collected ($2)


PokerStars Hand #168627600178:  Hold'em Limit ($3/$6 USD) - 2017/04/05 16:36:30 ET
Table 'Binomi' 6-max Seat #4 is the button
Seat 1: Grey_fishKa ($127.42 in chips)
Seat 4: MTails ($167.56 in chips)
MTails: posts small blind $1
Grey_fishKa: posts big blind $3
*** HOLE CARDS ***
MTails: folds
Uncalled bet ($2) returned to Grey_fishKa
Grey_fishKa collected $2 from pot
Grey_fishKa: doesn't show hand
*** SUMMARY ***
Total pot $2 | Rake $0
Seat 1: Grey_fishKa (big blind) collected ($2)
Seat 4: MTails (button) (small blind) folded before Flop


PokerStars Hand #168627595759:  Hold'em Limit ($3/$6 USD) - 2017/04/05 16:36:24 ET
Table 'Binomi' 6-max Seat #1 is the button
Seat 1: Grey_fishKa ($128.42 in chips)
Seat 4: MTails ($166.56 in chips)
Grey_fishKa: posts small blind $1
MTails: posts big blind $3
*** HOLE CARDS ***
Grey_fishKa: folds
Uncalled bet ($2) returned to MTails
MTails collected $2 from pot
MTails: doesn't show hand
*** SUMMARY ***
Total pot $2 | Rake $0
Seat 1: Grey_fishKa (button) (small blind) folded before Flop
Seat 4: MTails (big blind) collected ($2)


PokerStars Hand #168627587506:  Hold'em Limit ($3/$6 USD) - 2017/04/05 16:36:15 ET
Table 'Binomi' 6-max Seat #4 is the button
Seat 1: Grey_fishKa ($119.78 in chips)
Seat 4: MTails ($175.56 in chips)
MTails: posts small blind $1
Grey_fishKa: posts big blind $3
*** HOLE CARDS ***
MTails: raises $3 to $6
Grey_fishKa: calls $3
*** FLOP *** [2s Jh Qs]
Grey_fishKa: checks
MTails: bets $3
Grey_fishKa: raises $3 to $6
MTails: folds
Uncalled bet ($3) returned to Grey_fishKa
Grey_fishKa collected $17.64 from pot
Grey_fishKa: doesn't show hand
*** SUMMARY ***
Total pot $18 | Rake $0.36
Board [2s Jh Qs]
Seat 1: Grey_fishKa (big blind) collected ($17.64)
Seat 4: MTails (button) (small blind) folded on the Flop


PokerStars Hand #168627675700:  Hold'em Limit ($3/$6 USD) - 2017/04/05 16:37:56 ET
Table 'Binomi' 6-max Seat #4 is the button
Seat 1: Grey_fishKa ($138.20 in chips)
Seat 4: MTails ($154.70 in chips)
MTails: posts small blind $1
Grey_fishKa: posts big blind $3
*** HOLE CARDS ***
MTails: raises $3 to $6
Grey_fishKa: calls $3
*** FLOP *** [Tc Qd 5c]
Grey_fishKa: checks
MTails: bets $3
Grey_fishKa: raises $3 to $6
MTails: calls $3
*** TURN *** [Tc Qd 5c] [9h]
Grey_fishKa: bets $6
MTails: calls $6
*** RIVER *** [Tc Qd 5c 9h] [2d]
Grey_fishKa: bets $6
MTails: folds
Uncalled bet ($6) returned to Grey_fishKa
Grey_fishKa collected $35.50 from pot
Grey_fishKa: doesn't show hand
*** SUMMARY ***
Total pot $36 | Rake $0.50
Board [Tc Qd 5c 9h 2d]
Seat 1: Grey_fishKa (big blind) collected ($35.50)
Seat 4: MTails (button) (small blind) folded on the River


PokerStars Hand #168627670808:  Hold'em Limit ($3/$6 USD) - 2017/04/05 16:37:51 ET
Table 'Binomi' 6-max Seat #1 is the button
Seat 1: Grey_fishKa ($135.20 in chips)
Seat 4: MTails ($157.70 in chips)
Grey_fishKa: posts small blind $1
MTails: posts big blind $3
*** HOLE CARDS ***
Grey_fishKa: raises $3 to $6
MTails: folds
Uncalled bet ($3) returned to Grey_fishKa
Grey_fishKa collected $6 from pot
Grey_fishKa: doesn't show hand
*** SUMMARY ***
Total pot $6 | Rake $0
Seat 1: Grey_fishKa (button) (small blind) collected ($6)
Seat 4: MTails (big blind) folded before Flop


PokerStars Hand #168627656084:  Hold'em Limit ($3/$6 USD) - 2017/04/05 16:37:34 ET
Table 'Binomi' 6-max Seat #4 is the button
Seat 1: Grey_fishKa ($117.70 in chips)
Seat 4: MTails ($175.70 in chips)
MTails: posts small blind $1
Grey_fishKa: posts big blind $3
*** HOLE CARDS ***
MTails: raises $3 to $6
Grey_fishKa: raises $3 to $9
MTails: calls $3
*** FLOP *** [Qs 2s Ac]
Grey_fishKa: bets $3
MTails: calls $3
*** TURN *** [Qs 2s Ac] [Qc]
Grey_fishKa: bets $6
MTails: calls $6
*** RIVER *** [Qs 2s Ac Qc] [8h]
Grey_fishKa: checks
MTails: checks
*** SHOW DOWN ***
Grey_fishKa: shows [Jc Kh] (a pair of Queens)
MTails: mucks hand
Grey_fishKa collected $35.50 from pot
*** SUMMARY ***
Total pot $36 | Rake $0.50
Board [Qs 2s Ac Qc 8h]
Seat 1: Grey_fishKa (big blind) showed [Jc Kh] and won ($35.50) with a pair of Queens
Seat 4: MTails (button) (small blind) mucked


PokerStars Hand #168627646537:  Hold'em Limit ($3/$6 USD) - 2017/04/05 16:37:23 ET
Table 'Binomi' 6-max Seat #1 is the button
Seat 1: Grey_fishKa ($126.70 in chips)
Seat 4: MTails ($167.06 in chips)
Grey_fishKa: posts small blind $1
MTails: posts big blind $3
*** HOLE CARDS ***
Grey_fishKa: calls $2
MTails: raises $3 to $6
Grey_fishKa: calls $3
*** FLOP *** [5c 3h 2d]
MTails: bets $3
Grey_fishKa: calls $3
*** TURN *** [5c 3h 2d] [7c]
MTails: bets $6
Grey_fishKa: folds
Uncalled bet ($6) returned to MTails
MTails collected $17.64 from pot
*** SUMMARY ***
Total pot $18 | Rake $0.36
Board [5c 3h 2d 7c]
Seat 1: Grey_fishKa (button) (small blind) folded on the Turn
Seat 4: MTails (big blind) collected ($17.64)


PokerStars Hand #168627637712:  Hold'em Limit ($3/$6 USD) - 2017/04/05 16:37:12 ET
Table 'Binomi' 6-max Seat #4 is the button
Seat 1: Grey_fishKa ($118.06 in chips)
Seat 4: MTails ($176.06 in chips)
MTails: posts small blind $1
Grey_fishKa: posts big blind $3
*** HOLE CARDS ***
MTails: raises $3 to $6
Grey_fishKa: calls $3
*** FLOP *** [3s 3h Kc]
Grey_fishKa: checks
MTails: bets $3
Grey_fishKa: raises $3 to $6
MTails: folds
Uncalled bet ($3) returned to Grey_fishKa
Grey_fishKa collected $17.64 from pot
Grey_fishKa: doesn't show hand
*** SUMMARY ***
Total pot $18 | Rake $0.36
Board [3s 3h Kc]
Seat 1: Grey_fishKa (big blind) collected ($17.64)
Seat 4: MTails (button) (small blind) folded on the Flop


PokerStars Hand #168627732766:  Hold'em Limit ($3/$6 USD) - 2017/04/05 16:39:03 ET
Table 'Binomi' 6-max Seat #4 is the button
Seat 1: Grey_fishKa ($185.70 in chips)
Seat 4: MTails ($105.70 in chips)
MTails: posts small blind $1
Grey_fishKa: posts big blind $3
*** HOLE CARDS ***
MTails: raises $3 to $6
Grey_fishKa: calls $3
*** FLOP *** [Ad 9d Td]
Grey_fishKa: checks
MTails: bets $3
Grey_fishKa: calls $3
*** TURN *** [Ad 9d Td] [5h]
Grey_fishKa: checks
MTails: checks
*** RIVER *** [Ad 9d Td 5h] [7h]
Grey_fishKa: checks
MTails: bets $6
Grey_fishKa: calls $6
*** SHOW DOWN ***
MTails: shows [5c 7s] (two pair, Sevens and Fives)
Grey_fishKa: mucks hand
MTails collected $29.50 from pot
*** SUMMARY ***
Total pot $30 | Rake $0.50
Board [Ad 9d Td 5h 7h]
Seat 1: Grey_fishKa (big blind) mucked
Seat 4: MTails (button) (small blind) showed [5c 7s] and won ($29.50) with two pair, Sevens and Fives


PokerStars Hand #168627728535:  Hold'em Limit ($3/$6 USD) - 2017/04/05 16:38:58 ET
Table 'Binomi' 6-max Seat #1 is the button
Seat 1: Grey_fishKa ($186.70 in chips)
Seat 4: MTails ($104.70 in chips)
Grey_fishKa: posts small blind $1
MTails: posts big blind $3
*** HOLE CARDS ***
Grey_fishKa: folds
Uncalled bet ($2) returned to MTails
MTails collected $2 from pot
MTails: doesn't show hand
*** SUMMARY ***
Total pot $2 | Rake $0
Seat 1: Grey_fishKa (button) (small blind) folded before Flop
Seat 4: MTails (big blind) collected ($2)


PokerStars Hand #168627716109:  Hold'em Limit ($3/$6 USD) - 2017/04/05 16:38:43 ET
Table 'Binomi' 6-max Seat #4 is the button
Seat 1: Grey_fishKa ($172.20 in chips)
Seat 4: MTails ($119.70 in chips)
MTails: posts small blind $1
Grey_fishKa: posts big blind $3
*** HOLE CARDS ***
MTails: raises $3 to $6
Grey_fishKa: calls $3
*** FLOP *** [7s 8c 8s]
Grey_fishKa: checks
MTails: bets $3
Grey_fishKa: calls $3
*** TURN *** [7s 8c 8s] [3d]
Grey_fishKa: checks
MTails: checks
*** RIVER *** [7s 8c 8s 3d] [5d]
Grey_fishKa: checks
MTails: bets $6
Grey_fishKa: calls $6
*** SHOW DOWN ***
MTails: shows [4d Jc] (a pair of Eights)
Grey_fishKa: shows [6c 5s] (two pair, Eights and Fives)
Grey_fishKa collected $29.50 from pot
*** SUMMARY ***
Total pot $30 | Rake $0.50
Board [7s 8c 8s 3d 5d]
Seat 1: Grey_fishKa (big blind) showed [6c 5s] and won ($29.50) with two pair, Eights and Fives
Seat 4: MTails (button) (small blind) showed [4d Jc] and lost with a pair of Eights


PokerStars Hand #168627700472:  Hold'em Limit ($3/$6 USD) - 2017/04/05 16:38:25 ET
Table 'Binomi' 6-max Seat #1 is the button
Seat 1: Grey_fishKa ($151.70 in chips)
Seat 4: MTails ($140.70 in chips)
Grey_fishKa: posts small blind $1
MTails: posts big blind $3
*** HOLE CARDS ***
Grey_fishKa: calls $2
MTails: raises $3 to $6
Grey_fishKa: calls $3
*** FLOP *** [6s 8c Qd]
MTails: bets $3
Grey_fishKa: calls $3
*** TURN *** [6s 8c Qd] [Ah]
MTails: bets $6
Grey_fishKa: calls $6
*** RIVER *** [6s 8c Qd Ah] [7s]
MTails: checks
Grey_fishKa: bets $6
MTails: calls $6
*** SHOW DOWN ***
Grey_fishKa: shows [Qh 6c] (two pair, Queens and Sixes)
MTails: mucks hand
Grey_fishKa collected $41.50 from pot
*** SUMMARY ***
Total pot $42 | Rake $0.50
Board [6s 8c Qd Ah 7s]
Seat 1: Grey_fishKa (button) (small blind) showed [Qh 6c] and won ($41.50) with two pair, Queens and Sixes
Seat 4: MTails (big blind) mucked


PokerStars Hand #168627695532:  Hold'em Limit ($3/$6 USD) - 2017/04/05 16:38:19 ET
Table 'Binomi' 6-max Seat #4 is the button
Seat 1: Grey_fishKa ($154.70 in chips)
Seat 4: MTails ($137.70 in chips)
MTails: posts small blind $1
Grey_fishKa: posts big blind $3
*** HOLE CARDS ***
MTails: raises $3 to $6
Grey_fishKa: folds
Uncalled bet ($3) returned to MTails
MTails collected $6 from pot
MTails: doesn't show hand
*** SUMMARY ***
Total pot $6 | Rake $0
Seat 1: Grey_fishKa (big blind) folded before Flop
Seat 4: MTails (button) (small blind) collected ($6)


PokerStars Hand #168627690937:  Hold'em Limit ($3/$6 USD) - 2017/04/05 16:38:14 ET
Table 'Binomi' 6-max Seat #1 is the button
Seat 1: Grey_fishKa ($155.70 in chips)
Seat 4: MTails ($136.70 in chips)
Grey_fishKa: posts small blind $1
MTails: posts big blind $3
*** HOLE CARDS ***
Grey_fishKa: folds
Uncalled bet ($2) returned to MTails
MTails collected $2 from pot
MTails: doesn't show hand
*** SUMMARY ***
Total pot $2 | Rake $0
Seat 1: Grey_fishKa (button) (small blind) folded before Flop
Seat 4: MTails (big blind) collected ($2)


PokerStars Hand #168627744052:  Hold'em Limit ($3/$6 USD) - 2017/04/05 16:39:16 ET
Table 'Binomi' 6-max Seat #1 is the button
Seat 1: Grey_fishKa ($170.70 in chips)
Seat 4: MTails ($120.20 in chips)
Grey_fishKa: posts small blind $1
MTails: posts big blind $3
*** HOLE CARDS ***
Grey_fishKa: calls $2
MTails: raises $3 to $6
Grey_fishKa: calls $3
*** FLOP *** [3d 5d 9h]
MTails: bets $3
Grey_fishKa: folds
Uncalled bet ($3) returned to MTails
MTails collected $11.76 from pot
*** SUMMARY ***
Total pot $12 | Rake $0.24
Board [3d 5d 9h]
Seat 1: Grey_fishKa (button) (small blind) folded on the Flop
Seat 4: MTails (big blind) collected ($11.76)


