PokerStars Hand #156934939532:  Hold'em Limit ($3/$6 USD) - 2016/08/06 10:01:47 ET
Table 'Binomi' 6-max Seat #3 is the button
Seat 3: stampa2 ($45.25 in chips)
Seat 4: Agrotait ($72 in chips)
stampa2: posts small blind $1
Agrotait: posts big blind $3
*** HOLE CARDS ***
stampa2: raises $3 to $6
Agrotait: calls $3
*** FLOP *** [3s 7h 5c]
Agrotait: checks
stampa2: bets $3
Agrotait: calls $3
*** TURN *** [3s 7h 5c] [2c]
Agrotait: checks
stampa2: checks
*** RIVER *** [3s 7h 5c 2c] [Ac]
Agrotait: checks
stampa2: bets $6
Agrotait: folds
Uncalled bet ($6) returned to stampa2
stampa2 collected $17.64 from pot
stampa2: doesn't show hand
*** SUMMARY ***
Total pot $18 | Rake $0.36
Board [3s 7h 5c 2c Ac]
Seat 3: stampa2 (button) (small blind) collected ($17.64)
Seat 4: Agrotait (big blind) folded on the River


PokerStars Hand #156935014509:  Hold'em Limit ($3/$6 USD) - 2016/08/06 10:04:05 ET
Table 'Binomi' 6-max Seat #3 is the button
Seat 3: stampa2 ($44.89 in chips)
Seat 4: Agrotait ($71.64 in chips)
stampa2: posts small blind $1
Agrotait: posts big blind $3
*** HOLE CARDS ***
stampa2: folds
Uncalled bet ($2) returned to Agrotait
Agrotait collected $2 from pot
Agrotait: doesn't show hand
*** SUMMARY ***
Total pot $2 | Rake $0
Seat 3: stampa2 (button) (small blind) folded before Flop
Seat 4: Agrotait (big blind) collected ($2)


PokerStars Hand #156935109264:  Hold'em Limit ($3/$6 USD) - 2016/08/06 10:06:55 ET
Table 'Binomi' 6-max Seat #2 is the button
Seat 2: ChicagoBull4 ($26 in chips)
Seat 4: Agrotait ($117.78 in chips)
ChicagoBull4: posts small blind $1
Agrotait: posts big blind $3
*** HOLE CARDS ***
ChicagoBull4: folds
Uncalled bet ($2) returned to Agrotait
Agrotait collected $2 from pot
Agrotait: doesn't show hand
*** SUMMARY ***
Total pot $2 | Rake $0
Seat 2: ChicagoBull4 (button) (small blind) folded before Flop
Seat 4: Agrotait (big blind) collected ($2)


PokerStars Hand #156935112297:  Hold'em Limit ($3/$6 USD) - 2016/08/06 10:07:00 ET
Table 'Binomi' 6-max Seat #4 is the button
Seat 2: ChicagoBull4 ($25 in chips)
Seat 4: Agrotait ($118.78 in chips)
Agrotait: posts small blind $1
stampa2 leaves the table
ChicagoBull4: posts big blind $3
*** HOLE CARDS ***
Agrotait: folds
Uncalled bet ($2) returned to ChicagoBull4
ChicagoBull4 collected $2 from pot
ChicagoBull4: doesn't show hand
*** SUMMARY ***
Total pot $2 | Rake $0
Seat 2: ChicagoBull4 (big blind) collected ($2)
Seat 4: Agrotait (button) (small blind) folded before Flop


PokerStars Hand #156937403844:  Hold'em Limit ($3/$6 USD) - 2016/08/06 11:14:47 ET
Table 'Binomi' 6-max Seat #4 is the button
Seat 3: Shara.Vi ($30.01 in chips)
Seat 4: Agrotait ($72 in chips)
Agrotait: posts small blind $1
Shara.Vi: posts big blind $3
*** HOLE CARDS ***
Agrotait: raises $3 to $6
Shara.Vi: calls $3
*** FLOP *** [6s Qc 7d]
Shara.Vi: checks
Agrotait: bets $3
Shara.Vi: folds
Uncalled bet ($3) returned to Agrotait
Agrotait collected $11.76 from pot
Agrotait: doesn't show hand
*** SUMMARY ***
Total pot $12 | Rake $0.24
Board [6s Qc 7d]
Seat 3: Shara.Vi (big blind) folded on the Flop
Seat 4: Agrotait (button) (small blind) collected ($11.76)


PokerStars Hand #156937422494:  Hold'em Limit ($3/$6 USD) - 2016/08/06 11:15:19 ET
Table 'Binomi' 6-max Seat #3 is the button
Seat 3: Shara.Vi ($24.01 in chips)
Seat 4: Agrotait ($77.76 in chips)
Shara.Vi: posts small blind $1
Agrotait: posts big blind $3
*** HOLE CARDS ***
Shara.Vi: raises $3 to $6
Agrotait: raises $3 to $9
Shara.Vi: calls $3
*** FLOP *** [8h Ad Td]
Agrotait: bets $3
Shara.Vi: calls $3
*** TURN *** [8h Ad Td] [3s]
Agrotait: bets $6
Shara.Vi: calls $6
*** RIVER *** [8h Ad Td 3s] [2c]
Agrotait: bets $6
Shara.Vi: calls $6
*** SHOW DOWN ***
Agrotait: shows [8d 8c] (three of a kind, Eights)
Shara.Vi: mucks hand
Agrotait collected $47.50 from pot
*** SUMMARY ***
Total pot $48 | Rake $0.50
Board [8h Ad Td 3s 2c]
Seat 3: Shara.Vi (button) (small blind) mucked
Seat 4: Agrotait (big blind) showed [8d 8c] and won ($47.50) with three of a kind, Eights


