PokerStars Hand #164054380043:  Hold'em Limit ($3/$6 USD) - 2017/01/04 21:12:55 ET
Table 'Binomi' 6-max Seat #3 is the button
Seat 3: RaisemyNut$ ($358.50 in chips)
Seat 6: Scheubi88 ($95.16 in chips)
RaisemyNut$: posts small blind $1
Scheubi88: posts big blind $3
*** HOLE CARDS ***
RaisemyNut$: folds
Uncalled bet ($2) returned to Scheubi88
Scheubi88 collected $2 from pot
Scheubi88: doesn't show hand
*** SUMMARY ***
Total pot $2 | Rake $0
Seat 3: RaisemyNut$ (button) (small blind) folded before Flop
Seat 6: Scheubi88 (big blind) collected ($2)


PokerStars Hand #164054372811:  Hold'em Limit ($3/$6 USD) - 2017/01/04 21:12:40 ET
Table 'Binomi' 6-max Seat #6 is the button
Seat 3: RaisemyNut$ ($346.98 in chips)
Seat 6: Scheubi88 ($107.16 in chips)
Scheubi88: posts small blind $1
RaisemyNut$: posts big blind $3
*** HOLE CARDS ***
Scheubi88: raises $3 to $6
RaisemyNut$: raises $3 to $9
Scheubi88: calls $3
*** FLOP *** [2d 9c 5s]
RaisemyNut$: bets $3
Scheubi88: calls $3
*** TURN *** [2d 9c 5s] [9s]
RaisemyNut$: bets $6
Scheubi88: folds
Uncalled bet ($6) returned to RaisemyNut$
RaisemyNut$ collected $23.52 from pot
RaisemyNut$: doesn't show hand
*** SUMMARY ***
Total pot $24 | Rake $0.48
Board [2d 9c 5s 9s]
Seat 3: RaisemyNut$ (big blind) collected ($23.52)
Seat 6: Scheubi88 (button) (small blind) folded on the Turn


PokerStars Hand #164054364756:  Hold'em Limit ($3/$6 USD) - 2017/01/04 21:12:25 ET
Table 'Binomi' 6-max Seat #3 is the button
Seat 3: RaisemyNut$ ($329.48 in chips)
Seat 6: Scheubi88 ($125.16 in chips)
RaisemyNut$: posts small blind $1
Scheubi88: posts big blind $3
*** HOLE CARDS ***
RaisemyNut$: raises $3 to $6
Scheubi88: calls $3
*** FLOP *** [9s Td 2c]
Scheubi88: checks
RaisemyNut$: checks
*** TURN *** [9s Td 2c] [8h]
Scheubi88: bets $6
RaisemyNut$: calls $6
*** RIVER *** [9s Td 2c 8h] [Tc]
Scheubi88: checks
RaisemyNut$: bets $6
Scheubi88: calls $6
*** SHOW DOWN ***
RaisemyNut$: shows [8c 3c] (two pair, Tens and Eights)
Scheubi88: mucks hand
RaisemyNut$ collected $35.50 from pot
*** SUMMARY ***
Total pot $36 | Rake $0.50
Board [9s Td 2c 8h Tc]
Seat 3: RaisemyNut$ (button) (small blind) showed [8c 3c] and won ($35.50) with two pair, Tens and Eights
Seat 6: Scheubi88 (big blind) mucked


PokerStars Hand #164054405744:  Hold'em Limit ($3/$6 USD) - 2017/01/04 21:13:45 ET
Table 'Binomi' 6-max Seat #6 is the button
Seat 3: RaisemyNut$ ($350.78 in chips)
Seat 6: Scheubi88 ($101.42 in chips)
Scheubi88: posts small blind $1
RaisemyNut$: posts big blind $3
*** HOLE CARDS ***
Scheubi88: raises $3 to $6
RaisemyNut$: folds
Uncalled bet ($3) returned to Scheubi88
Scheubi88 collected $6 from pot
Scheubi88: doesn't show hand
*** SUMMARY ***
Total pot $6 | Rake $0
Seat 3: RaisemyNut$ (big blind) folded before Flop
Seat 6: Scheubi88 (button) (small blind) collected ($6)


PokerStars Hand #164054397179:  Hold'em Limit ($3/$6 USD) - 2017/01/04 21:13:28 ET
Table 'Binomi' 6-max Seat #3 is the button
Seat 3: RaisemyNut$ ($368.78 in chips)
Seat 6: Scheubi88 ($83.92 in chips)
RaisemyNut$: posts small blind $1
Scheubi88: posts big blind $3
*** HOLE CARDS ***
RaisemyNut$: raises $3 to $6
Scheubi88: calls $3
*** FLOP *** [Jd Th Kh]
Scheubi88: checks
RaisemyNut$: bets $3
Scheubi88: raises $3 to $6
RaisemyNut$: calls $3
*** TURN *** [Jd Th Kh] [4h]
Scheubi88: bets $6
RaisemyNut$: calls $6
*** RIVER *** [Jd Th Kh 4h] [7d]
Scheubi88: bets $6
RaisemyNut$: folds
Uncalled bet ($6) returned to Scheubi88
Scheubi88 collected $35.50 from pot
Scheubi88: doesn't show hand
*** SUMMARY ***
Total pot $36 | Rake $0.50
Board [Jd Th Kh 4h 7d]
Seat 3: RaisemyNut$ (button) (small blind) folded on the River
Seat 6: Scheubi88 (big blind) collected ($35.50)


PokerStars Hand #164054392575:  Hold'em Limit ($3/$6 USD) - 2017/01/04 21:13:19 ET
Table 'Binomi' 6-max Seat #6 is the button
Seat 3: RaisemyNut$ ($374.78 in chips)
Seat 6: Scheubi88 ($78.16 in chips)
Scheubi88: posts small blind $1
RaisemyNut$: posts big blind $3
*** HOLE CARDS ***
Scheubi88: raises $3 to $6
RaisemyNut$: calls $3
*** FLOP *** [Jh Ac 3s]
RaisemyNut$: checks
Scheubi88: bets $3
RaisemyNut$: folds
Uncalled bet ($3) returned to Scheubi88
Scheubi88 collected $11.76 from pot
Scheubi88: doesn't show hand
*** SUMMARY ***
Total pot $12 | Rake $0.24
Board [Jh Ac 3s]
Seat 3: RaisemyNut$ (big blind) folded on the Flop
Seat 6: Scheubi88 (button) (small blind) collected ($11.76)


PokerStars Hand #164054387982:  Hold'em Limit ($3/$6 USD) - 2017/01/04 21:13:10 ET
Table 'Binomi' 6-max Seat #3 is the button
Seat 3: RaisemyNut$ ($369.02 in chips)
Seat 6: Scheubi88 ($84.16 in chips)
RaisemyNut$: posts small blind $1
Scheubi88: posts big blind $3
*** HOLE CARDS ***
RaisemyNut$: raises $3 to $6
Scheubi88: calls $3
*** FLOP *** [Td 8s Qs]
Scheubi88: checks
RaisemyNut$: bets $3
Scheubi88: folds
Uncalled bet ($3) returned to RaisemyNut$
RaisemyNut$ collected $11.76 from pot
RaisemyNut$: doesn't show hand
*** SUMMARY ***
Total pot $12 | Rake $0.24
Board [Td 8s Qs]
Seat 3: RaisemyNut$ (button) (small blind) collected ($11.76)
Seat 6: Scheubi88 (big blind) folded on the Flop


PokerStars Hand #164054382454:  Hold'em Limit ($3/$6 USD) - 2017/01/04 21:12:59 ET
Table 'Binomi' 6-max Seat #6 is the button
Seat 3: RaisemyNut$ ($357.50 in chips)
Seat 6: Scheubi88 ($96.16 in chips)
Scheubi88: posts small blind $1
RaisemyNut$: posts big blind $3
*** HOLE CARDS ***
Scheubi88: raises $3 to $6
RaisemyNut$: raises $3 to $9
Scheubi88: calls $3
*** FLOP *** [Js 5h Tc]
RaisemyNut$: bets $3
Scheubi88: calls $3
*** TURN *** [Js 5h Tc] [5s]
RaisemyNut$: bets $6
Scheubi88: folds
Uncalled bet ($6) returned to RaisemyNut$
RaisemyNut$ collected $23.52 from pot
RaisemyNut$: doesn't show hand
*** SUMMARY ***
Total pot $24 | Rake $0.48
Board [Js 5h Tc 5s]
Seat 3: RaisemyNut$ (big blind) collected ($23.52)
Seat 6: Scheubi88 (button) (small blind) folded on the Turn


PokerStars Hand #164054443634:  Hold'em Limit ($3/$6 USD) - 2017/01/04 21:14:54 ET
Table 'Binomi' 6-max Seat #3 is the button
Seat 3: RaisemyNut$ ($340.28 in chips)
Seat 6: Scheubi88 ($110.68 in chips)
RaisemyNut$: posts small blind $1
Scheubi88: posts big blind $3
*** HOLE CARDS ***
RaisemyNut$: folds
Uncalled bet ($2) returned to Scheubi88
Scheubi88 collected $2 from pot
Scheubi88: doesn't show hand
*** SUMMARY ***
Total pot $2 | Rake $0
Seat 3: RaisemyNut$ (button) (small blind) folded before Flop
Seat 6: Scheubi88 (big blind) collected ($2)


PokerStars Hand #164054434964:  Hold'em Limit ($3/$6 USD) - 2017/01/04 21:14:37 ET
Table 'Binomi' 6-max Seat #6 is the button
Seat 3: RaisemyNut$ ($346.28 in chips)
Seat 6: Scheubi88 ($104.92 in chips)
Scheubi88: posts small blind $1
RaisemyNut$: posts big blind $3
*** HOLE CARDS ***
Scheubi88: raises $3 to $6
RaisemyNut$: calls $3
*** FLOP *** [Ac 3s 7h]
RaisemyNut$: checks
Scheubi88: bets $3
RaisemyNut$: folds
Uncalled bet ($3) returned to Scheubi88
Scheubi88 collected $11.76 from pot
Scheubi88: doesn't show hand
*** SUMMARY ***
Total pot $12 | Rake $0.24
Board [Ac 3s 7h]
Seat 3: RaisemyNut$ (big blind) folded on the Flop
Seat 6: Scheubi88 (button) (small blind) collected ($11.76)


PokerStars Hand #164054431937:  Hold'em Limit ($3/$6 USD) - 2017/01/04 21:14:31 ET
Table 'Binomi' 6-max Seat #3 is the button
Seat 3: RaisemyNut$ ($347.28 in chips)
Seat 6: Scheubi88 ($103.92 in chips)
RaisemyNut$: posts small blind $1
Scheubi88: posts big blind $3
*** HOLE CARDS ***
RaisemyNut$: folds
Uncalled bet ($2) returned to Scheubi88
Scheubi88 collected $2 from pot
Scheubi88: doesn't show hand
*** SUMMARY ***
Total pot $2 | Rake $0
Seat 3: RaisemyNut$ (button) (small blind) folded before Flop
Seat 6: Scheubi88 (big blind) collected ($2)


PokerStars Hand #164054417257:  Hold'em Limit ($3/$6 USD) - 2017/01/04 21:14:08 ET
Table 'Binomi' 6-max Seat #6 is the button
Seat 3: RaisemyNut$ ($368.28 in chips)
Seat 6: Scheubi88 ($83.42 in chips)
Scheubi88: posts small blind $1
RaisemyNut$: posts big blind $3
*** HOLE CARDS ***
Scheubi88: raises $3 to $6
RaisemyNut$: calls $3
*** FLOP *** [7h 2s 4c]
RaisemyNut$: checks
Scheubi88: bets $3
RaisemyNut$: calls $3
*** TURN *** [7h 2s 4c] [9d]
RaisemyNut$: checks
Scheubi88: bets $6
RaisemyNut$: calls $6
*** RIVER *** [7h 2s 4c 9d] [7s]
RaisemyNut$: checks
Scheubi88: bets $6
RaisemyNut$: calls $6
*** SHOW DOWN ***
Scheubi88: shows [Ad 8s] (a pair of Sevens)
RaisemyNut$: mucks hand
Scheubi88 collected $41.50 from pot
*** SUMMARY ***
Total pot $42 | Rake $0.50
Board [7h 2s 4c 9d 7s]
Seat 3: RaisemyNut$ (big blind) mucked
Seat 6: Scheubi88 (button) (small blind) showed [Ad 8s] and won ($41.50) with a pair of Sevens


PokerStars Hand #164054408624:  Hold'em Limit ($3/$6 USD) - 2017/01/04 21:13:51 ET
Table 'Binomi' 6-max Seat #3 is the button
Seat 3: RaisemyNut$ ($347.78 in chips)
Seat 6: Scheubi88 ($104.42 in chips)
RaisemyNut$: posts small blind $1
Scheubi88: posts big blind $3
*** HOLE CARDS ***
RaisemyNut$: raises $3 to $6
Scheubi88: calls $3
*** FLOP *** [8c 8d 6s]
Scheubi88: checks
RaisemyNut$: bets $3
Scheubi88: calls $3
*** TURN *** [8c 8d 6s] [3h]
Scheubi88: checks
RaisemyNut$: bets $6
Scheubi88: calls $6
*** RIVER *** [8c 8d 6s 3h] [6d]
Scheubi88: checks
RaisemyNut$: bets $6
Scheubi88: calls $6
*** SHOW DOWN ***
RaisemyNut$: shows [Th Ts] (two pair, Tens and Eights)
Scheubi88: mucks hand
RaisemyNut$ collected $41.50 from pot
*** SUMMARY ***
Total pot $42 | Rake $0.50
Board [8c 8d 6s 3h 6d]
Seat 3: RaisemyNut$ (button) (small blind) showed [Th Ts] and won ($41.50) with two pair, Tens and Eights
Seat 6: Scheubi88 (big blind) mucked


PokerStars Hand #164054465881:  Hold'em Limit ($3/$6 USD) - 2017/01/04 21:15:38 ET
Table 'Binomi' 6-max Seat #6 is the button
Seat 3: RaisemyNut$ ($363.78 in chips)
Seat 6: Scheubi88 ($86.68 in chips)
Scheubi88: posts small blind $1
RaisemyNut$: posts big blind $3
*** HOLE CARDS ***
Scheubi88: raises $3 to $6
RaisemyNut$: raises $3 to $9
Scheubi88: calls $3
*** FLOP *** [4d 4s 8s]
RaisemyNut$: bets $3
Scheubi88: calls $3
*** TURN *** [4d 4s 8s] [6s]
RaisemyNut$: checks
Scheubi88: bets $6
lexishake joins the table at seat #4
RaisemyNut$: folds
Uncalled bet ($6) returned to Scheubi88
Scheubi88 collected $23.52 from pot
Scheubi88: doesn't show hand
*** SUMMARY ***
Total pot $24 | Rake $0.48
Board [4d 4s 8s 6s]
Seat 3: RaisemyNut$ (big blind) folded on the Turn
Seat 6: Scheubi88 (button) (small blind) collected ($23.52)


PokerStars Hand #164054450158:  Hold'em Limit ($3/$6 USD) - 2017/01/04 21:15:07 ET
Table 'Binomi' 6-max Seat #3 is the button
Seat 3: RaisemyNut$ ($340.28 in chips)
Seat 6: Scheubi88 ($110.68 in chips)
RaisemyNut$: posts small blind $1
Scheubi88: posts big blind $3
*** HOLE CARDS ***
RaisemyNut$: raises $3 to $6
Scheubi88: raises $3 to $9
RaisemyNut$: calls $3
*** FLOP *** [Th 5s 9c]
Scheubi88: bets $3
RaisemyNut$: calls $3
*** TURN *** [Th 5s 9c] [7d]
Scheubi88: bets $6
RaisemyNut$: calls $6
*** RIVER *** [Th 5s 9c 7d] [4s]
Scheubi88: checks
RaisemyNut$: bets $6
Scheubi88: calls $6
*** SHOW DOWN ***
RaisemyNut$: shows [5c 6h] (a pair of Fives)
Scheubi88: mucks hand
RaisemyNut$ collected $47.50 from pot
*** SUMMARY ***
Total pot $48 | Rake $0.50
Board [Th 5s 9c 7d 4s]
Seat 3: RaisemyNut$ (button) (small blind) showed [5c 6h] and won ($47.50) with a pair of Fives
Seat 6: Scheubi88 (big blind) mucked


PokerStars Hand #164054516538:  Hold'em Limit ($3/$6 USD) - 2017/01/04 21:17:18 ET
Table 'Binomi' 6-max Seat #3 is the button
Seat 3: RaisemyNut$ ($405.78 in chips)
Seat 6: Scheubi88 ($122.20 in chips)
RaisemyNut$: posts small blind $1
Scheubi88 is connected
Scheubi88: posts big blind $3
*** HOLE CARDS ***
RaisemyNut$: raises $3 to $6
Scheubi88: calls $3
*** FLOP *** [Qs Js Kc]
Scheubi88: checks
RaisemyNut$: bets $3
Scheubi88: raises $3 to $6
RaisemyNut$: calls $3
*** TURN *** [Qs Js Kc] [5d]
Scheubi88: bets $6
RaisemyNut$: calls $6
*** RIVER *** [Qs Js Kc 5d] [6s]
Scheubi88: bets $6
RaisemyNut$: folds
Uncalled bet ($6) returned to Scheubi88
Scheubi88 collected $35.50 from pot
Scheubi88: doesn't show hand
*** SUMMARY ***
Total pot $36 | Rake $0.50
Board [Qs Js Kc 5d 6s]
Seat 3: RaisemyNut$ (button) (small blind) folded on the River
Seat 6: Scheubi88 (big blind) collected ($35.50)


PokerStars Hand #164054564256:  Hold'em Limit ($3/$6 USD) - 2017/01/04 21:18:53 ET
Table 'Binomi' 6-max Seat #6 is the button
Seat 3: RaisemyNut$ ($437.42 in chips)
Seat 6: Scheubi88 ($88.34 in chips)
Scheubi88: posts small blind $1
RaisemyNut$: posts big blind $3
*** HOLE CARDS ***
Scheubi88: raises $3 to $6
RaisemyNut$: folds
Uncalled bet ($3) returned to Scheubi88
Scheubi88 collected $6 from pot
Scheubi88: doesn't show hand
*** SUMMARY ***
Total pot $6 | Rake $0
Seat 3: RaisemyNut$ (big blind) folded before Flop
Seat 6: Scheubi88 (button) (small blind) collected ($6)


PokerStars Hand #164054559392:  Hold'em Limit ($3/$6 USD) - 2017/01/04 21:18:43 ET
Table 'Binomi' 6-max Seat #3 is the button
Seat 3: RaisemyNut$ ($446.42 in chips)
Seat 6: Scheubi88 ($79.70 in chips)
RaisemyNut$: posts small blind $1
Scheubi88: posts big blind $3
*** HOLE CARDS ***
RaisemyNut$: raises $3 to $6
Scheubi88: raises $3 to $9
RaisemyNut$: calls $3
*** FLOP *** [Qc 5d 5h]
Scheubi88: bets $3
RaisemyNut$: folds
Uncalled bet ($3) returned to Scheubi88
Scheubi88 collected $17.64 from pot
Scheubi88: doesn't show hand
*** SUMMARY ***
Total pot $18 | Rake $0.36
Board [Qc 5d 5h]
Seat 3: RaisemyNut$ (button) (small blind) folded on the Flop
Seat 6: Scheubi88 (big blind) collected ($17.64)


PokerStars Hand #164054554904:  Hold'em Limit ($3/$6 USD) - 2017/01/04 21:18:34 ET
Table 'Binomi' 6-max Seat #6 is the button
Seat 3: RaisemyNut$ ($437.78 in chips)
Seat 6: Scheubi88 ($88.70 in chips)
Scheubi88: posts small blind $1
RaisemyNut$: posts big blind $3
*** HOLE CARDS ***
Scheubi88: raises $3 to $6
RaisemyNut$: raises $3 to $9
Scheubi88: calls $3
*** FLOP *** [7h 7s Ah]
RaisemyNut$: bets $3
Scheubi88: folds
Uncalled bet ($3) returned to RaisemyNut$
RaisemyNut$ collected $17.64 from pot
RaisemyNut$: doesn't show hand
*** SUMMARY ***
Total pot $18 | Rake $0.36
Board [7h 7s Ah]
Seat 3: RaisemyNut$ (big blind) collected ($17.64)
Seat 6: Scheubi88 (button) (small blind) folded on the Flop


PokerStars Hand #164054546005:  Hold'em Limit ($3/$6 USD) - 2017/01/04 21:18:17 ET
Table 'Binomi' 6-max Seat #3 is the button
Seat 3: RaisemyNut$ ($423.28 in chips)
Seat 6: Scheubi88 ($103.70 in chips)
RaisemyNut$: posts small blind $1
Scheubi88: posts big blind $3
*** HOLE CARDS ***
RaisemyNut$: raises $3 to $6
Scheubi88: calls $3
*** FLOP *** [3d 7d Jc]
Scheubi88: checks
RaisemyNut$: bets $3
Scheubi88: calls $3
*** TURN *** [3d 7d Jc] [3c]
Scheubi88: checks
RaisemyNut$: checks
*** RIVER *** [3d 7d Jc 3c] [2h]
Scheubi88: bets $6
RaisemyNut$: calls $6
*** SHOW DOWN ***
Scheubi88: shows [6s 4d] (a pair of Threes)
RaisemyNut$: shows [8h Kh] (a pair of Threes - King kicker)
RaisemyNut$ collected $29.50 from pot
*** SUMMARY ***
Total pot $30 | Rake $0.50
Board [3d 7d Jc 3c 2h]
Seat 3: RaisemyNut$ (button) (small blind) showed [8h Kh] and won ($29.50) with a pair of Threes
Seat 6: Scheubi88 (big blind) showed [6s 4d] and lost with a pair of Threes


PokerStars Hand #164054535146:  Hold'em Limit ($3/$6 USD) - 2017/01/04 21:17:55 ET
Table 'Binomi' 6-max Seat #6 is the button
Seat 3: RaisemyNut$ ($387.78 in chips)
Seat 6: Scheubi88 ($139.70 in chips)
Scheubi88: posts small blind $1
RaisemyNut$: posts big blind $3
*** HOLE CARDS ***
Scheubi88: raises $3 to $6
RaisemyNut$: calls $3
*** FLOP *** [Jd Jh As]
RaisemyNut$: checks
Scheubi88: bets $3
RaisemyNut$: raises $3 to $6
Scheubi88: calls $3
*** TURN *** [Jd Jh As] [Jc]
RaisemyNut$: bets $6
Scheubi88: calls $6
*** RIVER *** [Jd Jh As Jc] [Td]
RaisemyNut$: bets $6
Scheubi88: raises $6 to $12
RaisemyNut$: raises $6 to $18
Scheubi88: calls $6
*** SHOW DOWN ***
RaisemyNut$: shows [Js 9h] (four of a kind, Jacks)
Scheubi88: mucks hand
RaisemyNut$ collected $71.50 from pot
*** SUMMARY ***
Total pot $72 | Rake $0.50
Board [Jd Jh As Jc Td]
Seat 3: RaisemyNut$ (big blind) showed [Js 9h] and won ($71.50) with four of a kind, Jacks
Seat 6: Scheubi88 (button) (small blind) mucked


PokerStars Hand #164054589604:  Hold'em Limit ($3/$6 USD) - 2017/01/04 21:19:43 ET
Table 'Binomi' 6-max Seat #6 is the button
Seat 3: RaisemyNut$ ($457.92 in chips)
Seat 6: Scheubi88 ($66.98 in chips)
Scheubi88: posts small blind $1
RaisemyNut$: posts big blind $3
*** HOLE CARDS ***
Scheubi88: raises $3 to $6
RaisemyNut$: calls $3
*** FLOP *** [4d Ks 4s]
RaisemyNut$: checks
Scheubi88: bets $3
RaisemyNut$: calls $3
*** TURN *** [4d Ks 4s] [Ts]
RaisemyNut$: checks
Scheubi88: checks
*** RIVER *** [4d Ks 4s Ts] [6c]
RaisemyNut$: bets $6
Scheubi88: folds
Uncalled bet ($6) returned to RaisemyNut$
RaisemyNut$ collected $17.64 from pot
RaisemyNut$: doesn't show hand
*** SUMMARY ***
Total pot $18 | Rake $0.36
Board [4d Ks 4s Ts 6c]
Seat 3: RaisemyNut$ (big blind) collected ($17.64)
Seat 6: Scheubi88 (button) (small blind) folded on the River


PokerStars Hand #164054581617:  Hold'em Limit ($3/$6 USD) - 2017/01/04 21:19:27 ET
Table 'Binomi' 6-max Seat #3 is the button
Seat 3: RaisemyNut$ ($466.92 in chips)
Seat 6: Scheubi88 ($58.34 in chips)
RaisemyNut$: posts small blind $1
Scheubi88: posts big blind $3
*** HOLE CARDS ***
RaisemyNut$: raises $3 to $6
Scheubi88: raises $3 to $9
RaisemyNut$: calls $3
*** FLOP *** [As 3h Th]
Scheubi88: bets $3
RaisemyNut$: folds
Uncalled bet ($3) returned to Scheubi88
Scheubi88 collected $17.64 from pot
Scheubi88: doesn't show hand
*** SUMMARY ***
Total pot $18 | Rake $0.36
Board [As 3h Th]
Seat 3: RaisemyNut$ (button) (small blind) folded on the Flop
Seat 6: Scheubi88 (big blind) collected ($17.64)


PokerStars Hand #164054578804:  Hold'em Limit ($3/$6 USD) - 2017/01/04 21:19:22 ET
Table 'Binomi' 6-max Seat #6 is the button
Seat 3: RaisemyNut$ ($469.92 in chips)
Seat 6: Scheubi88 ($55.34 in chips)
Scheubi88: posts small blind $1
RaisemyNut$: posts big blind $3
*** HOLE CARDS ***
Scheubi88: raises $3 to $6
RaisemyNut$: folds
Uncalled bet ($3) returned to Scheubi88
Scheubi88 collected $6 from pot
Scheubi88: doesn't show hand
*** SUMMARY ***
Total pot $6 | Rake $0
Seat 3: RaisemyNut$ (big blind) folded before Flop
Seat 6: Scheubi88 (button) (small blind) collected ($6)


PokerStars Hand #164054567373:  Hold'em Limit ($3/$6 USD) - 2017/01/04 21:18:59 ET
Table 'Binomi' 6-max Seat #3 is the button
Seat 3: RaisemyNut$ ($434.42 in chips)
Seat 6: Scheubi88 ($91.34 in chips)
RaisemyNut$: posts small blind $1
Scheubi88: posts big blind $3
*** HOLE CARDS ***
RaisemyNut$: raises $3 to $6
Scheubi88: raises $3 to $9
RaisemyNut$: calls $3
*** FLOP *** [Ah Ac 5c]
Scheubi88: bets $3
RaisemyNut$: calls $3
*** TURN *** [Ah Ac 5c] [7s]
Scheubi88: bets $6
RaisemyNut$: raises $6 to $12
Scheubi88: raises $6 to $18
RaisemyNut$: raises $6 to $24
Betting is capped
Scheubi88: calls $6
*** RIVER *** [Ah Ac 5c 7s] [Tc]
Scheubi88: checks
RaisemyNut$: bets $6
Scheubi88: folds
Uncalled bet ($6) returned to RaisemyNut$
RaisemyNut$ collected $71.50 from pot
RaisemyNut$: doesn't show hand
*** SUMMARY ***
Total pot $72 | Rake $0.50
Board [Ah Ac 5c 7s Tc]
Seat 3: RaisemyNut$ (button) (small blind) collected ($71.50)
Seat 6: Scheubi88 (big blind) folded on the River


PokerStars Hand #164054620239:  Hold'em Limit ($3/$6 USD) - 2017/01/04 21:20:45 ET
Table 'Binomi' 6-max Seat #3 is the button
Seat 3: RaisemyNut$ ($481.06 in chips)
Seat 6: Scheubi88 ($42.74 in chips)
RaisemyNut$: posts small blind $1
Scheubi88: posts big blind $3
*** HOLE CARDS ***
RaisemyNut$: raises $3 to $6
Scheubi88: calls $3
*** FLOP *** [3c 8d Ts]
Scheubi88: checks
RaisemyNut$: bets $3
Scheubi88: folds
Uncalled bet ($3) returned to RaisemyNut$
RaisemyNut$ collected $11.76 from pot
RaisemyNut$: doesn't show hand
*** SUMMARY ***
Total pot $12 | Rake $0.24
Board [3c 8d Ts]
Seat 3: RaisemyNut$ (button) (small blind) collected ($11.76)
Seat 6: Scheubi88 (big blind) folded on the Flop


PokerStars Hand #164054610992:  Hold'em Limit ($3/$6 USD) - 2017/01/04 21:20:27 ET
Table 'Binomi' 6-max Seat #6 is the button
Seat 3: RaisemyNut$ ($460.56 in chips)
Seat 6: Scheubi88 ($63.74 in chips)
Scheubi88: posts small blind $1
RaisemyNut$: posts big blind $3
*** HOLE CARDS ***
Scheubi88: raises $3 to $6
RaisemyNut$: calls $3
*** FLOP *** [3h Qs 7d]
RaisemyNut$: checks
Scheubi88: bets $3
RaisemyNut$: calls $3
*** TURN *** [3h Qs 7d] [7h]
RaisemyNut$: checks
Scheubi88: bets $6
RaisemyNut$: calls $6
*** RIVER *** [3h Qs 7d 7h] [5c]
RaisemyNut$: checks
Scheubi88: bets $6
RaisemyNut$: calls $6
*** SHOW DOWN ***
Scheubi88: shows [9h 2s] (a pair of Sevens)
RaisemyNut$: shows [3c 6c] (two pair, Sevens and Threes)
RaisemyNut$ collected $41.50 from pot
*** SUMMARY ***
Total pot $42 | Rake $0.50
Board [3h Qs 7d 7h 5c]
Seat 3: RaisemyNut$ (big blind) showed [3c 6c] and won ($41.50) with two pair, Sevens and Threes
Seat 6: Scheubi88 (button) (small blind) showed [9h 2s] and lost with a pair of Sevens


PokerStars Hand #164054605085:  Hold'em Limit ($3/$6 USD) - 2017/01/04 21:20:15 ET
Table 'Binomi' 6-max Seat #3 is the button
Seat 3: RaisemyNut$ ($466.56 in chips)
Seat 6: Scheubi88 ($57.98 in chips)
RaisemyNut$: posts small blind $1
Scheubi88: posts big blind $3
*** HOLE CARDS ***
RaisemyNut$: raises $3 to $6
Scheubi88: calls $3
*** FLOP *** [5s 7c 4s]
Scheubi88: checks
RaisemyNut$: checks
*** TURN *** [5s 7c 4s] [Js]
Scheubi88: bets $6
RaisemyNut$: folds
Uncalled bet ($6) returned to Scheubi88
Scheubi88 collected $11.76 from pot
Scheubi88: doesn't show hand
*** SUMMARY ***
Total pot $12 | Rake $0.24
Board [5s 7c 4s Js]
Seat 3: RaisemyNut$ (button) (small blind) folded on the Turn
Seat 6: Scheubi88 (big blind) collected ($11.76)


PokerStars Hand #164054602201:  Hold'em Limit ($3/$6 USD) - 2017/01/04 21:20:09 ET
Table 'Binomi' 6-max Seat #6 is the button
Seat 3: RaisemyNut$ ($469.56 in chips)
Seat 6: Scheubi88 ($54.98 in chips)
Scheubi88: posts small blind $1
RaisemyNut$: posts big blind $3
*** HOLE CARDS ***
Scheubi88: raises $3 to $6
RaisemyNut$: folds
Uncalled bet ($3) returned to Scheubi88
Scheubi88 collected $6 from pot
Scheubi88: doesn't show hand
*** SUMMARY ***
Total pot $6 | Rake $0
Seat 3: RaisemyNut$ (big blind) folded before Flop
Seat 6: Scheubi88 (button) (small blind) collected ($6)


PokerStars Hand #164054599126:  Hold'em Limit ($3/$6 USD) - 2017/01/04 21:20:03 ET
Table 'Binomi' 6-max Seat #3 is the button
Seat 3: RaisemyNut$ ($466.56 in chips)
Seat 6: Scheubi88 ($57.98 in chips)
RaisemyNut$: posts small blind $1
Scheubi88: posts big blind $3
*** HOLE CARDS ***
RaisemyNut$: raises $3 to $6
Scheubi88: folds
Uncalled bet ($3) returned to RaisemyNut$
RaisemyNut$ collected $6 from pot
RaisemyNut$: doesn't show hand
*** SUMMARY ***
Total pot $6 | Rake $0
Seat 3: RaisemyNut$ (button) (small blind) collected ($6)
Seat 6: Scheubi88 (big blind) folded before Flop


PokerStars Hand #164054642601:  Hold'em Limit ($3/$6 USD) - 2017/01/04 21:21:30 ET
Table 'Binomi' 6-max Seat #6 is the button
Seat 3: RaisemyNut$ ($471.82 in chips)
Seat 6: Scheubi88 ($51.14 in chips)
Scheubi88: posts small blind $1
RaisemyNut$: posts big blind $3
*** HOLE CARDS ***
Scheubi88: raises $3 to $6
RaisemyNut$: calls $3
*** FLOP *** [Kh 8h Jc]
RaisemyNut$: checks
Scheubi88: bets $3
RaisemyNut$: raises $3 to $6
Scheubi88: calls $3
*** TURN *** [Kh 8h Jc] [Kd]
RaisemyNut$: bets $6
Scheubi88: calls $6
*** RIVER *** [Kh 8h Jc Kd] [6s]
RaisemyNut$: bets $6
Scheubi88: calls $6
*** SHOW DOWN ***
RaisemyNut$: shows [Kc 2h] (three of a kind, Kings)
Scheubi88: mucks hand
RaisemyNut$ collected $47.50 from pot
*** SUMMARY ***
Total pot $48 | Rake $0.50
Board [Kh 8h Jc Kd 6s]
Seat 3: RaisemyNut$ (big blind) showed [Kc 2h] and won ($47.50) with three of a kind, Kings
Seat 6: Scheubi88 (button) (small blind) mucked


PokerStars Hand #164054633371:  Hold'em Limit ($3/$6 USD) - 2017/01/04 21:21:11 ET
Table 'Binomi' 6-max Seat #3 is the button
Seat 3: RaisemyNut$ ($480.82 in chips)
Seat 6: Scheubi88 ($42.50 in chips)
RaisemyNut$: posts small blind $1
Scheubi88: posts big blind $3
*** HOLE CARDS ***
RaisemyNut$: raises $3 to $6
Scheubi88: calls $3
*** FLOP *** [2s Td As]
Scheubi88: checks
RaisemyNut$: bets $3
Scheubi88: raises $3 to $6
RaisemyNut$: folds
Uncalled bet ($3) returned to Scheubi88
Scheubi88 collected $17.64 from pot
Scheubi88: doesn't show hand
*** SUMMARY ***
Total pot $18 | Rake $0.36
Board [2s Td As]
Seat 3: RaisemyNut$ (button) (small blind) folded on the Flop
Seat 6: Scheubi88 (big blind) collected ($17.64)


PokerStars Hand #164054625526:  Hold'em Limit ($3/$6 USD) - 2017/01/04 21:20:56 ET
Table 'Binomi' 6-max Seat #6 is the button
Seat 3: RaisemyNut$ ($486.82 in chips)
Seat 6: Scheubi88 ($36.74 in chips)
Scheubi88: posts small blind $1
RaisemyNut$: posts big blind $3
*** HOLE CARDS ***
Scheubi88: raises $3 to $6
RaisemyNut$: calls $3
*** FLOP *** [3h 4s 4h]
RaisemyNut$: checks
Scheubi88: bets $3
RaisemyNut$: folds
Uncalled bet ($3) returned to Scheubi88
Scheubi88 collected $11.76 from pot
Scheubi88: doesn't show hand
*** SUMMARY ***
Total pot $12 | Rake $0.24
Board [3h 4s 4h]
Seat 3: RaisemyNut$ (big blind) folded on the Flop
Seat 6: Scheubi88 (button) (small blind) collected ($11.76)


PokerStars Hand #164054682989:  Hold'em Limit ($3/$6 USD) - 2017/01/04 21:22:36 ET
Table 'Binomi' 6-max Seat #3 is the button
Seat 3: RaisemyNut$ ($500.96 in chips)
Seat 6: Scheubi88 ($80.50 in chips)
RaisemyNut$: posts small blind $1
Scheubi88: posts big blind $3
*** HOLE CARDS ***
RaisemyNut$: raises $3 to $6
Scheubi88: calls $3
*** FLOP *** [9c 6d 4h]
Scheubi88: checks
RaisemyNut$: bets $3
Scheubi88: folds
Uncalled bet ($3) returned to RaisemyNut$
RaisemyNut$ collected $11.76 from pot
RaisemyNut$: doesn't show hand
*** SUMMARY ***
Total pot $12 | Rake $0.24
Board [9c 6d 4h]
Seat 3: RaisemyNut$ (button) (small blind) collected ($11.76)
Seat 6: Scheubi88 (big blind) folded on the Flop


PokerStars Hand #164054666408:  Hold'em Limit ($3/$6 USD) - 2017/01/04 21:22:19 ET
Table 'Binomi' 6-max Seat #6 is the button
Seat 3: RaisemyNut$ ($521.96 in chips)
Seat 6: Scheubi88 ($60 in chips)
Scheubi88: posts small blind $1
RaisemyNut$: posts big blind $3
*** HOLE CARDS ***
Scheubi88: raises $3 to $6
RaisemyNut$: calls $3
*** FLOP *** [7h 6c 7c]
RaisemyNut$: checks
Scheubi88: bets $3
RaisemyNut$: raises $3 to $6
Scheubi88: raises $3 to $9
RaisemyNut$: calls $3
*** TURN *** [7h 6c 7c] [2d]
RaisemyNut$: checks
Scheubi88: checks
*** RIVER *** [7h 6c 7c 2d] [Kh]
kenny-yt joins the table at seat #2
RaisemyNut$: bets $6
Scheubi88: calls $6
*** SHOW DOWN ***
RaisemyNut$: shows [9h 5h] (a pair of Sevens)
Scheubi88: shows [4h 2s] (two pair, Sevens and Deuces)
Scheubi88 collected $41.50 from pot
*** SUMMARY ***
Total pot $42 | Rake $0.50
Board [7h 6c 7c 2d Kh]
Seat 3: RaisemyNut$ (big blind) showed [9h 5h] and lost with a pair of Sevens
Seat 6: Scheubi88 (button) (small blind) showed [4h 2s] and won ($41.50) with two pair, Sevens and Deuces


PokerStars Hand #164054658133:  Hold'em Limit ($3/$6 USD) - 2017/01/04 21:22:02 ET
Table 'Binomi' 6-max Seat #3 is the button
Seat 3: RaisemyNut$ ($495.32 in chips)
Seat 6: Scheubi88 ($27.14 in chips)
RaisemyNut$: posts small blind $1
Scheubi88: posts big blind $3
*** HOLE CARDS ***
RaisemyNut$: raises $3 to $6
Scheubi88: calls $3
*** FLOP *** [Ad Kc 8d]
Scheubi88: checks
RaisemyNut$: bets $3
Scheubi88: raises $3 to $6
RaisemyNut$: calls $3
*** TURN *** [Ad Kc 8d] [4s]
Scheubi88: bets $6
RaisemyNut$: calls $6
*** RIVER *** [Ad Kc 8d 4s] [7s]
Scheubi88: bets $6
RaisemyNut$: raises $6 to $12
Scheubi88: calls $3.14 and is all-in
Uncalled bet ($2.86) returned to RaisemyNut$
*** SHOW DOWN ***
RaisemyNut$: shows [7d 4d] (two pair, Sevens and Fours)
Scheubi88: shows [8s Td] (a pair of Eights)
RaisemyNut$ collected $53.78 from pot
*** SUMMARY ***
Total pot $54.28 | Rake $0.50
Board [Ad Kc 8d 4s 7s]
Seat 3: RaisemyNut$ (button) (small blind) showed [7d 4d] and won ($53.78) with two pair, Sevens and Fours
Seat 6: Scheubi88 (big blind) showed [8s Td] and lost with a pair of Eights


PokerStars Hand #164054733251:  Hold'em Limit ($3/$6 USD) - 2017/01/04 21:24:18 ET
Table 'Binomi' 6-max Seat #2 is the button
Seat 2: kenny-yt ($142.70 in chips)
Seat 3: RaisemyNut$ ($588.14 in chips)
kenny-yt: posts small blind $1
RaisemyNut$: posts big blind $3
*** HOLE CARDS ***
kenny-yt: raises $3 to $6
RaisemyNut$: raises $3 to $9
kenny-yt: calls $3
*** FLOP *** [6c 8h 3s]
RaisemyNut$: bets $3
kenny-yt: calls $3
*** TURN *** [6c 8h 3s] [8s]
RaisemyNut$: bets $6
kenny-yt: raises $6 to $12
RaisemyNut$: calls $6
*** RIVER *** [6c 8h 3s 8s] [5d]
RaisemyNut$: checks
kenny-yt: bets $6
RaisemyNut$: calls $6
*** SHOW DOWN ***
kenny-yt: shows [Qc 6s] (two pair, Eights and Sixes)
RaisemyNut$: mucks hand
kenny-yt collected $59.50 from pot
*** SUMMARY ***
Total pot $60 | Rake $0.50
Board [6c 8h 3s 8s 5d]
Seat 2: kenny-yt (button) (small blind) showed [Qc 6s] and won ($59.50) with two pair, Eights and Sixes
Seat 3: RaisemyNut$ (big blind) mucked


PokerStars Hand #164057277328:  Hold'em Limit ($3/$6 USD) - 2017/01/04 23:06:47 ET
Table 'Binomi' 6-max Seat #4 is the button
Seat 3: RaisemyNut$ ($759.37 in chips)
Seat 4: Lackys07 ($189.54 in chips)
Lackys07: posts small blind $1
beng_51: is sitting out
7moneymaster: is sitting out
RaisemyNut$: posts big blind $3
*** HOLE CARDS ***
Lackys07: raises $3 to $6
beng_51 leaves the table
RaisemyNut$: calls $3
*** FLOP *** [Jh 5s 5h]
RaisemyNut$: checks
7moneymaster leaves the table
Lackys07: bets $3
RaisemyNut$: raises $3 to $6
Lackys07: calls $3
*** TURN *** [Jh 5s 5h] [4c]
RaisemyNut$: bets $6
Lackys07: folds
Uncalled bet ($6) returned to RaisemyNut$
RaisemyNut$ collected $23.52 from pot
RaisemyNut$: doesn't show hand
*** SUMMARY ***
Total pot $24 | Rake $0.48
Board [Jh 5s 5h 4c]
Seat 3: RaisemyNut$ (big blind) collected ($23.52)
Seat 4: Lackys07 (button) (small blind) folded on the Turn


PokerStars Hand #164057285057:  Hold'em Limit ($3/$6 USD) - 2017/01/04 23:07:09 ET
Table 'Binomi' 6-max Seat #3 is the button
Seat 3: RaisemyNut$ ($770.89 in chips)
Seat 4: Lackys07 ($177.54 in chips)
RaisemyNut$: posts small blind $1
Lackys07: posts big blind $3
*** HOLE CARDS ***
RaisemyNut$: raises $3 to $6
Lackys07: calls $3
*** FLOP *** [8s 9d 4s]
Lackys07: checks
RaisemyNut$: bets $3
Lackys07: calls $3
*** TURN *** [8s 9d 4s] [Ts]
Lackys07: checks
RaisemyNut$: bets $6
Lackys07: raises $6 to $12
RaisemyNut$: calls $6
*** RIVER *** [8s 9d 4s Ts] [5s]
Lackys07: bets $6
RaisemyNut$: folds
Uncalled bet ($6) returned to Lackys07
Lackys07 collected $41.50 from pot
Lackys07: doesn't show hand
*** SUMMARY ***
Total pot $42 | Rake $0.50
Board [8s 9d 4s Ts 5s]
Seat 3: RaisemyNut$ (button) (small blind) folded on the River
Seat 4: Lackys07 (big blind) collected ($41.50)


PokerStars Hand #164057295771:  Hold'em Limit ($3/$6 USD) - 2017/01/04 23:07:40 ET
Table 'Binomi' 6-max Seat #3 is the button
Seat 3: RaisemyNut$ ($750.89 in chips)
Seat 4: Lackys07 ($197.04 in chips)
RaisemyNut$: posts small blind $1
Lackys07: posts big blind $3
*** HOLE CARDS ***
RaisemyNut$: folds
Uncalled bet ($2) returned to Lackys07
Lackys07 collected $2 from pot
Lackys07: doesn't show hand
*** SUMMARY ***
Total pot $2 | Rake $0
Seat 3: RaisemyNut$ (button) (small blind) folded before Flop
Seat 4: Lackys07 (big blind) collected ($2)


PokerStars Hand #164057294150:  Hold'em Limit ($3/$6 USD) - 2017/01/04 23:07:36 ET
Table 'Binomi' 6-max Seat #4 is the button
Seat 3: RaisemyNut$ ($749.89 in chips)
Seat 4: Lackys07 ($198.04 in chips)
Lackys07: posts small blind $1
RaisemyNut$: posts big blind $3
*** HOLE CARDS ***
Lackys07: folds
Uncalled bet ($2) returned to RaisemyNut$
RaisemyNut$ collected $2 from pot
RaisemyNut$: doesn't show hand
*** SUMMARY ***
Total pot $2 | Rake $0
Seat 3: RaisemyNut$ (big blind) collected ($2)
Seat 4: Lackys07 (button) (small blind) folded before Flop


PokerStars Hand #164057297639:  Hold'em Limit ($3/$6 USD) - 2017/01/04 23:07:46 ET
Table 'Binomi' 6-max Seat #4 is the button
Seat 3: RaisemyNut$ ($749.89 in chips)
Seat 4: Lackys07 ($198.04 in chips)
Lackys07: posts small blind $1
RaisemyNut$: posts big blind $3
*** HOLE CARDS ***
Lackys07: folds
Uncalled bet ($2) returned to RaisemyNut$
RaisemyNut$ collected $2 from pot
RaisemyNut$: doesn't show hand
*** SUMMARY ***
Total pot $2 | Rake $0
Seat 3: RaisemyNut$ (big blind) collected ($2)
Seat 4: Lackys07 (button) (small blind) folded before Flop


PokerStars Hand #164057299244:  Hold'em Limit ($3/$6 USD) - 2017/01/04 23:07:50 ET
Table 'Binomi' 6-max Seat #3 is the button
Seat 3: RaisemyNut$ ($750.89 in chips)
Seat 4: Lackys07 ($197.04 in chips)
RaisemyNut$: posts small blind $1
Lackys07: posts big blind $3
*** HOLE CARDS ***
RaisemyNut$: raises $3 to $6
Lackys07: raises $3 to $9
RaisemyNut$: calls $3
*** FLOP *** [6c 3c 5d]
Lackys07: bets $3
RaisemyNut$: raises $3 to $6
Lackys07: calls $3
*** TURN *** [6c 3c 5d] [5s]
Lackys07: checks
RaisemyNut$: bets $6
Lackys07: calls $6
*** RIVER *** [6c 3c 5d 5s] [Th]
Lackys07: checks
RaisemyNut$: bets $6
Lackys07: folds
Uncalled bet ($6) returned to RaisemyNut$
RaisemyNut$ collected $41.50 from pot
RaisemyNut$: doesn't show hand
*** SUMMARY ***
Total pot $42 | Rake $0.50
Board [6c 3c 5d 5s Th]
Seat 3: RaisemyNut$ (button) (small blind) collected ($41.50)
Seat 4: Lackys07 (big blind) folded on the River


PokerStars Hand #164057307675:  Hold'em Limit ($3/$6 USD) - 2017/01/04 23:08:15 ET
Table 'Binomi' 6-max Seat #4 is the button
Seat 3: RaisemyNut$ ($771.39 in chips)
Seat 4: Lackys07 ($176.04 in chips)
Lackys07: posts small blind $1
RaisemyNut$: posts big blind $3
*** HOLE CARDS ***
Lackys07: raises $3 to $6
RaisemyNut$: calls $3
*** FLOP *** [6c 5d 2c]
RaisemyNut$: checks
Lackys07: checks
*** TURN *** [6c 5d 2c] [5c]
RaisemyNut$: bets $6
Lackys07: raises $6 to $12
RaisemyNut$: calls $6
*** RIVER *** [6c 5d 2c 5c] [8c]
RaisemyNut$: checks
Lackys07: bets $6
RaisemyNut$: calls $6
*** SHOW DOWN ***
Lackys07: shows [Kc Qd] (a flush, King high)
RaisemyNut$: mucks hand
Lackys07 collected $47.50 from pot
*** SUMMARY ***
Total pot $48 | Rake $0.50
Board [6c 5d 2c 5c 8c]
Seat 3: RaisemyNut$ (big blind) mucked
Seat 4: Lackys07 (button) (small blind) showed [Kc Qd] and won ($47.50) with a flush, King high


PokerStars Hand #164057319273:  Hold'em Limit ($3/$6 USD) - 2017/01/04 23:08:49 ET
Table 'Binomi' 6-max Seat #4 is the button
Seat 3: RaisemyNut$ ($746.39 in chips)
Seat 4: Lackys07 ($200.54 in chips)
Lackys07: posts small blind $1
RaisemyNut$: posts big blind $3
*** HOLE CARDS ***
Lackys07: folds
Uncalled bet ($2) returned to RaisemyNut$
RaisemyNut$ collected $2 from pot
RaisemyNut$: doesn't show hand
*** SUMMARY ***
Total pot $2 | Rake $0
Seat 3: RaisemyNut$ (big blind) collected ($2)
Seat 4: Lackys07 (button) (small blind) folded before Flop


PokerStars Hand #164057317379:  Hold'em Limit ($3/$6 USD) - 2017/01/04 23:08:43 ET
Table 'Binomi' 6-max Seat #3 is the button
Seat 3: RaisemyNut$ ($747.39 in chips)
Seat 4: Lackys07 ($199.54 in chips)
RaisemyNut$: posts small blind $1
Lackys07: posts big blind $3
*** HOLE CARDS ***
RaisemyNut$: folds
Uncalled bet ($2) returned to Lackys07
Lackys07 collected $2 from pot
Lackys07: doesn't show hand
*** SUMMARY ***
Total pot $2 | Rake $0
Seat 3: RaisemyNut$ (button) (small blind) folded before Flop
Seat 4: Lackys07 (big blind) collected ($2)


PokerStars Hand #164057330751:  Hold'em Limit ($3/$6 USD) - 2017/01/04 23:09:22 ET
Table 'Binomi' 6-max Seat #3 is the button
Seat 3: RaisemyNut$ ($754.15 in chips)
Seat 4: Lackys07 ($192.54 in chips)
RaisemyNut$: posts small blind $1
Lackys07: posts big blind $3
*** HOLE CARDS ***
RaisemyNut$: raises $3 to $6
Lackys07: calls $3
*** FLOP *** [Qh 2c 3c]
Lackys07: checks
RaisemyNut$: bets $3
Lackys07: folds
Uncalled bet ($3) returned to RaisemyNut$
RaisemyNut$ collected $11.76 from pot
RaisemyNut$: doesn't show hand
*** SUMMARY ***
Total pot $12 | Rake $0.24
Board [Qh 2c 3c]
Seat 3: RaisemyNut$ (button) (small blind) collected ($11.76)
Seat 4: Lackys07 (big blind) folded on the Flop


PokerStars Hand #164057335091:  Hold'em Limit ($3/$6 USD) - 2017/01/04 23:09:35 ET
Table 'Binomi' 6-max Seat #4 is the button
Seat 3: RaisemyNut$ ($759.91 in chips)
Seat 4: Lackys07 ($186.54 in chips)
Lackys07: posts small blind $1
RaisemyNut$: posts big blind $3
*** HOLE CARDS ***
Lackys07: raises $3 to $6
RaisemyNut$: folds
Uncalled bet ($3) returned to Lackys07
Lackys07 collected $6 from pot
Lackys07: doesn't show hand
*** SUMMARY ***
Total pot $6 | Rake $0
Seat 3: RaisemyNut$ (big blind) folded before Flop
Seat 4: Lackys07 (button) (small blind) collected ($6)


PokerStars Hand #164057337489:  Hold'em Limit ($3/$6 USD) - 2017/01/04 23:09:41 ET
Table 'Binomi' 6-max Seat #3 is the button
Seat 3: RaisemyNut$ ($756.91 in chips)
Seat 4: Lackys07 ($189.54 in chips)
RaisemyNut$: posts small blind $1
Lackys07: posts big blind $3
*** HOLE CARDS ***
RaisemyNut$: raises $3 to $6
Lackys07: folds
Uncalled bet ($3) returned to RaisemyNut$
RaisemyNut$ collected $6 from pot
RaisemyNut$: doesn't show hand
*** SUMMARY ***
Total pot $6 | Rake $0
Seat 3: RaisemyNut$ (button) (small blind) collected ($6)
Seat 4: Lackys07 (big blind) folded before Flop


PokerStars Hand #164057329022:  Hold'em Limit ($3/$6 USD) - 2017/01/04 23:09:17 ET
Table 'Binomi' 6-max Seat #4 is the button
Seat 3: RaisemyNut$ ($753.15 in chips)
Seat 4: Lackys07 ($193.54 in chips)
Lackys07: posts small blind $1
RaisemyNut$: posts big blind $3
*** HOLE CARDS ***
Lackys07: folds
Uncalled bet ($2) returned to RaisemyNut$
RaisemyNut$ collected $2 from pot
RaisemyNut$: doesn't show hand
*** SUMMARY ***
Total pot $2 | Rake $0
Seat 3: RaisemyNut$ (big blind) collected ($2)
Seat 4: Lackys07 (button) (small blind) folded before Flop


PokerStars Hand #164057321173:  Hold'em Limit ($3/$6 USD) - 2017/01/04 23:08:54 ET
Table 'Binomi' 6-max Seat #3 is the button
Seat 3: RaisemyNut$ ($747.39 in chips)
Seat 4: Lackys07 ($199.54 in chips)
RaisemyNut$: posts small blind $1
Lackys07: posts big blind $3
*** HOLE CARDS ***
RaisemyNut$: raises $3 to $6
Lackys07: calls $3
*** FLOP *** [3h Jh 4d]
Lackys07: checks
RaisemyNut$: checks
*** TURN *** [3h Jh 4d] [As]
Lackys07: checks
RaisemyNut$: bets $6
Lackys07: folds
Uncalled bet ($6) returned to RaisemyNut$
RaisemyNut$ collected $11.76 from pot
RaisemyNut$: doesn't show hand
*** SUMMARY ***
Total pot $12 | Rake $0.24
Board [3h Jh 4d As]
Seat 3: RaisemyNut$ (button) (small blind) collected ($11.76)
Seat 4: Lackys07 (big blind) folded on the Turn


PokerStars Hand #164057347530:  Hold'em Limit ($3/$6 USD) - 2017/01/04 23:10:10 ET
Table 'Binomi' 6-max Seat #3 is the button
Seat 3: RaisemyNut$ ($759.79 in chips)
Seat 4: Lackys07 ($186.42 in chips)
RaisemyNut$: posts small blind $1
Lackys07: posts big blind $3
*** HOLE CARDS ***
RaisemyNut$: raises $3 to $6
Lackys07: calls $3
*** FLOP *** [5d Td Th]
Lackys07: checks
RaisemyNut$: bets $3
Lackys07: calls $3
*** TURN *** [5d Td Th] [9h]
Lackys07: checks
RaisemyNut$: bets $6
Lackys07: raises $6 to $12
RaisemyNut$: calls $6
*** RIVER *** [5d Td Th 9h] [Kd]
Lackys07: bets $6
RaisemyNut$: folds
Uncalled bet ($6) returned to Lackys07
Lackys07 collected $41.50 from pot
Lackys07: doesn't show hand
*** SUMMARY ***
Total pot $42 | Rake $0.50
Board [5d Td Th 9h Kd]
Seat 3: RaisemyNut$ (button) (small blind) folded on the River
Seat 4: Lackys07 (big blind) collected ($41.50)


PokerStars Hand #164057356678:  Hold'em Limit ($3/$6 USD) - 2017/01/04 23:10:37 ET
Table 'Binomi' 6-max Seat #4 is the button
Seat 3: RaisemyNut$ ($738.79 in chips)
Seat 4: Lackys07 ($206.92 in chips)
Lackys07: posts small blind $1
RaisemyNut$: posts big blind $3
*** HOLE CARDS ***
Lackys07: raises $3 to $6
RaisemyNut$: raises $3 to $9
Lackys07: calls $3
*** FLOP *** [Jh Ad 3h]
RaisemyNut$: bets $3
Lackys07: folds
Uncalled bet ($3) returned to RaisemyNut$
RaisemyNut$ collected $17.64 from pot
RaisemyNut$: doesn't show hand
*** SUMMARY ***
Total pot $18 | Rake $0.36
Board [Jh Ad 3h]
Seat 3: RaisemyNut$ (big blind) collected ($17.64)
Seat 4: Lackys07 (button) (small blind) folded on the Flop


PokerStars Hand #164057339742:  Hold'em Limit ($3/$6 USD) - 2017/01/04 23:09:48 ET
Table 'Binomi' 6-max Seat #4 is the button
Seat 3: RaisemyNut$ ($759.91 in chips)
Seat 4: Lackys07 ($186.54 in chips)
Lackys07: posts small blind $1
RaisemyNut$: posts big blind $3
*** HOLE CARDS ***
Lackys07: raises $3 to $6
RaisemyNut$: calls $3
*** FLOP *** [3h 9c 8d]
RaisemyNut$: checks
Lackys07: checks
*** TURN *** [3h 9c 8d] [Qs]
RaisemyNut$: checks
Lackys07: checks
*** RIVER *** [3h 9c 8d Qs] [Ac]
RaisemyNut$: checks
Lackys07: checks
*** SHOW DOWN ***
RaisemyNut$: shows [Jh 2h] (high card Ace)
Lackys07: shows [7d Js] (high card Ace)
RaisemyNut$ collected $5.88 from pot
Lackys07 collected $5.88 from pot
*** SUMMARY ***
Total pot $12 | Rake $0.24
Board [3h 9c 8d Qs Ac]
Seat 3: RaisemyNut$ (big blind) showed [Jh 2h] and won ($5.88) with high card Ace
Seat 4: Lackys07 (button) (small blind) showed [7d Js] and won ($5.88) with high card Ace


PokerStars Hand #164057376034:  Hold'em Limit ($3/$6 USD) - 2017/01/04 23:11:33 ET
Table 'Binomi' 6-max Seat #4 is the button
Seat 3: RaisemyNut$ ($722.43 in chips)
Seat 4: Lackys07 ($222.42 in chips)
Lackys07: posts small blind $1
RaisemyNut$: posts big blind $3
*** HOLE CARDS ***
Lackys07: folds
Uncalled bet ($2) returned to RaisemyNut$
RaisemyNut$ collected $2 from pot
RaisemyNut$: doesn't show hand
*** SUMMARY ***
Total pot $2 | Rake $0
Seat 3: RaisemyNut$ (big blind) collected ($2)
Seat 4: Lackys07 (button) (small blind) folded before Flop


PokerStars Hand #164057381612:  Hold'em Limit ($3/$6 USD) - 2017/01/04 23:11:49 ET
Table 'Binomi' 6-max Seat #4 is the button
Seat 3: RaisemyNut$ ($729.19 in chips)
Seat 4: Lackys07 ($215.42 in chips)
Lackys07: posts small blind $1
RaisemyNut$: posts big blind $3
*** HOLE CARDS ***
Lackys07: folds
Uncalled bet ($2) returned to RaisemyNut$
RaisemyNut$ collected $2 from pot
RaisemyNut$: doesn't show hand
*** SUMMARY ***
Total pot $2 | Rake $0
Seat 3: RaisemyNut$ (big blind) collected ($2)
Seat 4: Lackys07 (button) (small blind) folded before Flop


PokerStars Hand #164057377698:  Hold'em Limit ($3/$6 USD) - 2017/01/04 23:11:38 ET
Table 'Binomi' 6-max Seat #3 is the button
Seat 3: RaisemyNut$ ($723.43 in chips)
Seat 4: Lackys07 ($221.42 in chips)
RaisemyNut$: posts small blind $1
Lackys07: posts big blind $3
*** HOLE CARDS ***
RaisemyNut$: raises $3 to $6
Lackys07: calls $3
*** FLOP *** [8h Qd Ks]
Lackys07: checks
RaisemyNut$: bets $3
Lackys07: folds
Uncalled bet ($3) returned to RaisemyNut$
RaisemyNut$ collected $11.76 from pot
RaisemyNut$: doesn't show hand
*** SUMMARY ***
Total pot $12 | Rake $0.24
Board [8h Qd Ks]
Seat 3: RaisemyNut$ (button) (small blind) collected ($11.76)
Seat 4: Lackys07 (big blind) folded on the Flop


PokerStars Hand #164057370631:  Hold'em Limit ($3/$6 USD) - 2017/01/04 23:11:17 ET
Table 'Binomi' 6-max Seat #3 is the button
Seat 3: RaisemyNut$ ($723.43 in chips)
Seat 4: Lackys07 ($221.42 in chips)
RaisemyNut$: posts small blind $1
Lackys07: posts big blind $3
*** HOLE CARDS ***
RaisemyNut$: folds
Uncalled bet ($2) returned to Lackys07
Lackys07 collected $2 from pot
Lackys07: doesn't show hand
*** SUMMARY ***
Total pot $2 | Rake $0
Seat 3: RaisemyNut$ (button) (small blind) folded before Flop
Seat 4: Lackys07 (big blind) collected ($2)


PokerStars Hand #164057367774:  Hold'em Limit ($3/$6 USD) - 2017/01/04 23:11:09 ET
Table 'Binomi' 6-max Seat #4 is the button
Seat 3: RaisemyNut$ ($726.43 in chips)
Seat 4: Lackys07 ($218.42 in chips)
Lackys07: posts small blind $1
RaisemyNut$: posts big blind $3
*** HOLE CARDS ***
Lackys07: raises $3 to $6
RaisemyNut$: folds
Uncalled bet ($3) returned to Lackys07
Lackys07 collected $6 from pot
Lackys07: doesn't show hand
*** SUMMARY ***
Total pot $6 | Rake $0
Seat 3: RaisemyNut$ (big blind) folded before Flop
Seat 4: Lackys07 (button) (small blind) collected ($6)


PokerStars Hand #164057383375:  Hold'em Limit ($3/$6 USD) - 2017/01/04 23:11:54 ET
Table 'Binomi' 6-max Seat #3 is the button
Seat 3: RaisemyNut$ ($730.19 in chips)
Seat 4: Lackys07 ($214.42 in chips)
RaisemyNut$: posts small blind $1
Lackys07: posts big blind $3
*** HOLE CARDS ***
RaisemyNut$: raises $3 to $6
Lackys07: raises $3 to $9
RaisemyNut$: calls $3
*** FLOP *** [Ah Js 5h]
Lackys07: bets $3
RaisemyNut$: folds
Uncalled bet ($3) returned to Lackys07
Lackys07 collected $17.64 from pot
Lackys07: doesn't show hand
*** SUMMARY ***
Total pot $18 | Rake $0.36
Board [Ah Js 5h]
Seat 3: RaisemyNut$ (button) (small blind) folded on the Flop
Seat 4: Lackys07 (big blind) collected ($17.64)


PokerStars Hand #164057361072:  Hold'em Limit ($3/$6 USD) - 2017/01/04 23:10:50 ET
Table 'Binomi' 6-max Seat #3 is the button
Seat 3: RaisemyNut$ ($747.43 in chips)
Seat 4: Lackys07 ($197.92 in chips)
RaisemyNut$: posts small blind $1
Lackys07: posts big blind $3
*** HOLE CARDS ***
RaisemyNut$: raises $3 to $6
Lackys07: raises $3 to $9
RaisemyNut$: raises $3 to $12
Betting is capped
Lackys07: calls $3
*** FLOP *** [2c Qd 6s]
Lackys07: bets $3
RaisemyNut$: calls $3
*** TURN *** [2c Qd 6s] [Kh]
Lackys07: checks
RaisemyNut$: checks
*** RIVER *** [2c Qd 6s Kh] [Qc]
Lackys07: bets $6
RaisemyNut$: calls $6
*** SHOW DOWN ***
Lackys07: shows [Ts Th] (two pair, Queens and Tens)
RaisemyNut$: mucks hand
Lackys07 collected $41.50 from pot
*** SUMMARY ***
Total pot $42 | Rake $0.50
Board [2c Qd 6s Kh Qc]
Seat 3: RaisemyNut$ (button) (small blind) mucked
Seat 4: Lackys07 (big blind) showed [Ts Th] and won ($41.50) with two pair, Queens and Tens


PokerStars Hand #164057374386:  Hold'em Limit ($3/$6 USD) - 2017/01/04 23:11:28 ET
Table 'Binomi' 6-max Seat #3 is the button
Seat 3: RaisemyNut$ ($723.43 in chips)
Seat 4: Lackys07 ($221.42 in chips)
RaisemyNut$: posts small blind $1
Lackys07: posts big blind $3
*** HOLE CARDS ***
RaisemyNut$: folds
Uncalled bet ($2) returned to Lackys07
Lackys07 collected $2 from pot
Lackys07: doesn't show hand
*** SUMMARY ***
Total pot $2 | Rake $0
Seat 3: RaisemyNut$ (button) (small blind) folded before Flop
Seat 4: Lackys07 (big blind) collected ($2)


PokerStars Hand #164057372404:  Hold'em Limit ($3/$6 USD) - 2017/01/04 23:11:22 ET
Table 'Binomi' 6-max Seat #4 is the button
Seat 3: RaisemyNut$ ($722.43 in chips)
Seat 4: Lackys07 ($222.42 in chips)
Lackys07: posts small blind $1
RaisemyNut$: posts big blind $3
*** HOLE CARDS ***
Lackys07: folds
Uncalled bet ($2) returned to RaisemyNut$
RaisemyNut$ collected $2 from pot
RaisemyNut$: doesn't show hand
*** SUMMARY ***
Total pot $2 | Rake $0
Seat 3: RaisemyNut$ (big blind) collected ($2)
Seat 4: Lackys07 (button) (small blind) folded before Flop


PokerStars Hand #164057398751:  Hold'em Limit ($3/$6 USD) - 2017/01/04 23:12:39 ET
Table 'Binomi' 6-max Seat #4 is the button
Seat 3: RaisemyNut$ ($731.71 in chips)
Seat 4: Lackys07 ($212.06 in chips)
Lackys07: posts small blind $1
RaisemyNut$: posts big blind $3
*** HOLE CARDS ***
Lackys07: raises $3 to $6
RaisemyNut$: calls $3
*** FLOP *** [Ad 3d 9d]
RaisemyNut$: checks
Lackys07: bets $3
RaisemyNut$: raises $3 to $6
Lackys07: calls $3
*** TURN *** [Ad 3d 9d] [5d]
RaisemyNut$: bets $6
Lackys07: raises $6 to $12
RaisemyNut$: calls $6
*** RIVER *** [Ad 3d 9d 5d] [8c]
RaisemyNut$: checks
Lackys07: bets $6
RaisemyNut$: calls $6
*** SHOW DOWN ***
Lackys07: shows [Kd Ks] (a flush, Ace high)
RaisemyNut$: mucks hand
Lackys07 collected $59.50 from pot
*** SUMMARY ***
Total pot $60 | Rake $0.50
Board [Ad 3d 9d 5d 8c]
Seat 3: RaisemyNut$ (big blind) mucked
Seat 4: Lackys07 (button) (small blind) showed [Kd Ks] and won ($59.50) with a flush, Ace high


PokerStars Hand #164057396978:  Hold'em Limit ($3/$6 USD) - 2017/01/04 23:12:33 ET
Table 'Binomi' 6-max Seat #3 is the button
Seat 3: RaisemyNut$ ($732.71 in chips)
Seat 4: Lackys07 ($211.06 in chips)
RaisemyNut$: posts small blind $1
Lackys07: posts big blind $3
*** HOLE CARDS ***
RaisemyNut$: folds
Uncalled bet ($2) returned to Lackys07
Lackys07 collected $2 from pot
Lackys07: doesn't show hand
*** SUMMARY ***
Total pot $2 | Rake $0
Seat 3: RaisemyNut$ (button) (small blind) folded before Flop
Seat 4: Lackys07 (big blind) collected ($2)


PokerStars Hand #164057390679:  Hold'em Limit ($3/$6 USD) - 2017/01/04 23:12:15 ET
Table 'Binomi' 6-max Seat #4 is the button
Seat 3: RaisemyNut$ ($721.19 in chips)
Seat 4: Lackys07 ($223.06 in chips)
Lackys07: posts small blind $1
RaisemyNut$: posts big blind $3
*** HOLE CARDS ***
Lackys07: raises $3 to $6
RaisemyNut$: calls $3
*** FLOP *** [9c Tc 8h]
RaisemyNut$: checks
Lackys07: checks
*** TURN *** [9c Tc 8h] [5s]
RaisemyNut$: bets $6
Lackys07: calls $6
*** RIVER *** [9c Tc 8h 5s] [3h]
RaisemyNut$: bets $6
Lackys07: folds
Uncalled bet ($6) returned to RaisemyNut$
RaisemyNut$ collected $23.52 from pot
RaisemyNut$: doesn't show hand
*** SUMMARY ***
Total pot $24 | Rake $0.48
Board [9c Tc 8h 5s 3h]
Seat 3: RaisemyNut$ (big blind) collected ($23.52)
Seat 4: Lackys07 (button) (small blind) folded on the River


PokerStars Hand #164057388940:  Hold'em Limit ($3/$6 USD) - 2017/01/04 23:12:10 ET
Table 'Binomi' 6-max Seat #3 is the button
Seat 3: RaisemyNut$ ($722.19 in chips)
Seat 4: Lackys07 ($222.06 in chips)
RaisemyNut$: posts small blind $1
Lackys07: posts big blind $3
*** HOLE CARDS ***
RaisemyNut$: folds
Uncalled bet ($2) returned to Lackys07
Lackys07 collected $2 from pot
Lackys07: doesn't show hand
*** SUMMARY ***
Total pot $2 | Rake $0
Seat 3: RaisemyNut$ (button) (small blind) folded before Flop
Seat 4: Lackys07 (big blind) collected ($2)


PokerStars Hand #164057387051:  Hold'em Limit ($3/$6 USD) - 2017/01/04 23:12:04 ET
Table 'Binomi' 6-max Seat #4 is the button
Seat 3: RaisemyNut$ ($721.19 in chips)
Seat 4: Lackys07 ($223.06 in chips)
Lackys07: posts small blind $1
RaisemyNut$: posts big blind $3
*** HOLE CARDS ***
Lackys07: folds
Uncalled bet ($2) returned to RaisemyNut$
RaisemyNut$ collected $2 from pot
RaisemyNut$: doesn't show hand
*** SUMMARY ***
Total pot $2 | Rake $0
Seat 3: RaisemyNut$ (big blind) collected ($2)
Seat 4: Lackys07 (button) (small blind) folded before Flop


PokerStars Hand #164057418333:  Hold'em Limit ($3/$6 USD) - 2017/01/04 23:13:37 ET
Table 'Binomi' 6-max Seat #3 is the button
Seat 3: RaisemyNut$ ($705.47 in chips)
Seat 4: Lackys07 ($237.32 in chips)
RaisemyNut$: posts small blind $1
Lackys07: posts big blind $3
*** HOLE CARDS ***
RaisemyNut$: raises $3 to $6
Lackys07: raises $3 to $9
RaisemyNut$: calls $3
*** FLOP *** [2h Ad 4c]
Lackys07: bets $3
RaisemyNut$: folds
Uncalled bet ($3) returned to Lackys07
Lackys07 collected $17.64 from pot
Lackys07: doesn't show hand
*** SUMMARY ***
Total pot $18 | Rake $0.36
Board [2h Ad 4c]
Seat 3: RaisemyNut$ (button) (small blind) folded on the Flop
Seat 4: Lackys07 (big blind) collected ($17.64)


PokerStars Hand #164057414214:  Hold'em Limit ($3/$6 USD) - 2017/01/04 23:13:24 ET
Table 'Binomi' 6-max Seat #4 is the button
Seat 3: RaisemyNut$ ($711.47 in chips)
Seat 4: Lackys07 ($231.56 in chips)
Lackys07: posts small blind $1
RaisemyNut$: posts big blind $3
*** HOLE CARDS ***
Lackys07: raises $3 to $6
RaisemyNut$: calls $3
*** FLOP *** [8h Kc 3c]
RaisemyNut$: checks
Lackys07: bets $3
RaisemyNut$: folds
Uncalled bet ($3) returned to Lackys07
Lackys07 collected $11.76 from pot
Lackys07: doesn't show hand
*** SUMMARY ***
Total pot $12 | Rake $0.24
Board [8h Kc 3c]
Seat 3: RaisemyNut$ (big blind) folded on the Flop
Seat 4: Lackys07 (button) (small blind) collected ($11.76)


PokerStars Hand #164057411758:  Hold'em Limit ($3/$6 USD) - 2017/01/04 23:13:17 ET
Table 'Binomi' 6-max Seat #3 is the button
Seat 3: RaisemyNut$ ($708.47 in chips)
Seat 4: Lackys07 ($234.56 in chips)
RaisemyNut$: posts small blind $1
Lackys07: posts big blind $3
*** HOLE CARDS ***
RaisemyNut$: raises $3 to $6
Lackys07: folds
Uncalled bet ($3) returned to RaisemyNut$
RaisemyNut$ collected $6 from pot
RaisemyNut$: doesn't show hand
*** SUMMARY ***
Total pot $6 | Rake $0
Seat 3: RaisemyNut$ (button) (small blind) collected ($6)
Seat 4: Lackys07 (big blind) folded before Flop


PokerStars Hand #164057410058:  Hold'em Limit ($3/$6 USD) - 2017/01/04 23:13:12 ET
Table 'Binomi' 6-max Seat #4 is the button
Seat 3: RaisemyNut$ ($707.47 in chips)
Seat 4: Lackys07 ($235.56 in chips)
Lackys07: posts small blind $1
RaisemyNut$: posts big blind $3
*** HOLE CARDS ***
Lackys07: folds
Uncalled bet ($2) returned to RaisemyNut$
RaisemyNut$ collected $2 from pot
RaisemyNut$: doesn't show hand
*** SUMMARY ***
Total pot $2 | Rake $0
Seat 3: RaisemyNut$ (big blind) collected ($2)
Seat 4: Lackys07 (button) (small blind) folded before Flop


PokerStars Hand #164057406112:  Hold'em Limit ($3/$6 USD) - 2017/01/04 23:13:00 ET
Table 'Binomi' 6-max Seat #3 is the button
Seat 3: RaisemyNut$ ($701.71 in chips)
Seat 4: Lackys07 ($241.56 in chips)
RaisemyNut$: posts small blind $1
Lackys07: posts big blind $3
*** HOLE CARDS ***
RaisemyNut$: raises $3 to $6
Lackys07: calls $3
*** FLOP *** [3h 4s 2d]
Lackys07: checks
RaisemyNut$: bets $3
Lackys07: folds
Uncalled bet ($3) returned to RaisemyNut$
RaisemyNut$ collected $11.76 from pot
RaisemyNut$: doesn't show hand
*** SUMMARY ***
Total pot $12 | Rake $0.24
Board [3h 4s 2d]
Seat 3: RaisemyNut$ (button) (small blind) collected ($11.76)
Seat 4: Lackys07 (big blind) folded on the Flop


PokerStars Hand #164057430715:  Hold'em Limit ($3/$6 USD) - 2017/01/04 23:14:13 ET
Table 'Binomi' 6-max Seat #3 is the button
Seat 3: RaisemyNut$ ($731.97 in chips)
Seat 4: Lackys07 ($209.96 in chips)
RaisemyNut$: posts small blind $1
Lackys07: posts big blind $3
*** HOLE CARDS ***
RaisemyNut$: raises $3 to $6
Lackys07: raises $3 to $9
RaisemyNut$: calls $3
*** FLOP *** [Ad 5c 9s]
Lackys07: bets $3
RaisemyNut$: folds
Uncalled bet ($3) returned to Lackys07
Lackys07 collected $17.64 from pot
Lackys07: doesn't show hand
*** SUMMARY ***
Total pot $18 | Rake $0.36
Board [Ad 5c 9s]
Seat 3: RaisemyNut$ (button) (small blind) folded on the Flop
Seat 4: Lackys07 (big blind) collected ($17.64)


PokerStars Hand #164057422646:  Hold'em Limit ($3/$6 USD) - 2017/01/04 23:13:49 ET
Table 'Binomi' 6-max Seat #4 is the button
Seat 3: RaisemyNut$ ($696.47 in chips)
Seat 4: Lackys07 ($245.96 in chips)
Lackys07: posts small blind $1
RaisemyNut$: posts big blind $3
*** HOLE CARDS ***
Lackys07: raises $3 to $6
RaisemyNut$: calls $3
*** FLOP *** [4c Tc 7h]
RaisemyNut$: checks
Lackys07: bets $3
RaisemyNut$: raises $3 to $6
Lackys07: calls $3
*** TURN *** [4c Tc 7h] [7c]
RaisemyNut$: bets $6
Lackys07: raises $6 to $12
RaisemyNut$: raises $6 to $18
Lackys07: calls $6
*** RIVER *** [4c Tc 7h 7c] [Ah]
RaisemyNut$: bets $6
Lackys07: calls $6
*** SHOW DOWN ***
RaisemyNut$: shows [Th 7d] (a full house, Sevens full of Tens)
Lackys07: mucks hand
RaisemyNut$ collected $71.50 from pot
*** SUMMARY ***
Total pot $72 | Rake $0.50
Board [4c Tc 7h 7c Ah]
Seat 3: RaisemyNut$ (big blind) showed [Th 7d] and won ($71.50) with a full house, Sevens full of Tens
Seat 4: Lackys07 (button) (small blind) mucked


PokerStars Hand #164062581542:  Hold'em Limit ($3/$6 USD) - 2017/01/05 4:12:19 ET
Table 'Binomi' 6-max Seat #1 is the button
Seat 1: rascal_319 ($96.89 in chips)
Seat 4: Icecold ($57.89 in chips)
rascal_319: posts small blind $1
Bueffel said, "pokerstars liebt und hilft den russen!"
Icecold: posts big blind $3
*** HOLE CARDS ***
rascal_319: raises $3 to $6
Icecold: calls $3
*** FLOP *** [Ac Kc 3h]
Icecold: checks
rascal_319: bets $3
Icecold: raises $3 to $6
rascal_319: calls $3
*** TURN *** [Ac Kc 3h] [7c]
Icecold: bets $6
rascal_319: calls $6
*** RIVER *** [Ac Kc 3h 7c] [8s]
Ale4o leaves the table
Icecold: bets $6
rascal_319: calls $6
*** SHOW DOWN ***
Icecold: shows [5c 4h] (high card Ace)
rascal_319: shows [5h Ah] (a pair of Aces)
rascal_319 collected $47.50 from pot
*** SUMMARY ***
Total pot $48 | Rake $0.50
Board [Ac Kc 3h 7c 8s]
Seat 1: rascal_319 (button) (small blind) showed [5h Ah] and won ($47.50) with a pair of Aces
Seat 4: Icecold (big blind) showed [5c 4h] and lost with high card Ace


PokerStars Hand #164062597732:  Hold'em Limit ($3/$6 USD) - 2017/01/05 4:13:04 ET
Table 'Binomi' 6-max Seat #4 is the button
Seat 1: rascal_319 ($102.39 in chips)
Seat 4: Icecold ($51.17 in chips)
Icecold: posts small blind $1
rascal_319: posts big blind $3
*** HOLE CARDS ***
Icecold: raises $3 to $6
rascal_319: calls $3
*** FLOP *** [Ks 6c Ts]
rascal_319: checks
Icecold: checks
*** TURN *** [Ks 6c Ts] [4s]
rascal_319: bets $6
Icecold: folds
Uncalled bet ($6) returned to rascal_319
Icecold leaves the table
rascal_319 collected $11.76 from pot
rascal_319: doesn't show hand
*** SUMMARY ***
Total pot $12 | Rake $0.24
Board [Ks 6c Ts 4s]
Seat 1: rascal_319 (big blind) collected ($11.76)
Seat 4: Icecold (button) (small blind) folded on the Turn


PokerStars Hand #164062593388:  Hold'em Limit ($3/$6 USD) - 2017/01/05 4:12:52 ET
Table 'Binomi' 6-max Seat #1 is the button
Seat 1: rascal_319 ($108.39 in chips)
Seat 4: Icecold ($45.41 in chips)
rascal_319: posts small blind $1
Icecold: posts big blind $3
*** HOLE CARDS ***
rascal_319: raises $3 to $6
Icecold: calls $3
*** FLOP *** [2c 4c Qc]
Icecold: checks
rascal_319: checks
*** TURN *** [2c 4c Qc] [8d]
Icecold: bets $6
rascal_319: folds
Uncalled bet ($6) returned to Icecold
Icecold collected $11.76 from pot
*** SUMMARY ***
Total pot $12 | Rake $0.24
Board [2c 4c Qc 8d]
Seat 1: rascal_319 (button) (small blind) folded on the Turn
Seat 4: Icecold (big blind) collected ($11.76)


PokerStars Hand #164062588182:  Hold'em Limit ($3/$6 USD) - 2017/01/05 4:12:37 ET
Table 'Binomi' 6-max Seat #4 is the button
Seat 1: rascal_319 ($120.39 in chips)
Seat 4: Icecold ($33.89 in chips)
Icecold: posts small blind $1
rascal_319: posts big blind $3
*** HOLE CARDS ***
Icecold: raises $3 to $6
Bueffel leaves the table
rascal_319: calls $3
*** FLOP *** [Ks 9d 4d]
rascal_319: checks
Icecold: checks
*** TURN *** [Ks 9d 4d] [Ac]
rascal_319: checks
Icecold: checks
*** RIVER *** [Ks 9d 4d Ac] [6s]
rascal_319: bets $6
Icecold: calls $6
*** SHOW DOWN ***
rascal_319: shows [6c 7d] (a pair of Sixes)
Icecold: shows [6d Qh] (a pair of Sixes - Ace+King+Queen kicker)
Icecold collected $23.52 from pot
*** SUMMARY ***
Total pot $24 | Rake $0.48
Board [Ks 9d 4d Ac 6s]
Seat 1: rascal_319 (big blind) showed [6c 7d] and lost with a pair of Sixes
Seat 4: Icecold (button) (small blind) showed [6d Qh] and won ($23.52) with a pair of Sixes


