PokerStars Hand #147510416913:  Hold'em Limit ($3/$6 USD) - 2016/01/22 19:38:53 ET
Table 'Bistro' 6-max Seat #3 is the button
Seat 3: Brama Br ($120 in chips)
Seat 4: AzureCaper ($72 in chips)
Brama Br: posts small blind $1
AzureCaper: posts big blind $3
*** HOLE CARDS ***
Brama Br: raises $3 to $6
AzureCaper: folds
Uncalled bet ($3) returned to Brama Br
Brama Br collected $6 from pot
Brama Br: doesn't show hand
*** SUMMARY ***
Total pot $6 | Rake $0
Seat 3: Brama Br (button) (small blind) collected ($6)
Seat 4: AzureCaper (big blind) folded before Flop


PokerStars Hand #147510462396:  Hold'em Limit ($3/$6 USD) - 2016/01/22 19:39:58 ET
Table 'Bistro' 6-max Seat #3 is the button
Seat 3: Brama Br ($117 in chips)
Seat 4: AzureCaper ($77.76 in chips)
Brama Br: posts small blind $1
AzureCaper: posts big blind $3
*** HOLE CARDS ***
Brama Br: folds
Uncalled bet ($2) returned to AzureCaper
AzureCaper collected $2 from pot
*** SUMMARY ***
Total pot $2 | Rake $0
Seat 3: Brama Br (button) (small blind) folded before Flop
Seat 4: AzureCaper (big blind) collected ($2)


PokerStars Hand #147510425902:  Hold'em Limit ($3/$6 USD) - 2016/01/22 19:39:06 ET
Table 'Bistro' 6-max Seat #4 is the button
Seat 3: Brama Br ($123 in chips)
Seat 4: AzureCaper ($72 in chips)
AzureCaper: posts small blind $1
Brama Br: posts big blind $3
*** HOLE CARDS ***
AzureCaper: raises $3 to $6
LukaSteel joins the table at seat #5
Brama Br: calls $3
*** FLOP *** [7h 2d 8h]
Brama Br: checks
AzureCaper: bets $3
Brama Br: folds
Uncalled bet ($3) returned to AzureCaper
AzureCaper collected $11.76 from pot
AzureCaper: doesn't show hand
*** SUMMARY ***
Total pot $12 | Rake $0.24
Board [7h 2d 8h]
Seat 3: Brama Br (big blind) folded on the Flop
Seat 4: AzureCaper (button) (small blind) collected ($11.76)


PokerStars Hand #147511429562:  Hold'em Limit ($3/$6 USD) - 2016/01/22 20:05:09 ET
Table 'Bistro' 6-max Seat #5 is the button
Seat 2: CaolilaH2O ($174.83 in chips)
Seat 5: LukaSteel ($120 in chips)
LukaSteel: posts small blind $1
CaolilaH2O: posts big blind $3
*** HOLE CARDS ***
LukaSteel: folds
Uncalled bet ($2) returned to CaolilaH2O
CaolilaH2O collected $2 from pot
*** SUMMARY ***
Total pot $2 | Rake $0
Seat 2: CaolilaH2O (big blind) collected ($2)
Seat 5: LukaSteel (button) (small blind) folded before Flop


PokerStars Hand #147511425438:  Hold'em Limit ($3/$6 USD) - 2016/01/22 20:05:03 ET
Table 'Bistro' 6-max Seat #2 is the button
Seat 2: CaolilaH2O ($171.83 in chips)
Seat 5: LukaSteel ($120 in chips)
CaolilaH2O: posts small blind $1
LukaSteel: posts big blind $3
*** HOLE CARDS ***
CaolilaH2O: raises $3 to $6
LukaSteel: folds
Uncalled bet ($3) returned to CaolilaH2O
CaolilaH2O collected $6 from pot
*** SUMMARY ***
Total pot $6 | Rake $0
Seat 2: CaolilaH2O (button) (small blind) collected ($6)
Seat 5: LukaSteel (big blind) folded before Flop


PokerStars Hand #147511433142:  Hold'em Limit ($3/$6 USD) - 2016/01/22 20:05:15 ET
Table 'Bistro' 6-max Seat #2 is the button
Seat 2: CaolilaH2O ($175.83 in chips)
Seat 5: LukaSteel ($120 in chips)
CaolilaH2O: posts small blind $1
LukaSteel: posts big blind $3
*** HOLE CARDS ***
CaolilaH2O: raises $3 to $6
LukaSteel: raises $3 to $9
CaolilaH2O: raises $3 to $12
Betting is capped
LukaSteel: calls $3
*** FLOP *** [As Qc 3c]
LukaSteel: checks
CaolilaH2O: bets $3
LukaSteel: calls $3
*** TURN *** [As Qc 3c] [Jd]
LukaSteel: checks
CaolilaH2O: bets $6
LukaSteel: raises $6 to $12
CaolilaH2O: folds
Uncalled bet ($6) returned to LukaSteel
LukaSteel collected $41.50 from pot
LukaSteel: doesn't show hand
*** SUMMARY ***
Total pot $42 | Rake $0.50
Board [As Qc 3c Jd]
Seat 2: CaolilaH2O (button) (small blind) folded on the Turn
Seat 5: LukaSteel (big blind) collected ($41.50)


