PokerStars Hand #150068547848:  Hold'em Limit ($3/$6 USD) - 2016/03/09 2:05:50 ET
Table 'Bistro' 10-max Seat #2 is the button
Seat 2: agentbond007 ($120 in chips)
Seat 7: VolkovDmitri ($120 in chips)
agentbond007: posts small blind $1
VolkovDmitri: posts big blind $3
*** HOLE CARDS ***
agentbond007: raises $3 to $6
VolkovDmitri: calls $3
*** FLOP *** [8h 5h Ad]
VolkovDmitri: checks
agentbond007: bets $3
VolkovDmitri: calls $3
*** TURN *** [8h 5h Ad] [2s]
VolkovDmitri: checks
agentbond007: checks
*** RIVER *** [8h 5h Ad 2s] [Kd]
VolkovDmitri: checks
agentbond007: bets $6
VolkovDmitri: folds
Uncalled bet ($6) returned to agentbond007
agentbond007 collected $17.64 from pot
agentbond007: doesn't show hand
*** SUMMARY ***
Total pot $18 | Rake $0.36
Board [8h 5h Ad 2s Kd]
Seat 2: agentbond007 (button) (small blind) collected ($17.64)
Seat 7: VolkovDmitri (big blind) folded on the River


PokerStars Hand #150068570388:  Hold'em Limit ($3/$6 USD) - 2016/03/09 2:07:15 ET
Table 'Bistro' 10-max Seat #2 is the button
Seat 2: agentbond007 ($130.28 in chips)
Seat 7: VolkovDmitri ($120 in chips)
agentbond007: posts small blind $1
VolkovDmitri: posts big blind $3
*** HOLE CARDS ***
agentbond007: folds
Uncalled bet ($2) returned to VolkovDmitri
VolkovDmitri collected $2 from pot
VolkovDmitri: doesn't show hand
*** SUMMARY ***
Total pot $2 | Rake $0
Seat 2: agentbond007 (button) (small blind) folded before Flop
Seat 7: VolkovDmitri (big blind) collected ($2)


PokerStars Hand #150068562200:  Hold'em Limit ($3/$6 USD) - 2016/03/09 2:06:44 ET
Table 'Bistro' 10-max Seat #7 is the button
Seat 2: agentbond007 ($121.64 in chips)
Seat 7: VolkovDmitri ($126.76 in chips)
VolkovDmitri: posts small blind $1
agentbond007: posts big blind $3
*** HOLE CARDS ***
VolkovDmitri: raises $3 to $6
agentbond007: raises $3 to $9
VolkovDmitri: calls $3
*** FLOP *** [6d 7c 9s]
agentbond007: checks
VolkovDmitri: checks
*** TURN *** [6d 7c 9s] [Jh]
agentbond007: bets $6
VolkovDmitri: folds
Uncalled bet ($6) returned to agentbond007
agentbond007 collected $17.64 from pot
agentbond007: doesn't show hand
*** SUMMARY ***
Total pot $18 | Rake $0.36
Board [6d 7c 9s Jh]
Seat 2: agentbond007 (big blind) collected ($17.64)
Seat 7: VolkovDmitri (button) (small blind) folded on the Turn


PokerStars Hand #150068556606:  Hold'em Limit ($3/$6 USD) - 2016/03/09 2:06:23 ET
Table 'Bistro' 10-max Seat #7 is the button
Seat 2: agentbond007 ($128.64 in chips)
Seat 7: VolkovDmitri ($120 in chips)
VolkovDmitri: posts small blind $1
agentbond007: posts big blind $3
*** HOLE CARDS ***
VolkovDmitri: raises $3 to $6
agentbond007: calls $3
*** FLOP *** [Th Kh 7d]
agentbond007: checks
VolkovDmitri: bets $3
agentbond007: folds
Uncalled bet ($3) returned to VolkovDmitri
VolkovDmitri collected $11.76 from pot
VolkovDmitri: doesn't show hand
*** SUMMARY ***
Total pot $12 | Rake $0.24
Board [Th Kh 7d]
Seat 2: agentbond007 (big blind) folded on the Flop
Seat 7: VolkovDmitri (button) (small blind) collected ($11.76)


PokerStars Hand #150068573713:  Hold'em Limit ($3/$6 USD) - 2016/03/09 2:07:28 ET
Table 'Bistro' 10-max Seat #2 is the button
Seat 2: agentbond007 ($126.28 in chips)
Seat 7: VolkovDmitri ($124 in chips)
agentbond007: posts small blind $1
VolkovDmitri: posts big blind $3
*** HOLE CARDS ***
agentbond007: raises $3 to $6
VolkovDmitri: calls $3
*** FLOP *** [Qc Js Ks]
VolkovDmitri: checks
agentbond007: bets $3
VolkovDmitri: calls $3
*** TURN *** [Qc Js Ks] [8s]
VolkovDmitri: bets $6
agentbond007: calls $6
*** RIVER *** [Qc Js Ks 8s] [4s]
VolkovDmitri: bets $6
agentbond007: folds
Uncalled bet ($6) returned to VolkovDmitri
VolkovDmitri collected $29.50 from pot
VolkovDmitri: doesn't show hand
*** SUMMARY ***
Total pot $30 | Rake $0.50
Board [Qc Js Ks 8s 4s]
Seat 2: agentbond007 (button) (small blind) folded on the River
Seat 7: VolkovDmitri (big blind) collected ($29.50)


PokerStars Hand #150068571720:  Hold'em Limit ($3/$6 USD) - 2016/03/09 2:07:20 ET
Table 'Bistro' 10-max Seat #7 is the button
Seat 2: agentbond007 ($129.28 in chips)
Seat 7: VolkovDmitri ($121 in chips)
VolkovDmitri: posts small blind $1
agentbond007: posts big blind $3
*** HOLE CARDS ***
VolkovDmitri: raises $3 to $6
agentbond007: folds
Uncalled bet ($3) returned to VolkovDmitri
VolkovDmitri collected $6 from pot
VolkovDmitri: doesn't show hand
*** SUMMARY ***
Total pot $6 | Rake $0
Seat 2: agentbond007 (big blind) folded before Flop
Seat 7: VolkovDmitri (button) (small blind) collected ($6)


PokerStars Hand #150068602175:  Hold'em Limit ($3/$6 USD) - 2016/03/09 2:09:14 ET
Table 'Bistro' 10-max Seat #2 is the button
Seat 2: agentbond007 ($115.92 in chips)
Seat 7: VolkovDmitri ($133.50 in chips)
agentbond007: posts small blind $1
VolkovDmitri: posts big blind $3
*** HOLE CARDS ***
agentbond007: raises $3 to $6
VolkovDmitri: folds
Uncalled bet ($3) returned to agentbond007
agentbond007 collected $6 from pot
agentbond007: doesn't show hand
*** SUMMARY ***
Total pot $6 | Rake $0
Seat 2: agentbond007 (button) (small blind) collected ($6)
Seat 7: VolkovDmitri (big blind) folded before Flop


PokerStars Hand #150068591620:  Hold'em Limit ($3/$6 USD) - 2016/03/09 2:08:34 ET
Table 'Bistro' 10-max Seat #7 is the button
Seat 2: agentbond007 ($107.28 in chips)
Seat 7: VolkovDmitri ($142.50 in chips)
VolkovDmitri: posts small blind $1
agentbond007: posts big blind $3
*** HOLE CARDS ***
VolkovDmitri: raises $3 to $6
agentbond007: calls $3
*** FLOP *** [9s Td Ah]
agentbond007: checks
VolkovDmitri: bets $3
agentbond007: calls $3
*** TURN *** [9s Td Ah] [6s]
agentbond007: checks
VolkovDmitri: checks
*** RIVER *** [9s Td Ah 6s] [Jc]
agentbond007: checks
VolkovDmitri: checks
*** SHOW DOWN ***
agentbond007: shows [Ts Qc] (a pair of Tens)
VolkovDmitri: mucks hand
agentbond007 collected $17.64 from pot
*** SUMMARY ***
Total pot $18 | Rake $0.36
Board [9s Td Ah 6s Jc]
Seat 2: agentbond007 (big blind) showed [Ts Qc] and won ($17.64) with a pair of Tens
Seat 7: VolkovDmitri (button) (small blind) mucked


PokerStars Hand #150068590290:  Hold'em Limit ($3/$6 USD) - 2016/03/09 2:08:29 ET
Table 'Bistro' 10-max Seat #2 is the button
Seat 2: agentbond007 ($108.28 in chips)
Seat 7: VolkovDmitri ($141.50 in chips)
agentbond007: posts small blind $1
VolkovDmitri: posts big blind $3
*** HOLE CARDS ***
agentbond007: folds
Uncalled bet ($2) returned to VolkovDmitri
VolkovDmitri collected $2 from pot
VolkovDmitri: doesn't show hand
*** SUMMARY ***
Total pot $2 | Rake $0
Seat 2: agentbond007 (button) (small blind) folded before Flop
Seat 7: VolkovDmitri (big blind) collected ($2)


PokerStars Hand #150068584941:  Hold'em Limit ($3/$6 USD) - 2016/03/09 2:08:10 ET
Table 'Bistro' 10-max Seat #7 is the button
Seat 2: agentbond007 ($111.28 in chips)
Seat 7: VolkovDmitri ($138.50 in chips)
VolkovDmitri: posts small blind $1
agentbond007: posts big blind $3
*** HOLE CARDS ***
VolkovDmitri: raises $3 to $6
agentbond007: folds
Uncalled bet ($3) returned to VolkovDmitri
VolkovDmitri collected $6 from pot
VolkovDmitri: doesn't show hand
*** SUMMARY ***
Total pot $6 | Rake $0
Seat 2: agentbond007 (big blind) folded before Flop
Seat 7: VolkovDmitri (button) (small blind) collected ($6)


PokerStars Hand #150068605098:  Hold'em Limit ($3/$6 USD) - 2016/03/09 2:09:24 ET
Table 'Bistro' 10-max Seat #7 is the button
Seat 2: agentbond007 ($118.92 in chips)
Seat 7: VolkovDmitri ($130.50 in chips)
VolkovDmitri: posts small blind $1
agentbond007: posts big blind $3
*** HOLE CARDS ***
VolkovDmitri: raises $3 to $6
agentbond007: folds
Uncalled bet ($3) returned to VolkovDmitri
VolkovDmitri collected $6 from pot
VolkovDmitri: doesn't show hand
*** SUMMARY ***
Total pot $6 | Rake $0
Seat 2: agentbond007 (big blind) folded before Flop
Seat 7: VolkovDmitri (button) (small blind) collected ($6)


PokerStars Hand #150068611155:  Hold'em Limit ($3/$6 USD) - 2016/03/09 2:09:47 ET
Table 'Bistro' 10-max Seat #7 is the button
Seat 2: agentbond007 ($121.68 in chips)
Seat 7: VolkovDmitri ($127.50 in chips)
VolkovDmitri: posts small blind $1
agentbond007: posts big blind $3
*** HOLE CARDS ***
VolkovDmitri: raises $3 to $6
agentbond007: folds
Uncalled bet ($3) returned to VolkovDmitri
VolkovDmitri collected $6 from pot
VolkovDmitri: doesn't show hand
*** SUMMARY ***
Total pot $6 | Rake $0
Seat 2: agentbond007 (big blind) folded before Flop
Seat 7: VolkovDmitri (button) (small blind) collected ($6)


PokerStars Hand #150068607125:  Hold'em Limit ($3/$6 USD) - 2016/03/09 2:09:32 ET
Table 'Bistro' 10-max Seat #2 is the button
Seat 2: agentbond007 ($115.92 in chips)
Seat 7: VolkovDmitri ($133.50 in chips)
agentbond007: posts small blind $1
VolkovDmitri: posts big blind $3
*** HOLE CARDS ***
agentbond007: raises $3 to $6
VolkovDmitri: calls $3
*** FLOP *** [5h 7d Ah]
VolkovDmitri: checks
agentbond007: bets $3
VolkovDmitri: folds
Uncalled bet ($3) returned to agentbond007
agentbond007 collected $11.76 from pot
agentbond007: doesn't show hand
*** SUMMARY ***
Total pot $12 | Rake $0.24
Board [5h 7d Ah]
Seat 2: agentbond007 (button) (small blind) collected ($11.76)
Seat 7: VolkovDmitri (big blind) folded on the Flop


PokerStars Hand #150068616839:  Hold'em Limit ($3/$6 USD) - 2016/03/09 2:10:08 ET
Table 'Bistro' 10-max Seat #2 is the button
Seat 2: agentbond007 ($118.68 in chips)
Seat 7: VolkovDmitri ($130.50 in chips)
agentbond007: posts small blind $1
VolkovDmitri: posts big blind $3
*** HOLE CARDS ***
agentbond007: raises $3 to $6
VolkovDmitri: calls $3
*** FLOP *** [7h 5h 6h]
VolkovDmitri: checks
agentbond007: checks
*** TURN *** [7h 5h 6h] [5s]
VolkovDmitri: checks
agentbond007: bets $6
VolkovDmitri: folds
Uncalled bet ($6) returned to agentbond007
agentbond007 collected $11.76 from pot
agentbond007: doesn't show hand
*** SUMMARY ***
Total pot $12 | Rake $0.24
Board [7h 5h 6h 5s]
Seat 2: agentbond007 (button) (small blind) collected ($11.76)
Seat 7: VolkovDmitri (big blind) folded on the Turn


PokerStars Hand #150068623196:  Hold'em Limit ($3/$6 USD) - 2016/03/09 2:10:31 ET
Table 'Bistro' 10-max Seat #7 is the button
Seat 2: agentbond007 ($124.44 in chips)
Seat 7: VolkovDmitri ($124.50 in chips)
VolkovDmitri: posts small blind $1
agentbond007: posts big blind $3
*** HOLE CARDS ***
VolkovDmitri: raises $3 to $6
agentbond007: raises $3 to $9
VolkovDmitri: calls $3
*** FLOP *** [As Kd Kc]
agentbond007: bets $3
VolkovDmitri: calls $3
*** TURN *** [As Kd Kc] [4h]
agentbond007: checks
VolkovDmitri: checks
*** RIVER *** [As Kd Kc 4h] [2d]
agentbond007: checks
VolkovDmitri: bets $6
agentbond007: calls $6
*** SHOW DOWN ***
VolkovDmitri: shows [2c 2h] (a full house, Deuces full of Kings)
agentbond007: mucks hand
VolkovDmitri collected $35.50 from pot
*** SUMMARY ***
Total pot $36 | Rake $0.50
Board [As Kd Kc 4h 2d]
Seat 2: agentbond007 (big blind) mucked
Seat 7: VolkovDmitri (button) (small blind) showed [2c 2h] and won ($35.50) with a full house, Deuces full of Kings


PokerStars Hand #150068638125:  Hold'em Limit ($3/$6 USD) - 2016/03/09 2:11:26 ET
Table 'Bistro' 10-max Seat #2 is the button
Seat 2: agentbond007 ($106.44 in chips)
Seat 7: VolkovDmitri ($142 in chips)
agentbond007: posts small blind $1
VolkovDmitri: posts big blind $3
*** HOLE CARDS ***
agentbond007: raises $3 to $6
VolkovDmitri: folds
Uncalled bet ($3) returned to agentbond007
agentbond007 collected $6 from pot
agentbond007: doesn't show hand
*** SUMMARY ***
Total pot $6 | Rake $0
Seat 2: agentbond007 (button) (small blind) collected ($6)
Seat 7: VolkovDmitri (big blind) folded before Flop


PokerStars Hand #150068654991:  Hold'em Limit ($3/$6 USD) - 2016/03/09 2:12:28 ET
Table 'Bistro' 10-max Seat #2 is the button
Seat 2: agentbond007 ($79.44 in chips)
Seat 7: VolkovDmitri ($168.50 in chips)
agentbond007: posts small blind $1
VolkovDmitri: posts big blind $3
*** HOLE CARDS ***
agentbond007: raises $3 to $6
VolkovDmitri: calls $3
*** FLOP *** [7d 9d 3d]
VolkovDmitri: bets $3
agentbond007: calls $3
*** TURN *** [7d 9d 3d] [9s]
VolkovDmitri: bets $6
agentbond007: calls $6
*** RIVER *** [7d 9d 3d 9s] [7c]
VolkovDmitri: bets $6
agentbond007: calls $6
*** SHOW DOWN ***
VolkovDmitri: shows [7s Qs] (a full house, Sevens full of Nines)
agentbond007: mucks hand
VolkovDmitri collected $41.50 from pot
*** SUMMARY ***
Total pot $42 | Rake $0.50
Board [7d 9d 3d 9s 7c]
Seat 2: agentbond007 (button) (small blind) mucked
Seat 7: VolkovDmitri (big blind) showed [7s Qs] and won ($41.50) with a full house, Sevens full of Nines


PokerStars Hand #150068641882:  Hold'em Limit ($3/$6 USD) - 2016/03/09 2:11:40 ET
Table 'Bistro' 10-max Seat #7 is the button
Seat 2: agentbond007 ($109.44 in chips)
Seat 7: VolkovDmitri ($139 in chips)
VolkovDmitri: posts small blind $1
agentbond007: posts big blind $3
*** HOLE CARDS ***
VolkovDmitri: raises $3 to $6
agentbond007: raises $3 to $9
VolkovDmitri: calls $3
*** FLOP *** [2s 4s Ks]
agentbond007: bets $3
VolkovDmitri: calls $3
*** TURN *** [2s 4s Ks] [3h]
agentbond007: bets $6
VolkovDmitri: raises $6 to $12
agentbond007: calls $6
*** RIVER *** [2s 4s Ks 3h] [6h]
agentbond007: checks
VolkovDmitri: bets $6
agentbond007: calls $6
*** SHOW DOWN ***
VolkovDmitri: shows [3s 3d] (three of a kind, Threes)
agentbond007: mucks hand
VolkovDmitri collected $59.50 from pot
*** SUMMARY ***
Total pot $60 | Rake $0.50
Board [2s 4s Ks 3h 6h]
Seat 2: agentbond007 (big blind) mucked
Seat 7: VolkovDmitri (button) (small blind) showed [3s 3d] and won ($59.50) with three of a kind, Threes


PokerStars Hand #150068669096:  Hold'em Limit ($3/$6 USD) - 2016/03/09 2:13:20 ET
Table 'Bistro' 10-max Seat #7 is the button
Seat 2: agentbond007 ($58.44 in chips)
Seat 7: VolkovDmitri ($189 in chips)
VolkovDmitri: posts small blind $1
agentbond007: posts big blind $3
*** HOLE CARDS ***
VolkovDmitri: raises $3 to $6
agentbond007: folds
Uncalled bet ($3) returned to VolkovDmitri
VolkovDmitri collected $6 from pot
VolkovDmitri: doesn't show hand
*** SUMMARY ***
Total pot $6 | Rake $0
Seat 2: agentbond007 (big blind) folded before Flop
Seat 7: VolkovDmitri (button) (small blind) collected ($6)


