PokerStars Hand #163145474336:  Hold'em Limit ($3/$6 USD) - 2016/12/18 12:56:27 ET
Table 'Bitias II' 6-max Seat #5 is the button
Seat 3: ZinZar ($77.76 in chips)
Seat 5: jacobkimm ($112.28 in chips)
jacobkimm: posts small blind $1
ZinZar: posts big blind $3
*** HOLE CARDS ***
jacobkimm: raises $3 to $6
ZinZar: folds
Uncalled bet ($3) returned to jacobkimm
jacobkimm collected $6 from pot
*** SUMMARY ***
Total pot $6 | Rake $0
Seat 3: ZinZar (big blind) folded before Flop
Seat 5: jacobkimm (button) (small blind) collected ($6)


PokerStars Hand #163145464404:  Hold'em Limit ($3/$6 USD) - 2016/12/18 12:56:13 ET
Table 'Bitias II' 6-max Seat #3 is the button
Seat 3: ZinZar ($72 in chips)
Seat 5: jacobkimm ($118.28 in chips)
ZinZar: posts small blind $1
jacobkimm: posts big blind $3
*** HOLE CARDS ***
ZinZar: raises $3 to $6
jacobkimm: calls $3
*** FLOP *** [5d Kh 8d]
jacobkimm: checks
ZinZar: bets $3
jacobkimm: folds
Uncalled bet ($3) returned to ZinZar
ZinZar collected $11.76 from pot
ZinZar: doesn't show hand
*** SUMMARY ***
Total pot $12 | Rake $0.24
Board [5d Kh 8d]
Seat 3: ZinZar (button) (small blind) collected ($11.76)
Seat 5: jacobkimm (big blind) folded on the Flop


PokerStars Hand #163145458187:  Hold'em Limit ($3/$6 USD) - 2016/12/18 12:56:05 ET
Table 'Bitias II' 6-max Seat #5 is the button
Seat 3: ZinZar ($74.64 in chips)
Seat 5: jacobkimm ($115.28 in chips)
jacobkimm: posts small blind $1
ZinZar: posts big blind $3
*** HOLE CARDS ***
jacobkimm: raises $3 to $6
ZinZar: folds
Uncalled bet ($3) returned to jacobkimm
jacobkimm collected $6 from pot
*** SUMMARY ***
Total pot $6 | Rake $0
Seat 3: ZinZar (big blind) folded before Flop
Seat 5: jacobkimm (button) (small blind) collected ($6)


PokerStars Hand #163145453242:  Hold'em Limit ($3/$6 USD) - 2016/12/18 12:55:58 ET
Table 'Bitias II' 6-max Seat #3 is the button
Seat 3: ZinZar ($75.64 in chips)
Seat 5: jacobkimm ($114.28 in chips)
ZinZar: posts small blind $1
jacobkimm: posts big blind $3
*** HOLE CARDS ***
ZinZar: folds
Uncalled bet ($2) returned to jacobkimm
jacobkimm collected $2 from pot
*** SUMMARY ***
Total pot $2 | Rake $0
Seat 3: ZinZar (button) (small blind) folded before Flop
Seat 5: jacobkimm (big blind) collected ($2)


PokerStars Hand #163145447794:  Hold'em Limit ($3/$6 USD) - 2016/12/18 12:55:51 ET
Table 'Bitias II' 6-max Seat #5 is the button
Seat 3: ZinZar ($74.64 in chips)
Seat 5: jacobkimm ($115.28 in chips)
jacobkimm: posts small blind $1
boony444: is sitting out
ZinZar: posts big blind $3
*** HOLE CARDS ***
jacobkimm: folds
Uncalled bet ($2) returned to ZinZar
boony444 leaves the table
ZinZar collected $2 from pot
ZinZar: doesn't show hand
*** SUMMARY ***
Total pot $2 | Rake $0
Seat 3: ZinZar (big blind) collected ($2)
Seat 5: jacobkimm (button) (small blind) folded before Flop


PokerStars Hand #163145481619:  Hold'em Limit ($3/$6 USD) - 2016/12/18 12:56:36 ET
Table 'Bitias II' 6-max Seat #3 is the button
Seat 3: ZinZar ($74.76 in chips)
Seat 5: jacobkimm ($115.28 in chips)
ZinZar: posts small blind $1
jacobkimm: posts big blind $3
*** HOLE CARDS ***
ZinZar: raises $3 to $6
jacobkimm: folds
Uncalled bet ($3) returned to ZinZar
ZinZar collected $6 from pot
ZinZar: doesn't show hand
*** SUMMARY ***
Total pot $6 | Rake $0
Seat 3: ZinZar (button) (small blind) collected ($6)
Seat 5: jacobkimm (big blind) folded before Flop


PokerStars Hand #163145485769:  Hold'em Limit ($3/$6 USD) - 2016/12/18 12:56:42 ET
Table 'Bitias II' 6-max Seat #5 is the button
Seat 3: ZinZar ($77.76 in chips)
Seat 5: jacobkimm ($112.28 in chips)
jacobkimm: posts small blind $1
ABATAPP was removed from the table for failing to post
ZinZar: posts big blind $3
*** HOLE CARDS ***
jacobkimm: raises $3 to $6
ZinZar: folds
Uncalled bet ($3) returned to jacobkimm
jacobkimm collected $6 from pot
*** SUMMARY ***
Total pot $6 | Rake $0
Seat 3: ZinZar (big blind) folded before Flop
Seat 5: jacobkimm (button) (small blind) collected ($6)


PokerStars Hand #163145493245:  Hold'em Limit ($3/$6 USD) - 2016/12/18 12:56:52 ET
Table 'Bitias II' 6-max Seat #3 is the button
Seat 3: ZinZar ($74.76 in chips)
Seat 5: jacobkimm ($115.28 in chips)
ZinZar: posts small blind $1
jacobkimm: posts big blind $3
*** HOLE CARDS ***
ZinZar: raises $3 to $6
jacobkimm: folds
Uncalled bet ($3) returned to ZinZar
ZinZar collected $6 from pot
ZinZar: doesn't show hand
*** SUMMARY ***
Total pot $6 | Rake $0
Seat 3: ZinZar (button) (small blind) collected ($6)
Seat 5: jacobkimm (big blind) folded before Flop


PokerStars Hand #163145500319:  Hold'em Limit ($3/$6 USD) - 2016/12/18 12:57:02 ET
Table 'Bitias II' 6-max Seat #5 is the button
Seat 3: ZinZar ($77.76 in chips)
Seat 5: jacobkimm ($112.28 in chips)
jacobkimm: posts small blind $1
O>_Fu_<O was removed from the table for failing to post
ZinZar: posts big blind $3
*** HOLE CARDS ***
jacobkimm: raises $3 to $6
ZinZar: raises $3 to $9
jacobkimm: calls $3
*** FLOP *** [4c Ks 8d]
ZinZar: bets $3
jacobkimm: calls $3
*** TURN *** [4c Ks 8d] [Qs]
ZinZar: bets $6
jacobkimm: raises $6 to $12
ZinZar: calls $6
*** RIVER *** [4c Ks 8d Qs] [2d]
ZinZar: checks
jacobkimm: bets $6
ZinZar: calls $6
*** SHOW DOWN ***
jacobkimm: shows [Ad Th] (high card Ace)
ZinZar: shows [Js Kc] (a pair of Kings)
ZinZar collected $59.50 from pot
*** SUMMARY ***
Total pot $60 | Rake $0.50
Board [4c Ks 8d Qs 2d]
Seat 3: ZinZar (big blind) showed [Js Kc] and won ($59.50) with a pair of Kings
Seat 5: jacobkimm (button) (small blind) showed [Ad Th] and lost with high card Ace


PokerStars Hand #163145559103:  Hold'em Limit ($3/$6 USD) - 2016/12/18 12:58:20 ET
Table 'Bitias II' 6-max Seat #5 is the button
Seat 3: ZinZar ($136.76 in chips)
Seat 5: jacobkimm ($52.28 in chips)
jacobkimm: posts small blind $1
ZinZar: posts big blind $3
*** HOLE CARDS ***
jacobkimm: folds
Uncalled bet ($2) returned to ZinZar
ZinZar collected $2 from pot
ZinZar: doesn't show hand
*** SUMMARY ***
Total pot $2 | Rake $0
Seat 3: ZinZar (big blind) collected ($2)
Seat 5: jacobkimm (button) (small blind) folded before Flop


PokerStars Hand #163145529323:  Hold'em Limit ($3/$6 USD) - 2016/12/18 12:57:40 ET
Table 'Bitias II' 6-max Seat #3 is the button
Seat 3: ZinZar ($107.26 in chips)
Seat 5: jacobkimm ($82.28 in chips)
ZinZar: posts small blind $1
Widegermany was removed from the table for failing to post
jacobkimm: posts big blind $3
*** HOLE CARDS ***
ZinZar: raises $3 to $6
jacobkimm: calls $3
*** FLOP *** [9h Qs 8d]
jacobkimm: checks
ZinZar: bets $3
jacobkimm: raises $3 to $6
ZinZar: calls $3
*** TURN *** [9h Qs 8d] [7d]
jacobkimm: bets $6
ZinZar: calls $6
*** RIVER *** [9h Qs 8d 7d] [5h]
jacobkimm: bets $6
ZinZar: raises $6 to $12
jacobkimm: calls $6
*** SHOW DOWN ***
ZinZar: shows [Qh 6c] (a straight, Five to Nine)
jacobkimm: mucks hand
ZinZar collected $59.50 from pot
*** SUMMARY ***
Total pot $60 | Rake $0.50
Board [9h Qs 8d 7d 5h]
Seat 3: ZinZar (button) (small blind) showed [Qh 6c] and won ($59.50) with a straight, Five to Nine
Seat 5: jacobkimm (big blind) mucked


