PokerStars Hand #149120265530:  Hold'em Limit ($3/$6 USD) - 2016/02/20 10:35:53 ET
Table 'Blaauw II' 6-max Seat #1 is the button
Seat 1: HAL9QQQ ($208.43 in chips)
Seat 6: aless284 ($168.15 in chips)
HAL9QQQ: posts small blind $1
s1gfree: is sitting out
B_loJkl: is sitting out
aless284: posts big blind $3
*** HOLE CARDS ***
HAL9QQQ: raises $3 to $6
aless284: folds
Uncalled bet ($3) returned to HAL9QQQ
HAL9QQQ collected $6 from pot
HAL9QQQ: doesn't show hand
*** SUMMARY ***
Total pot $6 | Rake $0
Seat 1: HAL9QQQ (button) (small blind) collected ($6)
Seat 6: aless284 (big blind) folded before Flop


PokerStars Hand #149121167189:  Hold'em Limit ($3/$6 USD) - 2016/02/20 10:53:39 ET
Table 'Blaauw II' 6-max Seat #3 is the button
Seat 3: boarcastle ($114 in chips)
Seat 6: SmellyToes4u ($61.76 in chips)
boarcastle: posts small blind $1
SmellyToes4u: posts big blind $3
*** HOLE CARDS ***
boarcastle: raises $3 to $6
SmellyToes4u: raises $3 to $9
boarcastle: calls $3
*** FLOP *** [7d Kd 7c]
SmellyToes4u: bets $3
boarcastle: folds
Uncalled bet ($3) returned to SmellyToes4u
SmellyToes4u collected $17.64 from pot
SmellyToes4u: doesn't show hand
*** SUMMARY ***
Total pot $18 | Rake $0.36
Board [7d Kd 7c]
Seat 3: boarcastle (button) (small blind) folded on the Flop
Seat 6: SmellyToes4u (big blind) collected ($17.64)


PokerStars Hand #149121186383:  Hold'em Limit ($3/$6 USD) - 2016/02/20 10:54:02 ET
Table 'Blaauw II' 6-max Seat #3 is the button
Seat 3: boarcastle ($99 in chips)
Seat 6: SmellyToes4u ($76.16 in chips)
boarcastle: posts small blind $1
SmellyToes4u: posts big blind $3
*** HOLE CARDS ***
nbk111719 joins the table at seat #2
boarcastle: raises $3 to $6
SmellyToes4u: calls $3
*** FLOP *** [6s 6d 9h]
SmellyToes4u: checks
boarcastle: bets $3
SmellyToes4u: calls $3
*** TURN *** [6s 6d 9h] [2c]
SmellyToes4u: checks
boarcastle: bets $6
SmellyToes4u: calls $6
*** RIVER *** [6s 6d 9h 2c] [8s]
SmellyToes4u: checks
boarcastle: checks
*** SHOW DOWN ***
SmellyToes4u: shows [7d Ks] (a pair of Sixes)
boarcastle: shows [Jc 2s] (two pair, Sixes and Deuces)
s1gfree joins the table at seat #1
boarcastle collected $29.50 from pot
*** SUMMARY ***
Total pot $30 | Rake $0.50
Board [6s 6d 9h 2c 8s]
Seat 3: boarcastle (button) (small blind) showed [Jc 2s] and won ($29.50) with two pair, Sixes and Deuces
Seat 6: SmellyToes4u (big blind) showed [7d Ks] and lost with a pair of Sixes


PokerStars Hand #149121178840:  Hold'em Limit ($3/$6 USD) - 2016/02/20 10:53:53 ET
Table 'Blaauw II' 6-max Seat #6 is the button
Seat 3: boarcastle ($105 in chips)
Seat 6: SmellyToes4u ($70.40 in chips)
SmellyToes4u: posts small blind $1
boarcastle: posts big blind $3
*** HOLE CARDS ***
SmellyToes4u: raises $3 to $6
boarcastle: calls $3
*** FLOP *** [Ts 8h 2c]
boarcastle: checks
SmellyToes4u: bets $3
boarcastle: folds
Uncalled bet ($3) returned to SmellyToes4u
SmellyToes4u collected $11.76 from pot
SmellyToes4u: doesn't show hand
*** SUMMARY ***
Total pot $12 | Rake $0.24
Board [Ts 8h 2c]
Seat 3: boarcastle (big blind) folded on the Flop
Seat 6: SmellyToes4u (button) (small blind) collected ($11.76)


PokerStars Hand #149124168491:  Hold'em Limit ($3/$6 USD) - 2016/02/20 11:49:53 ET
Table 'Blaauw II' 6-max Seat #6 is the button
Seat 4: Mordnilap ($141.83 in chips)
Seat 6: Tibidear ($73.35 in chips)
Tibidear: posts small blind $1
Mordnilap: posts big blind $3
*** HOLE CARDS ***
Tibidear: raises $3 to $6
Mordnilap: folds
Uncalled bet ($3) returned to Tibidear
Tibidear collected $6 from pot
*** SUMMARY ***
Total pot $6 | Rake $0
Seat 4: Mordnilap (big blind) folded before Flop
Seat 6: Tibidear (button) (small blind) collected ($6)


PokerStars Hand #149124143472:  Hold'em Limit ($3/$6 USD) - 2016/02/20 11:49:25 ET
Table 'Blaauw II' 6-max Seat #4 is the button
Seat 4: Mordnilap ($142.08 in chips)
Seat 6: Tibidear ($73.60 in chips)
Mordnilap: posts small blind $1
Tibidear: posts big blind $3
*** HOLE CARDS ***
Mordnilap: raises $3 to $6
Tibidear: raises $3 to $9
Mordnilap: calls $3
*** FLOP *** [2c Qh 7d]
Tibidear: bets $3
Mordnilap: calls $3
*** TURN *** [2c Qh 7d] [Qs]
Tibidear: bets $6
Mordnilap: calls $6
*** RIVER *** [2c Qh 7d Qs] [Tc]
Tibidear: checks
Mordnilap: bets $6
Tibidear: calls $6
*** SHOW DOWN ***
Mordnilap: shows [Ad 7h] (two pair, Queens and Sevens)
Tibidear: shows [Ac 7c] (two pair, Queens and Sevens)
Tibidear collected $23.75 from pot
Mordnilap collected $23.75 from pot
*** SUMMARY ***
Total pot $48 | Rake $0.50
Board [2c Qh 7d Qs Tc]
Seat 4: Mordnilap (button) (small blind) showed [Ad 7h] and won ($23.75) with two pair, Queens and Sevens
Seat 6: Tibidear (big blind) showed [Ac 7c] and won ($23.75) with two pair, Queens and Sevens


PokerStars Hand #149124175827:  Hold'em Limit ($3/$6 USD) - 2016/02/20 11:50:01 ET
Table 'Blaauw II' 6-max Seat #4 is the button
Seat 4: Mordnilap ($138.83 in chips)
Seat 6: Tibidear ($76.35 in chips)
Mordnilap: posts small blind $1
Tibidear: posts big blind $3
*** HOLE CARDS ***
Mordnilap: raises $3 to $6
Tibidear: raises $3 to $9
Mordnilap: calls $3
*** FLOP *** [Ks 2c Js]
Tibidear: bets $3
Mordnilap: calls $3
*** TURN *** [Ks 2c Js] [5h]
Tibidear: bets $6
Mordnilap: calls $6
*** RIVER *** [Ks 2c Js 5h] [6h]
Tibidear: bets $6
Mordnilap: calls $6
*** SHOW DOWN ***
Tibidear: shows [Ad 5s] (a pair of Fives)
Mordnilap: mucks hand
Tibidear collected $47.50 from pot
*** SUMMARY ***
Total pot $48 | Rake $0.50
Board [Ks 2c Js 5h 6h]
Seat 4: Mordnilap (button) (small blind) mucked
Seat 6: Tibidear (big blind) showed [Ad 5s] and won ($47.50) with a pair of Fives


