PokerStars Hand #168552405920:  Hold'em Limit ($3/$6 USD) - 2017/04/04 2:32:11 ET
Table 'Blarney' 6-max Seat #1 is the button
Seat 1: LifeisagameX ($84 in chips)
Seat 2: anebodil ($90 in chips)
LifeisagameX: posts small blind $1
anebodil: posts big blind $3
*** HOLE CARDS ***
LifeisagameX: raises $3 to $6
anebodil: calls $3
*** FLOP *** [9d Kd 3s]
anebodil: checks
LifeisagameX: bets $3
anebodil: calls $3
*** TURN *** [9d Kd 3s] [Kh]
anebodil: bets $6
LifeisagameX: calls $6
*** RIVER *** [9d Kd 3s Kh] [6c]
anebodil: bets $6
LifeisagameX: calls $6
*** SHOW DOWN ***
anebodil: shows [6s Jd] (two pair, Kings and Sixes)
LifeisagameX: mucks hand
anebodil collected $41.50 from pot
*** SUMMARY ***
Total pot $42 | Rake $0.50
Board [9d Kd 3s Kh 6c]
Seat 1: LifeisagameX (button) (small blind) mucked
Seat 2: anebodil (big blind) showed [6s Jd] and won ($41.50) with two pair, Kings and Sixes


PokerStars Hand #168552420693:  Hold'em Limit ($3/$6 USD) - 2017/04/04 2:33:07 ET
Table 'Blarney' 6-max Seat #2 is the button
Seat 1: LifeisagameX ($84 in chips)
Seat 2: anebodil ($110.50 in chips)
anebodil: posts small blind $1
LifeisagameX: posts big blind $3
*** HOLE CARDS ***
anebodil: calls $2
LifeisagameX: raises $3 to $6
anebodil: calls $3
*** FLOP *** [6s Jc 4s]
LifeisagameX: bets $3
anebodil: calls $3
*** TURN *** [6s Jc 4s] [8c]
LifeisagameX: checks
anebodil: bets $6
LifeisagameX: calls $6
*** RIVER *** [6s Jc 4s 8c] [5s]
LifeisagameX: checks
anebodil: bets $6
LifeisagameX: calls $6
*** SHOW DOWN ***
anebodil: shows [8d 7h] (a straight, Four to Eight)
LifeisagameX: mucks hand
anebodil collected $41.50 from pot
*** SUMMARY ***
Total pot $42 | Rake $0.50
Board [6s Jc 4s 8c 5s]
Seat 1: LifeisagameX (big blind) mucked
Seat 2: anebodil (button) (small blind) showed [8d 7h] and won ($41.50) with a straight, Four to Eight


PokerStars Hand #168552434361:  Hold'em Limit ($3/$6 USD) - 2017/04/04 2:33:59 ET
Table 'Blarney' 6-max Seat #1 is the button
Seat 1: LifeisagameX ($84 in chips)
Seat 2: anebodil ($131 in chips)
LifeisagameX: posts small blind $1
anebodil: posts big blind $3
*** HOLE CARDS ***
LifeisagameX: raises $3 to $6
anebodil: calls $3
*** FLOP *** [2s 7s 7h]
anebodil: bets $3
LifeisagameX: calls $3
*** TURN *** [2s 7s 7h] [Jc]
anebodil: bets $6
LifeisagameX: folds
Uncalled bet ($6) returned to anebodil
anebodil collected $17.64 from pot
*** SUMMARY ***
Total pot $18 | Rake $0.36
Board [2s 7s 7h Jc]
Seat 1: LifeisagameX (button) (small blind) folded on the Turn
Seat 2: anebodil (big blind) collected ($17.64)


PokerStars Hand #168552447789:  Hold'em Limit ($3/$6 USD) - 2017/04/04 2:34:50 ET
Table 'Blarney' 6-max Seat #2 is the button
Seat 1: LifeisagameX ($84 in chips)
Seat 2: anebodil ($139.64 in chips)
anebodil: posts small blind $1
LifeisagameX: posts big blind $3
*** HOLE CARDS ***
anebodil: raises $3 to $6
LifeisagameX: calls $3
*** FLOP *** [Js 7d Kc]
LifeisagameX: checks
anebodil: bets $3
LifeisagameX: folds
Uncalled bet ($3) returned to anebodil
anebodil collected $11.76 from pot
*** SUMMARY ***
Total pot $12 | Rake $0.24
Board [Js 7d Kc]
Seat 1: LifeisagameX (big blind) folded on the Flop
Seat 2: anebodil (button) (small blind) collected ($11.76)


PokerStars Hand #168552457738:  Hold'em Limit ($3/$6 USD) - 2017/04/04 2:35:28 ET
Table 'Blarney' 6-max Seat #1 is the button
Seat 1: LifeisagameX ($84 in chips)
Seat 2: anebodil ($145.40 in chips)
LifeisagameX: posts small blind $1
anebodil: posts big blind $3
*** HOLE CARDS ***
LifeisagameX: raises $3 to $6
anebodil: calls $3
*** FLOP *** [Js 2c Kd]
anebodil: checks
LifeisagameX: checks
*** TURN *** [Js 2c Kd] [Tc]
anebodil: bets $6
LifeisagameX: raises $6 to $12
anebodil: calls $6
*** RIVER *** [Js 2c Kd Tc] [5s]
anebodil: checks
LifeisagameX: checks
*** SHOW DOWN ***
anebodil: shows [8c Ah] (high card Ace)
LifeisagameX: mucks hand
anebodil collected $35.50 from pot
*** SUMMARY ***
Total pot $36 | Rake $0.50
Board [Js 2c Kd Tc 5s]
Seat 1: LifeisagameX (button) (small blind) mucked
Seat 2: anebodil (big blind) showed [8c Ah] and won ($35.50) with high card Ace


PokerStars Hand #168552473489:  Hold'em Limit ($3/$6 USD) - 2017/04/04 2:36:28 ET
Table 'Blarney' 6-max Seat #2 is the button
Seat 1: LifeisagameX ($84 in chips)
Seat 2: anebodil ($162.90 in chips)
anebodil: posts small blind $1
LifeisagameX: posts big blind $3
*** HOLE CARDS ***
anebodil: raises $3 to $6
LifeisagameX: calls $3
*** FLOP *** [Kc Ac 4d]
LifeisagameX: checks
anebodil: bets $3
LifeisagameX: raises $3 to $6
anebodil: calls $3
*** TURN *** [Kc Ac 4d] [As]
LifeisagameX: bets $6
anebodil: calls $6
*** RIVER *** [Kc Ac 4d As] [3d]
LifeisagameX: bets $6
anebodil: calls $6
*** SHOW DOWN ***
LifeisagameX: shows [Ah 9d] (three of a kind, Aces)
anebodil: mucks hand
LifeisagameX collected $47.50 from pot
*** SUMMARY ***
Total pot $48 | Rake $0.50
Board [Kc Ac 4d As 3d]
Seat 1: LifeisagameX (big blind) showed [Ah 9d] and won ($47.50) with three of a kind, Aces
Seat 2: anebodil (button) (small blind) mucked


PokerStars Hand #168552489974:  Hold'em Limit ($3/$6 USD) - 2017/04/04 2:37:30 ET
Table 'Blarney' 6-max Seat #1 is the button
Seat 1: LifeisagameX ($107.50 in chips)
Seat 2: anebodil ($138.90 in chips)
LifeisagameX: posts small blind $1
anebodil: posts big blind $3
*** HOLE CARDS ***
LifeisagameX: raises $3 to $6
anebodil: folds
Uncalled bet ($3) returned to LifeisagameX
LifeisagameX collected $6 from pot
LifeisagameX: doesn't show hand
*** SUMMARY ***
Total pot $6 | Rake $0
Seat 1: LifeisagameX (button) (small blind) collected ($6)
Seat 2: anebodil (big blind) folded before Flop


PokerStars Hand #168552507743:  Hold'em Limit ($3/$6 USD) - 2017/04/04 2:38:36 ET
Table 'Blarney' 6-max Seat #2 is the button
Seat 1: LifeisagameX ($107.14 in chips)
Seat 2: anebodil ($138.42 in chips)
anebodil: posts small blind $1
LifeisagameX: posts big blind $3
*** HOLE CARDS ***
anebodil: folds
Uncalled bet ($2) returned to LifeisagameX
LifeisagameX collected $2 from pot
LifeisagameX: doesn't show hand
*** SUMMARY ***
Total pot $2 | Rake $0
Seat 1: LifeisagameX (big blind) collected ($2)
Seat 2: anebodil (button) (small blind) folded before Flop


PokerStars Hand #168552492389:  Hold'em Limit ($3/$6 USD) - 2017/04/04 2:37:39 ET
Table 'Blarney' 6-max Seat #2 is the button
Seat 1: LifeisagameX ($110.50 in chips)
Seat 2: anebodil ($135.90 in chips)
anebodil: posts small blind $1
LifeisagameX: posts big blind $3
*** HOLE CARDS ***
anebodil: raises $3 to $6
LifeisagameX: raises $3 to $9
anebodil: calls $3
*** FLOP *** [8c As Ah]
LifeisagameX: bets $3
anebodil: folds
Uncalled bet ($3) returned to LifeisagameX
LifeisagameX collected $17.64 from pot
LifeisagameX: doesn't show hand
*** SUMMARY ***
Total pot $18 | Rake $0.36
Board [8c As Ah]
Seat 1: LifeisagameX (big blind) collected ($17.64)
Seat 2: anebodil (button) (small blind) folded on the Flop


PokerStars Hand #168552498577:  Hold'em Limit ($3/$6 USD) - 2017/04/04 2:38:02 ET
Table 'Blarney' 6-max Seat #1 is the button
Seat 1: LifeisagameX ($119.14 in chips)
Seat 2: anebodil ($126.90 in chips)
LifeisagameX: posts small blind $1
anebodil: posts big blind $3
*** HOLE CARDS ***
LifeisagameX: raises $3 to $6
anebodil: calls $3
*** FLOP *** [4d 6d Kc]
anebodil: checks
LifeisagameX: bets $3
anebodil: raises $3 to $6
LifeisagameX: calls $3
*** TURN *** [4d 6d Kc] [7h]
anebodil: bets $6
LifeisagameX: folds
Uncalled bet ($6) returned to anebodil
anebodil collected $23.52 from pot
*** SUMMARY ***
Total pot $24 | Rake $0.48
Board [4d 6d Kc 7h]
Seat 1: LifeisagameX (button) (small blind) folded on the Turn
Seat 2: anebodil (big blind) collected ($23.52)


PokerStars Hand #168552515244:  Hold'em Limit ($3/$6 USD) - 2017/04/04 2:39:05 ET
Table 'Blarney' 6-max Seat #1 is the button
Seat 1: LifeisagameX ($112.14 in chips)
Seat 2: anebodil ($133.42 in chips)
LifeisagameX: posts small blind $1
anebodil: posts big blind $3
*** HOLE CARDS ***
LifeisagameX: raises $3 to $6
anebodil: calls $3
*** FLOP *** [5s 2c Ah]
anebodil: bets $3
hairy1961 joins the table at seat #3
LifeisagameX: calls $3
*** TURN *** [5s 2c Ah] [Jd]
anebodil: bets $6
LifeisagameX: folds
Uncalled bet ($6) returned to anebodil
anebodil collected $17.64 from pot
*** SUMMARY ***
Total pot $18 | Rake $0.36
Board [5s 2c Ah Jd]
Seat 1: LifeisagameX (button) (small blind) folded on the Turn
Seat 2: anebodil (big blind) collected ($17.64)


PokerStars Hand #168552512705:  Hold'em Limit ($3/$6 USD) - 2017/04/04 2:38:55 ET
Table 'Blarney' 6-max Seat #2 is the button
Seat 1: LifeisagameX ($111.14 in chips)
Seat 2: anebodil ($134.42 in chips)
anebodil: posts small blind $1
LifeisagameX: posts big blind $3
*** HOLE CARDS ***
anebodil: folds
Uncalled bet ($2) returned to LifeisagameX
LifeisagameX collected $2 from pot
LifeisagameX: doesn't show hand
*** SUMMARY ***
Total pot $2 | Rake $0
Seat 1: LifeisagameX (big blind) collected ($2)
Seat 2: anebodil (button) (small blind) folded before Flop


PokerStars Hand #168552509188:  Hold'em Limit ($3/$6 USD) - 2017/04/04 2:38:42 ET
Table 'Blarney' 6-max Seat #1 is the button
Seat 1: LifeisagameX ($108.14 in chips)
Seat 2: anebodil ($137.42 in chips)
LifeisagameX: posts small blind $1
anebodil: posts big blind $3
*** HOLE CARDS ***
LifeisagameX: raises $3 to $6
anebodil: folds
Uncalled bet ($3) returned to LifeisagameX
LifeisagameX collected $6 from pot
LifeisagameX: doesn't show hand
*** SUMMARY ***
Total pot $6 | Rake $0
Seat 1: LifeisagameX (button) (small blind) collected ($6)
Seat 2: anebodil (big blind) folded before Flop


PokerStars Hand #168552551015:  Hold'em Limit ($3/$6 USD) - 2017/04/04 2:41:18 ET
Table 'Blarney' 6-max Seat #2 is the button
Seat 2: anebodil ($107.06 in chips)
Seat 3: hairy1961 ($79.20 in chips)
anebodil: posts small blind $1
hairy1961: posts big blind $3
*** HOLE CARDS ***
anebodil: folds
Uncalled bet ($2) returned to hairy1961
hairy1961 collected $2 from pot
*** SUMMARY ***
Total pot $2 | Rake $0
Seat 2: anebodil (button) (small blind) folded before Flop
Seat 3: hairy1961 (big blind) collected ($2)


PokerStars Hand #168552549497:  Hold'em Limit ($3/$6 USD) - 2017/04/04 2:41:12 ET
Table 'Blarney' 6-max Seat #3 is the button
Seat 2: anebodil ($106.06 in chips)
Seat 3: hairy1961 ($80.20 in chips)
hairy1961: posts small blind $1
anebodil: posts big blind $3
*** HOLE CARDS ***
hairy1961: folds
Uncalled bet ($2) returned to anebodil
anebodil collected $2 from pot
*** SUMMARY ***
Total pot $2 | Rake $0
Seat 2: anebodil (big blind) collected ($2)
Seat 3: hairy1961 (button) (small blind) folded before Flop


PokerStars Hand #168552546176:  Hold'em Limit ($3/$6 USD) - 2017/04/04 2:41:00 ET
Table 'Blarney' 6-max Seat #3 is the button
Seat 2: anebodil ($106.06 in chips)
Seat 3: hairy1961 ($80.20 in chips)
hairy1961: posts small blind $1
anebodil: posts big blind $3
*** HOLE CARDS ***
hairy1961: folds
Uncalled bet ($2) returned to anebodil
anebodil collected $2 from pot
*** SUMMARY ***
Total pot $2 | Rake $0
Seat 2: anebodil (big blind) collected ($2)
Seat 3: hairy1961 (button) (small blind) folded before Flop


PokerStars Hand #168552542447:  Hold'em Limit ($3/$6 USD) - 2017/04/04 2:40:46 ET
Table 'Blarney' 6-max Seat #2 is the button
Seat 2: anebodil ($115.06 in chips)
Seat 3: hairy1961 ($71.56 in chips)
anebodil: posts small blind $1
hairy1961: posts big blind $3
*** HOLE CARDS ***
anebodil: raises $3 to $6
hairy1961: raises $3 to $9
anebodil: calls $3
*** FLOP *** [Jd Tc Qh]
hairy1961: bets $3
anebodil: folds
Uncalled bet ($3) returned to hairy1961
hairy1961 collected $17.64 from pot
LifeisagameX leaves the table
*** SUMMARY ***
Total pot $18 | Rake $0.36
Board [Jd Tc Qh]
Seat 2: anebodil (button) (small blind) folded on the Flop
Seat 3: hairy1961 (big blind) collected ($17.64)


PokerStars Hand #168552547707:  Hold'em Limit ($3/$6 USD) - 2017/04/04 2:41:06 ET
Table 'Blarney' 6-max Seat #2 is the button
Seat 2: anebodil ($107.06 in chips)
Seat 3: hairy1961 ($79.20 in chips)
anebodil: posts small blind $1
hairy1961: posts big blind $3
*** HOLE CARDS ***
anebodil: folds
Uncalled bet ($2) returned to hairy1961
hairy1961 collected $2 from pot
*** SUMMARY ***
Total pot $2 | Rake $0
Seat 2: anebodil (button) (small blind) folded before Flop
Seat 3: hairy1961 (big blind) collected ($2)


PokerStars Hand #168552562011:  Hold'em Limit ($3/$6 USD) - 2017/04/04 2:41:59 ET
Table 'Blarney' 6-max Seat #2 is the button
Seat 2: anebodil ($76.06 in chips)
Seat 3: hairy1961 ($109.70 in chips)
anebodil: posts small blind $1
hairy1961: posts big blind $3
*** HOLE CARDS ***
anebodil: folds
Uncalled bet ($2) returned to hairy1961
hairy1961 collected $2 from pot
*** SUMMARY ***
Total pot $2 | Rake $0
Seat 2: anebodil (button) (small blind) folded before Flop
Seat 3: hairy1961 (big blind) collected ($2)


PokerStars Hand #168552552365:  Hold'em Limit ($3/$6 USD) - 2017/04/04 2:41:23 ET
Table 'Blarney' 6-max Seat #3 is the button
Seat 2: anebodil ($106.06 in chips)
Seat 3: hairy1961 ($80.20 in chips)
hairy1961: posts small blind $1
anebodil: posts big blind $3
*** HOLE CARDS ***
hairy1961: raises $3 to $6
anebodil: calls $3
*** FLOP *** [8s 3s 7s]
anebodil: bets $3
hairy1961: raises $3 to $6
anebodil: calls $3
*** TURN *** [8s 3s 7s] [As]
ermolov1 joins the table at seat #4
anebodil: bets $6
hairy1961: calls $6
*** RIVER *** [8s 3s 7s As] [Jd]
anebodil: bets $6
hairy1961: raises $6 to $12
anebodil: calls $6
*** SHOW DOWN ***
hairy1961: shows [7c Ks] (a flush, Ace high)
anebodil: mucks hand
hairy1961 collected $59.50 from pot
*** SUMMARY ***
Total pot $60 | Rake $0.50
Board [8s 3s 7s As Jd]
Seat 2: anebodil (big blind) mucked
Seat 3: hairy1961 (button) (small blind) showed [7c Ks] and won ($59.50) with a flush, Ace high


PokerStars Hand #168553176208:  Hold'em Limit ($3/$6 USD) - 2017/04/04 3:18:36 ET
Table 'Blarney' 6-max Seat #6 is the button
Seat 5: ChippYulya ($176.05 in chips)
Seat 6: la9pv ($173.45 in chips)
la9pv: posts small blind $1
zimin10: is sitting out
Azrarn: is sitting out
ChippYulya: posts big blind $3
*** HOLE CARDS ***
la9pv: folds
Uncalled bet ($2) returned to ChippYulya
ChippYulya collected $2 from pot
ChippYulya: doesn't show hand
*** SUMMARY ***
Total pot $2 | Rake $0
Seat 5: ChippYulya (big blind) collected ($2)
Seat 6: la9pv (button) (small blind) folded before Flop


PokerStars Hand #168553183121:  Hold'em Limit ($3/$6 USD) - 2017/04/04 3:19:00 ET
Table 'Blarney' 6-max Seat #6 is the button
Seat 5: ChippYulya ($191.55 in chips)
Seat 6: la9pv ($157.45 in chips)
la9pv: posts small blind $1
ChippYulya: posts big blind $3
*** HOLE CARDS ***
la9pv: folds
Uncalled bet ($2) returned to ChippYulya
ChippYulya collected $2 from pot
ChippYulya: doesn't show hand
*** SUMMARY ***
Total pot $2 | Rake $0
Seat 5: ChippYulya (big blind) collected ($2)
Seat 6: la9pv (button) (small blind) folded before Flop


PokerStars Hand #168553178072:  Hold'em Limit ($3/$6 USD) - 2017/04/04 3:18:43 ET
Table 'Blarney' 6-max Seat #5 is the button
Seat 5: ChippYulya ($177.05 in chips)
Seat 6: la9pv ($172.45 in chips)
ChippYulya: posts small blind $1
la9pv: posts big blind $3
*** HOLE CARDS ***
ChippYulya: raises $3 to $6
Azrarn leaves the table
la9pv: calls $3
*** FLOP *** [2h Jh Ts]
la9pv: checks
ChippYulya: bets $3
la9pv: calls $3
*** TURN *** [2h Jh Ts] [Ac]
la9pv: checks
ChippYulya: bets $6
la9pv: calls $6
*** RIVER *** [2h Jh Ts Ac] [Jd]
la9pv: checks
ChippYulya: checks
*** SHOW DOWN ***
la9pv: shows [3h 7h] (a pair of Jacks)
ChippYulya: shows [3d 3s] (two pair, Jacks and Threes)
ChippYulya collected $29.50 from pot
*** SUMMARY ***
Total pot $30 | Rake $0.50
Board [2h Jh Ts Ac Jd]
Seat 5: ChippYulya (button) (small blind) showed [3d 3s] and won ($29.50) with two pair, Jacks and Threes
Seat 6: la9pv (big blind) showed [3h 7h] and lost with a pair of Jacks


