PokerStars Hand #160055069187:  Hold'em Limit ($3/$6 USD) - 2016/10/17 9:30:34 ET
Table 'Bobone' 6-max Seat #3 is the button
Seat 3: macca04 ($30 in chips)
Seat 4: Agrotait ($72 in chips)
macca04: posts small blind $1
Agrotait: posts big blind $3
*** HOLE CARDS ***
macca04: raises $3 to $6
Agrotait: calls $3
*** FLOP *** [3h Tc Ac]
Agrotait: checks
macca04: bets $3
Agrotait: calls $3
*** TURN *** [3h Tc Ac] [Js]
Agrotait: checks
macca04: bets $6
Agrotait: calls $6
*** RIVER *** [3h Tc Ac Js] [Kd]
Agrotait: checks
macca04: checks
*** SHOW DOWN ***
Agrotait: shows [5c Ts] (a pair of Tens)
macca04: shows [Qc Jh] (a straight, Ten to Ace)
macca04 collected $29.50 from pot
*** SUMMARY ***
Total pot $30 | Rake $0.50
Board [3h Tc Ac Js Kd]
Seat 3: macca04 (button) (small blind) showed [Qc Jh] and won ($29.50) with a straight, Ten to Ace
Seat 4: Agrotait (big blind) showed [5c Ts] and lost with a pair of Tens


PokerStars Hand #160055102322:  Hold'em Limit ($3/$6 USD) - 2016/10/17 9:31:34 ET
Table 'Bobone' 6-max Seat #4 is the button
Seat 3: macca04 ($40.50 in chips)
Seat 4: Agrotait ($76 in chips)
Agrotait: posts small blind $1
macca04: posts big blind $3
*** HOLE CARDS ***
Agrotait: raises $3 to $6
macca04: folds
Uncalled bet ($3) returned to Agrotait
Agrotait collected $6 from pot
Agrotait: doesn't show hand
macca04 leaves the table
*** SUMMARY ***
Total pot $6 | Rake $0
Seat 3: macca04 (big blind) folded before Flop
Seat 4: Agrotait (button) (small blind) collected ($6)


PokerStars Hand #160055098081:  Hold'em Limit ($3/$6 USD) - 2016/10/17 9:31:26 ET
Table 'Bobone' 6-max Seat #3 is the button
Seat 3: macca04 ($41.50 in chips)
Seat 4: Agrotait ($75 in chips)
macca04: posts small blind $1
Agrotait: posts big blind $3
*** HOLE CARDS ***
macca04: folds
Uncalled bet ($2) returned to Agrotait
Agrotait collected $2 from pot
Agrotait: doesn't show hand
*** SUMMARY ***
Total pot $2 | Rake $0
Seat 3: macca04 (button) (small blind) folded before Flop
Seat 4: Agrotait (big blind) collected ($2)


PokerStars Hand #160055090591:  Hold'em Limit ($3/$6 USD) - 2016/10/17 9:31:12 ET
Table 'Bobone' 6-max Seat #4 is the button
Seat 3: macca04 ($44.50 in chips)
Seat 4: Agrotait ($72 in chips)
Agrotait: posts small blind $1
macca04: posts big blind $3
*** HOLE CARDS ***
Agrotait: raises $3 to $6
macca04: folds
Uncalled bet ($3) returned to Agrotait
Agrotait collected $6 from pot
Agrotait: doesn't show hand
*** SUMMARY ***
Total pot $6 | Rake $0
Seat 3: macca04 (big blind) folded before Flop
Seat 4: Agrotait (button) (small blind) collected ($6)


