PokerStars Hand #172767103359:  Hold'em Limit ($3/$6 USD) - 2017/07/08 12:54:48 ET
Table 'Boda II' 6-max Seat #5 is the button
Seat 4: Zebelon74 ($138.41 in chips)
Seat 5: pecs680 ($125.46 in chips)
pecs680: posts small blind $1
Zebelon74: posts big blind $3
*** HOLE CARDS ***
pecs680: folds
Uncalled bet ($2) returned to Zebelon74
Zebelon74 collected $2 from pot
Zebelon74: doesn't show hand
*** SUMMARY ***
Total pot $2 | Rake $0
Seat 4: Zebelon74 (big blind) collected ($2)
Seat 5: pecs680 (button) (small blind) folded before Flop


PokerStars Hand #172767088727:  Hold'em Limit ($3/$6 USD) - 2017/07/08 12:54:25 ET
Table 'Boda II' 6-max Seat #5 is the button
Seat 4: Zebelon74 ($138.41 in chips)
Seat 5: pecs680 ($125.46 in chips)
pecs680: posts small blind $1
zsomz: is sitting out
Zebelon74: posts big blind $3
*** HOLE CARDS ***
DismasX leaves the table
pecs680: folds
Uncalled bet ($2) returned to Zebelon74
Zebelon74 collected $2 from pot
Zebelon74: doesn't show hand
*** SUMMARY ***
Total pot $2 | Rake $0
Seat 4: Zebelon74 (big blind) collected ($2)
Seat 5: pecs680 (button) (small blind) folded before Flop


PokerStars Hand #172767093085:  Hold'em Limit ($3/$6 USD) - 2017/07/08 12:54:32 ET
Table 'Boda II' 6-max Seat #4 is the button
Seat 4: Zebelon74 ($139.41 in chips)
Seat 5: pecs680 ($124.46 in chips)
Zebelon74: posts small blind $1
pecs680: posts big blind $3
*** HOLE CARDS ***
Zebelon74: folds
Uncalled bet ($2) returned to pecs680
pecs680 collected $2 from pot
*** SUMMARY ***
Total pot $2 | Rake $0
Seat 4: Zebelon74 (button) (small blind) folded before Flop
Seat 5: pecs680 (big blind) collected ($2)


PokerStars Hand #172767100029:  Hold'em Limit ($3/$6 USD) - 2017/07/08 12:54:43 ET
Table 'Boda II' 6-max Seat #4 is the button
Seat 4: Zebelon74 ($139.41 in chips)
Seat 5: pecs680 ($124.46 in chips)
Zebelon74: posts small blind $1
pecs680: posts big blind $3
*** HOLE CARDS ***
Zebelon74: folds
Uncalled bet ($2) returned to pecs680
pecs680 collected $2 from pot
*** SUMMARY ***
Total pot $2 | Rake $0
Seat 4: Zebelon74 (button) (small blind) folded before Flop
Seat 5: pecs680 (big blind) collected ($2)


PokerStars Hand #172767096312:  Hold'em Limit ($3/$6 USD) - 2017/07/08 12:54:37 ET
Table 'Boda II' 6-max Seat #5 is the button
Seat 4: Zebelon74 ($138.41 in chips)
Seat 5: pecs680 ($125.46 in chips)
pecs680: posts small blind $1
Zebelon74: posts big blind $3
*** HOLE CARDS ***
pecs680: folds
Uncalled bet ($2) returned to Zebelon74
Zebelon74 collected $2 from pot
Zebelon74: doesn't show hand
*** SUMMARY ***
Total pot $2 | Rake $0
Seat 4: Zebelon74 (big blind) collected ($2)
Seat 5: pecs680 (button) (small blind) folded before Flop


PokerStars Hand #172767106973:  Hold'em Limit ($3/$6 USD) - 2017/07/08 12:54:54 ET
Table 'Boda II' 6-max Seat #4 is the button
Seat 4: Zebelon74 ($139.41 in chips)
Seat 5: pecs680 ($124.46 in chips)
Zebelon74: posts small blind $1
pecs680: posts big blind $3
*** HOLE CARDS ***
Zebelon74: raises $3 to $6
pecs680: calls $3
*** FLOP *** [Jc 5s Ad]
pecs680: checks
Zebelon74: bets $3
pecs680: calls $3
*** TURN *** [Jc 5s Ad] [3h]
pecs680: checks
Zebelon74: checks
*** RIVER *** [Jc 5s Ad 3h] [2h]
pecs680: bets $6
Zebelon74: folds
Uncalled bet ($6) returned to pecs680
pecs680 collected $17.64 from pot
*** SUMMARY ***
Total pot $18 | Rake $0.36
Board [Jc 5s Ad 3h 2h]
Seat 4: Zebelon74 (button) (small blind) folded on the River
Seat 5: pecs680 (big blind) collected ($17.64)


PokerStars Hand #172767179525:  Hold'em Limit ($3/$6 USD) - 2017/07/08 12:57:04 ET
Table 'Boda II' 6-max Seat #4 is the button
Seat 4: Zebelon74 ($130.15 in chips)
Seat 5: pecs680 ($114.10 in chips)
Vasjinn will be allowed to play after the button
Zebelon74: posts small blind $1
pecs680: posts big blind $3
*** HOLE CARDS ***
Zebelon74: raises $3 to $6
pecs680: raises $3 to $9
Zebelon74: raises $3 to $12
Betting is capped
pecs680: calls $3
*** FLOP *** [6d 9d Js]
pecs680: checks
Zebelon74: bets $3
pecs680: calls $3
*** TURN *** [6d 9d Js] [9c]
pecs680: checks
Zebelon74: bets $6
pecs680: calls $6
*** RIVER *** [6d 9d Js 9c] [5c]
masterblstr8 leaves the table
pecs680: checks
Zebelon74: bets $6
pecs680: calls $6
*** SHOW DOWN ***
Zebelon74: shows [Jh Ad] (two pair, Jacks and Nines)
pecs680: mucks hand
Zebelon74 collected $53.50 from pot
*** SUMMARY ***
Total pot $54 | Rake $0.50
Board [6d 9d Js 9c 5c]
Seat 4: Zebelon74 (button) (small blind) showed [Jh Ad] and won ($53.50) with two pair, Jacks and Nines
Seat 5: pecs680 (big blind) mucked


PokerStars Hand #172768940481:  Hold'em Limit ($3/$6 USD) - 2017/07/08 13:39:50 ET
Table 'Boda II' 6-max Seat #1 is the button
Seat 1: Carl1891 ($55.35 in chips)
Seat 2: coma0815 ($92.19 in chips)
Carl1891: posts small blind $1
Apanage joins the table at seat #3
coma0815: posts big blind $3
*** HOLE CARDS ***
Carl1891: folds
Uncalled bet ($2) returned to coma0815
coma0815 collected $2 from pot
coma0815: doesn't show hand
*** SUMMARY ***
Total pot $2 | Rake $0
Seat 1: Carl1891 (button) (small blind) folded before Flop
Seat 2: coma0815 (big blind) collected ($2)


PokerStars Hand #172768934831:  Hold'em Limit ($3/$6 USD) - 2017/07/08 13:39:41 ET
Table 'Boda II' 6-max Seat #2 is the button
Seat 1: Carl1891 ($54.35 in chips)
Seat 2: coma0815 ($93.19 in chips)
coma0815: posts small blind $1
Apanage: is sitting out
DismasX: is sitting out
Carl1891: posts big blind $3
*** HOLE CARDS ***
Apanage leaves the table
coma0815: folds
Uncalled bet ($2) returned to Carl1891
Carl1891 collected $2 from pot
Carl1891: doesn't show hand
*** SUMMARY ***
Total pot $2 | Rake $0
Seat 1: Carl1891 (big blind) collected ($2)
Seat 2: coma0815 (button) (small blind) folded before Flop


PokerStars Hand #172768950693:  Hold'em Limit ($3/$6 USD) - 2017/07/08 13:40:04 ET
Table 'Boda II' 6-max Seat #2 is the button
Seat 2: coma0815 ($93.19 in chips)
Seat 3: Apanage ($80 in chips)
coma0815: posts small blind $1
Apanage: posts big blind $3
*** HOLE CARDS ***
coma0815: raises $3 to $6
Apanage: calls $3
*** FLOP *** [9d Ad 5c]
Apanage: checks
coma0815: bets $3
Apanage: calls $3
*** TURN *** [9d Ad 5c] [Ac]
Apanage: checks
coma0815: bets $6
Apanage: calls $6
*** RIVER *** [9d Ad 5c Ac] [4s]
Apanage: checks
coma0815: bets $6
Apanage: calls $6
*** SHOW DOWN ***
coma0815: shows [8h 5d] (two pair, Aces and Fives)
Apanage: shows [8d 5h] (two pair, Aces and Fives)
Apanage collected $20.75 from pot
coma0815 collected $20.75 from pot
*** SUMMARY ***
Total pot $42 | Rake $0.50
Board [9d Ad 5c Ac 4s]
Seat 2: coma0815 (button) (small blind) showed [8h 5d] and won ($20.75) with two pair, Aces and Fives
Seat 3: Apanage (big blind) showed [8d 5h] and won ($20.75) with two pair, Aces and Fives


