PokerStars Hand #149481658997:  Hold'em Limit ($3/$6 USD) - 2016/02/27 1:59:42 ET
Table 'Bohemia' 10-max Seat #5 is the button
Seat 5: ct-650 ($150 in chips)
Seat 6: kirste78 ($63.27 in chips)
ct-650: posts small blind $1
kirste78: posts big blind $3
*** HOLE CARDS ***
ct-650: raises $3 to $6
kirste78: raises $3 to $9
ct-650: calls $3
*** FLOP *** [Kh Qc 5d]
kirste78: bets $3
ct-650: folds
Uncalled bet ($3) returned to kirste78
kirste78 collected $17.64 from pot
*** SUMMARY ***
Total pot $18 | Rake $0.36
Board [Kh Qc 5d]
Seat 5: ct-650 (button) (small blind) folded on the Flop
Seat 6: kirste78 (big blind) collected ($17.64)


PokerStars Hand #149481671451:  Hold'em Limit ($3/$6 USD) - 2016/02/27 2:00:20 ET
Table 'Bohemia' 10-max Seat #5 is the button
Seat 5: ct-650 ($167.50 in chips)
Seat 6: kirste78 ($44.91 in chips)
ct-650: posts small blind $1
kirste78: posts big blind $3
*** HOLE CARDS ***
ct-650: folds
Uncalled bet ($2) returned to kirste78
kirste78 collected $2 from pot
*** SUMMARY ***
Total pot $2 | Rake $0
Seat 5: ct-650 (button) (small blind) folded before Flop
Seat 6: kirste78 (big blind) collected ($2)


PokerStars Hand #149481664656:  Hold'em Limit ($3/$6 USD) - 2016/02/27 1:59:59 ET
Table 'Bohemia' 10-max Seat #6 is the button
Seat 5: ct-650 ($141 in chips)
Seat 6: kirste78 ($71.91 in chips)
kirste78: posts small blind $1
ct-650: posts big blind $3
*** HOLE CARDS ***
kirste78: raises $3 to $6
ct-650: raises $3 to $9
kirste78: calls $3
*** FLOP *** [Ks 5h Jd]
ct-650: bets $3
kirste78: raises $3 to $6
ct-650: calls $3
*** TURN *** [Ks 5h Jd] [Kc]
ct-650: checks
kirste78: bets $6
ct-650: calls $6
*** RIVER *** [Ks 5h Jd Kc] [3s]
Snuffymo joins the table at seat #4
ct-650: checks
kirste78: bets $6
ct-650: calls $6
*** SHOW DOWN ***
kirste78: shows [Qh 6d] (a pair of Kings)
ct-650: shows [Jh Ac] (two pair, Kings and Jacks)
ct-650 collected $53.50 from pot
*** SUMMARY ***
Total pot $54 | Rake $0.50
Board [Ks 5h Jd Kc 3s]
Seat 5: ct-650 (big blind) showed [Jh Ac] and won ($53.50) with two pair, Kings and Jacks
Seat 6: kirste78 (button) (small blind) showed [Qh 6d] and lost with a pair of Kings


PokerStars Hand #149484930295:  Hold'em Limit ($3/$6 USD) - 2016/02/27 4:17:45 ET
Table 'Bohemia' 10-max Seat #7 is the button
Seat 7: pmejia73 ($45.30 in chips)
Seat 8: WWWMR ($284.44 in chips)
pmejia73: posts small blind $1
WWWMR: posts big blind $3
*** HOLE CARDS ***
pmejia73: folds
Uncalled bet ($2) returned to WWWMR
WWWMR collected $2 from pot
WWWMR: doesn't show hand
*** SUMMARY ***
Total pot $2 | Rake $0
Seat 7: pmejia73 (button) (small blind) folded before Flop
Seat 8: WWWMR (big blind) collected ($2)


PokerStars Hand #149484924927:  Hold'em Limit ($3/$6 USD) - 2016/02/27 4:17:34 ET
Table 'Bohemia' 10-max Seat #8 is the button
Seat 7: pmejia73 ($51.30 in chips)
Seat 8: WWWMR ($278.68 in chips)
WWWMR: posts small blind $1
pmejia73: posts big blind $3
*** HOLE CARDS ***
WWWMR: raises $3 to $6
pmejia73: calls $3
*** FLOP *** [Ts Jh Qd]
pmejia73: checks
WWWMR: checks
*** TURN *** [Ts Jh Qd] [Qc]
pmejia73: checks
WWWMR: bets $6
pmejia73: folds
Uncalled bet ($6) returned to WWWMR
WWWMR collected $11.76 from pot
WWWMR: doesn't show hand
*** SUMMARY ***
Total pot $12 | Rake $0.24
Board [Ts Jh Qd Qc]
Seat 7: pmejia73 (big blind) folded on the Turn
Seat 8: WWWMR (button) (small blind) collected ($11.76)


PokerStars Hand #149484922635:  Hold'em Limit ($3/$6 USD) - 2016/02/27 4:17:29 ET
Table 'Bohemia' 10-max Seat #7 is the button
Seat 7: pmejia73 ($48.30 in chips)
Seat 8: WWWMR ($281.68 in chips)
pmejia73: posts small blind $1
WWWMR: posts big blind $3
*** HOLE CARDS ***
pmejia73: raises $3 to $6
WWWMR: folds
Uncalled bet ($3) returned to pmejia73
pmejia73 collected $6 from pot
pmejia73: doesn't show hand
*** SUMMARY ***
Total pot $6 | Rake $0
Seat 7: pmejia73 (button) (small blind) collected ($6)
Seat 8: WWWMR (big blind) folded before Flop


PokerStars Hand #149484918255:  Hold'em Limit ($3/$6 USD) - 2016/02/27 4:17:19 ET
Table 'Bohemia' 10-max Seat #8 is the button
Seat 7: pmejia73 ($54.30 in chips)
Seat 8: WWWMR ($275.92 in chips)
WWWMR: posts small blind $1
pmejia73: posts big blind $3
*** HOLE CARDS ***
WWWMR: raises $3 to $6
pmejia73: calls $3
*** FLOP *** [2s 9h Ad]
pmejia73: checks
WWWMR: bets $3
pmejia73: folds
Uncalled bet ($3) returned to WWWMR
WWWMR collected $11.76 from pot
WWWMR: doesn't show hand
*** SUMMARY ***
Total pot $12 | Rake $0.24
Board [2s 9h Ad]
Seat 7: pmejia73 (big blind) folded on the Flop
Seat 8: WWWMR (button) (small blind) collected ($11.76)


PokerStars Hand #149484912708:  Hold'em Limit ($3/$6 USD) - 2016/02/27 4:17:08 ET
Table 'Bohemia' 10-max Seat #7 is the button
Seat 7: pmejia73 ($63.30 in chips)
Seat 8: WWWMR ($267.28 in chips)
pmejia73: posts small blind $1
WWWMR: posts big blind $3
*** HOLE CARDS ***
pmejia73: raises $3 to $6
WWWMR: calls $3
*** FLOP *** [9d Tc 6c]
WWWMR: checks
pmejia73: bets $3
WWWMR: raises $3 to $6
pmejia73: folds
Uncalled bet ($3) returned to WWWMR
WWWMR collected $17.64 from pot
WWWMR: doesn't show hand
*** SUMMARY ***
Total pot $18 | Rake $0.36
Board [9d Tc 6c]
Seat 7: pmejia73 (button) (small blind) folded on the Flop
Seat 8: WWWMR (big blind) collected ($17.64)


PokerStars Hand #149484906518:  Hold'em Limit ($3/$6 USD) - 2016/02/27 4:16:55 ET
Table 'Bohemia' 10-max Seat #8 is the button
Seat 7: pmejia73 ($57.54 in chips)
Seat 8: WWWMR ($273.28 in chips)
WWWMR: posts small blind $1
kolaz03: is sitting out
pmejia73: posts big blind $3
*** HOLE CARDS ***
WWWMR: raises $3 to $6
pmejia73: calls $3
*** FLOP *** [Kd 4d 9d]
pmejia73: checks
WWWMR: checks
*** TURN *** [Kd 4d 9d] [5h]
kolaz03 leaves the table
pmejia73: bets $6
WWWMR: folds
Uncalled bet ($6) returned to pmejia73
pmejia73 collected $11.76 from pot
pmejia73: doesn't show hand
*** SUMMARY ***
Total pot $12 | Rake $0.24
Board [Kd 4d 9d 5h]
Seat 7: pmejia73 (big blind) collected ($11.76)
Seat 8: WWWMR (button) (small blind) folded on the Turn


PokerStars Hand #149484950774:  Hold'em Limit ($3/$6 USD) - 2016/02/27 4:18:28 ET
Table 'Bohemia' 10-max Seat #8 is the button
Seat 7: pmejia73 ($51.70 in chips)
Seat 8: WWWMR ($277.20 in chips)
WWWMR: posts small blind $1
pmejia73: posts big blind $3
*** HOLE CARDS ***
WWWMR: folds
Uncalled bet ($2) returned to pmejia73
pmejia73 collected $2 from pot
pmejia73: doesn't show hand
*** SUMMARY ***
Total pot $2 | Rake $0
Seat 7: pmejia73 (big blind) collected ($2)
Seat 8: WWWMR (button) (small blind) folded before Flop


PokerStars Hand #149484948345:  Hold'em Limit ($3/$6 USD) - 2016/02/27 4:18:23 ET
Table 'Bohemia' 10-max Seat #7 is the button
Seat 7: pmejia73 ($52.70 in chips)
Seat 8: WWWMR ($276.20 in chips)
pmejia73: posts small blind $1
WWWMR: posts big blind $3
*** HOLE CARDS ***
pmejia73: folds
Uncalled bet ($2) returned to WWWMR
WWWMR collected $2 from pot
WWWMR: doesn't show hand
*** SUMMARY ***
Total pot $2 | Rake $0
Seat 7: pmejia73 (button) (small blind) folded before Flop
Seat 8: WWWMR (big blind) collected ($2)


PokerStars Hand #149484943953:  Hold'em Limit ($3/$6 USD) - 2016/02/27 4:18:14 ET
Table 'Bohemia' 10-max Seat #8 is the button
Seat 7: pmejia73 ($58.70 in chips)
Seat 8: WWWMR ($270.44 in chips)
WWWMR: posts small blind $1
pmejia73: posts big blind $3
*** HOLE CARDS ***
WWWMR: raises $3 to $6
pmejia73: calls $3
*** FLOP *** [3d Tc Ad]
pmejia73: checks
WWWMR: bets $3
pmejia73: folds
Uncalled bet ($3) returned to WWWMR
WWWMR collected $11.76 from pot
WWWMR: doesn't show hand
*** SUMMARY ***
Total pot $12 | Rake $0.24
Board [3d Tc Ad]
Seat 7: pmejia73 (big blind) folded on the Flop
Seat 8: WWWMR (button) (small blind) collected ($11.76)


PokerStars Hand #149484938890:  Hold'em Limit ($3/$6 USD) - 2016/02/27 4:18:03 ET
Table 'Bohemia' 10-max Seat #7 is the button
Seat 7: pmejia73 ($55.82 in chips)
Seat 8: WWWMR ($273.44 in chips)
pmejia73: posts small blind $1
WWWMR: posts big blind $3
*** HOLE CARDS ***
pmejia73: calls $2
WWWMR: checks
*** FLOP *** [2s 6h 2c]
WWWMR: checks
pmejia73: bets $3
WWWMR: folds
Uncalled bet ($3) returned to pmejia73
pmejia73 collected $5.88 from pot
pmejia73: doesn't show hand
*** SUMMARY ***
Total pot $6 | Rake $0.12
Board [2s 6h 2c]
Seat 7: pmejia73 (button) (small blind) collected ($5.88)
Seat 8: WWWMR (big blind) folded on the Flop


PokerStars Hand #149484932793:  Hold'em Limit ($3/$6 USD) - 2016/02/27 4:17:50 ET
Table 'Bohemia' 10-max Seat #8 is the button
Seat 7: pmejia73 ($44.30 in chips)
Seat 8: WWWMR ($285.44 in chips)
WWWMR: posts small blind $1
pmejia73: posts big blind $3
*** HOLE CARDS ***
WWWMR: raises $3 to $6
pmejia73: raises $3 to $9
WWWMR: calls $3
*** FLOP *** [2h 4s 2d]
pmejia73: bets $3
WWWMR: calls $3
*** TURN *** [2h 4s 2d] [As]
pmejia73: bets $6
WWWMR: folds
Uncalled bet ($6) returned to pmejia73
pmejia73 collected $23.52 from pot
pmejia73: doesn't show hand
*** SUMMARY ***
Total pot $24 | Rake $0.48
Board [2h 4s 2d As]
Seat 7: pmejia73 (big blind) collected ($23.52)
Seat 8: WWWMR (button) (small blind) folded on the Turn


PokerStars Hand #149484952927:  Hold'em Limit ($3/$6 USD) - 2016/02/27 4:18:33 ET
Table 'Bohemia' 10-max Seat #7 is the button
Seat 7: pmejia73 ($52.70 in chips)
Seat 8: WWWMR ($276.20 in chips)
pmejia73: posts small blind $1
WWWMR: posts big blind $3
*** HOLE CARDS ***
pmejia73: raises $3 to $6
WWWMR: calls $3
*** FLOP *** [9s 3h Jd]
WWWMR: checks
pmejia73: bets $3
WWWMR: calls $3
*** TURN *** [9s 3h Jd] [Tc]
WWWMR: checks
pmejia73: checks
*** RIVER *** [9s 3h Jd Tc] [9c]
WWWMR: checks
pmejia73: checks
*** SHOW DOWN ***
WWWMR: shows [5s Ks] (a pair of Nines)
pmejia73: shows [As 5c] (a pair of Nines - Ace kicker)
pmejia73 collected $17.64 from pot
*** SUMMARY ***
Total pot $18 | Rake $0.36
Board [9s 3h Jd Tc 9c]
Seat 7: pmejia73 (button) (small blind) showed [As 5c] and won ($17.64) with a pair of Nines
Seat 8: WWWMR (big blind) showed [5s Ks] and lost with a pair of Nines


PokerStars Hand #149484977189:  Hold'em Limit ($3/$6 USD) - 2016/02/27 4:19:24 ET
Table 'Bohemia' 10-max Seat #8 is the button
Seat 7: pmejia73 ($63.84 in chips)
Seat 8: WWWMR ($263.70 in chips)
WWWMR: posts small blind $1
pmejia73: posts big blind $3
*** HOLE CARDS ***
WWWMR: raises $3 to $6
pmejia73: raises $3 to $9
WWWMR: calls $3
*** FLOP *** [5c 5d 3s]
pmejia73: bets $3
WWWMR: calls $3
*** TURN *** [5c 5d 3s] [8h]
pmejia73: bets $6
WWWMR: calls $6
*** RIVER *** [5c 5d 3s 8h] [6s]
pmejia73: checks
WWWMR: checks
*** SHOW DOWN ***
pmejia73: shows [Qh Kc] (a pair of Fives)
WWWMR: mucks hand
pmejia73 collected $35.50 from pot
*** SUMMARY ***
Total pot $36 | Rake $0.50
Board [5c 5d 3s 8h 6s]
Seat 7: pmejia73 (big blind) showed [Qh Kc] and won ($35.50) with a pair of Fives
Seat 8: WWWMR (button) (small blind) mucked


PokerStars Hand #149484968522:  Hold'em Limit ($3/$6 USD) - 2016/02/27 4:19:06 ET
Table 'Bohemia' 10-max Seat #7 is the button
Seat 7: pmejia73 ($78.84 in chips)
Seat 8: WWWMR ($249.20 in chips)
pmejia73: posts small blind $1
WWWMR: posts big blind $3
*** HOLE CARDS ***
pmejia73: raises $3 to $6
WWWMR: calls $3
*** FLOP *** [Th 6d Ah]
WWWMR: checks
pmejia73: bets $3
WWWMR: calls $3
*** TURN *** [Th 6d Ah] [Kd]
WWWMR: checks
pmejia73: checks
*** RIVER *** [Th 6d Ah Kd] [5d]
WWWMR: bets $6
pmejia73: calls $6
*** SHOW DOWN ***
WWWMR: shows [9d 7d] (a flush, King high)
pmejia73: mucks hand
WWWMR collected $29.50 from pot
*** SUMMARY ***
Total pot $30 | Rake $0.50
Board [Th 6d Ah Kd 5d]
Seat 7: pmejia73 (button) (small blind) mucked
Seat 8: WWWMR (big blind) showed [9d 7d] and won ($29.50) with a flush, King high


PokerStars Hand #149484984455:  Hold'em Limit ($3/$6 USD) - 2016/02/27 4:19:40 ET
Table 'Bohemia' 10-max Seat #7 is the button
Seat 7: pmejia73 ($81.34 in chips)
Seat 8: WWWMR ($245.70 in chips)
pmejia73: posts small blind $1
WWWMR: posts big blind $3
*** HOLE CARDS ***
pmejia73: raises $3 to $6
WWWMR: folds
Uncalled bet ($3) returned to pmejia73
pmejia73 collected $6 from pot
pmejia73: doesn't show hand
*** SUMMARY ***
Total pot $6 | Rake $0
Seat 7: pmejia73 (button) (small blind) collected ($6)
Seat 8: WWWMR (big blind) folded before Flop


PokerStars Hand #149484960121:  Hold'em Limit ($3/$6 USD) - 2016/02/27 4:18:48 ET
Table 'Bohemia' 10-max Seat #8 is the button
Seat 7: pmejia73 ($61.34 in chips)
Seat 8: WWWMR ($267.20 in chips)
WWWMR: posts small blind $1
pmejia73: posts big blind $3
*** HOLE CARDS ***
WWWMR: raises $3 to $6
pmejia73: calls $3
*** FLOP *** [Qs 4s Qh]
pmejia73: checks
WWWMR: checks
*** TURN *** [Qs 4s Qh] [Jd]
pmejia73: bets $6
WWWMR: raises $6 to $12
pmejia73: calls $6
*** RIVER *** [Qs 4s Qh Jd] [3c]
pmejia73: checks
WWWMR: checks
*** SHOW DOWN ***
pmejia73: shows [8d Qc] (three of a kind, Queens)
WWWMR: mucks hand
pmejia73 collected $35.50 from pot
*** SUMMARY ***
Total pot $36 | Rake $0.50
Board [Qs 4s Qh Jd 3c]
Seat 7: pmejia73 (big blind) showed [8d Qc] and won ($35.50) with three of a kind, Queens
Seat 8: WWWMR (button) (small blind) mucked


PokerStars Hand #149484988102:  Hold'em Limit ($3/$6 USD) - 2016/02/27 4:19:47 ET
Table 'Bohemia' 10-max Seat #8 is the button
Seat 7: pmejia73 ($84.34 in chips)
Seat 8: WWWMR ($242.70 in chips)
WWWMR: posts small blind $1
pmejia73: posts big blind $3
*** HOLE CARDS ***
WWWMR: raises $3 to $6
pmejia73: calls $3
*** FLOP *** [6h 6d 7d]
pmejia73: checks
WWWMR: checks
*** TURN *** [6h 6d 7d] [5h]
pmejia73: bets $6
WWWMR: raises $6 to $12
pmejia73: calls $6
*** RIVER *** [6h 6d 7d 5h] [3c]
pmejia73: bets $6
WWWMR: calls $6
*** SHOW DOWN ***
pmejia73: shows [Ks 4d] (a straight, Three to Seven)
WWWMR: mucks hand
pmejia73 collected $47.50 from pot
*** SUMMARY ***
Total pot $48 | Rake $0.50
Board [6h 6d 7d 5h 3c]
Seat 7: pmejia73 (big blind) showed [Ks 4d] and won ($47.50) with a straight, Three to Seven
Seat 8: WWWMR (button) (small blind) mucked


PokerStars Hand #149485006070:  Hold'em Limit ($3/$6 USD) - 2016/02/27 4:20:26 ET
Table 'Bohemia' 10-max Seat #7 is the button
Seat 7: pmejia73 ($125.34 in chips)
Seat 8: WWWMR ($200.70 in chips)
pmejia73: posts small blind $1
WWWMR: posts big blind $3
*** HOLE CARDS ***
pmejia73: raises $3 to $6
WWWMR: calls $3
*** FLOP *** [Kc 9s 2h]
WWWMR: checks
pmejia73: bets $3
WWWMR: calls $3
*** TURN *** [Kc 9s 2h] [7s]
WWWMR: checks
pmejia73: checks
*** RIVER *** [Kc 9s 2h 7s] [4h]
WWWMR: checks
pmejia73: checks
*** SHOW DOWN ***
WWWMR: shows [3d Qh] (high card King)
pmejia73: mucks hand
WWWMR collected $17.64 from pot
*** SUMMARY ***
Total pot $18 | Rake $0.36
Board [Kc 9s 2h 7s 4h]
Seat 7: pmejia73 (button) (small blind) mucked
Seat 8: WWWMR (big blind) showed [3d Qh] and won ($17.64) with high card King


PokerStars Hand #149485003310:  Hold'em Limit ($3/$6 USD) - 2016/02/27 4:20:20 ET
Table 'Bohemia' 10-max Seat #8 is the button
Seat 7: pmejia73 ($128.34 in chips)
Seat 8: WWWMR ($197.70 in chips)
WWWMR: posts small blind $1
pmejia73: posts big blind $3
*** HOLE CARDS ***
WWWMR: raises $3 to $6
pmejia73: folds
Uncalled bet ($3) returned to WWWMR
WWWMR collected $6 from pot
WWWMR: doesn't show hand
*** SUMMARY ***
Total pot $6 | Rake $0
Seat 7: pmejia73 (big blind) folded before Flop
Seat 8: WWWMR (button) (small blind) collected ($6)


PokerStars Hand #149484995904:  Hold'em Limit ($3/$6 USD) - 2016/02/27 4:20:04 ET
Table 'Bohemia' 10-max Seat #7 is the button
Seat 7: pmejia73 ($107.84 in chips)
Seat 8: WWWMR ($218.70 in chips)
pmejia73: posts small blind $1
WWWMR: posts big blind $3
*** HOLE CARDS ***
pmejia73: raises $3 to $6
WWWMR: calls $3
*** FLOP *** [Qd 2s 9d]
WWWMR: bets $3
pmejia73: calls $3
*** TURN *** [Qd 2s 9d] [9s]
WWWMR: bets $6
pmejia73: calls $6
*** RIVER *** [Qd 2s 9d 9s] [Jc]
WWWMR: bets $6
pmejia73: calls $6
*** SHOW DOWN ***
WWWMR: shows [3h 7c] (a pair of Nines)
pmejia73: shows [Td Qh] (two pair, Queens and Nines)
pmejia73 collected $41.50 from pot
*** SUMMARY ***
Total pot $42 | Rake $0.50
Board [Qd 2s 9d 9s Jc]
Seat 7: pmejia73 (button) (small blind) showed [Td Qh] and won ($41.50) with two pair, Queens and Nines
Seat 8: WWWMR (big blind) showed [3h 7c] and lost with a pair of Nines


PokerStars Hand #149485012656:  Hold'em Limit ($3/$6 USD) - 2016/02/27 4:20:40 ET
Table 'Bohemia' 10-max Seat #8 is the button
Seat 7: pmejia73 ($116.34 in chips)
Seat 8: WWWMR ($209.34 in chips)
WWWMR: posts small blind $1
pmejia73: posts big blind $3
*** HOLE CARDS ***
WWWMR: raises $3 to $6
pmejia73: folds
Uncalled bet ($3) returned to WWWMR
WWWMR collected $6 from pot
WWWMR: doesn't show hand
*** SUMMARY ***
Total pot $6 | Rake $0
Seat 7: pmejia73 (big blind) folded before Flop
Seat 8: WWWMR (button) (small blind) collected ($6)


PokerStars Hand #149485015412:  Hold'em Limit ($3/$6 USD) - 2016/02/27 4:20:45 ET
Table 'Bohemia' 10-max Seat #7 is the button
Seat 7: pmejia73 ($113.34 in chips)
Seat 8: WWWMR ($212.34 in chips)
pmejia73: posts small blind $1
WWWMR: posts big blind $3
*** HOLE CARDS ***
pmejia73: calls $2
WWWMR: checks
*** FLOP *** [2h 8c 8d]
WWWMR: checks
pmejia73: bets $3
WWWMR: calls $3
*** TURN *** [2h 8c 8d] [5c]
WWWMR: checks
pmejia73: checks
*** RIVER *** [2h 8c 8d 5c] [9c]
WWWMR: bets $6
pmejia73: folds
Uncalled bet ($6) returned to WWWMR
WWWMR collected $11.76 from pot
WWWMR: doesn't show hand
*** SUMMARY ***
Total pot $12 | Rake $0.24
Board [2h 8c 8d 5c 9c]
Seat 7: pmejia73 (button) (small blind) folded on the River
Seat 8: WWWMR (big blind) collected ($11.76)


PokerStars Hand #149485023149:  Hold'em Limit ($3/$6 USD) - 2016/02/27 4:21:02 ET
Table 'Bohemia' 10-max Seat #8 is the button
Seat 7: pmejia73 ($107.34 in chips)
Seat 8: WWWMR ($218.10 in chips)
WWWMR: posts small blind $1
pmejia73: posts big blind $3
*** HOLE CARDS ***
WWWMR: raises $3 to $6
pmejia73: calls $3
*** FLOP *** [3s 6s 8s]
pmejia73: checks
WWWMR: checks
*** TURN *** [3s 6s 8s] [Ac]
pmejia73: bets $6
WWWMR: raises $6 to $12
pmejia73: folds
Uncalled bet ($6) returned to WWWMR
WWWMR collected $23.52 from pot
WWWMR: doesn't show hand
*** SUMMARY ***
Total pot $24 | Rake $0.48
Board [3s 6s 8s Ac]
Seat 7: pmejia73 (big blind) folded on the Turn
Seat 8: WWWMR (button) (small blind) collected ($23.52)


PokerStars Hand #149485029602:  Hold'em Limit ($3/$6 USD) - 2016/02/27 4:21:15 ET
Table 'Bohemia' 10-max Seat #7 is the button
Seat 7: pmejia73 ($95.34 in chips)
Seat 8: WWWMR ($229.62 in chips)
pmejia73: posts small blind $1
WWWMR: posts big blind $3
*** HOLE CARDS ***
pmejia73: raises $3 to $6
WWWMR: raises $3 to $9
pmejia73: raises $3 to $12
Betting is capped
WWWMR: calls $3
*** FLOP *** [Kh As 4d]
WWWMR: checks
pmejia73: checks
*** TURN *** [Kh As 4d] [Qh]
WWWMR: bets $6
pmejia73: calls $6
*** RIVER *** [Kh As 4d Qh] [7c]
WWWMR: checks
pmejia73: bets $6
WWWMR: calls $6
*** SHOW DOWN ***
pmejia73: shows [Jh Kd] (a pair of Kings)
WWWMR: mucks hand
pmejia73 collected $47.50 from pot
*** SUMMARY ***
Total pot $48 | Rake $0.50
Board [Kh As 4d Qh 7c]
Seat 7: pmejia73 (button) (small blind) showed [Jh Kd] and won ($47.50) with a pair of Kings
Seat 8: WWWMR (big blind) mucked


