PokerStars Hand #176299636762:  Hold'em Limit ($3/$6 USD) - 2017/09/30 4:30:06 ET
Table 'Bohemia' 10-max Seat #1 is the button
Seat 1: VolkovDmitri ($120 in chips)
Seat 5: mbr1977 ($100.13 in chips)
VolkovDmitri: posts small blind $1
mbr1977: posts big blind $3
*** HOLE CARDS ***
VolkovDmitri: raises $3 to $6
mbr1977: calls $3
*** FLOP *** [2c 3h Jh]
mbr1977: bets $3
VolkovDmitri: calls $3
*** TURN *** [2c 3h Jh] [9c]
mbr1977: bets $6
VolkovDmitri: folds
Uncalled bet ($6) returned to mbr1977
mbr1977 collected $17.64 from pot
mbr1977: doesn't show hand
*** SUMMARY ***
Total pot $18 | Rake $0.36
Board [2c 3h Jh 9c]
Seat 1: VolkovDmitri (button) (small blind) folded on the Turn
Seat 5: mbr1977 (big blind) collected ($17.64)


PokerStars Hand #176299649826:  Hold'em Limit ($3/$6 USD) - 2017/09/30 4:30:47 ET
Table 'Bohemia' 10-max Seat #1 is the button
Seat 1: VolkovDmitri ($128.64 in chips)
Seat 5: mbr1977 ($99.77 in chips)
VolkovDmitri: posts small blind $1
mbr1977: posts big blind $3
*** HOLE CARDS ***
VolkovDmitri: raises $3 to $6
mbr1977: calls $3
*** FLOP *** [Ks 2s Qs]
mbr1977: bets $3
Apanage joins the table at seat #6
VolkovDmitri: folds
Uncalled bet ($3) returned to mbr1977
mbr1977 collected $11.76 from pot
mbr1977: doesn't show hand
*** SUMMARY ***
Total pot $12 | Rake $0.24
Board [Ks 2s Qs]
Seat 1: VolkovDmitri (button) (small blind) folded on the Flop
Seat 5: mbr1977 (big blind) collected ($11.76)


PokerStars Hand #176299644977:  Hold'em Limit ($3/$6 USD) - 2017/09/30 4:30:32 ET
Table 'Bohemia' 10-max Seat #5 is the button
Seat 1: VolkovDmitri ($120 in chips)
Seat 5: mbr1977 ($108.77 in chips)
mbr1977: posts small blind $1
VolkovDmitri: posts big blind $3
*** HOLE CARDS ***
mbr1977: calls $2
VolkovDmitri: raises $3 to $6
mbr1977: calls $3
*** FLOP *** [Ad Qc 4d]
VolkovDmitri: bets $3
mbr1977: calls $3
*** TURN *** [Ad Qc 4d] [8d]
VolkovDmitri: bets $6
mbr1977: folds
Uncalled bet ($6) returned to VolkovDmitri
VolkovDmitri collected $17.64 from pot
VolkovDmitri: doesn't show hand
*** SUMMARY ***
Total pot $18 | Rake $0.36
Board [Ad Qc 4d 8d]
Seat 1: VolkovDmitri (big blind) collected ($17.64)
Seat 5: mbr1977 (button) (small blind) folded on the Turn


PokerStars Hand #176299696141:  Hold'em Limit ($3/$6 USD) - 2017/09/30 4:33:13 ET
Table 'Bohemia' 10-max Seat #5 is the button
Seat 1: VolkovDmitri ($145.38 in chips)
Seat 5: mbr1977 ($114.52 in chips)
mbr1977: posts small blind $1
VolkovDmitri: posts big blind $3
*** HOLE CARDS ***
mbr1977: raises $3 to $6
VolkovDmitri: calls $3
*** FLOP *** [Kh 4s 4c]
VolkovDmitri: checks
mbr1977: checks
*** TURN *** [Kh 4s 4c] [Td]
VolkovDmitri: bets $6
mbr1977: calls $6
*** RIVER *** [Kh 4s 4c Td] [8h]
VolkovDmitri: bets $6
mbr1977: calls $6
*** SHOW DOWN ***
VolkovDmitri: shows [Kc 2c] (two pair, Kings and Fours)
mbr1977: mucks hand
VolkovDmitri collected $35.50 from pot
*** SUMMARY ***
Total pot $36 | Rake $0.50
Board [Kh 4s 4c Td 8h]
Seat 1: VolkovDmitri (big blind) showed [Kc 2c] and won ($35.50) with two pair, Kings and Fours
Seat 5: mbr1977 (button) (small blind) mucked


PokerStars Hand #176299703099:  Hold'em Limit ($3/$6 USD) - 2017/09/30 4:33:35 ET
Table 'Bohemia' 10-max Seat #1 is the button
Seat 1: VolkovDmitri ($162.88 in chips)
Seat 5: mbr1977 ($96.52 in chips)
VolkovDmitri: posts small blind $1
mbr1977: posts big blind $3
*** HOLE CARDS ***
VolkovDmitri: raises $3 to $6
mbr1977: calls $3
*** FLOP *** [Qs Tc 7h]
mbr1977: checks
VolkovDmitri: bets $3
mbr1977: folds
Uncalled bet ($3) returned to VolkovDmitri
VolkovDmitri collected $11.76 from pot
VolkovDmitri: doesn't show hand
*** SUMMARY ***
Total pot $12 | Rake $0.24
Board [Qs Tc 7h]
Seat 1: VolkovDmitri (button) (small blind) collected ($11.76)
Seat 5: mbr1977 (big blind) folded on the Flop


PokerStars Hand #176299718439:  Hold'em Limit ($3/$6 USD) - 2017/09/30 4:34:23 ET
Table 'Bohemia' 10-max Seat #5 is the button
Seat 1: VolkovDmitri ($177.14 in chips)
Seat 5: mbr1977 ($81.28 in chips)
mbr1977: posts small blind $1
VolkovDmitri: posts big blind $3
*** HOLE CARDS ***
mbr1977: raises $3 to $6
VolkovDmitri: calls $3
*** FLOP *** [3d 4d Kc]
VolkovDmitri: checks
mbr1977: checks
*** TURN *** [3d 4d Kc] [4h]
VolkovDmitri: bets $6
mbr1977: folds
Uncalled bet ($6) returned to VolkovDmitri
VolkovDmitri collected $11.76 from pot
VolkovDmitri: doesn't show hand
*** SUMMARY ***
Total pot $12 | Rake $0.24
Board [3d 4d Kc 4h]
Seat 1: VolkovDmitri (big blind) collected ($11.76)
Seat 5: mbr1977 (button) (small blind) folded on the Turn


PokerStars Hand #176299711503:  Hold'em Limit ($3/$6 USD) - 2017/09/30 4:34:01 ET
Table 'Bohemia' 10-max Seat #1 is the button
Seat 1: VolkovDmitri ($162.64 in chips)
Seat 5: mbr1977 ($96.28 in chips)
VolkovDmitri: posts small blind $1
mbr1977: posts big blind $3
*** HOLE CARDS ***
VolkovDmitri: raises $3 to $6
mbr1977: calls $3
*** FLOP *** [Kc 3d 9h]
mbr1977: bets $3
VolkovDmitri: calls $3
*** TURN *** [Kc 3d 9h] [4d]
mbr1977: checks
VolkovDmitri: bets $6
mbr1977: calls $6
*** RIVER *** [Kc 3d 9h 4d] [Qc]
mbr1977: checks
VolkovDmitri: bets $6
mbr1977: folds
Uncalled bet ($6) returned to VolkovDmitri
VolkovDmitri collected $29.50 from pot
VolkovDmitri: doesn't show hand
*** SUMMARY ***
Total pot $30 | Rake $0.50
Board [Kc 3d 9h 4d Qc]
Seat 1: VolkovDmitri (button) (small blind) collected ($29.50)
Seat 5: mbr1977 (big blind) folded on the River


PokerStars Hand #176299705897:  Hold'em Limit ($3/$6 USD) - 2017/09/30 4:33:44 ET
Table 'Bohemia' 10-max Seat #5 is the button
Seat 1: VolkovDmitri ($168.64 in chips)
Seat 5: mbr1977 ($90.52 in chips)
mbr1977: posts small blind $1
VolkovDmitri: posts big blind $3
*** HOLE CARDS ***
mbr1977: raises $3 to $6
VolkovDmitri: calls $3
*** FLOP *** [Js Td Qs]
VolkovDmitri: checks
mbr1977: bets $3
VolkovDmitri: folds
Uncalled bet ($3) returned to mbr1977
mbr1977 collected $11.76 from pot
mbr1977: doesn't show hand
*** SUMMARY ***
Total pot $12 | Rake $0.24
Board [Js Td Qs]
Seat 1: VolkovDmitri (big blind) folded on the Flop
Seat 5: mbr1977 (button) (small blind) collected ($11.76)


PokerStars Hand #176299726956:  Hold'em Limit ($3/$6 USD) - 2017/09/30 4:34:50 ET
Table 'Bohemia' 10-max Seat #5 is the button
Seat 1: VolkovDmitri ($185.90 in chips)
Seat 5: mbr1977 ($72.28 in chips)
mbr1977: posts small blind $1
VolkovDmitri: posts big blind $3
*** HOLE CARDS ***
mbr1977: raises $3 to $6
VolkovDmitri: calls $3
*** FLOP *** [Kd 8s 8h]
VolkovDmitri: checks
mbr1977: checks
*** TURN *** [Kd 8s 8h] [7h]
VolkovDmitri: checks
mbr1977: bets $6
VolkovDmitri: folds
Uncalled bet ($6) returned to mbr1977
mbr1977 collected $11.76 from pot
mbr1977: doesn't show hand
*** SUMMARY ***
Total pot $12 | Rake $0.24
Board [Kd 8s 8h 7h]
Seat 1: VolkovDmitri (big blind) folded on the Turn
Seat 5: mbr1977 (button) (small blind) collected ($11.76)


PokerStars Hand #176299721887:  Hold'em Limit ($3/$6 USD) - 2017/09/30 4:34:34 ET
Table 'Bohemia' 10-max Seat #1 is the button
Seat 1: VolkovDmitri ($182.90 in chips)
Seat 5: mbr1977 ($75.28 in chips)
VolkovDmitri: posts small blind $1
mbr1977: posts big blind $3
*** HOLE CARDS ***
VolkovDmitri: raises $3 to $6
mbr1977: folds
Uncalled bet ($3) returned to VolkovDmitri
VolkovDmitri collected $6 from pot
VolkovDmitri: doesn't show hand
*** SUMMARY ***
Total pot $6 | Rake $0
Seat 1: VolkovDmitri (button) (small blind) collected ($6)
Seat 5: mbr1977 (big blind) folded before Flop


PokerStars Hand #176299732046:  Hold'em Limit ($3/$6 USD) - 2017/09/30 4:35:06 ET
Table 'Bohemia' 10-max Seat #1 is the button
Seat 1: VolkovDmitri ($179.90 in chips)
Seat 5: mbr1977 ($78.04 in chips)
VolkovDmitri: posts small blind $1
mbr1977: posts big blind $3
*** HOLE CARDS ***
VolkovDmitri: raises $3 to $6
mbr1977: calls $3
*** FLOP *** [4c Tc 9c]
mbr1977: checks
VolkovDmitri: bets $3
mbr1977: calls $3
*** TURN *** [4c Tc 9c] [5s]
mbr1977: checks
VolkovDmitri: bets $6
mbr1977: calls $6
*** RIVER *** [4c Tc 9c 5s] [Ks]
mbr1977: bets $6
VolkovDmitri: calls $6
*** SHOW DOWN ***
mbr1977: shows [2h 9d] (a pair of Nines)
VolkovDmitri: shows [6h Ts] (a pair of Tens)
VolkovDmitri collected $41.50 from pot
*** SUMMARY ***
Total pot $42 | Rake $0.50
Board [4c Tc 9c 5s Ks]
Seat 1: VolkovDmitri (button) (small blind) showed [6h Ts] and won ($41.50) with a pair of Tens
Seat 5: mbr1977 (big blind) showed [2h 9d] and lost with a pair of Nines


PokerStars Hand #176299748725:  Hold'em Limit ($3/$6 USD) - 2017/09/30 4:35:58 ET
Table 'Bohemia' 10-max Seat #1 is the button
Seat 1: VolkovDmitri ($206.16 in chips)
Seat 5: mbr1977 ($51.04 in chips)
VolkovDmitri: posts small blind $1
mbr1977: posts big blind $3
*** HOLE CARDS ***
VolkovDmitri: raises $3 to $6
mbr1977: folds
Uncalled bet ($3) returned to VolkovDmitri
VolkovDmitri collected $6 from pot
VolkovDmitri: doesn't show hand
*** SUMMARY ***
Total pot $6 | Rake $0
Seat 1: VolkovDmitri (button) (small blind) collected ($6)
Seat 5: mbr1977 (big blind) folded before Flop


PokerStars Hand #176299747287:  Hold'em Limit ($3/$6 USD) - 2017/09/30 4:35:53 ET
Table 'Bohemia' 10-max Seat #5 is the button
Seat 1: VolkovDmitri ($205.16 in chips)
Seat 5: mbr1977 ($52.04 in chips)
mbr1977: posts small blind $1
VolkovDmitri: posts big blind $3
*** HOLE CARDS ***
mbr1977: folds
Uncalled bet ($2) returned to VolkovDmitri
VolkovDmitri collected $2 from pot
VolkovDmitri: doesn't show hand
*** SUMMARY ***
Total pot $2 | Rake $0
Seat 1: VolkovDmitri (big blind) collected ($2)
Seat 5: mbr1977 (button) (small blind) folded before Flop


PokerStars Hand #176299737852:  Hold'em Limit ($3/$6 USD) - 2017/09/30 4:35:24 ET
Table 'Bohemia' 10-max Seat #5 is the button
Seat 1: VolkovDmitri ($200.40 in chips)
Seat 5: mbr1977 ($57.04 in chips)
mbr1977: posts small blind $1
VolkovDmitri: posts big blind $3
*** HOLE CARDS ***
mbr1977: calls $2
VolkovDmitri: raises $3 to $6
mbr1977: calls $3
*** FLOP *** [Th As Qh]
VolkovDmitri: bets $3
mbr1977: folds
Uncalled bet ($3) returned to VolkovDmitri
VolkovDmitri collected $11.76 from pot
VolkovDmitri: doesn't show hand
*** SUMMARY ***
Total pot $12 | Rake $0.24
Board [Th As Qh]
Seat 1: VolkovDmitri (big blind) collected ($11.76)
Seat 5: mbr1977 (button) (small blind) folded on the Flop


PokerStars Hand #176299751070:  Hold'em Limit ($3/$6 USD) - 2017/09/30 4:36:05 ET
Table 'Bohemia' 10-max Seat #5 is the button
Seat 1: VolkovDmitri ($209.16 in chips)
Seat 5: mbr1977 ($48.04 in chips)
mbr1977: posts small blind $1
VolkovDmitri: posts big blind $3
*** HOLE CARDS ***
mbr1977: raises $3 to $6
VolkovDmitri: calls $3
*** FLOP *** [5c 9d 4h]
VolkovDmitri: bets $3
mbr1977: raises $3 to $6
VolkovDmitri: calls $3
*** TURN *** [5c 9d 4h] [2d]
VolkovDmitri: bets $6
mbr1977: calls $6
*** RIVER *** [5c 9d 4h 2d] [3c]
VolkovDmitri: bets $6
mbr1977: calls $6
*** SHOW DOWN ***
VolkovDmitri: shows [Th 4d] (a pair of Fours)
mbr1977: shows [9s Ac] (a straight, Ace to Five)
mbr1977 collected $47.50 from pot
masterblstr8 joins the table at seat #6
*** SUMMARY ***
Total pot $48 | Rake $0.50
Board [5c 9d 4h 2d 3c]
Seat 1: VolkovDmitri (big blind) showed [Th 4d] and lost with a pair of Fours
Seat 5: mbr1977 (button) (small blind) showed [9s Ac] and won ($47.50) with a straight, Ace to Five


PokerStars Hand #176299759005:  Hold'em Limit ($3/$6 USD) - 2017/09/30 4:36:29 ET
Table 'Bohemia' 10-max Seat #1 is the button
Seat 1: VolkovDmitri ($185.16 in chips)
Seat 5: mbr1977 ($71.54 in chips)
VolkovDmitri: posts small blind $1
mbr1977: posts big blind $3
*** HOLE CARDS ***
VolkovDmitri: raises $3 to $6
mbr1977: calls $3
*** FLOP *** [7c 3d 6h]
mbr1977: bets $3
VolkovDmitri: calls $3
*** TURN *** [7c 3d 6h] [3h]
mbr1977: checks
VolkovDmitri: checks
*** RIVER *** [7c 3d 6h 3h] [9c]
mbr1977: checks
ShadowNight0 joins the table at seat #7
VolkovDmitri: checks
*** SHOW DOWN ***
mbr1977: shows [Ad Th] (a pair of Threes)
VolkovDmitri: mucks hand
mbr1977 collected $17.64 from pot
*** SUMMARY ***
Total pot $18 | Rake $0.36
Board [7c 3d 6h 3h 9c]
Seat 1: VolkovDmitri (button) (small blind) mucked
Seat 5: mbr1977 (big blind) showed [Ad Th] and won ($17.64) with a pair of Threes


PokerStars Hand #176302864184:  Hold'em Limit ($3/$6 USD) - 2017/09/30 7:00:37 ET
Table 'Bohemia' 10-max Seat #7 is the button
Seat 5: hippie334 ($59.02 in chips)
Seat 7: Pelurile ($72 in chips)
Pelurile: posts small blind $1
ice0034: is sitting out
ICEiceman: is sitting out
hippie334: posts big blind $3
*** HOLE CARDS ***
Pelurile: raises $3 to $6
ICEiceman leaves the table
hippie334: calls $3
*** FLOP *** [Kd 7c 3c]
hippie334: checks
Pelurile: bets $3
hippie334: calls $3
*** TURN *** [Kd 7c 3c] [2h]
hippie334: checks
Pelurile: bets $6
hippie334: calls $6
*** RIVER *** [Kd 7c 3c 2h] [Qc]
hippie334: checks
Pelurile: bets $6
hippie334: calls $6
*** SHOW DOWN ***
Pelurile: shows [Kc Jd] (a pair of Kings)
hippie334: mucks hand
Pelurile collected $41.50 from pot
*** SUMMARY ***
Total pot $42 | Rake $0.50
Board [Kd 7c 3c 2h Qc]
Seat 5: hippie334 (big blind) mucked
Seat 7: Pelurile (button) (small blind) showed [Kc Jd] and won ($41.50) with a pair of Kings


PokerStars Hand #176302885701:  Hold'em Limit ($3/$6 USD) - 2017/09/30 7:01:31 ET
Table 'Bohemia' 10-max Seat #5 is the button
Seat 5: hippie334 ($38.02 in chips)
Seat 7: Pelurile ($92.50 in chips)
hippie334: posts small blind $1
Pelurile: posts big blind $3
*** HOLE CARDS ***
hippie334: calls $2
Pelurile: checks
*** FLOP *** [7h 5s 3c]
Pelurile: bets $3
hippie334: calls $3
*** TURN *** [7h 5s 3c] [4h]
Pelurile: bets $6
hippie334: calls $6
*** RIVER *** [7h 5s 3c 4h] [Qc]
Pelurile: bets $6
hippie334: calls $6
*** SHOW DOWN ***
Pelurile: shows [7c 6s] (a straight, Three to Seven)
hippie334: mucks hand
Pelurile collected $35.50 from pot
*** SUMMARY ***
Total pot $36 | Rake $0.50
Board [7h 5s 3c 4h Qc]
Seat 5: hippie334 (button) (small blind) mucked
Seat 7: Pelurile (big blind) showed [7c 6s] and won ($35.50) with a straight, Three to Seven


