PokerStars Hand #170834948954:  Hold'em Limit ($3/$6 USD) - 2017/05/23 20:35:59 ET
Table 'Bohlinia' 6-max Seat #6 is the button
Seat 2: Brama Br ($205.32 in chips)
Seat 6: confususs ($23.92 in chips)
confususs: posts small blind $1
rascal_319: is sitting out
Brama Br: posts big blind $3
*** HOLE CARDS ***
confususs: calls $2
Brama Br: raises $3 to $6
confususs: calls $3
*** FLOP *** [As Qh 4d]
Brama Br: bets $3
confususs: folds
Uncalled bet ($3) returned to Brama Br
Brama Br collected $11.76 from pot
Brama Br: doesn't show hand
*** SUMMARY ***
Total pot $12 | Rake $0.24
Board [As Qh 4d]
Seat 2: Brama Br (big blind) collected ($11.76)
Seat 6: confususs (button) (small blind) folded on the Flop


PokerStars Hand #170835006564:  Hold'em Limit ($3/$6 USD) - 2017/05/23 20:38:06 ET
Table 'Bohlinia' 6-max Seat #6 is the button
Seat 2: Brama Br ($178.72 in chips)
Seat 6: confususs ($41 in chips)
confususs: posts small blind $1
Brama Br: posts big blind $3
*** HOLE CARDS ***
confususs: folds
Uncalled bet ($2) returned to Brama Br
Brama Br collected $2 from pot
Brama Br: doesn't show hand
*** SUMMARY ***
Total pot $2 | Rake $0
Seat 2: Brama Br (big blind) collected ($2)
Seat 6: confususs (button) (small blind) folded before Flop


PokerStars Hand #170834997231:  Hold'em Limit ($3/$6 USD) - 2017/05/23 20:37:45 ET
Table 'Bohlinia' 6-max Seat #2 is the button
Seat 2: Brama Br ($170.08 in chips)
Seat 6: confususs ($50 in chips)
Brama Br: posts small blind $1
confususs: posts big blind $3
*** HOLE CARDS ***
Brama Br: raises $3 to $6
confususs: calls $3
*** FLOP *** [4c 9d Ah]
confususs: checks
Brama Br: bets $3
confususs: calls $3
*** TURN *** [4c 9d Ah] [Jh]
confususs: checks
Brama Br: checks
*** RIVER *** [4c 9d Ah Jh] [8h]
confususs: checks
Brama Br: bets $6
confususs: folds
Uncalled bet ($6) returned to Brama Br
Brama Br collected $17.64 from pot
Brama Br: doesn't show hand
*** SUMMARY ***
Total pot $18 | Rake $0.36
Board [4c 9d Ah Jh 8h]
Seat 2: Brama Br (button) (small blind) collected ($17.64)
Seat 6: confususs (big blind) folded on the River


PokerStars Hand #170834987588:  Hold'em Limit ($3/$6 USD) - 2017/05/23 20:37:24 ET
Table 'Bohlinia' 6-max Seat #3 is the button
Seat 2: Brama Br ($169.08 in chips)
Seat 3: sassafras105 ($155.28 in chips)
sassafras105: posts small blind $1
rascal_319: is sitting out
Brama Br: posts big blind $3
*** HOLE CARDS ***
sassafras105: folds
Uncalled bet ($2) returned to Brama Br
Brama Br collected $2 from pot
Brama Br: doesn't show hand
*** SUMMARY ***
Total pot $2 | Rake $0
Seat 2: Brama Br (big blind) collected ($2)
Seat 3: sassafras105 (button) (small blind) folded before Flop


PokerStars Hand #170835028007:  Hold'em Limit ($3/$6 USD) - 2017/05/23 20:38:54 ET
Table 'Bohlinia' 6-max Seat #6 is the button
Seat 2: Brama Br ($170.36 in chips)
Seat 6: confususs ($48.50 in chips)
confususs: posts small blind $1
Brama Br: posts big blind $3
*** HOLE CARDS ***
confususs: calls $2
Brama Br: checks
*** FLOP *** [9s 6d Ah]
Brama Br: checks
confususs: checks
*** TURN *** [9s 6d Ah] [Kc]
Brama Br: checks
confususs: checks
*** RIVER *** [9s 6d Ah Kc] [Qc]
Brama Br: checks
confususs: checks
*** SHOW DOWN ***
Brama Br: shows [7d 6c] (a pair of Sixes)
confususs: mucks hand
Brama Br collected $5.88 from pot
*** SUMMARY ***
Total pot $6 | Rake $0.12
Board [9s 6d Ah Kc Qc]
Seat 2: Brama Br (big blind) showed [7d 6c] and won ($5.88) with a pair of Sixes
Seat 6: confususs (button) (small blind) mucked


PokerStars Hand #170835019187:  Hold'em Limit ($3/$6 USD) - 2017/05/23 20:38:34 ET
Table 'Bohlinia' 6-max Seat #2 is the button
Seat 2: Brama Br ($185.36 in chips)
Seat 6: confususs ($34 in chips)
Brama Br: posts small blind $1
confususs: posts big blind $3
*** HOLE CARDS ***
Brama Br: raises $3 to $6
confususs: calls $3
*** FLOP *** [7s 5h 2s]
confususs: bets $3
Brama Br: calls $3
*** TURN *** [7s 5h 2s] [Jd]
Xine0p joins the table at seat #3
confususs: bets $6
Brama Br: calls $6
*** RIVER *** [7s 5h 2s Jd] [4s]
confususs: bets $6
Brama Br: folds
Uncalled bet ($6) returned to confususs
confususs collected $29.50 from pot
*** SUMMARY ***
Total pot $30 | Rake $0.50
Board [7s 5h 2s Jd 4s]
Seat 2: Brama Br (button) (small blind) folded on the River
Seat 6: confususs (big blind) collected ($29.50)


PokerStars Hand #170835015727:  Hold'em Limit ($3/$6 USD) - 2017/05/23 20:38:26 ET
Table 'Bohlinia' 6-max Seat #6 is the button
Seat 2: Brama Br ($188.36 in chips)
Seat 6: confususs ($31 in chips)
confususs: posts small blind $1
Brama Br: posts big blind $3
*** HOLE CARDS ***
confususs: raises $3 to $6
Brama Br: folds
Uncalled bet ($3) returned to confususs
confususs collected $6 from pot
rascal_319 leaves the table
*** SUMMARY ***
Total pot $6 | Rake $0
Seat 2: Brama Br (big blind) folded before Flop
Seat 6: confususs (button) (small blind) collected ($6)


PokerStars Hand #170835008966:  Hold'em Limit ($3/$6 USD) - 2017/05/23 20:38:11 ET
Table 'Bohlinia' 6-max Seat #2 is the button
Seat 2: Brama Br ($179.72 in chips)
Seat 6: confususs ($40 in chips)
Brama Br: posts small blind $1
confususs: posts big blind $3
*** HOLE CARDS ***
Brama Br: raises $3 to $6
confususs: calls $3
*** FLOP *** [Ks 7s 5h]
confususs: checks
Brama Br: bets $3
confususs: calls $3
*** TURN *** [Ks 7s 5h] [5d]
confususs: checks
Brama Br: bets $6
confususs: folds
Uncalled bet ($6) returned to Brama Br
Brama Br collected $17.64 from pot
Brama Br: doesn't show hand
*** SUMMARY ***
Total pot $18 | Rake $0.36
Board [Ks 7s 5h 5d]
Seat 2: Brama Br (button) (small blind) collected ($17.64)
Seat 6: confususs (big blind) folded on the Turn


PokerStars Hand #170838053691:  Hold'em Limit ($3/$6 USD) - 2017/05/23 22:49:53 ET
Table 'Bohlinia' 6-max Seat #4 is the button
Seat 4: Chuckles1337 ($132.45 in chips)
Seat 6: Larooo ($31.74 in chips)
Chuckles1337: posts small blind $1
sassafras105: is sitting out
Larooo: posts big blind $3
*** HOLE CARDS ***
Chuckles1337: folds
Uncalled bet ($2) returned to Larooo
Larooo collected $2 from pot
*** SUMMARY ***
Total pot $2 | Rake $0
Seat 4: Chuckles1337 (button) (small blind) folded before Flop
Seat 6: Larooo (big blind) collected ($2)


PokerStars Hand #170838055282:  Hold'em Limit ($3/$6 USD) - 2017/05/23 22:49:58 ET
Table 'Bohlinia' 6-max Seat #6 is the button
Seat 4: Chuckles1337 ($131.45 in chips)
Seat 6: Larooo ($32.74 in chips)
Larooo: posts small blind $1
Chuckles1337: posts big blind $3
*** HOLE CARDS ***
sassafras105 leaves the table
Larooo: raises $3 to $6
Chuckles1337: folds
Uncalled bet ($3) returned to Larooo
Larooo collected $6 from pot
*** SUMMARY ***
Total pot $6 | Rake $0
Seat 4: Chuckles1337 (big blind) folded before Flop
Seat 6: Larooo (button) (small blind) collected ($6)


PokerStars Hand #170838057294:  Hold'em Limit ($3/$6 USD) - 2017/05/23 22:50:04 ET
Table 'Bohlinia' 6-max Seat #4 is the button
Seat 4: Chuckles1337 ($128.45 in chips)
Seat 6: Larooo ($35.74 in chips)
Chuckles1337: posts small blind $1
Larooo: posts big blind $3
*** HOLE CARDS ***
Chuckles1337: raises $3 to $6
Larooo: calls $3
*** FLOP *** [6d 8d 2h]
Larooo: checks
Chuckles1337: bets $3
Larooo: folds
Uncalled bet ($3) returned to Chuckles1337
Chuckles1337 collected $11.76 from pot
Chuckles1337: doesn't show hand
*** SUMMARY ***
Total pot $12 | Rake $0.24
Board [6d 8d 2h]
Seat 4: Chuckles1337 (button) (small blind) collected ($11.76)
Seat 6: Larooo (big blind) folded on the Flop


PokerStars Hand #170838060695:  Hold'em Limit ($3/$6 USD) - 2017/05/23 22:50:14 ET
Table 'Bohlinia' 6-max Seat #6 is the button
Seat 4: Chuckles1337 ($134.21 in chips)
Seat 6: Larooo ($29.74 in chips)
Larooo: posts small blind $1
Chuckles1337: posts big blind $3
*** HOLE CARDS ***
Larooo: raises $3 to $6
Chuckles1337: raises $3 to $9
Larooo: calls $3
*** FLOP *** [Jh Jd 6d]
Chuckles1337: bets $3
Larooo: raises $3 to $6
Chuckles1337: raises $3 to $9
Larooo: raises $3 to $12
Betting is capped
Chuckles1337: calls $3
*** TURN *** [Jh Jd 6d] [Td]
Chuckles1337: bets $6
Larooo: raises $2.74 to $8.74 and is all-in
Chuckles1337: calls $2.74
*** RIVER *** [Jh Jd 6d Td] [2d]
*** SHOW DOWN ***
Chuckles1337: shows [As Jc] (three of a kind, Jacks)
Larooo: shows [Qh 6s] (two pair, Jacks and Sixes)
Chuckles1337 collected $58.98 from pot
*** SUMMARY ***
Total pot $59.48 | Rake $0.50
Board [Jh Jd 6d Td 2d]
Seat 4: Chuckles1337 (big blind) showed [As Jc] and won ($58.98) with three of a kind, Jacks
Seat 6: Larooo (button) (small blind) showed [Qh 6s] and lost with two pair, Jacks and Sixes


