PokerStars Hand #145550198076:  Hold'em Limit ($3/$6 USD) - 2015/12/18 16:42:07 ET
Table 'Bohlinia II' 2-max Seat #1 is the button
Seat 1: RaisemyNut$ ($110.14 in chips)
Seat 2: Vulkano2015 ($127.80 in chips)
RaisemyNut$: posts small blind $1
Vulkano2015: posts big blind $3
*** HOLE CARDS ***
RaisemyNut$: raises $3 to $6
Vulkano2015: calls $3
*** FLOP *** [2s 4h Qh]
Vulkano2015: checks
RaisemyNut$: bets $3
Vulkano2015: calls $3
*** TURN *** [2s 4h Qh] [Ac]
Vulkano2015: checks
RaisemyNut$: bets $6
Vulkano2015: calls $6
*** RIVER *** [2s 4h Qh Ac] [9c]
Vulkano2015: checks
RaisemyNut$: checks
*** SHOW DOWN ***
Vulkano2015: shows [4c Ts] (a pair of Fours)
RaisemyNut$: mucks hand
Vulkano2015 collected $29.50 from pot
*** SUMMARY ***
Total pot $30 | Rake $0.50
Board [2s 4h Qh Ac 9c]
Seat 1: RaisemyNut$ (button) (small blind) mucked
Seat 2: Vulkano2015 (big blind) showed [4c Ts] and won ($29.50) with a pair of Fours


PokerStars Hand #145550185440:  Hold'em Limit ($3/$6 USD) - 2015/12/18 16:41:53 ET
Table 'Bohlinia II' 2-max Seat #2 is the button
Seat 1: RaisemyNut$ ($119.14 in chips)
Seat 2: Vulkano2015 ($119.16 in chips)
Vulkano2015: posts small blind $1
RaisemyNut$: posts big blind $3
*** HOLE CARDS ***
Vulkano2015: raises $3 to $6
RaisemyNut$: calls $3
*** FLOP *** [Kd 2d 3s]
RaisemyNut$: checks
Vulkano2015: bets $3
RaisemyNut$: calls $3
*** TURN *** [Kd 2d 3s] [5s]
RaisemyNut$: checks
Vulkano2015: bets $6
RaisemyNut$: folds
Uncalled bet ($6) returned to Vulkano2015
Vulkano2015 collected $17.64 from pot
Vulkano2015: doesn't show hand
*** SUMMARY ***
Total pot $18 | Rake $0.36
Board [Kd 2d 3s 5s]
Seat 1: RaisemyNut$ (big blind) folded on the Turn
Seat 2: Vulkano2015 (button) (small blind) collected ($17.64)


PokerStars Hand #145550166629:  Hold'em Limit ($3/$6 USD) - 2015/12/18 16:41:32 ET
Table 'Bohlinia II' 2-max Seat #1 is the button
Seat 1: RaisemyNut$ ($104.64 in chips)
Seat 2: Vulkano2015 ($134.16 in chips)
RaisemyNut$: posts small blind $1
Vulkano2015: posts big blind $3
*** HOLE CARDS ***
RaisemyNut$: raises $3 to $6
Vulkano2015: calls $3
*** FLOP *** [Th Qc Jd]
Vulkano2015: checks
RaisemyNut$: bets $3
Vulkano2015: calls $3
*** TURN *** [Th Qc Jd] [7d]
Vulkano2015: checks
RaisemyNut$: bets $6
Vulkano2015: calls $6
*** RIVER *** [Th Qc Jd 7d] [8d]
Vulkano2015: checks
RaisemyNut$: checks
*** SHOW DOWN ***
Vulkano2015: shows [Ks 6d] (high card King)
RaisemyNut$: shows [4d Ts] (a pair of Tens)
RaisemyNut$ collected $29.50 from pot
*** SUMMARY ***
Total pot $30 | Rake $0.50
Board [Th Qc Jd 7d 8d]
Seat 1: RaisemyNut$ (button) (small blind) showed [4d Ts] and won ($29.50) with a pair of Tens
Seat 2: Vulkano2015 (big blind) showed [Ks 6d] and lost with high card King


PokerStars Hand #145550161683:  Hold'em Limit ($3/$6 USD) - 2015/12/18 16:41:27 ET
Table 'Bohlinia II' 2-max Seat #2 is the button
Seat 1: RaisemyNut$ ($107.64 in chips)
Seat 2: Vulkano2015 ($131.16 in chips)
Vulkano2015: posts small blind $1
RaisemyNut$: posts big blind $3
*** HOLE CARDS ***
Vulkano2015: raises $3 to $6
RaisemyNut$: folds
Uncalled bet ($3) returned to Vulkano2015
Vulkano2015 collected $6 from pot
Vulkano2015: doesn't show hand
*** SUMMARY ***
Total pot $6 | Rake $0
Seat 1: RaisemyNut$ (big blind) folded before Flop
Seat 2: Vulkano2015 (button) (small blind) collected ($6)


PokerStars Hand #145550152583:  Hold'em Limit ($3/$6 USD) - 2015/12/18 16:41:17 ET
Table 'Bohlinia II' 2-max Seat #1 is the button
Seat 1: RaisemyNut$ ($113.64 in chips)
Seat 2: Vulkano2015 ($125.40 in chips)
RaisemyNut$: posts small blind $1
Vulkano2015: posts big blind $3
*** HOLE CARDS ***
RaisemyNut$: raises $3 to $6
Vulkano2015: calls $3
*** FLOP *** [8c 2h As]
Vulkano2015: bets $3
RaisemyNut$: folds
Uncalled bet ($3) returned to Vulkano2015
Vulkano2015 collected $11.76 from pot
Vulkano2015: doesn't show hand
*** SUMMARY ***
Total pot $12 | Rake $0.24
Board [8c 2h As]
Seat 1: RaisemyNut$ (button) (small blind) folded on the Flop
Seat 2: Vulkano2015 (big blind) collected ($11.76)


PokerStars Hand #145550245765:  Hold'em Limit ($3/$6 USD) - 2015/12/18 16:43:00 ET
Table 'Bohlinia II' 2-max Seat #1 is the button
Seat 1: RaisemyNut$ ($88.66 in chips)
Seat 2: Vulkano2015 ($147.80 in chips)
RaisemyNut$: posts small blind $1
Vulkano2015: posts big blind $3
*** HOLE CARDS ***
RaisemyNut$: raises $3 to $6
Vulkano2015: calls $3
*** FLOP *** [Ks Qs Qc]
Vulkano2015: bets $3
RaisemyNut$: calls $3
*** TURN *** [Ks Qs Qc] [Th]
Vulkano2015: bets $6
RaisemyNut$: calls $6
*** RIVER *** [Ks Qs Qc Th] [9h]
Vulkano2015: bets $6
RaisemyNut$: folds
Uncalled bet ($6) returned to Vulkano2015
Vulkano2015 collected $29.50 from pot
Vulkano2015: doesn't show hand
*** SUMMARY ***
Total pot $30 | Rake $0.50
Board [Ks Qs Qc Th 9h]
Seat 1: RaisemyNut$ (button) (small blind) folded on the River
Seat 2: Vulkano2015 (big blind) collected ($29.50)


PokerStars Hand #145550240272:  Hold'em Limit ($3/$6 USD) - 2015/12/18 16:42:54 ET
Table 'Bohlinia II' 2-max Seat #2 is the button
Seat 1: RaisemyNut$ ($91.66 in chips)
Seat 2: Vulkano2015 ($144.80 in chips)
Vulkano2015: posts small blind $1
RaisemyNut$: posts big blind $3
*** HOLE CARDS ***
Vulkano2015: raises $3 to $6
RaisemyNut$: folds
Uncalled bet ($3) returned to Vulkano2015
Vulkano2015 collected $6 from pot
Vulkano2015: doesn't show hand
*** SUMMARY ***
Total pot $6 | Rake $0
Seat 1: RaisemyNut$ (big blind) folded before Flop
Seat 2: Vulkano2015 (button) (small blind) collected ($6)


PokerStars Hand #145550226405:  Hold'em Limit ($3/$6 USD) - 2015/12/18 16:42:38 ET
Table 'Bohlinia II' 2-max Seat #1 is the button
Seat 1: RaisemyNut$ ($106.66 in chips)
Seat 2: Vulkano2015 ($130.30 in chips)
RaisemyNut$: posts small blind $1
Vulkano2015: posts big blind $3
*** HOLE CARDS ***
RaisemyNut$: raises $3 to $6
Vulkano2015: calls $3
*** FLOP *** [6h 4h Qs]
Vulkano2015: checks
RaisemyNut$: bets $3
Vulkano2015: calls $3
*** TURN *** [6h 4h Qs] [6c]
Vulkano2015: checks
RaisemyNut$: bets $6
Vulkano2015: raises $6 to $12
RaisemyNut$: folds
Uncalled bet ($6) returned to Vulkano2015
Vulkano2015 collected $29.50 from pot
Vulkano2015: doesn't show hand
*** SUMMARY ***
Total pot $30 | Rake $0.50
Board [6h 4h Qs 6c]
Seat 1: RaisemyNut$ (button) (small blind) folded on the Turn
Seat 2: Vulkano2015 (big blind) collected ($29.50)


PokerStars Hand #145550213122:  Hold'em Limit ($3/$6 USD) - 2015/12/18 16:42:24 ET
Table 'Bohlinia II' 2-max Seat #2 is the button
Seat 1: RaisemyNut$ ($95.14 in chips)
Seat 2: Vulkano2015 ($142.30 in chips)
Vulkano2015: posts small blind $1
RaisemyNut$: posts big blind $3
*** HOLE CARDS ***
Vulkano2015: raises $3 to $6
RaisemyNut$: raises $3 to $9
Vulkano2015: calls $3
*** FLOP *** [4h 7d Tc]
RaisemyNut$: bets $3
Vulkano2015: calls $3
*** TURN *** [4h 7d Tc] [Ah]
RaisemyNut$: bets $6
Vulkano2015: folds
Uncalled bet ($6) returned to RaisemyNut$
RaisemyNut$ collected $23.52 from pot
RaisemyNut$: doesn't show hand
*** SUMMARY ***
Total pot $24 | Rake $0.48
Board [4h 7d Tc Ah]
Seat 1: RaisemyNut$ (big blind) collected ($23.52)
Seat 2: Vulkano2015 (button) (small blind) folded on the Turn


PokerStars Hand #145550306802:  Hold'em Limit ($3/$6 USD) - 2015/12/18 16:44:08 ET
Table 'Bohlinia II' 2-max Seat #2 is the button
Seat 1: RaisemyNut$ ($89.80 in chips)
Seat 2: Vulkano2015 ($144.80 in chips)
Vulkano2015: posts small blind $1
RaisemyNut$: posts big blind $3
*** HOLE CARDS ***
Vulkano2015: calls $2
RaisemyNut$: raises $3 to $6
Vulkano2015: calls $3
*** FLOP *** [9h 6c 8d]
RaisemyNut$: bets $3
Vulkano2015: calls $3
*** TURN *** [9h 6c 8d] [5d]
RaisemyNut$: bets $6
Vulkano2015: folds
Uncalled bet ($6) returned to RaisemyNut$
RaisemyNut$ collected $17.64 from pot
RaisemyNut$: doesn't show hand
*** SUMMARY ***
Total pot $18 | Rake $0.36
Board [9h 6c 8d 5d]
Seat 1: RaisemyNut$ (big blind) collected ($17.64)
Seat 2: Vulkano2015 (button) (small blind) folded on the Turn


PokerStars Hand #145550302481:  Hold'em Limit ($3/$6 USD) - 2015/12/18 16:44:03 ET
Table 'Bohlinia II' 2-max Seat #1 is the button
Seat 1: RaisemyNut$ ($90.80 in chips)
Seat 2: Vulkano2015 ($143.80 in chips)
RaisemyNut$: posts small blind $1
Vulkano2015: posts big blind $3
*** HOLE CARDS ***
RaisemyNut$: folds
Uncalled bet ($2) returned to Vulkano2015
Vulkano2015 collected $2 from pot
Vulkano2015: doesn't show hand
*** SUMMARY ***
Total pot $2 | Rake $0
Seat 1: RaisemyNut$ (button) (small blind) folded before Flop
Seat 2: Vulkano2015 (big blind) collected ($2)


PokerStars Hand #145550287002:  Hold'em Limit ($3/$6 USD) - 2015/12/18 16:43:46 ET
Table 'Bohlinia II' 2-max Seat #2 is the button
Seat 1: RaisemyNut$ ($67.30 in chips)
Seat 2: Vulkano2015 ($167.80 in chips)
Vulkano2015: posts small blind $1
RaisemyNut$: posts big blind $3
*** HOLE CARDS ***
Vulkano2015: raises $3 to $6
RaisemyNut$: raises $3 to $9
Vulkano2015: raises $3 to $12
Betting is capped
RaisemyNut$: calls $3
*** FLOP *** [7h 6h 5s]
RaisemyNut$: checks
Vulkano2015: checks
*** TURN *** [7h 6h 5s] [8s]
RaisemyNut$: bets $6
Vulkano2015: calls $6
*** RIVER *** [7h 6h 5s 8s] [8c]
RaisemyNut$: bets $6
Vulkano2015: calls $6
*** SHOW DOWN ***
RaisemyNut$: shows [7d Kd] (two pair, Eights and Sevens)
Vulkano2015: mucks hand
RaisemyNut$ collected $47.50 from pot
*** SUMMARY ***
Total pot $48 | Rake $0.50
Board [7h 6h 5s 8s 8c]
Seat 1: RaisemyNut$ (big blind) showed [7d Kd] and won ($47.50) with two pair, Eights and Sevens
Seat 2: Vulkano2015 (button) (small blind) mucked


PokerStars Hand #145550268948:  Hold'em Limit ($3/$6 USD) - 2015/12/18 16:43:26 ET
Table 'Bohlinia II' 2-max Seat #1 is the button
Seat 1: RaisemyNut$ ($82.30 in chips)
Seat 2: Vulkano2015 ($153.30 in chips)
RaisemyNut$: posts small blind $1
Vulkano2015: posts big blind $3
*** HOLE CARDS ***
RaisemyNut$: raises $3 to $6
Vulkano2015: calls $3
*** FLOP *** [7h 7d 5d]
Vulkano2015: checks
RaisemyNut$: bets $3
Vulkano2015: calls $3
*** TURN *** [7h 7d 5d] [3h]
Vulkano2015: checks
RaisemyNut$: bets $6
Vulkano2015: calls $6
*** RIVER *** [7h 7d 5d 3h] [4h]
Vulkano2015: checks
RaisemyNut$: checks
*** SHOW DOWN ***
Vulkano2015: shows [7s 2s] (three of a kind, Sevens)
RaisemyNut$: mucks hand
Vulkano2015 collected $29.50 from pot
*** SUMMARY ***
Total pot $30 | Rake $0.50
Board [7h 7d 5d 3h 4h]
Seat 1: RaisemyNut$ (button) (small blind) mucked
Seat 2: Vulkano2015 (big blind) showed [7s 2s] and won ($29.50) with three of a kind, Sevens


PokerStars Hand #145550260439:  Hold'em Limit ($3/$6 USD) - 2015/12/18 16:43:16 ET
Table 'Bohlinia II' 2-max Seat #2 is the button
Seat 1: RaisemyNut$ ($73.66 in chips)
Seat 2: Vulkano2015 ($162.30 in chips)
Vulkano2015: posts small blind $1
RaisemyNut$: posts big blind $3
*** HOLE CARDS ***
Vulkano2015: raises $3 to $6
RaisemyNut$: raises $3 to $9
Vulkano2015: calls $3
*** FLOP *** [4s Ad Jh]
RaisemyNut$: bets $3
Vulkano2015: folds
Uncalled bet ($3) returned to RaisemyNut$
RaisemyNut$ collected $17.64 from pot
RaisemyNut$: doesn't show hand
*** SUMMARY ***
Total pot $18 | Rake $0.36
Board [4s Ad Jh]
Seat 1: RaisemyNut$ (big blind) collected ($17.64)
Seat 2: Vulkano2015 (button) (small blind) folded on the Flop


PokerStars Hand #145550350949:  Hold'em Limit ($3/$6 USD) - 2015/12/18 16:44:57 ET
Table 'Bohlinia II' 2-max Seat #2 is the button
Seat 1: RaisemyNut$ ($129.46 in chips)
Seat 2: Vulkano2015 ($103.80 in chips)
Vulkano2015: posts small blind $1
RaisemyNut$: posts big blind $3
*** HOLE CARDS ***
Vulkano2015: calls $2
RaisemyNut$: raises $3 to $6
Vulkano2015: calls $3
*** FLOP *** [Js 9c 7s]
RaisemyNut$: bets $3
Vulkano2015: calls $3
*** TURN *** [Js 9c 7s] [Jd]
RaisemyNut$: bets $6
Vulkano2015: calls $6
*** RIVER *** [Js 9c 7s Jd] [Kc]
RaisemyNut$: bets $6
Vulkano2015: folds
Uncalled bet ($6) returned to RaisemyNut$
RaisemyNut$ collected $29.50 from pot
RaisemyNut$: doesn't show hand
*** SUMMARY ***
Total pot $30 | Rake $0.50
Board [Js 9c 7s Jd Kc]
Seat 1: RaisemyNut$ (big blind) collected ($29.50)
Seat 2: Vulkano2015 (button) (small blind) folded on the River


PokerStars Hand #145550346668:  Hold'em Limit ($3/$6 USD) - 2015/12/18 16:44:52 ET
Table 'Bohlinia II' 2-max Seat #1 is the button
Seat 1: RaisemyNut$ ($130.46 in chips)
Seat 2: Vulkano2015 ($102.80 in chips)
RaisemyNut$: posts small blind $1
Vulkano2015: posts big blind $3
*** HOLE CARDS ***
RaisemyNut$: folds
Uncalled bet ($2) returned to Vulkano2015
Vulkano2015 collected $2 from pot
Vulkano2015: doesn't show hand
*** SUMMARY ***
Total pot $2 | Rake $0
Seat 1: RaisemyNut$ (button) (small blind) folded before Flop
Seat 2: Vulkano2015 (big blind) collected ($2)


PokerStars Hand #145550331654:  Hold'em Limit ($3/$6 USD) - 2015/12/18 16:44:35 ET
Table 'Bohlinia II' 2-max Seat #2 is the button
Seat 1: RaisemyNut$ ($109.96 in chips)
Seat 2: Vulkano2015 ($123.80 in chips)
Vulkano2015: posts small blind $1
RaisemyNut$: posts big blind $3
*** HOLE CARDS ***
Vulkano2015: calls $2
RaisemyNut$: raises $3 to $6
Vulkano2015: calls $3
*** FLOP *** [Ad Js Tc]
RaisemyNut$: bets $3
Vulkano2015: calls $3
*** TURN *** [Ad Js Tc] [9c]
RaisemyNut$: bets $6
Vulkano2015: calls $6
*** RIVER *** [Ad Js Tc 9c] [8s]
RaisemyNut$: bets $6
Vulkano2015: calls $6
*** SHOW DOWN ***
RaisemyNut$: shows [8d 8h] (three of a kind, Eights)
Vulkano2015: mucks hand
RaisemyNut$ collected $41.50 from pot
*** SUMMARY ***
Total pot $42 | Rake $0.50
Board [Ad Js Tc 9c 8s]
Seat 1: RaisemyNut$ (big blind) showed [8d 8h] and won ($41.50) with three of a kind, Eights
Seat 2: Vulkano2015 (button) (small blind) mucked


PokerStars Hand #145550317053:  Hold'em Limit ($3/$6 USD) - 2015/12/18 16:44:19 ET
Table 'Bohlinia II' 2-max Seat #1 is the button
Seat 1: RaisemyNut$ ($98.44 in chips)
Seat 2: Vulkano2015 ($135.80 in chips)
RaisemyNut$: posts small blind $1
Vulkano2015: posts big blind $3
*** HOLE CARDS ***
RaisemyNut$: raises $3 to $6
Vulkano2015: calls $3
*** FLOP *** [9c 9h 3s]
Vulkano2015: bets $3
RaisemyNut$: raises $3 to $6
Vulkano2015: calls $3
*** TURN *** [9c 9h 3s] [3c]
Vulkano2015: checks
RaisemyNut$: bets $6
Vulkano2015: folds
Uncalled bet ($6) returned to RaisemyNut$
RaisemyNut$ collected $23.52 from pot
RaisemyNut$: doesn't show hand
*** SUMMARY ***
Total pot $24 | Rake $0.48
Board [9c 9h 3s 3c]
Seat 1: RaisemyNut$ (button) (small blind) collected ($23.52)
Seat 2: Vulkano2015 (big blind) folded on the Turn


PokerStars Hand #145550401075:  Hold'em Limit ($3/$6 USD) - 2015/12/18 16:45:53 ET
Table 'Bohlinia II' 2-max Seat #1 is the button
Seat 1: RaisemyNut$ ($119.96 in chips)
Seat 2: Vulkano2015 ($112.30 in chips)
RaisemyNut$: posts small blind $1
Vulkano2015: posts big blind $3
*** HOLE CARDS ***
RaisemyNut$: raises $3 to $6
Vulkano2015: calls $3
*** FLOP *** [2h 3c Qd]
Vulkano2015: bets $3
RaisemyNut$: raises $3 to $6
Vulkano2015: calls $3
*** TURN *** [2h 3c Qd] [9s]
Vulkano2015: checks
RaisemyNut$: bets $6
Vulkano2015: calls $6
*** RIVER *** [2h 3c Qd 9s] [Ts]
Vulkano2015: checks
RaisemyNut$: checks
*** SHOW DOWN ***
Vulkano2015: shows [9h Ks] (a pair of Nines)
RaisemyNut$: mucks hand
Vulkano2015 collected $35.50 from pot
*** SUMMARY ***
Total pot $36 | Rake $0.50
Board [2h 3c Qd 9s Ts]
Seat 1: RaisemyNut$ (button) (small blind) mucked
Seat 2: Vulkano2015 (big blind) showed [9h Ks] and won ($35.50) with a pair of Nines


PokerStars Hand #145550396208:  Hold'em Limit ($3/$6 USD) - 2015/12/18 16:45:47 ET
Table 'Bohlinia II' 2-max Seat #2 is the button
Seat 1: RaisemyNut$ ($122.96 in chips)
Seat 2: Vulkano2015 ($109.30 in chips)
Vulkano2015: posts small blind $1
RaisemyNut$: posts big blind $3
*** HOLE CARDS ***
Vulkano2015: raises $3 to $6
RaisemyNut$: folds
Uncalled bet ($3) returned to Vulkano2015
Vulkano2015 collected $6 from pot
Vulkano2015: doesn't show hand
*** SUMMARY ***
Total pot $6 | Rake $0
Seat 1: RaisemyNut$ (big blind) folded before Flop
Seat 2: Vulkano2015 (button) (small blind) collected ($6)


PokerStars Hand #145550391841:  Hold'em Limit ($3/$6 USD) - 2015/12/18 16:45:42 ET
Table 'Bohlinia II' 2-max Seat #1 is the button
Seat 1: RaisemyNut$ ($123.96 in chips)
Seat 2: Vulkano2015 ($108.30 in chips)
RaisemyNut$: posts small blind $1
Vulkano2015: posts big blind $3
*** HOLE CARDS ***
RaisemyNut$: folds
Uncalled bet ($2) returned to Vulkano2015
Vulkano2015 collected $2 from pot
Vulkano2015: doesn't show hand
*** SUMMARY ***
Total pot $2 | Rake $0
Seat 1: RaisemyNut$ (button) (small blind) folded before Flop
Seat 2: Vulkano2015 (big blind) collected ($2)


PokerStars Hand #145550387623:  Hold'em Limit ($3/$6 USD) - 2015/12/18 16:45:38 ET
Table 'Bohlinia II' 2-max Seat #2 is the button
Seat 1: RaisemyNut$ ($122.96 in chips)
Seat 2: Vulkano2015 ($109.30 in chips)
Vulkano2015: posts small blind $1
RaisemyNut$: posts big blind $3
*** HOLE CARDS ***
Vulkano2015: folds
Uncalled bet ($2) returned to RaisemyNut$
RaisemyNut$ collected $2 from pot
RaisemyNut$: doesn't show hand
*** SUMMARY ***
Total pot $2 | Rake $0
Seat 1: RaisemyNut$ (big blind) collected ($2)
Seat 2: Vulkano2015 (button) (small blind) folded before Flop


PokerStars Hand #145550368383:  Hold'em Limit ($3/$6 USD) - 2015/12/18 16:45:16 ET
Table 'Bohlinia II' 2-max Seat #1 is the button
Seat 1: RaisemyNut$ ($143.96 in chips)
Seat 2: Vulkano2015 ($88.80 in chips)
RaisemyNut$: posts small blind $1
Vulkano2015: posts big blind $3
*** HOLE CARDS ***
RaisemyNut$: raises $3 to $6
Vulkano2015: calls $3
*** FLOP *** [Kc 5d 7c]
Vulkano2015: checks
RaisemyNut$: bets $3
Vulkano2015: calls $3
*** TURN *** [Kc 5d 7c] [Qc]
Vulkano2015: checks
RaisemyNut$: bets $6
Vulkano2015: raises $6 to $12
RaisemyNut$: calls $6
*** RIVER *** [Kc 5d 7c Qc] [Qd]
Vulkano2015: bets $6
RaisemyNut$: folds
Uncalled bet ($6) returned to Vulkano2015
Vulkano2015 collected $41.50 from pot
Vulkano2015: doesn't show hand
*** SUMMARY ***
Total pot $42 | Rake $0.50
Board [Kc 5d 7c Qc Qd]
Seat 1: RaisemyNut$ (button) (small blind) folded on the River
Seat 2: Vulkano2015 (big blind) collected ($41.50)


PokerStars Hand #145550416962:  Hold'em Limit ($3/$6 USD) - 2015/12/18 16:46:10 ET
Table 'Bohlinia II' 2-max Seat #2 is the button
Seat 1: RaisemyNut$ ($101.96 in chips)
Seat 2: Vulkano2015 ($129.80 in chips)
Vulkano2015: posts small blind $1
RaisemyNut$: posts big blind $3
*** HOLE CARDS ***
Vulkano2015: raises $3 to $6
RaisemyNut$: raises $3 to $9
Vulkano2015: calls $3
*** FLOP *** [Jd Qh 9c]
RaisemyNut$ is disconnected
RaisemyNut$ is connected
RaisemyNut$: bets $3
Vulkano2015: calls $3
*** TURN *** [Jd Qh 9c] [Js]
RaisemyNut$: checks
Vulkano2015: bets $6
RaisemyNut$: calls $6
*** RIVER *** [Jd Qh 9c Js] [3c]
RaisemyNut$: checks
Vulkano2015: bets $6
RaisemyNut$: folds
Uncalled bet ($6) returned to Vulkano2015
Vulkano2015 collected $35.50 from pot
Vulkano2015: doesn't show hand
*** SUMMARY ***
Total pot $36 | Rake $0.50
Board [Jd Qh 9c Js 3c]
Seat 1: RaisemyNut$ (big blind) folded on the River
Seat 2: Vulkano2015 (button) (small blind) collected ($35.50)


PokerStars Hand #145550511493:  Hold'em Limit ($3/$6 USD) - 2015/12/18 16:47:58 ET
Table 'Bohlinia II' 2-max Seat #1 is the button
Seat 1: RaisemyNut$ ($60 in chips)
Seat 2: Vulkano2015 ($177.44 in chips)
RaisemyNut$: posts small blind $1
Vulkano2015: posts big blind $3
*** HOLE CARDS ***
RaisemyNut$: raises $3 to $6
Vulkano2015: calls $3
*** FLOP *** [Tc 3d 4c]
Vulkano2015: bets $3
RaisemyNut$: calls $3
*** TURN *** [Tc 3d 4c] [Ks]
Vulkano2015: checks
RaisemyNut$: bets $6
Vulkano2015: folds
Uncalled bet ($6) returned to RaisemyNut$
RaisemyNut$ collected $17.64 from pot
RaisemyNut$: doesn't show hand
*** SUMMARY ***
Total pot $18 | Rake $0.36
Board [Tc 3d 4c Ks]
Seat 1: RaisemyNut$ (button) (small blind) collected ($17.64)
Seat 2: Vulkano2015 (big blind) folded on the Turn


PokerStars Hand #145550495171:  Hold'em Limit ($3/$6 USD) - 2015/12/18 16:47:39 ET
Table 'Bohlinia II' 2-max Seat #2 is the button
Seat 1: RaisemyNut$ ($76.84 in chips)
Seat 2: Vulkano2015 ($153.94 in chips)
Vulkano2015: posts small blind $1
RaisemyNut$: posts big blind $3
*** HOLE CARDS ***
Vulkano2015: raises $3 to $6
RaisemyNut$: raises $3 to $9
Vulkano2015: calls $3
*** FLOP *** [4s Qs 8s]
RaisemyNut$: bets $3
Vulkano2015: calls $3
*** TURN *** [4s Qs 8s] [Jh]
RaisemyNut$: checks
Vulkano2015: bets $6
RaisemyNut$: calls $6
*** RIVER *** [4s Qs 8s Jh] [9h]
RaisemyNut$: checks
Vulkano2015: bets $6
RaisemyNut$: calls $6
*** SHOW DOWN ***
Vulkano2015: shows [Kc Qh] (a pair of Queens)
RaisemyNut$: mucks hand
Vulkano2015 collected $47.50 from pot
*** SUMMARY ***
Total pot $48 | Rake $0.50
Board [4s Qs 8s Jh 9h]
Seat 1: RaisemyNut$ (big blind) mucked
Seat 2: Vulkano2015 (button) (small blind) showed [Kc Qh] and won ($47.50) with a pair of Queens


PokerStars Hand #145550491032:  Hold'em Limit ($3/$6 USD) - 2015/12/18 16:47:34 ET
Table 'Bohlinia II' 2-max Seat #1 is the button
Seat 1: RaisemyNut$ ($77.84 in chips)
Seat 2: Vulkano2015 ($152.94 in chips)
RaisemyNut$: posts small blind $1
Vulkano2015: posts big blind $3
*** HOLE CARDS ***
RaisemyNut$: folds
Uncalled bet ($2) returned to Vulkano2015
Vulkano2015 collected $2 from pot
Vulkano2015: doesn't show hand
*** SUMMARY ***
Total pot $2 | Rake $0
Seat 1: RaisemyNut$ (button) (small blind) folded before Flop
Seat 2: Vulkano2015 (big blind) collected ($2)


PokerStars Hand #145550483814:  Hold'em Limit ($3/$6 USD) - 2015/12/18 16:47:26 ET
Table 'Bohlinia II' 2-max Seat #2 is the button
Seat 1: RaisemyNut$ ($74.96 in chips)
Seat 2: Vulkano2015 ($155.94 in chips)
Vulkano2015: posts small blind $1
RaisemyNut$: posts big blind $3
*** HOLE CARDS ***
Vulkano2015: calls $2
RaisemyNut$: checks
*** FLOP *** [6h 9h Jd]
RaisemyNut$: bets $3
Vulkano2015: folds
Uncalled bet ($3) returned to RaisemyNut$
RaisemyNut$ collected $5.88 from pot
RaisemyNut$: doesn't show hand
*** SUMMARY ***
Total pot $6 | Rake $0.12
Board [6h 9h Jd]
Seat 1: RaisemyNut$ (big blind) collected ($5.88)
Seat 2: Vulkano2015 (button) (small blind) folded on the Flop


PokerStars Hand #145550470549:  Hold'em Limit ($3/$6 USD) - 2015/12/18 16:47:10 ET
Table 'Bohlinia II' 2-max Seat #1 is the button
Seat 1: RaisemyNut$ ($83.96 in chips)
Seat 2: Vulkano2015 ($147.30 in chips)
RaisemyNut$: posts small blind $1
Vulkano2015: posts big blind $3
*** HOLE CARDS ***
RaisemyNut$: raises $3 to $6
Vulkano2015: calls $3
*** FLOP *** [Jc 5s 2s]
Vulkano2015: checks
RaisemyNut$: bets $3
Vulkano2015: calls $3
*** TURN *** [Jc 5s 2s] [9c]
Vulkano2015: checks
RaisemyNut$: checks
*** RIVER *** [Jc 5s 2s 9c] [Ac]
Vulkano2015: bets $6
RaisemyNut$: folds
Uncalled bet ($6) returned to Vulkano2015
Vulkano2015 collected $17.64 from pot
Vulkano2015: doesn't show hand
*** SUMMARY ***
Total pot $18 | Rake $0.36
Board [Jc 5s 2s 9c Ac]
Seat 1: RaisemyNut$ (button) (small blind) folded on the River
Seat 2: Vulkano2015 (big blind) collected ($17.64)


PokerStars Hand #145550565017:  Hold'em Limit ($3/$6 USD) - 2015/12/18 16:48:58 ET
Table 'Bohlinia II' 2-max Seat #2 is the button
Seat 1: RaisemyNut$ ($62.16 in chips)
Seat 2: Vulkano2015 ($173.94 in chips)
Vulkano2015: posts small blind $1
RaisemyNut$: posts big blind $3
*** HOLE CARDS ***
Vulkano2015: calls $2
RaisemyNut$: checks
*** FLOP *** [Ts 4c 7h]
RaisemyNut$: bets $3
Vulkano2015: folds
Uncalled bet ($3) returned to RaisemyNut$
RaisemyNut$ collected $5.88 from pot
RaisemyNut$: doesn't show hand
*** SUMMARY ***
Total pot $6 | Rake $0.12
Board [Ts 4c 7h]
Seat 1: RaisemyNut$ (big blind) collected ($5.88)
Seat 2: Vulkano2015 (button) (small blind) folded on the Flop


PokerStars Hand #145550560621:  Hold'em Limit ($3/$6 USD) - 2015/12/18 16:48:53 ET
Table 'Bohlinia II' 2-max Seat #1 is the button
Seat 1: RaisemyNut$ ($63.16 in chips)
Seat 2: Vulkano2015 ($172.94 in chips)
RaisemyNut$: posts small blind $1
Vulkano2015: posts big blind $3
*** HOLE CARDS ***
RaisemyNut$: folds
Uncalled bet ($2) returned to Vulkano2015
Vulkano2015 collected $2 from pot
Vulkano2015: doesn't show hand
*** SUMMARY ***
Total pot $2 | Rake $0
Seat 1: RaisemyNut$ (button) (small blind) folded before Flop
Seat 2: Vulkano2015 (big blind) collected ($2)


PokerStars Hand #145550554465:  Hold'em Limit ($3/$6 USD) - 2015/12/18 16:48:47 ET
Table 'Bohlinia II' 2-max Seat #2 is the button
Seat 1: RaisemyNut$ ($62.16 in chips)
Seat 2: Vulkano2015 ($173.94 in chips)
Vulkano2015: posts small blind $1
RaisemyNut$: posts big blind $3
*** HOLE CARDS ***
Vulkano2015: folds
Uncalled bet ($2) returned to RaisemyNut$
RaisemyNut$ collected $2 from pot
RaisemyNut$: doesn't show hand
*** SUMMARY ***
Total pot $2 | Rake $0
Seat 1: RaisemyNut$ (big blind) collected ($2)
Seat 2: Vulkano2015 (button) (small blind) folded before Flop


PokerStars Hand #145550536858:  Hold'em Limit ($3/$6 USD) - 2015/12/18 16:48:27 ET
Table 'Bohlinia II' 2-max Seat #1 is the button
Seat 1: RaisemyNut$ ($80.16 in chips)
Seat 2: Vulkano2015 ($156.44 in chips)
RaisemyNut$: posts small blind $1
Vulkano2015: posts big blind $3
*** HOLE CARDS ***
RaisemyNut$: raises $3 to $6
Vulkano2015: calls $3
*** FLOP *** [Ad 3h 8d]
Vulkano2015: bets $3
RaisemyNut$: raises $3 to $6
Vulkano2015: calls $3
*** TURN *** [Ad 3h 8d] [9c]
Vulkano2015: checks
RaisemyNut$: bets $6
Vulkano2015: calls $6
*** RIVER *** [Ad 3h 8d 9c] [Qd]
Vulkano2015: checks
RaisemyNut$: checks
*** SHOW DOWN ***
Vulkano2015: shows [6s As] (a pair of Aces)
RaisemyNut$: mucks hand
Vulkano2015 collected $35.50 from pot
*** SUMMARY ***
Total pot $36 | Rake $0.50
Board [Ad 3h 8d 9c Qd]
Seat 1: RaisemyNut$ (button) (small blind) mucked
Seat 2: Vulkano2015 (big blind) showed [6s As] and won ($35.50) with a pair of Aces


PokerStars Hand #145550616656:  Hold'em Limit ($3/$6 USD) - 2015/12/18 16:49:59 ET
Table 'Bohlinia II' 2-max Seat #2 is the button
Seat 1: RaisemyNut$ ($65.76 in chips)
Seat 2: Vulkano2015 ($214.94 in chips)
Vulkano2015: posts small blind $1
RaisemyNut$: posts big blind $3
*** HOLE CARDS ***
Vulkano2015: calls $2
RaisemyNut$: checks
*** FLOP *** [Kc 4d 4s]
RaisemyNut$: checks
Vulkano2015: checks
*** TURN *** [Kc 4d 4s] [Kd]
RaisemyNut$: checks
Vulkano2015: bets $6
RaisemyNut$: folds
Uncalled bet ($6) returned to Vulkano2015
Vulkano2015 collected $5.88 from pot
Vulkano2015: doesn't show hand
*** SUMMARY ***
Total pot $6 | Rake $0.12
Board [Kc 4d 4s Kd]
Seat 1: RaisemyNut$ (big blind) folded on the Turn
Seat 2: Vulkano2015 (button) (small blind) collected ($5.88)


PokerStars Hand #145550607627:  Hold'em Limit ($3/$6 USD) - 2015/12/18 16:49:49 ET
Table 'Bohlinia II' 2-max Seat #1 is the button
Seat 1: RaisemyNut$ ($60 in chips)
Seat 2: Vulkano2015 ($220.94 in chips)
RaisemyNut$: posts small blind $1
Vulkano2015: posts big blind $3
*** HOLE CARDS ***
RaisemyNut$: raises $3 to $6
Vulkano2015: calls $3
*** FLOP *** [2d Td Tc]
Vulkano2015: checks
RaisemyNut$: bets $3
Vulkano2015: folds
Uncalled bet ($3) returned to RaisemyNut$
RaisemyNut$ collected $11.76 from pot
RaisemyNut$: doesn't show hand
*** SUMMARY ***
Total pot $12 | Rake $0.24
Board [2d Td Tc]
Seat 1: RaisemyNut$ (button) (small blind) collected ($11.76)
Seat 2: Vulkano2015 (big blind) folded on the Flop


PokerStars Hand #145550591116:  Hold'em Limit ($3/$6 USD) - 2015/12/18 16:49:29 ET
Table 'Bohlinia II' 2-max Seat #2 is the button
Seat 1: RaisemyNut$ ($60 in chips)
Seat 2: Vulkano2015 ($191.44 in chips)
Vulkano2015: posts small blind $1
RaisemyNut$: posts big blind $3
*** HOLE CARDS ***
Vulkano2015: raises $3 to $6
RaisemyNut$: calls $3
*** FLOP *** [7d 5d 2s]
RaisemyNut$: checks
Vulkano2015: bets $3
RaisemyNut$: raises $3 to $6
Vulkano2015: calls $3
*** TURN *** [7d 5d 2s] [8h]
RaisemyNut$: bets $6
Vulkano2015: calls $6
*** RIVER *** [7d 5d 2s 8h] [Qs]
RaisemyNut$: bets $6
Vulkano2015: raises $6 to $12
RaisemyNut$: calls $6
*** SHOW DOWN ***
Vulkano2015: shows [2h 5h] (two pair, Fives and Deuces)
RaisemyNut$: mucks hand
Vulkano2015 collected $59.50 from pot
*** SUMMARY ***
Total pot $60 | Rake $0.50
Board [7d 5d 2s 8h Qs]
Seat 1: RaisemyNut$ (big blind) mucked
Seat 2: Vulkano2015 (button) (small blind) showed [2h 5h] and won ($59.50) with two pair, Fives and Deuces


PokerStars Hand #145550573944:  Hold'em Limit ($3/$6 USD) - 2015/12/18 16:49:08 ET
Table 'Bohlinia II' 2-max Seat #1 is the button
Seat 1: RaisemyNut$ ($65.04 in chips)
Seat 2: Vulkano2015 ($170.94 in chips)
RaisemyNut$: posts small blind $1
Vulkano2015: posts big blind $3
*** HOLE CARDS ***
RaisemyNut$: raises $3 to $6
Vulkano2015: calls $3
*** FLOP *** [7c 3c 3d]
Vulkano2015: checks
RaisemyNut$: bets $3
Vulkano2015: calls $3
*** TURN *** [7c 3c 3d] [5h]
Vulkano2015: checks
RaisemyNut$: bets $6
Vulkano2015: calls $6
*** RIVER *** [7c 3c 3d 5h] [3h]
Vulkano2015: checks
RaisemyNut$: bets $6
Vulkano2015: calls $6
*** SHOW DOWN ***
RaisemyNut$: shows [5s 4d] (a full house, Threes full of Fives)
Vulkano2015: shows [Kc 7s] (a full house, Threes full of Sevens)
Vulkano2015 collected $41.50 from pot
*** SUMMARY ***
Total pot $42 | Rake $0.50
Board [7c 3c 3d 5h 3h]
Seat 1: RaisemyNut$ (button) (small blind) showed [5s 4d] and lost with a full house, Threes full of Fives
Seat 2: Vulkano2015 (big blind) showed [Kc 7s] and won ($41.50) with a full house, Threes full of Sevens


PokerStars Hand #145550665368:  Hold'em Limit ($3/$6 USD) - 2015/12/18 16:50:53 ET
Table 'Bohlinia II' 2-max Seat #1 is the button
Seat 1: RaisemyNut$ ($77.26 in chips)
Seat 2: Vulkano2015 ($202.58 in chips)
RaisemyNut$: posts small blind $1
Vulkano2015: posts big blind $3
*** HOLE CARDS ***
RaisemyNut$: raises $3 to $6
Vulkano2015: calls $3
*** FLOP *** [Ad Ks Qd]
Vulkano2015: bets $3
RaisemyNut$: raises $3 to $6
Vulkano2015: calls $3
*** TURN *** [Ad Ks Qd] [2d]
Vulkano2015: checks
RaisemyNut$: bets $6
Vulkano2015: raises $6 to $12
RaisemyNut$: calls $6
*** RIVER *** [Ad Ks Qd 2d] [4c]
Vulkano2015: bets $6
RaisemyNut$: calls $6
*** SHOW DOWN ***
Vulkano2015: shows [5d Jd] (a flush, Ace high)
RaisemyNut$: mucks hand
Vulkano2015 collected $59.50 from pot
*** SUMMARY ***
Total pot $60 | Rake $0.50
Board [Ad Ks Qd 2d 4c]
Seat 1: RaisemyNut$ (button) (small blind) mucked
Seat 2: Vulkano2015 (big blind) showed [5d Jd] and won ($59.50) with a flush, Ace high


PokerStars Hand #145550650904:  Hold'em Limit ($3/$6 USD) - 2015/12/18 16:50:37 ET
Table 'Bohlinia II' 2-max Seat #2 is the button
Seat 1: RaisemyNut$ ($83.26 in chips)
Seat 2: Vulkano2015 ($196.82 in chips)
Vulkano2015: posts small blind $1
RaisemyNut$: posts big blind $3
*** HOLE CARDS ***
Vulkano2015: raises $3 to $6
RaisemyNut$: calls $3
*** FLOP *** [9d 7d 5d]
RaisemyNut$: checks
Vulkano2015: checks
*** TURN *** [9d 7d 5d] [Tc]
RaisemyNut$: checks
Vulkano2015: checks
*** RIVER *** [9d 7d 5d Tc] [6d]
RaisemyNut$: checks
Vulkano2015: checks
*** SHOW DOWN ***
RaisemyNut$: shows [Kh 4s] (high card King)
Vulkano2015: shows [3d Ac] (a flush, Nine high)
Vulkano2015 collected $11.76 from pot
*** SUMMARY ***
Total pot $12 | Rake $0.24
Board [9d 7d 5d Tc 6d]
Seat 1: RaisemyNut$ (big blind) showed [Kh 4s] and lost with high card King
Seat 2: Vulkano2015 (button) (small blind) showed [3d Ac] and won ($11.76) with a flush, Nine high


PokerStars Hand #145550632680:  Hold'em Limit ($3/$6 USD) - 2015/12/18 16:50:17 ET
Table 'Bohlinia II' 2-max Seat #1 is the button
Seat 1: RaisemyNut$ ($62.76 in chips)
Seat 2: Vulkano2015 ($217.82 in chips)
RaisemyNut$: posts small blind $1
Vulkano2015: posts big blind $3
*** HOLE CARDS ***
RaisemyNut$: raises $3 to $6
Vulkano2015: calls $3
*** FLOP *** [Qs 5h 3s]
Vulkano2015: bets $3
RaisemyNut$: calls $3
*** TURN *** [Qs 5h 3s] [Qd]
Vulkano2015: checks
RaisemyNut$: bets $6
Vulkano2015: calls $6
*** RIVER *** [Qs 5h 3s Qd] [5d]
Vulkano2015: checks
RaisemyNut$: bets $6
Vulkano2015: calls $6
*** SHOW DOWN ***
RaisemyNut$: shows [8d Qh] (a full house, Queens full of Fives)
Vulkano2015: mucks hand
RaisemyNut$ collected $41.50 from pot
*** SUMMARY ***
Total pot $42 | Rake $0.50
Board [Qs 5h 3s Qd 5d]
Seat 1: RaisemyNut$ (button) (small blind) showed [8d Qh] and won ($41.50) with a full house, Queens full of Fives
Seat 2: Vulkano2015 (big blind) mucked


PokerStars Hand #145550726684:  Hold'em Limit ($3/$6 USD) - 2015/12/18 16:52:02 ET
Table 'Bohlinia II' 2-max Seat #1 is the button
Seat 1: RaisemyNut$ ($68.50 in chips)
Seat 2: Vulkano2015 ($222.58 in chips)
RaisemyNut$: posts small blind $1
Vulkano2015: posts big blind $3
*** HOLE CARDS ***
RaisemyNut$: raises $3 to $6
Vulkano2015: calls $3
*** FLOP *** [5h 6c 6s]
Vulkano2015: checks
RaisemyNut$: checks
*** TURN *** [5h 6c 6s] [3c]
Vulkano2015: checks
RaisemyNut$: bets $6
Vulkano2015: folds
Uncalled bet ($6) returned to RaisemyNut$
RaisemyNut$ collected $11.76 from pot
RaisemyNut$: doesn't show hand
*** SUMMARY ***
Total pot $12 | Rake $0.24
Board [5h 6c 6s 3c]
Seat 1: RaisemyNut$ (button) (small blind) collected ($11.76)
Seat 2: Vulkano2015 (big blind) folded on the Turn


PokerStars Hand #145550721701:  Hold'em Limit ($3/$6 USD) - 2015/12/18 16:51:56 ET
Table 'Bohlinia II' 2-max Seat #2 is the button
Seat 1: RaisemyNut$ ($71.50 in chips)
Seat 2: Vulkano2015 ($219.58 in chips)
Vulkano2015: posts small blind $1
RaisemyNut$: posts big blind $3
*** HOLE CARDS ***
Vulkano2015: raises $3 to $6
RaisemyNut$: folds
Uncalled bet ($3) returned to Vulkano2015
Vulkano2015 collected $6 from pot
Vulkano2015: doesn't show hand
*** SUMMARY ***
Total pot $6 | Rake $0
Seat 1: RaisemyNut$ (big blind) folded before Flop
Seat 2: Vulkano2015 (button) (small blind) collected ($6)


PokerStars Hand #145550703592:  Hold'em Limit ($3/$6 USD) - 2015/12/18 16:51:36 ET
Table 'Bohlinia II' 2-max Seat #1 is the button
Seat 1: RaisemyNut$ ($98.50 in chips)
Seat 2: Vulkano2015 ($193.08 in chips)
RaisemyNut$: posts small blind $1
Vulkano2015: posts big blind $3
*** HOLE CARDS ***
RaisemyNut$: raises $3 to $6
Vulkano2015: calls $3
*** FLOP *** [4s 2d 6s]
Vulkano2015: bets $3
RaisemyNut$: calls $3
*** TURN *** [4s 2d 6s] [Ac]
Vulkano2015: checks
RaisemyNut$: bets $6
Vulkano2015: calls $6
*** RIVER *** [4s 2d 6s Ac] [Tc]
Vulkano2015: checks
RaisemyNut$: bets $6
Vulkano2015: raises $6 to $12
RaisemyNut$: calls $6
*** SHOW DOWN ***
Vulkano2015: shows [Ts 6d] (two pair, Tens and Sixes)
RaisemyNut$: mucks hand
Vulkano2015 collected $53.50 from pot
*** SUMMARY ***
Total pot $54 | Rake $0.50
Board [4s 2d 6s Ac Tc]
Seat 1: RaisemyNut$ (button) (small blind) mucked
Seat 2: Vulkano2015 (big blind) showed [Ts 6d] and won ($53.50) with two pair, Tens and Sixes


PokerStars Hand #145550684008:  Hold'em Limit ($3/$6 USD) - 2015/12/18 16:51:14 ET
Table 'Bohlinia II' 2-max Seat #2 is the button
Seat 1: RaisemyNut$ ($60 in chips)
Seat 2: Vulkano2015 ($232.08 in chips)
Vulkano2015: posts small blind $1
RaisemyNut$: posts big blind $3
*** HOLE CARDS ***
Vulkano2015: calls $2
RaisemyNut$: raises $3 to $6
Vulkano2015: calls $3
*** FLOP *** [7c 6h 6c]
RaisemyNut$: bets $3
Vulkano2015: calls $3
*** TURN *** [7c 6h 6c] [Kh]
RaisemyNut$: bets $6
Vulkano2015: calls $6
*** RIVER *** [7c 6h 6c Kh] [2h]
RaisemyNut$: checks
Vulkano2015: bets $6
RaisemyNut$: raises $6 to $12
Vulkano2015: raises $6 to $18
RaisemyNut$: raises $6 to $24
Betting is capped
Vulkano2015: calls $6
*** SHOW DOWN ***
RaisemyNut$: shows [6d 6s] (four of a kind, Sixes)
Vulkano2015: mucks hand
RaisemyNut$ collected $77.50 from pot
*** SUMMARY ***
Total pot $78 | Rake $0.50
Board [7c 6h 6c Kh 2h]
Seat 1: RaisemyNut$ (big blind) showed [6d 6s] and won ($77.50) with four of a kind, Sixes
Seat 2: Vulkano2015 (button) (small blind) mucked


PokerStars Hand #145550775404:  Hold'em Limit ($3/$6 USD) - 2015/12/18 16:52:56 ET
Table 'Bohlinia II' 2-max Seat #1 is the button
Seat 1: RaisemyNut$ ($76.76 in chips)
Seat 2: Vulkano2015 ($213.10 in chips)
RaisemyNut$: posts small blind $1
Vulkano2015: posts big blind $3
*** HOLE CARDS ***
RaisemyNut$: raises $3 to $6
Vulkano2015: calls $3
*** FLOP *** [Ts Qc Jd]
Vulkano2015: checks
RaisemyNut$: bets $3
Vulkano2015: calls $3
*** TURN *** [Ts Qc Jd] [Ks]
Vulkano2015: bets $6
RaisemyNut$: calls $6
*** RIVER *** [Ts Qc Jd Ks] [7c]
Vulkano2015: bets $6
RaisemyNut$: calls $6
*** SHOW DOWN ***
Vulkano2015: shows [9h 3d] (a straight, Nine to King)
RaisemyNut$: mucks hand
Vulkano2015 collected $41.50 from pot
*** SUMMARY ***
Total pot $42 | Rake $0.50
Board [Ts Qc Jd Ks 7c]
Seat 1: RaisemyNut$ (button) (small blind) mucked
Seat 2: Vulkano2015 (big blind) showed [9h 3d] and won ($41.50) with a straight, Nine to King


PokerStars Hand #145550762061:  Hold'em Limit ($3/$6 USD) - 2015/12/18 16:52:41 ET
Table 'Bohlinia II' 2-max Seat #2 is the button
Seat 1: RaisemyNut$ ($82.76 in chips)
Seat 2: Vulkano2015 ($207.34 in chips)
Vulkano2015: posts small blind $1
RaisemyNut$: posts big blind $3
*** HOLE CARDS ***
Vulkano2015: raises $3 to $6
RaisemyNut$: calls $3
*** FLOP *** [Kh Th Jd]
RaisemyNut$: checks
Vulkano2015: bets $3
RaisemyNut$: folds
Uncalled bet ($3) returned to Vulkano2015
Vulkano2015 collected $11.76 from pot
Vulkano2015: doesn't show hand
*** SUMMARY ***
Total pot $12 | Rake $0.24
Board [Kh Th Jd]
Seat 1: RaisemyNut$ (big blind) folded on the Flop
Seat 2: Vulkano2015 (button) (small blind) collected ($11.76)


PokerStars Hand #145550746777:  Hold'em Limit ($3/$6 USD) - 2015/12/18 16:52:24 ET
Table 'Bohlinia II' 2-max Seat #1 is the button
Seat 1: RaisemyNut$ ($68.26 in chips)
Seat 2: Vulkano2015 ($222.34 in chips)
RaisemyNut$: posts small blind $1
Vulkano2015: posts big blind $3
*** HOLE CARDS ***
RaisemyNut$: raises $3 to $6
Vulkano2015: calls $3
*** FLOP *** [5c 3h 2c]
Vulkano2015: checks
RaisemyNut$: bets $3
Vulkano2015: calls $3
*** TURN *** [5c 3h 2c] [7c]
Vulkano2015: checks
RaisemyNut$: bets $6
Vulkano2015: calls $6
*** RIVER *** [5c 3h 2c 7c] [2s]
Vulkano2015: checks
RaisemyNut$: checks
*** SHOW DOWN ***
Vulkano2015: shows [9s Js] (a pair of Deuces)
RaisemyNut$: shows [3s Ac] (two pair, Threes and Deuces)
RaisemyNut$ collected $29.50 from pot
*** SUMMARY ***
Total pot $30 | Rake $0.50
Board [5c 3h 2c 7c 2s]
Seat 1: RaisemyNut$ (button) (small blind) showed [3s Ac] and won ($29.50) with two pair, Threes and Deuces
Seat 2: Vulkano2015 (big blind) showed [9s Js] and lost with a pair of Deuces


PokerStars Hand #145550738285:  Hold'em Limit ($3/$6 USD) - 2015/12/18 16:52:15 ET
Table 'Bohlinia II' 2-max Seat #2 is the button
Seat 1: RaisemyNut$ ($74.26 in chips)
Seat 2: Vulkano2015 ($216.58 in chips)
Vulkano2015: posts small blind $1
RaisemyNut$: posts big blind $3
*** HOLE CARDS ***
Vulkano2015: raises $3 to $6
RaisemyNut$: calls $3
*** FLOP *** [Tc Ac 3s]
RaisemyNut$: checks
Vulkano2015: bets $3
RaisemyNut$: folds
Uncalled bet ($3) returned to Vulkano2015
Vulkano2015 collected $11.76 from pot
Vulkano2015: doesn't show hand
*** SUMMARY ***
Total pot $12 | Rake $0.24
Board [Tc Ac 3s]
Seat 1: RaisemyNut$ (big blind) folded on the Flop
Seat 2: Vulkano2015 (button) (small blind) collected ($11.76)


PokerStars Hand #145550831528:  Hold'em Limit ($3/$6 USD) - 2015/12/18 16:53:59 ET
Table 'Bohlinia II' 2-max Seat #1 is the button
Seat 1: RaisemyNut$ ($92 in chips)
Seat 2: Vulkano2015 ($200.10 in chips)
RaisemyNut$: posts small blind $1
Vulkano2015: posts big blind $3
*** HOLE CARDS ***
RaisemyNut$: raises $3 to $6
Vulkano2015: calls $3
*** FLOP *** [5s 2h 3s]
Vulkano2015: checks
RaisemyNut$: bets $3
Vulkano2015: calls $3
*** TURN *** [5s 2h 3s] [5d]
Vulkano2015: checks
RaisemyNut$: bets $6
Vulkano2015: calls $6
*** RIVER *** [5s 2h 3s 5d] [Jc]
Vulkano2015: checks
RaisemyNut$: bets $6
Vulkano2015: raises $6 to $12
RaisemyNut$: calls $6
*** SHOW DOWN ***
Vulkano2015: shows [Js 3h] (two pair, Jacks and Fives)
RaisemyNut$: mucks hand
Vulkano2015 collected $53.50 from pot
*** SUMMARY ***
Total pot $54 | Rake $0.50
Board [5s 2h 3s 5d Jc]
Seat 1: RaisemyNut$ (button) (small blind) mucked
Seat 2: Vulkano2015 (big blind) showed [Js 3h] and won ($53.50) with two pair, Jacks and Fives


PokerStars Hand #145550817565:  Hold'em Limit ($3/$6 USD) - 2015/12/18 16:53:43 ET
Table 'Bohlinia II' 2-max Seat #2 is the button
Seat 1: RaisemyNut$ ($68.50 in chips)
Seat 2: Vulkano2015 ($224.10 in chips)
Vulkano2015: posts small blind $1
RaisemyNut$: posts big blind $3
*** HOLE CARDS ***
Vulkano2015: raises $3 to $6
RaisemyNut$: raises $3 to $9
Vulkano2015: calls $3
*** FLOP *** [Ac 5h Ts]
RaisemyNut$: bets $3
Vulkano2015: calls $3
*** TURN *** [Ac 5h Ts] [9c]
RaisemyNut$: bets $6
Vulkano2015: calls $6
*** RIVER *** [Ac 5h Ts 9c] [7c]
RaisemyNut$: bets $6
Vulkano2015: calls $6
*** SHOW DOWN ***
RaisemyNut$: shows [Kc 9d] (a pair of Nines)
Vulkano2015: mucks hand
RaisemyNut$ collected $47.50 from pot
*** SUMMARY ***
Total pot $48 | Rake $0.50
Board [Ac 5h Ts 9c 7c]
Seat 1: RaisemyNut$ (big blind) showed [Kc 9d] and won ($47.50) with a pair of Nines
Seat 2: Vulkano2015 (button) (small blind) mucked


PokerStars Hand #145550804072:  Hold'em Limit ($3/$6 USD) - 2015/12/18 16:53:28 ET
Table 'Bohlinia II' 2-max Seat #1 is the button
Seat 1: RaisemyNut$ ($83.50 in chips)
Seat 2: Vulkano2015 ($209.60 in chips)
RaisemyNut$: posts small blind $1
Vulkano2015: posts big blind $3
*** HOLE CARDS ***
RaisemyNut$: raises $3 to $6
Vulkano2015: calls $3
*** FLOP *** [Jd 4h 5d]
Vulkano2015: bets $3
RaisemyNut$: calls $3
*** TURN *** [Jd 4h 5d] [8h]
Vulkano2015: checks
RaisemyNut$: checks
*** RIVER *** [Jd 4h 5d 8h] [5c]
Vulkano2015: bets $6
RaisemyNut$: calls $6
*** SHOW DOWN ***
Vulkano2015: shows [Ad 4c] (two pair, Fives and Fours)
RaisemyNut$: mucks hand
Vulkano2015 collected $29.50 from pot
*** SUMMARY ***
Total pot $30 | Rake $0.50
Board [Jd 4h 5d 8h 5c]
Seat 1: RaisemyNut$ (button) (small blind) mucked
Seat 2: Vulkano2015 (big blind) showed [Ad 4c] and won ($29.50) with two pair, Fives and Fours


PokerStars Hand #145550789836:  Hold'em Limit ($3/$6 USD) - 2015/12/18 16:53:12 ET
Table 'Bohlinia II' 2-max Seat #2 is the button
Seat 1: RaisemyNut$ ($60 in chips)
Seat 2: Vulkano2015 ($233.60 in chips)
Vulkano2015: posts small blind $1
RaisemyNut$: posts big blind $3
*** HOLE CARDS ***
Vulkano2015: raises $3 to $6
RaisemyNut$: calls $3
*** FLOP *** [6c 9h 2h]
RaisemyNut$: checks
Vulkano2015: bets $3
RaisemyNut$: raises $3 to $6
Vulkano2015: calls $3
*** TURN *** [6c 9h 2h] [5s]
RaisemyNut$: bets $6
Vulkano2015: calls $6
*** RIVER *** [6c 9h 2h 5s] [4c]
RaisemyNut$: bets $6
Vulkano2015: calls $6
*** SHOW DOWN ***
RaisemyNut$: shows [6h Qh] (a pair of Sixes)
Vulkano2015: mucks hand
RaisemyNut$ collected $47.50 from pot
*** SUMMARY ***
Total pot $48 | Rake $0.50
Board [6c 9h 2h 5s 4c]
Seat 1: RaisemyNut$ (big blind) showed [6h Qh] and won ($47.50) with a pair of Sixes
Seat 2: Vulkano2015 (button) (small blind) mucked


PokerStars Hand #145550880194:  Hold'em Limit ($3/$6 USD) - 2015/12/18 16:54:53 ET
Table 'Bohlinia II' 2-max Seat #2 is the button
Seat 1: RaisemyNut$ ($106.26 in chips)
Seat 2: Vulkano2015 ($184.60 in chips)
Vulkano2015: posts small blind $1
RaisemyNut$: posts big blind $3
*** HOLE CARDS ***
Vulkano2015: calls $2
RaisemyNut$: checks
*** FLOP *** [6c 9s 8h]
RaisemyNut$: bets $3
Vulkano2015: calls $3
*** TURN *** [6c 9s 8h] [5h]
RaisemyNut$: bets $6
Vulkano2015: raises $6 to $12
RaisemyNut$: folds
Uncalled bet ($6) returned to Vulkano2015
Vulkano2015 collected $23.52 from pot
Vulkano2015: doesn't show hand
*** SUMMARY ***
Total pot $24 | Rake $0.48
Board [6c 9s 8h 5h]
Seat 1: RaisemyNut$ (big blind) folded on the Turn
Seat 2: Vulkano2015 (button) (small blind) collected ($23.52)


PokerStars Hand #145550866520:  Hold'em Limit ($3/$6 USD) - 2015/12/18 16:54:38 ET
Table 'Bohlinia II' 2-max Seat #1 is the button
Seat 1: RaisemyNut$ ($100.50 in chips)
Seat 2: Vulkano2015 ($190.60 in chips)
RaisemyNut$: posts small blind $1
Vulkano2015: posts big blind $3
*** HOLE CARDS ***
RaisemyNut$: raises $3 to $6
Vulkano2015: calls $3
*** FLOP *** [7d 6c 5d]
Vulkano2015: checks
RaisemyNut$: checks
*** TURN *** [7d 6c 5d] [6h]
Vulkano2015: checks
RaisemyNut$: bets $6
Vulkano2015: folds
Uncalled bet ($6) returned to RaisemyNut$
RaisemyNut$ collected $11.76 from pot
RaisemyNut$: doesn't show hand
*** SUMMARY ***
Total pot $12 | Rake $0.24
Board [7d 6c 5d 6h]
Seat 1: RaisemyNut$ (button) (small blind) collected ($11.76)
Seat 2: Vulkano2015 (big blind) folded on the Turn


PokerStars Hand #145550847879:  Hold'em Limit ($3/$6 USD) - 2015/12/18 16:54:17 ET
Table 'Bohlinia II' 2-max Seat #2 is the button
Seat 1: RaisemyNut$ ($65 in chips)
Seat 2: Vulkano2015 ($226.60 in chips)
Vulkano2015: posts small blind $1
RaisemyNut$: posts big blind $3
*** HOLE CARDS ***
Vulkano2015: raises $3 to $6
RaisemyNut$: calls $3
*** FLOP *** [7h Kh Qd]
RaisemyNut$: checks
Vulkano2015: checks
*** TURN *** [7h Kh Qd] [Th]
RaisemyNut$: bets $6
Vulkano2015: calls $6
*** RIVER *** [7h Kh Qd Th] [Js]
RaisemyNut$: checks
Vulkano2015: bets $6
RaisemyNut$: raises $6 to $12
Vulkano2015: raises $6 to $18
RaisemyNut$: raises $6 to $24
Betting is capped
Vulkano2015: calls $6
*** SHOW DOWN ***
RaisemyNut$: shows [4h 9h] (a flush, King high)
Vulkano2015: mucks hand
RaisemyNut$ collected $71.50 from pot
*** SUMMARY ***
Total pot $72 | Rake $0.50
Board [7h Kh Qd Th Js]
Seat 1: RaisemyNut$ (big blind) showed [4h 9h] and won ($71.50) with a flush, King high
Seat 2: Vulkano2015 (button) (small blind) mucked


PokerStars Hand #145550933593:  Hold'em Limit ($3/$6 USD) - 2015/12/18 16:56:04 ET
Table 'Bohlinia II' 2-max Seat #1 is the button
Seat 1: RaisemyNut$ ($93.54 in chips)
Seat 2: Vulkano2015 ($195.62 in chips)
RaisemyNut$: posts small blind $1
Vulkano2015: posts big blind $3
*** HOLE CARDS ***
RaisemyNut$: raises $3 to $6
Vulkano2015: calls $3
*** FLOP *** [Jd 2d Ks]
Vulkano2015: checks
RaisemyNut$: bets $3
Vulkano2015: folds
Uncalled bet ($3) returned to RaisemyNut$
RaisemyNut$ collected $11.76 from pot
RaisemyNut$: doesn't show hand
*** SUMMARY ***
Total pot $12 | Rake $0.24
Board [Jd 2d Ks]
Seat 1: RaisemyNut$ (button) (small blind) collected ($11.76)
Seat 2: Vulkano2015 (big blind) folded on the Flop


PokerStars Hand #145550929476:  Hold'em Limit ($3/$6 USD) - 2015/12/18 16:55:58 ET
Table 'Bohlinia II' 2-max Seat #2 is the button
Seat 1: RaisemyNut$ ($96.54 in chips)
Seat 2: Vulkano2015 ($192.62 in chips)
Vulkano2015: posts small blind $1
RaisemyNut$: posts big blind $3
*** HOLE CARDS ***
Vulkano2015: raises $3 to $6
RaisemyNut$: folds
Uncalled bet ($3) returned to Vulkano2015
Vulkano2015 collected $6 from pot
Vulkano2015: doesn't show hand
*** SUMMARY ***
Total pot $6 | Rake $0
Seat 1: RaisemyNut$ (big blind) folded before Flop
Seat 2: Vulkano2015 (button) (small blind) collected ($6)


PokerStars Hand #145550921334:  Hold'em Limit ($3/$6 USD) - 2015/12/18 16:55:47 ET
Table 'Bohlinia II' 2-max Seat #1 is the button
Seat 1: RaisemyNut$ ($90.78 in chips)
Seat 2: Vulkano2015 ($198.62 in chips)
RaisemyNut$: posts small blind $1
Vulkano2015: posts big blind $3
*** HOLE CARDS ***
RaisemyNut$: raises $3 to $6
Vulkano2015: calls $3
*** FLOP *** [2s 5d Kd]
Vulkano2015: checks
RaisemyNut$: bets $3
Vulkano2015: folds
Uncalled bet ($3) returned to RaisemyNut$
RaisemyNut$ collected $11.76 from pot
RaisemyNut$: doesn't show hand
*** SUMMARY ***
Total pot $12 | Rake $0.24
Board [2s 5d Kd]
Seat 1: RaisemyNut$ (button) (small blind) collected ($11.76)
Seat 2: Vulkano2015 (big blind) folded on the Flop


PokerStars Hand #145550898168:  Hold'em Limit ($3/$6 USD) - 2015/12/18 16:55:14 ET
Table 'Bohlinia II' 2-max Seat #1 is the button
Seat 1: RaisemyNut$ ($94.26 in chips)
Seat 2: Vulkano2015 ($196.12 in chips)
RaisemyNut$: posts small blind $1
Vulkano2015: posts big blind $3
*** HOLE CARDS ***
RaisemyNut$: raises $3 to $6
Vulkano2015: calls $3
*** FLOP *** [Ts 6s 6c]
Vulkano2015: checks
RaisemyNut$: bets $3
Vulkano2015: calls $3
*** TURN *** [Ts 6s 6c] [Ad]
Vulkano2015: checks
RaisemyNut$: bets $6
Vulkano2015: calls $6
*** RIVER *** [Ts 6s 6c Ad] [7d]
Vulkano2015: checks
RaisemyNut$: checks
*** SHOW DOWN ***
Vulkano2015: shows [6h 5c] (three of a kind, Sixes)
RaisemyNut$: mucks hand
Vulkano2015 collected $29.50 from pot
*** SUMMARY ***
Total pot $30 | Rake $0.50
Board [Ts 6s 6c Ad 7d]
Seat 1: RaisemyNut$ (button) (small blind) mucked
Seat 2: Vulkano2015 (big blind) showed [6h 5c] and won ($29.50) with three of a kind, Sixes


PokerStars Hand #145550910918:  Hold'em Limit ($3/$6 USD) - 2015/12/18 16:55:32 ET
Table 'Bohlinia II' 2-max Seat #2 is the button
Seat 1: RaisemyNut$ ($79.26 in chips)
Seat 2: Vulkano2015 ($210.62 in chips)
Vulkano2015: posts small blind $1
RaisemyNut$: posts big blind $3
*** HOLE CARDS ***
Vulkano2015: raises $3 to $6
RaisemyNut$: raises $3 to $9
Vulkano2015: calls $3
*** FLOP *** [5s Qh Tc]
RaisemyNut$: bets $3
Vulkano2015: calls $3
*** TURN *** [5s Qh Tc] [Kd]
RaisemyNut$: bets $6
Vulkano2015: folds
Uncalled bet ($6) returned to RaisemyNut$
RaisemyNut$ collected $23.52 from pot
RaisemyNut$: doesn't show hand
*** SUMMARY ***
Total pot $24 | Rake $0.48
Board [5s Qh Tc Kd]
Seat 1: RaisemyNut$ (big blind) collected ($23.52)
Seat 2: Vulkano2015 (button) (small blind) folded on the Turn


PokerStars Hand #145550940400:  Hold'em Limit ($3/$6 USD) - 2015/12/18 16:56:13 ET
Table 'Bohlinia II' 2-max Seat #2 is the button
Seat 1: RaisemyNut$ ($99.30 in chips)
Seat 2: Vulkano2015 ($189.62 in chips)
Vulkano2015: posts small blind $1
RaisemyNut$: posts big blind $3
*** HOLE CARDS ***
Vulkano2015: raises $3 to $6
RaisemyNut$: raises $3 to $9
Vulkano2015: raises $3 to $12
Betting is capped
RaisemyNut$: calls $3
*** FLOP *** [7c Js 5d]
RaisemyNut$: checks
Vulkano2015: bets $3
RaisemyNut$: calls $3
*** TURN *** [7c Js 5d] [6c]
RaisemyNut$: checks
Vulkano2015: bets $6
RaisemyNut$: calls $6
*** RIVER *** [7c Js 5d 6c] [8h]
RaisemyNut$: checks
Vulkano2015: checks
*** SHOW DOWN ***
RaisemyNut$: shows [6s Ah] (a pair of Sixes)
Vulkano2015: shows [Qs Qd] (a pair of Queens)
Vulkano2015 collected $41.50 from pot
*** SUMMARY ***
Total pot $42 | Rake $0.50
Board [7c Js 5d 6c 8h]
Seat 1: RaisemyNut$ (big blind) showed [6s Ah] and lost with a pair of Sixes
Seat 2: Vulkano2015 (button) (small blind) showed [Qs Qd] and won ($41.50) with a pair of Queens


PokerStars Hand #145550953974:  Hold'em Limit ($3/$6 USD) - 2015/12/18 16:56:32 ET
Table 'Bohlinia II' 2-max Seat #1 is the button
Seat 1: RaisemyNut$ ($78.30 in chips)
Seat 2: Vulkano2015 ($210.12 in chips)
RaisemyNut$: posts small blind $1
Vulkano2015: posts big blind $3
*** HOLE CARDS ***
RaisemyNut$: raises $3 to $6
Vulkano2015: raises $3 to $9
RaisemyNut$: calls $3
*** FLOP *** [7c 8h Kh]
Vulkano2015: bets $3
RaisemyNut$: calls $3
*** TURN *** [7c 8h Kh] [Ah]
Vulkano2015: bets $6
RaisemyNut$: folds
Uncalled bet ($6) returned to Vulkano2015
Vulkano2015 collected $23.52 from pot
Vulkano2015: doesn't show hand
*** SUMMARY ***
Total pot $24 | Rake $0.48
Board [7c 8h Kh Ah]
Seat 1: RaisemyNut$ (button) (small blind) folded on the Turn
Seat 2: Vulkano2015 (big blind) collected ($23.52)


PokerStars Hand #145550963241:  Hold'em Limit ($3/$6 USD) - 2015/12/18 16:56:45 ET
Table 'Bohlinia II' 2-max Seat #2 is the button
Seat 1: RaisemyNut$ ($66.30 in chips)
Seat 2: Vulkano2015 ($221.64 in chips)
Vulkano2015: posts small blind $1
RaisemyNut$: posts big blind $3
*** HOLE CARDS ***
Vulkano2015: raises $3 to $6
RaisemyNut$: calls $3
*** FLOP *** [Ks 2s Kc]
RaisemyNut$: checks
Vulkano2015: bets $3
RaisemyNut$: raises $3 to $6
Vulkano2015: calls $3
*** TURN *** [Ks 2s Kc] [9c]
RaisemyNut$: bets $6
Vulkano2015: calls $6
*** RIVER *** [Ks 2s Kc 9c] [7h]
RaisemyNut$: checks
Vulkano2015: bets $6
RaisemyNut$: folds
Uncalled bet ($6) returned to Vulkano2015
Vulkano2015 collected $35.50 from pot
Vulkano2015: doesn't show hand
*** SUMMARY ***
Total pot $36 | Rake $0.50
Board [Ks 2s Kc 9c 7h]
Seat 1: RaisemyNut$ (big blind) folded on the River
Seat 2: Vulkano2015 (button) (small blind) collected ($35.50)


PokerStars Hand #145550975133:  Hold'em Limit ($3/$6 USD) - 2015/12/18 16:57:01 ET
Table 'Bohlinia II' 2-max Seat #1 is the button
Seat 1: RaisemyNut$ ($60 in chips)
Seat 2: Vulkano2015 ($239.14 in chips)
RaisemyNut$: posts small blind $1
Vulkano2015: posts big blind $3
*** HOLE CARDS ***
RaisemyNut$: calls $2
Vulkano2015: raises $3 to $6
RaisemyNut$: raises $3 to $9
Vulkano2015: raises $3 to $12
Betting is capped
RaisemyNut$: calls $3
*** FLOP *** [Qc Jd Kh]
Vulkano2015: bets $3
RaisemyNut$: calls $3
*** TURN *** [Qc Jd Kh] [3h]
Vulkano2015: bets $6
RaisemyNut$: calls $6
*** RIVER *** [Qc Jd Kh 3h] [4h]
Vulkano2015: bets $6
RaisemyNut$: calls $6
*** SHOW DOWN ***
Vulkano2015: shows [Kd Qd] (two pair, Kings and Queens)
RaisemyNut$: mucks hand
Vulkano2015 collected $53.50 from pot
*** SUMMARY ***
Total pot $54 | Rake $0.50
Board [Qc Jd Kh 3h 4h]
Seat 1: RaisemyNut$ (button) (small blind) mucked
Seat 2: Vulkano2015 (big blind) showed [Kd Qd] and won ($53.50) with two pair, Kings and Queens


PokerStars Hand #145550988160:  Hold'em Limit ($3/$6 USD) - 2015/12/18 16:57:19 ET
Table 'Bohlinia II' 2-max Seat #2 is the button
Seat 1: RaisemyNut$ ($60 in chips)
Seat 2: Vulkano2015 ($265.64 in chips)
Vulkano2015: posts small blind $1
RaisemyNut$: posts big blind $3
*** HOLE CARDS ***
Vulkano2015: calls $2
RaisemyNut$: raises $3 to $6
Vulkano2015: calls $3
*** FLOP *** [6s Kh 9s]
RaisemyNut$: bets $3
Vulkano2015: calls $3
*** TURN *** [6s Kh 9s] [5d]
RaisemyNut$: bets $6
Vulkano2015: calls $6
*** RIVER *** [6s Kh 9s 5d] [8d]
RaisemyNut$: checks
Vulkano2015: bets $6
RaisemyNut$: folds
Uncalled bet ($6) returned to Vulkano2015
Vulkano2015 collected $29.50 from pot
Vulkano2015: doesn't show hand
*** SUMMARY ***
Total pot $30 | Rake $0.50
Board [6s Kh 9s 5d 8d]
Seat 1: RaisemyNut$ (big blind) folded on the River
Seat 2: Vulkano2015 (button) (small blind) collected ($29.50)


PokerStars Hand #145551000667:  Hold'em Limit ($3/$6 USD) - 2015/12/18 16:57:36 ET
Table 'Bohlinia II' 2-max Seat #1 is the button
Seat 1: RaisemyNut$ ($60 in chips)
Seat 2: Vulkano2015 ($280.14 in chips)
RaisemyNut$: posts small blind $1
Vulkano2015: posts big blind $3
*** HOLE CARDS ***
RaisemyNut$: raises $3 to $6
Vulkano2015: calls $3
*** FLOP *** [Jd 8d Kc]
Vulkano2015: checks
RaisemyNut$: bets $3
Vulkano2015: folds
Uncalled bet ($3) returned to RaisemyNut$
RaisemyNut$ collected $11.76 from pot
RaisemyNut$: doesn't show hand
*** SUMMARY ***
Total pot $12 | Rake $0.24
Board [Jd 8d Kc]
Seat 1: RaisemyNut$ (button) (small blind) collected ($11.76)
Seat 2: Vulkano2015 (big blind) folded on the Flop


PokerStars Hand #145551007541:  Hold'em Limit ($3/$6 USD) - 2015/12/18 16:57:46 ET
Table 'Bohlinia II' 2-max Seat #2 is the button
Seat 1: RaisemyNut$ ($65.76 in chips)
Seat 2: Vulkano2015 ($274.14 in chips)
Vulkano2015: posts small blind $1
RaisemyNut$: posts big blind $3
*** HOLE CARDS ***
Vulkano2015: calls $2
RaisemyNut$: raises $3 to $6
Vulkano2015: calls $3
*** FLOP *** [As Ts 9h]
RaisemyNut$: bets $3
Vulkano2015: folds
Uncalled bet ($3) returned to RaisemyNut$
RaisemyNut$ collected $11.76 from pot
RaisemyNut$: doesn't show hand
*** SUMMARY ***
Total pot $12 | Rake $0.24
Board [As Ts 9h]
Seat 1: RaisemyNut$ (big blind) collected ($11.76)
Seat 2: Vulkano2015 (button) (small blind) folded on the Flop


PokerStars Hand #145551015007:  Hold'em Limit ($3/$6 USD) - 2015/12/18 16:57:56 ET
Table 'Bohlinia II' 2-max Seat #1 is the button
Seat 1: RaisemyNut$ ($71.52 in chips)
Seat 2: Vulkano2015 ($268.14 in chips)
RaisemyNut$: posts small blind $1
Vulkano2015: posts big blind $3
*** HOLE CARDS ***
RaisemyNut$: raises $3 to $6
Vulkano2015: calls $3
*** FLOP *** [7d 7c Jd]
Vulkano2015: checks
RaisemyNut$: checks
*** TURN *** [7d 7c Jd] [2h]
Vulkano2015: checks
RaisemyNut$: bets $6
Vulkano2015: calls $6
*** RIVER *** [7d 7c Jd 2h] [Jh]
Vulkano2015: checks
RaisemyNut$: bets $6
Vulkano2015: raises $6 to $12
RaisemyNut$: folds
Uncalled bet ($6) returned to Vulkano2015
Vulkano2015 collected $35.50 from pot
Vulkano2015: doesn't show hand
*** SUMMARY ***
Total pot $36 | Rake $0.50
Board [7d 7c Jd 2h Jh]
Seat 1: RaisemyNut$ (button) (small blind) folded on the River
Seat 2: Vulkano2015 (big blind) collected ($35.50)


PokerStars Hand #145551028201:  Hold'em Limit ($3/$6 USD) - 2015/12/18 16:58:14 ET
Table 'Bohlinia II' 2-max Seat #2 is the button
Seat 1: RaisemyNut$ ($60 in chips)
Seat 2: Vulkano2015 ($285.64 in chips)
Vulkano2015: posts small blind $1
RaisemyNut$: posts big blind $3
*** HOLE CARDS ***
Vulkano2015: raises $3 to $6
RaisemyNut$: raises $3 to $9
Vulkano2015: raises $3 to $12
Betting is capped
RaisemyNut$: calls $3
*** FLOP *** [Jh 6s 9c]
RaisemyNut$: checks
Vulkano2015: checks
*** TURN *** [Jh 6s 9c] [3d]
RaisemyNut$: checks
Vulkano2015: checks
*** RIVER *** [Jh 6s 9c 3d] [Ah]
RaisemyNut$: bets $6
Vulkano2015: folds
Uncalled bet ($6) returned to RaisemyNut$
RaisemyNut$ collected $23.52 from pot
RaisemyNut$: doesn't show hand
*** SUMMARY ***
Total pot $24 | Rake $0.48
Board [Jh 6s 9c 3d Ah]
Seat 1: RaisemyNut$ (big blind) collected ($23.52)
Seat 2: Vulkano2015 (button) (small blind) folded on the River


PokerStars Hand #145551044330:  Hold'em Limit ($3/$6 USD) - 2015/12/18 16:58:36 ET
Table 'Bohlinia II' 2-max Seat #1 is the button
Seat 1: RaisemyNut$ ($71.52 in chips)
Seat 2: Vulkano2015 ($273.64 in chips)
RaisemyNut$: posts small blind $1
Vulkano2015: posts big blind $3
*** HOLE CARDS ***
RaisemyNut$: raises $3 to $6
Vulkano2015: calls $3
*** FLOP *** [Ah Kh Qh]
Vulkano2015: bets $3
RaisemyNut$: calls $3
*** TURN *** [Ah Kh Qh] [5s]
Vulkano2015: bets $6
RaisemyNut$: calls $6
*** RIVER *** [Ah Kh Qh 5s] [Ad]
Vulkano2015: bets $6
RaisemyNut$: folds
Uncalled bet ($6) returned to Vulkano2015
Vulkano2015 collected $29.50 from pot
Vulkano2015: doesn't show hand
*** SUMMARY ***
Total pot $30 | Rake $0.50
Board [Ah Kh Qh 5s Ad]
Seat 1: RaisemyNut$ (button) (small blind) folded on the River
Seat 2: Vulkano2015 (big blind) collected ($29.50)


PokerStars Hand #145551056547:  Hold'em Limit ($3/$6 USD) - 2015/12/18 16:58:53 ET
Table 'Bohlinia II' 2-max Seat #2 is the button
Seat 1: RaisemyNut$ ($60 in chips)
Seat 2: Vulkano2015 ($288.14 in chips)
Vulkano2015: posts small blind $1
RaisemyNut$: posts big blind $3
*** HOLE CARDS ***
Vulkano2015: raises $3 to $6
RaisemyNut$: calls $3
*** FLOP *** [Jd Tc Qh]
RaisemyNut$: checks
Vulkano2015: bets $3
RaisemyNut$: raises $3 to $6
Vulkano2015: calls $3
*** TURN *** [Jd Tc Qh] [9s]
RaisemyNut$: bets $6
Vulkano2015: calls $6
*** RIVER *** [Jd Tc Qh 9s] [2h]
RaisemyNut$: bets $6
Vulkano2015: calls $6
*** SHOW DOWN ***
RaisemyNut$: shows [Qd 4d] (a pair of Queens)
Vulkano2015: shows [Td 9d] (two pair, Tens and Nines)
Vulkano2015 collected $47.50 from pot
*** SUMMARY ***
Total pot $48 | Rake $0.50
Board [Jd Tc Qh 9s 2h]
Seat 1: RaisemyNut$ (big blind) showed [Qd 4d] and lost with a pair of Queens
Seat 2: Vulkano2015 (button) (small blind) showed [Td 9d] and won ($47.50) with two pair, Tens and Nines


PokerStars Hand #145551069155:  Hold'em Limit ($3/$6 USD) - 2015/12/18 16:59:10 ET
Table 'Bohlinia II' 2-max Seat #1 is the button
Seat 1: RaisemyNut$ ($60 in chips)
Seat 2: Vulkano2015 ($311.64 in chips)
RaisemyNut$: posts small blind $1
Vulkano2015: posts big blind $3
*** HOLE CARDS ***
RaisemyNut$: raises $3 to $6
Vulkano2015: calls $3
*** FLOP *** [Qc 7s Jh]
Vulkano2015: bets $3
RaisemyNut$: raises $3 to $6
Vulkano2015: calls $3
*** TURN *** [Qc 7s Jh] [3h]
Vulkano2015: bets $6
RaisemyNut$: calls $6
*** RIVER *** [Qc 7s Jh 3h] [Th]
Vulkano2015: bets $6
RaisemyNut$: raises $6 to $12
Vulkano2015: calls $6
*** SHOW DOWN ***
RaisemyNut$: shows [Ts 7h] (two pair, Tens and Sevens)
Vulkano2015: shows [Qs Td] (two pair, Queens and Tens)
Vulkano2015 collected $59.50 from pot
*** SUMMARY ***
Total pot $60 | Rake $0.50
Board [Qc 7s Jh 3h Th]
Seat 1: RaisemyNut$ (button) (small blind) showed [Ts 7h] and lost with two pair, Tens and Sevens
Seat 2: Vulkano2015 (big blind) showed [Qs Td] and won ($59.50) with two pair, Queens and Tens


PokerStars Hand #145551080802:  Hold'em Limit ($3/$6 USD) - 2015/12/18 16:59:26 ET
Table 'Bohlinia II' 2-max Seat #2 is the button
Seat 1: RaisemyNut$ ($60 in chips)
Seat 2: Vulkano2015 ($341.14 in chips)
Vulkano2015: posts small blind $1
RaisemyNut$: posts big blind $3
*** HOLE CARDS ***
Vulkano2015: calls $2
RaisemyNut$: raises $3 to $6
Vulkano2015: calls $3
*** FLOP *** [4c 9c Kh]
RaisemyNut$: bets $3
Vulkano2015: calls $3
*** TURN *** [4c 9c Kh] [Js]
RaisemyNut$: bets $6
Vulkano2015: folds
Uncalled bet ($6) returned to RaisemyNut$
RaisemyNut$ collected $17.64 from pot
RaisemyNut$: doesn't show hand
*** SUMMARY ***
Total pot $18 | Rake $0.36
Board [4c 9c Kh Js]
Seat 1: RaisemyNut$ (big blind) collected ($17.64)
Seat 2: Vulkano2015 (button) (small blind) folded on the Turn


PokerStars Hand #145551091717:  Hold'em Limit ($3/$6 USD) - 2015/12/18 16:59:41 ET
Table 'Bohlinia II' 2-max Seat #1 is the button
Seat 1: RaisemyNut$ ($68.64 in chips)
Seat 2: Vulkano2015 ($332.14 in chips)
RaisemyNut$: posts small blind $1
Vulkano2015: posts big blind $3
*** HOLE CARDS ***
RaisemyNut$: raises $3 to $6
Vulkano2015: calls $3
*** FLOP *** [9c 5s Ac]
Vulkano2015: checks
RaisemyNut$: bets $3
Vulkano2015: folds
Uncalled bet ($3) returned to RaisemyNut$
RaisemyNut$ collected $11.76 from pot
RaisemyNut$: doesn't show hand
*** SUMMARY ***
Total pot $12 | Rake $0.24
Board [9c 5s Ac]
Seat 1: RaisemyNut$ (button) (small blind) collected ($11.76)
Seat 2: Vulkano2015 (big blind) folded on the Flop


PokerStars Hand #145551099980:  Hold'em Limit ($3/$6 USD) - 2015/12/18 16:59:52 ET
Table 'Bohlinia II' 2-max Seat #2 is the button
Seat 1: RaisemyNut$ ($74.40 in chips)
Seat 2: Vulkano2015 ($326.14 in chips)
Vulkano2015: posts small blind $1
RaisemyNut$: posts big blind $3
*** HOLE CARDS ***
Vulkano2015: calls $2
RaisemyNut$: checks
*** FLOP *** [Td 8c Kc]
RaisemyNut$: checks
Vulkano2015: bets $3
RaisemyNut$: calls $3
*** TURN *** [Td 8c Kc] [Ad]
RaisemyNut$: checks
Vulkano2015: checks
*** RIVER *** [Td 8c Kc Ad] [6d]
RaisemyNut$: bets $6
Vulkano2015: calls $6
*** SHOW DOWN ***
RaisemyNut$: shows [5h 8d] (a pair of Eights)
Vulkano2015: shows [Jc 8s] (a pair of Eights - Ace+King+Jack kicker)
Vulkano2015 collected $23.52 from pot
*** SUMMARY ***
Total pot $24 | Rake $0.48
Board [Td 8c Kc Ad 6d]
Seat 1: RaisemyNut$ (big blind) showed [5h 8d] and lost with a pair of Eights
Seat 2: Vulkano2015 (button) (small blind) showed [Jc 8s] and won ($23.52) with a pair of Eights


PokerStars Hand #145551114832:  Hold'em Limit ($3/$6 USD) - 2015/12/18 17:00:11 ET
Table 'Bohlinia II' 2-max Seat #1 is the button
Seat 1: RaisemyNut$ ($62.40 in chips)
Seat 2: Vulkano2015 ($337.66 in chips)
RaisemyNut$: posts small blind $1
Vulkano2015: posts big blind $3
*** HOLE CARDS ***
RaisemyNut$: raises $3 to $6
Vulkano2015: calls $3
*** FLOP *** [7h 6d Jd]
Vulkano2015: checks
RaisemyNut$: bets $3
Vulkano2015: folds
Uncalled bet ($3) returned to RaisemyNut$
RaisemyNut$ collected $11.76 from pot
RaisemyNut$: doesn't show hand
*** SUMMARY ***
Total pot $12 | Rake $0.24
Board [7h 6d Jd]
Seat 1: RaisemyNut$ (button) (small blind) collected ($11.76)
Seat 2: Vulkano2015 (big blind) folded on the Flop


PokerStars Hand #145551127258:  Hold'em Limit ($3/$6 USD) - 2015/12/18 17:00:28 ET
Table 'Bohlinia II' 2-max Seat #2 is the button
Seat 1: RaisemyNut$ ($68.16 in chips)
Seat 2: Vulkano2015 ($331.66 in chips)
Vulkano2015: posts small blind $1
RaisemyNut$: posts big blind $3
*** HOLE CARDS ***
Vulkano2015: calls $2
RaisemyNut$: checks
*** FLOP *** [Th 5h 3s]
RaisemyNut$: checks
Vulkano2015: checks
*** TURN *** [Th 5h 3s] [Kd]
RaisemyNut$: checks
Vulkano2015: checks
*** RIVER *** [Th 5h 3s Kd] [Jd]
RaisemyNut$: bets $6
Vulkano2015: calls $6
*** SHOW DOWN ***
RaisemyNut$: shows [6c Qs] (high card King)
Vulkano2015: shows [3d 9d] (a pair of Threes)
Vulkano2015 collected $17.64 from pot
*** SUMMARY ***
Total pot $18 | Rake $0.36
Board [Th 5h 3s Kd Jd]
Seat 1: RaisemyNut$ (big blind) showed [6c Qs] and lost with high card King
Seat 2: Vulkano2015 (button) (small blind) showed [3d 9d] and won ($17.64) with a pair of Threes


PokerStars Hand #145551137659:  Hold'em Limit ($3/$6 USD) - 2015/12/18 17:00:41 ET
Table 'Bohlinia II' 2-max Seat #1 is the button
Seat 1: RaisemyNut$ ($60 in chips)
Seat 2: Vulkano2015 ($340.30 in chips)
RaisemyNut$: posts small blind $1
Vulkano2015: posts big blind $3
*** HOLE CARDS ***
RaisemyNut$: raises $3 to $6
Vulkano2015: calls $3
*** FLOP *** [6c Jh 9s]
Vulkano2015: checks
RaisemyNut$: bets $3
Vulkano2015: calls $3
*** TURN *** [6c Jh 9s] [2h]
Vulkano2015: checks
RaisemyNut$: bets $6
Vulkano2015: calls $6
*** RIVER *** [6c Jh 9s 2h] [7c]
Vulkano2015: checks
RaisemyNut$: checks
*** SHOW DOWN ***
Vulkano2015: shows [5s 9c] (a pair of Nines)
RaisemyNut$: mucks hand
Vulkano2015 collected $29.50 from pot
*** SUMMARY ***
Total pot $30 | Rake $0.50
Board [6c Jh 9s 2h 7c]
Seat 1: RaisemyNut$ (button) (small blind) mucked
Seat 2: Vulkano2015 (big blind) showed [5s 9c] and won ($29.50) with a pair of Nines


PokerStars Hand #145551149945:  Hold'em Limit ($3/$6 USD) - 2015/12/18 17:00:57 ET
Table 'Bohlinia II' 2-max Seat #2 is the button
Seat 1: RaisemyNut$ ($60 in chips)
Seat 2: Vulkano2015 ($354.80 in chips)
Vulkano2015: posts small blind $1
RaisemyNut$: posts big blind $3
*** HOLE CARDS ***
Vulkano2015: raises $3 to $6
RaisemyNut$: calls $3
*** FLOP *** [9s 3d 5c]
RaisemyNut$: checks
Vulkano2015: bets $3
RaisemyNut$: calls $3
*** TURN *** [9s 3d 5c] [7h]
RaisemyNut$: checks
Vulkano2015: bets $6
RaisemyNut$: calls $6
*** RIVER *** [9s 3d 5c 7h] [7d]
RaisemyNut$: checks
Vulkano2015: bets $6
RaisemyNut$: raises $6 to $12
Vulkano2015: calls $6
*** SHOW DOWN ***
RaisemyNut$: shows [Jd 7c] (three of a kind, Sevens)
Vulkano2015: mucks hand
RaisemyNut$ collected $53.50 from pot
*** SUMMARY ***
Total pot $54 | Rake $0.50
Board [9s 3d 5c 7h 7d]
Seat 1: RaisemyNut$ (big blind) showed [Jd 7c] and won ($53.50) with three of a kind, Sevens
Seat 2: Vulkano2015 (button) (small blind) mucked


PokerStars Hand #145551166603:  Hold'em Limit ($3/$6 USD) - 2015/12/18 17:01:17 ET
Table 'Bohlinia II' 2-max Seat #1 is the button
Seat 1: RaisemyNut$ ($86.50 in chips)
Seat 2: Vulkano2015 ($327.80 in chips)
RaisemyNut$: posts small blind $1
Vulkano2015: posts big blind $3
*** HOLE CARDS ***
RaisemyNut$: raises $3 to $6
Vulkano2015: calls $3
*** FLOP *** [2h 8s 6h]
Vulkano2015: bets $3
RaisemyNut$: calls $3
*** TURN *** [2h 8s 6h] [9c]
Vulkano2015: bets $6
RaisemyNut$: raises $6 to $12
Vulkano2015: calls $6
*** RIVER *** [2h 8s 6h 9c] [7d]
Vulkano2015: checks
RaisemyNut$: bets $6
Vulkano2015: calls $6
*** SHOW DOWN ***
RaisemyNut$: shows [Tc 9d] (a straight, Six to Ten)
Vulkano2015: mucks hand
RaisemyNut$ collected $53.50 from pot
*** SUMMARY ***
Total pot $54 | Rake $0.50
Board [2h 8s 6h 9c 7d]
Seat 1: RaisemyNut$ (button) (small blind) showed [Tc 9d] and won ($53.50) with a straight, Six to Ten
Seat 2: Vulkano2015 (big blind) mucked


PokerStars Hand #145551180618:  Hold'em Limit ($3/$6 USD) - 2015/12/18 17:01:34 ET
Table 'Bohlinia II' 2-max Seat #2 is the button
Seat 1: RaisemyNut$ ($113 in chips)
Seat 2: Vulkano2015 ($300.80 in chips)
Vulkano2015: posts small blind $1
RaisemyNut$: posts big blind $3
*** HOLE CARDS ***
Vulkano2015: calls $2
RaisemyNut$: raises $3 to $6
Vulkano2015: calls $3
*** FLOP *** [5d 6d 9d]
RaisemyNut$: bets $3
Vulkano2015: folds
Uncalled bet ($3) returned to RaisemyNut$
RaisemyNut$ collected $11.76 from pot
RaisemyNut$: doesn't show hand
*** SUMMARY ***
Total pot $12 | Rake $0.24
Board [5d 6d 9d]
Seat 1: RaisemyNut$ (big blind) collected ($11.76)
Seat 2: Vulkano2015 (button) (small blind) folded on the Flop


PokerStars Hand #145551205225:  Hold'em Limit ($3/$6 USD) - 2015/12/18 17:02:01 ET
Table 'Bohlinia II' 2-max Seat #2 is the button
Seat 1: RaisemyNut$ ($139.26 in chips)
Seat 2: Vulkano2015 ($273.80 in chips)
Vulkano2015: posts small blind $1
RaisemyNut$: posts big blind $3
*** HOLE CARDS ***
Vulkano2015: folds
Uncalled bet ($2) returned to RaisemyNut$
RaisemyNut$ collected $2 from pot
RaisemyNut$: doesn't show hand
*** SUMMARY ***
Total pot $2 | Rake $0
Seat 1: RaisemyNut$ (big blind) collected ($2)
Seat 2: Vulkano2015 (button) (small blind) folded before Flop


PokerStars Hand #145551189851:  Hold'em Limit ($3/$6 USD) - 2015/12/18 17:01:44 ET
Table 'Bohlinia II' 2-max Seat #1 is the button
Seat 1: RaisemyNut$ ($118.76 in chips)
Seat 2: Vulkano2015 ($294.80 in chips)
RaisemyNut$: posts small blind $1
Vulkano2015: posts big blind $3
*** HOLE CARDS ***
RaisemyNut$: raises $3 to $6
Vulkano2015: calls $3
*** FLOP *** [Ts 3h 5d]
Vulkano2015: bets $3
RaisemyNut$: calls $3
*** TURN *** [Ts 3h 5d] [9h]
Vulkano2015: checks
RaisemyNut$: bets $6
Vulkano2015: calls $6
*** RIVER *** [Ts 3h 5d 9h] [2d]
Vulkano2015: checks
RaisemyNut$: bets $6
Vulkano2015: calls $6
*** SHOW DOWN ***
RaisemyNut$: shows [Kh Kd] (a pair of Kings)
Vulkano2015: mucks hand
RaisemyNut$ collected $41.50 from pot
*** SUMMARY ***
Total pot $42 | Rake $0.50
Board [Ts 3h 5d 9h 2d]
Seat 1: RaisemyNut$ (button) (small blind) showed [Kh Kd] and won ($41.50) with a pair of Kings
Seat 2: Vulkano2015 (big blind) mucked


PokerStars Hand #145551224151:  Hold'em Limit ($3/$6 USD) - 2015/12/18 17:02:22 ET
Table 'Bohlinia II' 2-max Seat #2 is the button
Seat 1: RaisemyNut$ ($125.26 in chips)
Seat 2: Vulkano2015 ($287.30 in chips)
Vulkano2015: posts small blind $1
RaisemyNut$: posts big blind $3
*** HOLE CARDS ***
Vulkano2015: raises $3 to $6
RaisemyNut$: calls $3
*** FLOP *** [Qh Th 3s]
RaisemyNut$: checks
Vulkano2015: bets $3
RaisemyNut$: folds
Uncalled bet ($3) returned to Vulkano2015
Vulkano2015 collected $11.76 from pot
Vulkano2015: doesn't show hand
*** SUMMARY ***
Total pot $12 | Rake $0.24
Board [Qh Th 3s]
Seat 1: RaisemyNut$ (big blind) folded on the Flop
Seat 2: Vulkano2015 (button) (small blind) collected ($11.76)


PokerStars Hand #145551210176:  Hold'em Limit ($3/$6 USD) - 2015/12/18 17:02:06 ET
Table 'Bohlinia II' 2-max Seat #1 is the button
Seat 1: RaisemyNut$ ($140.26 in chips)
Seat 2: Vulkano2015 ($272.80 in chips)
RaisemyNut$: posts small blind $1
Vulkano2015: posts big blind $3
*** HOLE CARDS ***
RaisemyNut$: raises $3 to $6
Vulkano2015: calls $3
*** FLOP *** [7d Qh 9h]
Vulkano2015: checks
RaisemyNut$: bets $3
Vulkano2015: calls $3
*** TURN *** [7d Qh 9h] [Ad]
Vulkano2015: checks
RaisemyNut$: bets $6
Vulkano2015: calls $6
*** RIVER *** [7d Qh 9h Ad] [9d]
Vulkano2015: checks
RaisemyNut$: checks
*** SHOW DOWN ***
Vulkano2015: shows [4h 7c] (two pair, Nines and Sevens)
RaisemyNut$: mucks hand
Vulkano2015 collected $29.50 from pot
*** SUMMARY ***
Total pot $30 | Rake $0.50
Board [7d Qh 9h Ad 9d]
Seat 1: RaisemyNut$ (button) (small blind) mucked
Seat 2: Vulkano2015 (big blind) showed [4h 7c] and won ($29.50) with two pair, Nines and Sevens


PokerStars Hand #145551232613:  Hold'em Limit ($3/$6 USD) - 2015/12/18 17:02:31 ET
Table 'Bohlinia II' 2-max Seat #1 is the button
Seat 1: RaisemyNut$ ($119.26 in chips)
Seat 2: Vulkano2015 ($293.06 in chips)
RaisemyNut$: posts small blind $1
Vulkano2015: posts big blind $3
*** HOLE CARDS ***
RaisemyNut$: raises $3 to $6
Vulkano2015: calls $3
*** FLOP *** [Qs Jd 7c]
Vulkano2015: bets $3
RaisemyNut$: folds
Uncalled bet ($3) returned to Vulkano2015
Vulkano2015 collected $11.76 from pot
Vulkano2015: doesn't show hand
*** SUMMARY ***
Total pot $12 | Rake $0.24
Board [Qs Jd 7c]
Seat 1: RaisemyNut$ (button) (small blind) folded on the Flop
Seat 2: Vulkano2015 (big blind) collected ($11.76)


PokerStars Hand #145551240217:  Hold'em Limit ($3/$6 USD) - 2015/12/18 17:02:40 ET
Table 'Bohlinia II' 2-max Seat #2 is the button
Seat 1: RaisemyNut$ ($113.26 in chips)
Seat 2: Vulkano2015 ($298.82 in chips)
Vulkano2015: posts small blind $1
RaisemyNut$: posts big blind $3
*** HOLE CARDS ***
Vulkano2015: raises $3 to $6
RaisemyNut$: calls $3
*** FLOP *** [Ad 8c Ts]
RaisemyNut$: checks
Vulkano2015: bets $3
RaisemyNut$: folds
Uncalled bet ($3) returned to Vulkano2015
Vulkano2015 collected $11.76 from pot
Vulkano2015: doesn't show hand
*** SUMMARY ***
Total pot $12 | Rake $0.24
Board [Ad 8c Ts]
Seat 1: RaisemyNut$ (big blind) folded on the Flop
Seat 2: Vulkano2015 (button) (small blind) collected ($11.76)


PokerStars Hand #145551259639:  Hold'em Limit ($3/$6 USD) - 2015/12/18 17:03:02 ET
Table 'Bohlinia II' 2-max Seat #2 is the button
Seat 1: RaisemyNut$ ($115.90 in chips)
Seat 2: Vulkano2015 ($295.58 in chips)
Vulkano2015: posts small blind $1
RaisemyNut$: posts big blind $3
*** HOLE CARDS ***
Vulkano2015: folds
Uncalled bet ($2) returned to RaisemyNut$
RaisemyNut$ collected $2 from pot
RaisemyNut$: doesn't show hand
*** SUMMARY ***
Total pot $2 | Rake $0
Seat 1: RaisemyNut$ (big blind) collected ($2)
Seat 2: Vulkano2015 (button) (small blind) folded before Flop


PokerStars Hand #145551247608:  Hold'em Limit ($3/$6 USD) - 2015/12/18 17:02:48 ET
Table 'Bohlinia II' 2-max Seat #1 is the button
Seat 1: RaisemyNut$ ($107.26 in chips)
Seat 2: Vulkano2015 ($304.58 in chips)
RaisemyNut$: posts small blind $1
Vulkano2015: posts big blind $3
*** HOLE CARDS ***
RaisemyNut$: raises $3 to $6
Vulkano2015: calls $3
*** FLOP *** [6h 9c 6d]
Vulkano2015: bets $3
RaisemyNut$: calls $3
*** TURN *** [6h 9c 6d] [5c]
Vulkano2015: checks
RaisemyNut$: bets $6
Vulkano2015: folds
Uncalled bet ($6) returned to RaisemyNut$
RaisemyNut$ collected $17.64 from pot
RaisemyNut$: doesn't show hand
*** SUMMARY ***
Total pot $18 | Rake $0.36
Board [6h 9c 6d 5c]
Seat 1: RaisemyNut$ (button) (small blind) collected ($17.64)
Seat 2: Vulkano2015 (big blind) folded on the Turn


PokerStars Hand #145551264624:  Hold'em Limit ($3/$6 USD) - 2015/12/18 17:03:08 ET
Table 'Bohlinia II' 2-max Seat #1 is the button
Seat 1: RaisemyNut$ ($116.90 in chips)
Seat 2: Vulkano2015 ($294.58 in chips)
RaisemyNut$: posts small blind $1
Vulkano2015: posts big blind $3
*** HOLE CARDS ***
RaisemyNut$: raises $3 to $6
Vulkano2015: folds
Uncalled bet ($3) returned to RaisemyNut$
RaisemyNut$ collected $6 from pot
RaisemyNut$: doesn't show hand
*** SUMMARY ***
Total pot $6 | Rake $0
Seat 1: RaisemyNut$ (button) (small blind) collected ($6)
Seat 2: Vulkano2015 (big blind) folded before Flop


PokerStars Hand #145551270050:  Hold'em Limit ($3/$6 USD) - 2015/12/18 17:03:14 ET
Table 'Bohlinia II' 2-max Seat #2 is the button
Seat 1: RaisemyNut$ ($119.90 in chips)
Seat 2: Vulkano2015 ($291.58 in chips)
Vulkano2015: posts small blind $1
RaisemyNut$: posts big blind $3
*** HOLE CARDS ***
Vulkano2015: raises $3 to $6
RaisemyNut$: calls $3
*** FLOP *** [Ts 3d 4c]
RaisemyNut$: checks
Vulkano2015: bets $3
RaisemyNut$: calls $3
*** TURN *** [Ts 3d 4c] [8h]
RaisemyNut$: checks
Vulkano2015: bets $6
RaisemyNut$: calls $6
*** RIVER *** [Ts 3d 4c 8h] [6c]
RaisemyNut$: checks
Vulkano2015: bets $6
RaisemyNut$: calls $6
*** SHOW DOWN ***
Vulkano2015: shows [Qh 9d] (high card Queen)
RaisemyNut$: shows [Ad 5c] (high card Ace)
RaisemyNut$ collected $41.50 from pot
*** SUMMARY ***
Total pot $42 | Rake $0.50
Board [Ts 3d 4c 8h 6c]
Seat 1: RaisemyNut$ (big blind) showed [Ad 5c] and won ($41.50) with high card Ace
Seat 2: Vulkano2015 (button) (small blind) showed [Qh 9d] and lost with high card Queen


PokerStars Hand #145551286609:  Hold'em Limit ($3/$6 USD) - 2015/12/18 17:03:32 ET
Table 'Bohlinia II' 2-max Seat #1 is the button
Seat 1: RaisemyNut$ ($140.40 in chips)
Seat 2: Vulkano2015 ($270.58 in chips)
RaisemyNut$: posts small blind $1
Vulkano2015: posts big blind $3
*** HOLE CARDS ***
RaisemyNut$: raises $3 to $6
Vulkano2015: calls $3
*** FLOP *** [Ac 3h 5s]
Vulkano2015: checks
RaisemyNut$: bets $3
Vulkano2015: calls $3
*** TURN *** [Ac 3h 5s] [4s]
Vulkano2015: checks
RaisemyNut$: checks
*** RIVER *** [Ac 3h 5s 4s] [Tc]
Vulkano2015: bets $6
RaisemyNut$: folds
Uncalled bet ($6) returned to Vulkano2015
Vulkano2015 collected $17.64 from pot
Vulkano2015: doesn't show hand
*** SUMMARY ***
Total pot $18 | Rake $0.36
Board [Ac 3h 5s 4s Tc]
Seat 1: RaisemyNut$ (button) (small blind) folded on the River
Seat 2: Vulkano2015 (big blind) collected ($17.64)


PokerStars Hand #145551303892:  Hold'em Limit ($3/$6 USD) - 2015/12/18 17:03:51 ET
Table 'Bohlinia II' 2-max Seat #2 is the button
Seat 1: RaisemyNut$ ($131.40 in chips)
Seat 2: Vulkano2015 ($279.22 in chips)
Vulkano2015: posts small blind $1
RaisemyNut$: posts big blind $3
*** HOLE CARDS ***
Vulkano2015: calls $2
RaisemyNut$: raises $3 to $6
Vulkano2015: calls $3
*** FLOP *** [Td 3c Kh]
RaisemyNut$: bets $3
Vulkano2015: calls $3
*** TURN *** [Td 3c Kh] [Jd]
RaisemyNut$: bets $6
Vulkano2015: calls $6
*** RIVER *** [Td 3c Kh Jd] [7d]
RaisemyNut$: bets $6
Vulkano2015: calls $6
*** SHOW DOWN ***
RaisemyNut$: shows [Jc Qs] (a pair of Jacks)
Vulkano2015: mucks hand
RaisemyNut$ collected $41.50 from pot
*** SUMMARY ***
Total pot $42 | Rake $0.50
Board [Td 3c Kh Jd 7d]
Seat 1: RaisemyNut$ (big blind) showed [Jc Qs] and won ($41.50) with a pair of Jacks
Seat 2: Vulkano2015 (button) (small blind) mucked


PokerStars Hand #145551317409:  Hold'em Limit ($3/$6 USD) - 2015/12/18 17:04:05 ET
Table 'Bohlinia II' 2-max Seat #1 is the button
Seat 1: RaisemyNut$ ($151.90 in chips)
Seat 2: Vulkano2015 ($258.22 in chips)
RaisemyNut$: posts small blind $1
Vulkano2015: posts big blind $3
*** HOLE CARDS ***
RaisemyNut$: raises $3 to $6
Vulkano2015: calls $3
*** FLOP *** [4h 5h 3d]
Vulkano2015: bets $3
RaisemyNut$: calls $3
*** TURN *** [4h 5h 3d] [7s]
Vulkano2015: bets $6
RaisemyNut$: calls $6
*** RIVER *** [4h 5h 3d 7s] [Kh]
Vulkano2015: bets $6
RaisemyNut$: calls $6
*** SHOW DOWN ***
Vulkano2015: shows [4s 7c] (two pair, Sevens and Fours)
RaisemyNut$: mucks hand
Vulkano2015 collected $41.50 from pot
*** SUMMARY ***
Total pot $42 | Rake $0.50
Board [4h 5h 3d 7s Kh]
Seat 1: RaisemyNut$ (button) (small blind) mucked
Seat 2: Vulkano2015 (big blind) showed [4s 7c] and won ($41.50) with two pair, Sevens and Fours


PokerStars Hand #145551331401:  Hold'em Limit ($3/$6 USD) - 2015/12/18 17:04:21 ET
Table 'Bohlinia II' 2-max Seat #2 is the button
Seat 1: RaisemyNut$ ($130.90 in chips)
Seat 2: Vulkano2015 ($278.72 in chips)
Vulkano2015: posts small blind $1
RaisemyNut$: posts big blind $3
*** HOLE CARDS ***
Vulkano2015: raises $3 to $6
RaisemyNut$: calls $3
*** FLOP *** [Ks Kd Ts]
RaisemyNut$: checks
Vulkano2015: checks
*** TURN *** [Ks Kd Ts] [3c]
RaisemyNut$: bets $6
Vulkano2015: folds
Uncalled bet ($6) returned to RaisemyNut$
RaisemyNut$ collected $11.76 from pot
RaisemyNut$: doesn't show hand
*** SUMMARY ***
Total pot $12 | Rake $0.24
Board [Ks Kd Ts 3c]
Seat 1: RaisemyNut$ (big blind) collected ($11.76)
Seat 2: Vulkano2015 (button) (small blind) folded on the Turn


PokerStars Hand #145551340424:  Hold'em Limit ($3/$6 USD) - 2015/12/18 17:04:31 ET
Table 'Bohlinia II' 2-max Seat #1 is the button
Seat 1: RaisemyNut$ ($136.66 in chips)
Seat 2: Vulkano2015 ($272.72 in chips)
RaisemyNut$: posts small blind $1
Vulkano2015: posts big blind $3
*** HOLE CARDS ***
RaisemyNut$: folds
Uncalled bet ($2) returned to Vulkano2015
Vulkano2015 collected $2 from pot
Vulkano2015: doesn't show hand
*** SUMMARY ***
Total pot $2 | Rake $0
Seat 1: RaisemyNut$ (button) (small blind) folded before Flop
Seat 2: Vulkano2015 (big blind) collected ($2)


PokerStars Hand #145551344554:  Hold'em Limit ($3/$6 USD) - 2015/12/18 17:04:35 ET
Table 'Bohlinia II' 2-max Seat #2 is the button
Seat 1: RaisemyNut$ ($135.66 in chips)
Seat 2: Vulkano2015 ($273.72 in chips)
Vulkano2015: posts small blind $1
RaisemyNut$: posts big blind $3
*** HOLE CARDS ***
Vulkano2015: raises $3 to $6
RaisemyNut$: calls $3
*** FLOP *** [9h Th 5s]
RaisemyNut$: checks
Vulkano2015: bets $3
RaisemyNut$: raises $3 to $6
Vulkano2015: calls $3
*** TURN *** [9h Th 5s] [4s]
RaisemyNut$: bets $6
Vulkano2015: calls $6
*** RIVER *** [9h Th 5s 4s] [3c]
RaisemyNut$: checks
Vulkano2015: checks
*** SHOW DOWN ***
RaisemyNut$: shows [8c Js] (high card Jack)
Vulkano2015: shows [8d 8s] (a pair of Eights)
Vulkano2015 collected $35.50 from pot
*** SUMMARY ***
Total pot $36 | Rake $0.50
Board [9h Th 5s 4s 3c]
Seat 1: RaisemyNut$ (big blind) showed [8c Js] and lost with high card Jack
Seat 2: Vulkano2015 (button) (small blind) showed [8d 8s] and won ($35.50) with a pair of Eights


PokerStars Hand #145551358878:  Hold'em Limit ($3/$6 USD) - 2015/12/18 17:04:51 ET
Table 'Bohlinia II' 2-max Seat #1 is the button
Seat 1: RaisemyNut$ ($117.66 in chips)
Seat 2: Vulkano2015 ($291.22 in chips)
RaisemyNut$: posts small blind $1
Vulkano2015: posts big blind $3
*** HOLE CARDS ***
RaisemyNut$: raises $3 to $6
Vulkano2015: calls $3
*** FLOP *** [8s Kh 8c]
Vulkano2015: checks
RaisemyNut$: bets $3
Vulkano2015: folds
Uncalled bet ($3) returned to RaisemyNut$
RaisemyNut$ collected $11.76 from pot
RaisemyNut$: doesn't show hand
*** SUMMARY ***
Total pot $12 | Rake $0.24
Board [8s Kh 8c]
Seat 1: RaisemyNut$ (button) (small blind) collected ($11.76)
Seat 2: Vulkano2015 (big blind) folded on the Flop


PokerStars Hand #145551379631:  Hold'em Limit ($3/$6 USD) - 2015/12/18 17:05:14 ET
Table 'Bohlinia II' 2-max Seat #1 is the button
Seat 1: RaisemyNut$ ($129.18 in chips)
Seat 2: Vulkano2015 ($279.22 in chips)
RaisemyNut$: posts small blind $1
Vulkano2015: posts big blind $3
*** HOLE CARDS ***
RaisemyNut$: raises $3 to $6
Vulkano2015: folds
Uncalled bet ($3) returned to RaisemyNut$
RaisemyNut$ collected $6 from pot
RaisemyNut$: doesn't show hand
*** SUMMARY ***
Total pot $6 | Rake $0
Seat 1: RaisemyNut$ (button) (small blind) collected ($6)
Seat 2: Vulkano2015 (big blind) folded before Flop


PokerStars Hand #145551368268:  Hold'em Limit ($3/$6 USD) - 2015/12/18 17:05:01 ET
Table 'Bohlinia II' 2-max Seat #2 is the button
Seat 1: RaisemyNut$ ($123.42 in chips)
Seat 2: Vulkano2015 ($285.22 in chips)
Vulkano2015: posts small blind $1
RaisemyNut$: posts big blind $3
*** HOLE CARDS ***
Vulkano2015: calls $2
RaisemyNut$: raises $3 to $6
Vulkano2015: calls $3
*** FLOP *** [9d 2h Qs]
RaisemyNut$: bets $3
Vulkano2015: folds
Uncalled bet ($3) returned to RaisemyNut$
RaisemyNut$ collected $11.76 from pot
RaisemyNut$: doesn't show hand
*** SUMMARY ***
Total pot $12 | Rake $0.24
Board [9d 2h Qs]
Seat 1: RaisemyNut$ (big blind) collected ($11.76)
Seat 2: Vulkano2015 (button) (small blind) folded on the Flop


PokerStars Hand #145551384529:  Hold'em Limit ($3/$6 USD) - 2015/12/18 17:05:19 ET
Table 'Bohlinia II' 2-max Seat #2 is the button
Seat 1: RaisemyNut$ ($132.18 in chips)
Seat 2: Vulkano2015 ($276.22 in chips)
Vulkano2015: posts small blind $1
RaisemyNut$: posts big blind $3
*** HOLE CARDS ***
Vulkano2015: raises $3 to $6
RaisemyNut$: calls $3
*** FLOP *** [Ts Qs 8c]
RaisemyNut$: checks
Vulkano2015: checks
*** TURN *** [Ts Qs 8c] [9h]
RaisemyNut$: checks
Vulkano2015: bets $6
RaisemyNut$: folds
Uncalled bet ($6) returned to Vulkano2015
Vulkano2015 collected $11.76 from pot
Vulkano2015: doesn't show hand
*** SUMMARY ***
Total pot $12 | Rake $0.24
Board [Ts Qs 8c 9h]
Seat 1: RaisemyNut$ (big blind) folded on the Turn
Seat 2: Vulkano2015 (button) (small blind) collected ($11.76)


PokerStars Hand #145551399999:  Hold'em Limit ($3/$6 USD) - 2015/12/18 17:05:36 ET
Table 'Bohlinia II' 2-max Seat #2 is the button
Seat 1: RaisemyNut$ ($125.18 in chips)
Seat 2: Vulkano2015 ($282.98 in chips)
Vulkano2015: posts small blind $1
RaisemyNut$: posts big blind $3
*** HOLE CARDS ***
Vulkano2015: raises $3 to $6
RaisemyNut$: folds
Uncalled bet ($3) returned to Vulkano2015
Vulkano2015 collected $6 from pot
Vulkano2015: doesn't show hand
*** SUMMARY ***
Total pot $6 | Rake $0
Seat 1: RaisemyNut$ (big blind) folded before Flop
Seat 2: Vulkano2015 (button) (small blind) collected ($6)


PokerStars Hand #145551395918:  Hold'em Limit ($3/$6 USD) - 2015/12/18 17:05:31 ET
Table 'Bohlinia II' 2-max Seat #1 is the button
Seat 1: RaisemyNut$ ($126.18 in chips)
Seat 2: Vulkano2015 ($281.98 in chips)
RaisemyNut$: posts small blind $1
Vulkano2015: posts big blind $3
*** HOLE CARDS ***
RaisemyNut$: folds
Uncalled bet ($2) returned to Vulkano2015
Vulkano2015 collected $2 from pot
Vulkano2015: doesn't show hand
*** SUMMARY ***
Total pot $2 | Rake $0
Seat 1: RaisemyNut$ (button) (small blind) folded before Flop
Seat 2: Vulkano2015 (big blind) collected ($2)


PokerStars Hand #145551408812:  Hold'em Limit ($3/$6 USD) - 2015/12/18 17:05:45 ET
Table 'Bohlinia II' 2-max Seat #2 is the button
Seat 1: RaisemyNut$ ($121.18 in chips)
Seat 2: Vulkano2015 ($286.98 in chips)
Vulkano2015: posts small blind $1
RaisemyNut$: posts big blind $3
*** HOLE CARDS ***
Vulkano2015: folds
Uncalled bet ($2) returned to RaisemyNut$
RaisemyNut$ collected $2 from pot
RaisemyNut$: doesn't show hand
*** SUMMARY ***
Total pot $2 | Rake $0
Seat 1: RaisemyNut$ (big blind) collected ($2)
Seat 2: Vulkano2015 (button) (small blind) folded before Flop


PokerStars Hand #145551405049:  Hold'em Limit ($3/$6 USD) - 2015/12/18 17:05:41 ET
Table 'Bohlinia II' 2-max Seat #1 is the button
Seat 1: RaisemyNut$ ($122.18 in chips)
Seat 2: Vulkano2015 ($285.98 in chips)
RaisemyNut$: posts small blind $1
Vulkano2015: posts big blind $3
*** HOLE CARDS ***
RaisemyNut$: folds
Uncalled bet ($2) returned to Vulkano2015
Vulkano2015 collected $2 from pot
Vulkano2015: doesn't show hand
*** SUMMARY ***
Total pot $2 | Rake $0
Seat 1: RaisemyNut$ (button) (small blind) folded before Flop
Seat 2: Vulkano2015 (big blind) collected ($2)


PokerStars Hand #145551414162:  Hold'em Limit ($3/$6 USD) - 2015/12/18 17:05:51 ET
Table 'Bohlinia II' 2-max Seat #1 is the button
Seat 1: RaisemyNut$ ($122.18 in chips)
Seat 2: Vulkano2015 ($285.98 in chips)
RaisemyNut$: posts small blind $1
Vulkano2015: posts big blind $3
*** HOLE CARDS ***
RaisemyNut$: raises $3 to $6
Vulkano2015: calls $3
*** FLOP *** [6c Qd 2h]
Vulkano2015: checks
RaisemyNut$: bets $3
Vulkano2015: folds
Uncalled bet ($3) returned to RaisemyNut$
RaisemyNut$ collected $11.76 from pot
RaisemyNut$: doesn't show hand
*** SUMMARY ***
Total pot $12 | Rake $0.24
Board [6c Qd 2h]
Seat 1: RaisemyNut$ (button) (small blind) collected ($11.76)
Seat 2: Vulkano2015 (big blind) folded on the Flop


PokerStars Hand #145551428428:  Hold'em Limit ($3/$6 USD) - 2015/12/18 17:06:06 ET
Table 'Bohlinia II' 2-max Seat #1 is the button
Seat 1: RaisemyNut$ ($128.94 in chips)
Seat 2: Vulkano2015 ($278.98 in chips)
RaisemyNut$: posts small blind $1
Vulkano2015: posts big blind $3
*** HOLE CARDS ***
RaisemyNut$: folds
Uncalled bet ($2) returned to Vulkano2015
Vulkano2015 collected $2 from pot
Vulkano2015: doesn't show hand
*** SUMMARY ***
Total pot $2 | Rake $0
Seat 1: RaisemyNut$ (button) (small blind) folded before Flop
Seat 2: Vulkano2015 (big blind) collected ($2)


PokerStars Hand #145551423721:  Hold'em Limit ($3/$6 USD) - 2015/12/18 17:06:01 ET
Table 'Bohlinia II' 2-max Seat #2 is the button
Seat 1: RaisemyNut$ ($127.94 in chips)
Seat 2: Vulkano2015 ($279.98 in chips)
Vulkano2015: posts small blind $1
RaisemyNut$: posts big blind $3
*** HOLE CARDS ***
Vulkano2015: folds
Uncalled bet ($2) returned to RaisemyNut$
RaisemyNut$ collected $2 from pot
RaisemyNut$: doesn't show hand
*** SUMMARY ***
Total pot $2 | Rake $0
Seat 1: RaisemyNut$ (big blind) collected ($2)
Seat 2: Vulkano2015 (button) (small blind) folded before Flop


PokerStars Hand #145551432593:  Hold'em Limit ($3/$6 USD) - 2015/12/18 17:06:11 ET
Table 'Bohlinia II' 2-max Seat #2 is the button
Seat 1: RaisemyNut$ ($127.94 in chips)
Seat 2: Vulkano2015 ($279.98 in chips)
Vulkano2015: posts small blind $1
RaisemyNut$: posts big blind $3
*** HOLE CARDS ***
Vulkano2015: raises $3 to $6
RaisemyNut$: calls $3
*** FLOP *** [9c Js Jc]
RaisemyNut$: checks
Vulkano2015: bets $3
RaisemyNut$: folds
Uncalled bet ($3) returned to Vulkano2015
Vulkano2015 collected $11.76 from pot
Vulkano2015: doesn't show hand
*** SUMMARY ***
Total pot $12 | Rake $0.24
Board [9c Js Jc]
Seat 1: RaisemyNut$ (big blind) folded on the Flop
Seat 2: Vulkano2015 (button) (small blind) collected ($11.76)


PokerStars Hand #145551455063:  Hold'em Limit ($3/$6 USD) - 2015/12/18 17:06:36 ET
Table 'Bohlinia II' 2-max Seat #2 is the button
Seat 1: RaisemyNut$ ($106.94 in chips)
Seat 2: Vulkano2015 ($300.24 in chips)
Vulkano2015: posts small blind $1
RaisemyNut$: posts big blind $3
*** HOLE CARDS ***
Vulkano2015: folds
Uncalled bet ($2) returned to RaisemyNut$
RaisemyNut$ collected $2 from pot
RaisemyNut$: doesn't show hand
*** SUMMARY ***
Total pot $2 | Rake $0
Seat 1: RaisemyNut$ (big blind) collected ($2)
Seat 2: Vulkano2015 (button) (small blind) folded before Flop


PokerStars Hand #145551440775:  Hold'em Limit ($3/$6 USD) - 2015/12/18 17:06:20 ET
Table 'Bohlinia II' 2-max Seat #1 is the button
Seat 1: RaisemyNut$ ($121.94 in chips)
Seat 2: Vulkano2015 ($285.74 in chips)
RaisemyNut$: posts small blind $1
Vulkano2015: posts big blind $3
*** HOLE CARDS ***
RaisemyNut$: raises $3 to $6
Vulkano2015: calls $3
*** FLOP *** [Th 3d Td]
Vulkano2015: bets $3
RaisemyNut$: calls $3
*** TURN *** [Th 3d Td] [2d]
Vulkano2015: bets $6
RaisemyNut$: calls $6
*** RIVER *** [Th 3d Td 2d] [5d]
Vulkano2015: bets $6
RaisemyNut$: folds
Uncalled bet ($6) returned to Vulkano2015
Vulkano2015 collected $29.50 from pot
Vulkano2015: doesn't show hand
*** SUMMARY ***
Total pot $30 | Rake $0.50
Board [Th 3d Td 2d 5d]
Seat 1: RaisemyNut$ (button) (small blind) folded on the River
Seat 2: Vulkano2015 (big blind) collected ($29.50)


PokerStars Hand #145551459582:  Hold'em Limit ($3/$6 USD) - 2015/12/18 17:06:41 ET
Table 'Bohlinia II' 2-max Seat #1 is the button
Seat 1: RaisemyNut$ ($107.94 in chips)
Seat 2: Vulkano2015 ($299.24 in chips)
RaisemyNut$: posts small blind $1
Vulkano2015: posts big blind $3
*** HOLE CARDS ***
RaisemyNut$: raises $3 to $6
Vulkano2015: calls $3
*** FLOP *** [Qc 6h Qd]
Vulkano2015: checks
RaisemyNut$: bets $3
Vulkano2015: folds
Uncalled bet ($3) returned to RaisemyNut$
RaisemyNut$ collected $11.76 from pot
RaisemyNut$: doesn't show hand
*** SUMMARY ***
Total pot $12 | Rake $0.24
Board [Qc 6h Qd]
Seat 1: RaisemyNut$ (button) (small blind) collected ($11.76)
Seat 2: Vulkano2015 (big blind) folded on the Flop


PokerStars Hand #145551468277:  Hold'em Limit ($3/$6 USD) - 2015/12/18 17:06:50 ET
Table 'Bohlinia II' 2-max Seat #2 is the button
Seat 1: RaisemyNut$ ($113.70 in chips)
Seat 2: Vulkano2015 ($293.24 in chips)
Vulkano2015: posts small blind $1
RaisemyNut$: posts big blind $3
*** HOLE CARDS ***
Vulkano2015: raises $3 to $6
RaisemyNut$: calls $3
*** FLOP *** [Kh Tc 2c]
RaisemyNut$: checks
Vulkano2015: checks
*** TURN *** [Kh Tc 2c] [8d]
RaisemyNut$: bets $6
Vulkano2015: folds
Uncalled bet ($6) returned to RaisemyNut$
RaisemyNut$ collected $11.76 from pot
RaisemyNut$: doesn't show hand
*** SUMMARY ***
Total pot $12 | Rake $0.24
Board [Kh Tc 2c 8d]
Seat 1: RaisemyNut$ (big blind) collected ($11.76)
Seat 2: Vulkano2015 (button) (small blind) folded on the Turn


PokerStars Hand #145551479347:  Hold'em Limit ($3/$6 USD) - 2015/12/18 17:07:03 ET
Table 'Bohlinia II' 2-max Seat #1 is the button
Seat 1: RaisemyNut$ ($119.46 in chips)
Seat 2: Vulkano2015 ($287.24 in chips)
RaisemyNut$: posts small blind $1
Vulkano2015: posts big blind $3
*** HOLE CARDS ***
RaisemyNut$: raises $3 to $6
Vulkano2015: calls $3
*** FLOP *** [3d 7c Td]
Vulkano2015: bets $3
RaisemyNut$: folds
Uncalled bet ($3) returned to Vulkano2015
Vulkano2015 collected $11.76 from pot
Vulkano2015: doesn't show hand
*** SUMMARY ***
Total pot $12 | Rake $0.24
Board [3d 7c Td]
Seat 1: RaisemyNut$ (button) (small blind) folded on the Flop
Seat 2: Vulkano2015 (big blind) collected ($11.76)


PokerStars Hand #145551498477:  Hold'em Limit ($3/$6 USD) - 2015/12/18 17:07:25 ET
Table 'Bohlinia II' 2-max Seat #1 is the button
Seat 1: RaisemyNut$ ($119.22 in chips)
Seat 2: Vulkano2015 ($287 in chips)
RaisemyNut$: posts small blind $1
Vulkano2015: posts big blind $3
*** HOLE CARDS ***
RaisemyNut$: raises $3 to $6
Vulkano2015: calls $3
*** FLOP *** [8s Ah 9c]
Vulkano2015: checks
RaisemyNut$: bets $3
Vulkano2015: calls $3
*** TURN *** [8s Ah 9c] [9h]
Vulkano2015: checks
RaisemyNut$: bets $6
Vulkano2015: raises $6 to $12
RaisemyNut$: calls $6
*** RIVER *** [8s Ah 9c 9h] [Jd]
Vulkano2015: bets $6
RaisemyNut$: calls $6
*** SHOW DOWN ***
Vulkano2015: shows [7c Js] (two pair, Jacks and Nines)
RaisemyNut$: shows [Qh Ad] (two pair, Aces and Nines)
RaisemyNut$ collected $53.50 from pot
*** SUMMARY ***
Total pot $54 | Rake $0.50
Board [8s Ah 9c 9h Jd]
Seat 1: RaisemyNut$ (button) (small blind) showed [Qh Ad] and won ($53.50) with two pair, Aces and Nines
Seat 2: Vulkano2015 (big blind) showed [7c Js] and lost with two pair, Jacks and Nines


PokerStars Hand #145551514679:  Hold'em Limit ($3/$6 USD) - 2015/12/18 17:07:44 ET
Table 'Bohlinia II' 2-max Seat #2 is the button
Seat 1: RaisemyNut$ ($145.72 in chips)
Seat 2: Vulkano2015 ($260 in chips)
Vulkano2015: posts small blind $1
RaisemyNut$: posts big blind $3
*** HOLE CARDS ***
Vulkano2015: raises $3 to $6
RaisemyNut$: raises $3 to $9
Vulkano2015: raises $3 to $12
Betting is capped
RaisemyNut$: calls $3
*** FLOP *** [Js As 2d]
RaisemyNut$: checks
Vulkano2015: checks
*** TURN *** [Js As 2d] [7s]
RaisemyNut$: bets $6
Vulkano2015: calls $6
*** RIVER *** [Js As 2d 7s] [7c]
RaisemyNut$: bets $6
Vulkano2015: calls $6
*** SHOW DOWN ***
RaisemyNut$: shows [Ts Kd] (a pair of Sevens)
Vulkano2015: shows [9c 9d] (two pair, Nines and Sevens)
Vulkano2015 collected $47.50 from pot
*** SUMMARY ***
Total pot $48 | Rake $0.50
Board [Js As 2d 7s 7c]
Seat 1: RaisemyNut$ (big blind) showed [Ts Kd] and lost with a pair of Sevens
Seat 2: Vulkano2015 (button) (small blind) showed [9c 9d] and won ($47.50) with two pair, Nines and Sevens


PokerStars Hand #145551528455:  Hold'em Limit ($3/$6 USD) - 2015/12/18 17:07:59 ET
Table 'Bohlinia II' 2-max Seat #1 is the button
Seat 1: RaisemyNut$ ($121.72 in chips)
Seat 2: Vulkano2015 ($283.50 in chips)
RaisemyNut$: posts small blind $1
Vulkano2015: posts big blind $3
*** HOLE CARDS ***
RaisemyNut$: raises $3 to $6
Vulkano2015: calls $3
*** FLOP *** [Qs Ad Kh]
Vulkano2015: checks
RaisemyNut$: bets $3
Vulkano2015: folds
Uncalled bet ($3) returned to RaisemyNut$
RaisemyNut$ collected $11.76 from pot
RaisemyNut$: doesn't show hand
*** SUMMARY ***
Total pot $12 | Rake $0.24
Board [Qs Ad Kh]
Seat 1: RaisemyNut$ (button) (small blind) collected ($11.76)
Seat 2: Vulkano2015 (big blind) folded on the Flop


PokerStars Hand #145551541339:  Hold'em Limit ($3/$6 USD) - 2015/12/18 17:08:14 ET
Table 'Bohlinia II' 2-max Seat #1 is the button
Seat 1: RaisemyNut$ ($128.48 in chips)
Seat 2: Vulkano2015 ($276.50 in chips)
RaisemyNut$: posts small blind $1
Vulkano2015: posts big blind $3
*** HOLE CARDS ***
RaisemyNut$: folds
Uncalled bet ($2) returned to Vulkano2015
Vulkano2015 collected $2 from pot
Vulkano2015: doesn't show hand
*** SUMMARY ***
Total pot $2 | Rake $0
Seat 1: RaisemyNut$ (button) (small blind) folded before Flop
Seat 2: Vulkano2015 (big blind) collected ($2)


PokerStars Hand #145551537183:  Hold'em Limit ($3/$6 USD) - 2015/12/18 17:08:09 ET
Table 'Bohlinia II' 2-max Seat #2 is the button
Seat 1: RaisemyNut$ ($127.48 in chips)
Seat 2: Vulkano2015 ($277.50 in chips)
Vulkano2015: posts small blind $1
RaisemyNut$: posts big blind $3
*** HOLE CARDS ***
Vulkano2015: folds
Uncalled bet ($2) returned to RaisemyNut$
RaisemyNut$ collected $2 from pot
RaisemyNut$: doesn't show hand
*** SUMMARY ***
Total pot $2 | Rake $0
Seat 1: RaisemyNut$ (big blind) collected ($2)
Seat 2: Vulkano2015 (button) (small blind) folded before Flop


PokerStars Hand #145551486622:  Hold'em Limit ($3/$6 USD) - 2015/12/18 17:07:11 ET
Table 'Bohlinia II' 2-max Seat #2 is the button
Seat 1: RaisemyNut$ ($113.46 in chips)
Seat 2: Vulkano2015 ($293 in chips)
Vulkano2015: posts small blind $1
RaisemyNut$: posts big blind $3
*** HOLE CARDS ***
Vulkano2015: raises $3 to $6
RaisemyNut$: calls $3
*** FLOP *** [6h 6d 6c]
RaisemyNut$: checks
Vulkano2015: checks
*** TURN *** [6h 6d 6c] [Ah]
RaisemyNut$: bets $6
Vulkano2015: folds
Uncalled bet ($6) returned to RaisemyNut$
RaisemyNut$ collected $11.76 from pot
RaisemyNut$: doesn't show hand
*** SUMMARY ***
Total pot $12 | Rake $0.24
Board [6h 6d 6c Ah]
Seat 1: RaisemyNut$ (big blind) collected ($11.76)
Seat 2: Vulkano2015 (button) (small blind) folded on the Turn


PokerStars Hand #145551559480:  Hold'em Limit ($3/$6 USD) - 2015/12/18 17:08:33 ET
Table 'Bohlinia II' 2-max Seat #1 is the button
Seat 1: RaisemyNut$ ($109.48 in chips)
Seat 2: Vulkano2015 ($295 in chips)
RaisemyNut$: posts small blind $1
Vulkano2015: posts big blind $3
*** HOLE CARDS ***
RaisemyNut$: folds
Uncalled bet ($2) returned to Vulkano2015
Vulkano2015 collected $2 from pot
Vulkano2015: doesn't show hand
*** SUMMARY ***
Total pot $2 | Rake $0
Seat 1: RaisemyNut$ (button) (small blind) folded before Flop
Seat 2: Vulkano2015 (big blind) collected ($2)


PokerStars Hand #145551563963:  Hold'em Limit ($3/$6 USD) - 2015/12/18 17:08:38 ET
Table 'Bohlinia II' 2-max Seat #2 is the button
Seat 1: RaisemyNut$ ($108.48 in chips)
Seat 2: Vulkano2015 ($296 in chips)
Vulkano2015: posts small blind $1
RaisemyNut$: posts big blind $3
*** HOLE CARDS ***
Vulkano2015: raises $3 to $6
RaisemyNut$: calls $3
*** FLOP *** [Qh Jd 9h]
RaisemyNut$: checks
Vulkano2015: bets $3
RaisemyNut$: calls $3
*** TURN *** [Qh Jd 9h] [3d]
RaisemyNut$: checks
Vulkano2015: bets $6
RaisemyNut$: calls $6
*** RIVER *** [Qh Jd 9h 3d] [4h]
RaisemyNut$: checks
Vulkano2015: bets $6
RaisemyNut$: calls $6
*** SHOW DOWN ***
Vulkano2015: shows [8h Qc] (a pair of Queens)
RaisemyNut$: mucks hand
Vulkano2015 collected $41.50 from pot
*** SUMMARY ***
Total pot $42 | Rake $0.50
Board [Qh Jd 9h 3d 4h]
Seat 1: RaisemyNut$ (big blind) mucked
Seat 2: Vulkano2015 (button) (small blind) showed [8h Qc] and won ($41.50) with a pair of Queens


PokerStars Hand #145551580044:  Hold'em Limit ($3/$6 USD) - 2015/12/18 17:08:56 ET
Table 'Bohlinia II' 2-max Seat #1 is the button
Seat 1: RaisemyNut$ ($87.48 in chips)
Seat 2: Vulkano2015 ($316.50 in chips)
RaisemyNut$: posts small blind $1
Vulkano2015: posts big blind $3
*** HOLE CARDS ***
RaisemyNut$: raises $3 to $6
Vulkano2015: calls $3
*** FLOP *** [Ah 2h 6d]
Vulkano2015: checks
RaisemyNut$: bets $3
Vulkano2015: folds
Uncalled bet ($3) returned to RaisemyNut$
RaisemyNut$ collected $11.76 from pot
RaisemyNut$: doesn't show hand
*** SUMMARY ***
Total pot $12 | Rake $0.24
Board [Ah 2h 6d]
Seat 1: RaisemyNut$ (button) (small blind) collected ($11.76)
Seat 2: Vulkano2015 (big blind) folded on the Flop


PokerStars Hand #145551588990:  Hold'em Limit ($3/$6 USD) - 2015/12/18 17:09:06 ET
Table 'Bohlinia II' 2-max Seat #2 is the button
Seat 1: RaisemyNut$ ($93.24 in chips)
Seat 2: Vulkano2015 ($310.50 in chips)
Vulkano2015: posts small blind $1
RaisemyNut$: posts big blind $3
*** HOLE CARDS ***
Vulkano2015: raises $3 to $6
RaisemyNut$: raises $3 to $9
Vulkano2015: calls $3
*** FLOP *** [4h Ks 5d]
RaisemyNut$: bets $3
Vulkano2015: calls $3
*** TURN *** [4h Ks 5d] [Kh]
RaisemyNut$: bets $6
Vulkano2015: calls $6
*** RIVER *** [4h Ks 5d Kh] [3h]
RaisemyNut$: bets $6
Vulkano2015: calls $6
*** SHOW DOWN ***
RaisemyNut$: shows [Kc Th] (three of a kind, Kings)
Vulkano2015: mucks hand
RaisemyNut$ collected $47.50 from pot
*** SUMMARY ***
Total pot $48 | Rake $0.50
Board [4h Ks 5d Kh 3h]
Seat 1: RaisemyNut$ (big blind) showed [Kc Th] and won ($47.50) with three of a kind, Kings
Seat 2: Vulkano2015 (button) (small blind) mucked


PokerStars Hand #145551545478:  Hold'em Limit ($3/$6 USD) - 2015/12/18 17:08:18 ET
Table 'Bohlinia II' 2-max Seat #2 is the button
Seat 1: RaisemyNut$ ($127.48 in chips)
Seat 2: Vulkano2015 ($277.50 in chips)
Vulkano2015: posts small blind $1
RaisemyNut$: posts big blind $3
*** HOLE CARDS ***
Vulkano2015: raises $3 to $6
RaisemyNut$: raises $3 to $9
Vulkano2015: raises $3 to $12
Betting is capped
RaisemyNut$: calls $3
*** FLOP *** [Kh 4h 6d]
RaisemyNut$: checks
Vulkano2015: checks
*** TURN *** [Kh 4h 6d] [9s]
RaisemyNut$: bets $6
Vulkano2015: calls $6
*** RIVER *** [Kh 4h 6d 9s] [Ah]
RaisemyNut$: checks
Vulkano2015: checks
*** SHOW DOWN ***
RaisemyNut$: shows [Td Js] (high card Ace)
Vulkano2015: shows [8h 8d] (a pair of Eights)
Vulkano2015 collected $35.50 from pot
*** SUMMARY ***
Total pot $36 | Rake $0.50
Board [Kh 4h 6d 9s Ah]
Seat 1: RaisemyNut$ (big blind) showed [Td Js] and lost with high card Ace
Seat 2: Vulkano2015 (button) (small blind) showed [8h 8d] and won ($35.50) with a pair of Eights


PokerStars Hand #145551600832:  Hold'em Limit ($3/$6 USD) - 2015/12/18 17:09:21 ET
Table 'Bohlinia II' 2-max Seat #1 is the button
Seat 1: RaisemyNut$ ($116.74 in chips)
Seat 2: Vulkano2015 ($286.50 in chips)
RaisemyNut$: posts small blind $1
Vulkano2015: posts big blind $3
*** HOLE CARDS ***
RaisemyNut$: raises $3 to $6
Vulkano2015: calls $3
*** FLOP *** [Tc 7h 7d]
Vulkano2015: checks
RaisemyNut$: bets $3
Vulkano2015: calls $3
*** TURN *** [Tc 7h 7d] [Qc]
Vulkano2015: checks
RaisemyNut$: checks
*** RIVER *** [Tc 7h 7d Qc] [4c]
Vulkano2015: bets $6
RaisemyNut$: calls $6
*** SHOW DOWN ***
Vulkano2015: shows [9d 5d] (a pair of Sevens)
RaisemyNut$: shows [Kc 8s] (a pair of Sevens - King kicker)
RaisemyNut$ collected $29.50 from pot
*** SUMMARY ***
Total pot $30 | Rake $0.50
Board [Tc 7h 7d Qc 4c]
Seat 1: RaisemyNut$ (button) (small blind) showed [Kc 8s] and won ($29.50) with a pair of Sevens
Seat 2: Vulkano2015 (big blind) showed [9d 5d] and lost with a pair of Sevens


PokerStars Hand #145551614438:  Hold'em Limit ($3/$6 USD) - 2015/12/18 17:09:38 ET
Table 'Bohlinia II' 2-max Seat #2 is the button
Seat 1: RaisemyNut$ ($131.24 in chips)
Seat 2: Vulkano2015 ($271.50 in chips)
Vulkano2015: posts small blind $1
RaisemyNut$: posts big blind $3
*** HOLE CARDS ***
Vulkano2015: raises $3 to $6
RaisemyNut$: folds
Uncalled bet ($3) returned to Vulkano2015
Vulkano2015 collected $6 from pot
Vulkano2015: doesn't show hand
*** SUMMARY ***
Total pot $6 | Rake $0
Seat 1: RaisemyNut$ (big blind) folded before Flop
Seat 2: Vulkano2015 (button) (small blind) collected ($6)


PokerStars Hand #145551619398:  Hold'em Limit ($3/$6 USD) - 2015/12/18 17:09:44 ET
Table 'Bohlinia II' 2-max Seat #1 is the button
Seat 1: RaisemyNut$ ($128.24 in chips)
Seat 2: Vulkano2015 ($274.50 in chips)
RaisemyNut$: posts small blind $1
Vulkano2015: posts big blind $3
*** HOLE CARDS ***
RaisemyNut$: raises $3 to $6
Vulkano2015: raises $3 to $9
RaisemyNut$: calls $3
*** FLOP *** [Kc 5d 6s]
Vulkano2015: checks
RaisemyNut$: bets $3
Vulkano2015: calls $3
*** TURN *** [Kc 5d 6s] [Jc]
Vulkano2015: checks
RaisemyNut$: bets $6
Vulkano2015: calls $6
*** RIVER *** [Kc 5d 6s Jc] [Jh]
Vulkano2015: checks
RaisemyNut$: bets $6
Vulkano2015: raises $6 to $12
RaisemyNut$: calls $6
*** SHOW DOWN ***
Vulkano2015: shows [Jd Ad] (three of a kind, Jacks)
RaisemyNut$: mucks hand
Vulkano2015 collected $59.50 from pot
*** SUMMARY ***
Total pot $60 | Rake $0.50
Board [Kc 5d 6s Jc Jh]
Seat 1: RaisemyNut$ (button) (small blind) mucked
Seat 2: Vulkano2015 (big blind) showed [Jd Ad] and won ($59.50) with three of a kind, Jacks


PokerStars Hand #145551637744:  Hold'em Limit ($3/$6 USD) - 2015/12/18 17:10:04 ET
Table 'Bohlinia II' 2-max Seat #2 is the button
Seat 1: RaisemyNut$ ($98.24 in chips)
Seat 2: Vulkano2015 ($304 in chips)
Vulkano2015: posts small blind $1
RaisemyNut$: posts big blind $3
*** HOLE CARDS ***
Vulkano2015: raises $3 to $6
RaisemyNut$: calls $3
*** FLOP *** [4d 6c 3h]
RaisemyNut$: checks
Vulkano2015: checks
*** TURN *** [4d 6c 3h] [3d]
RaisemyNut$: bets $6
Vulkano2015: calls $6
*** RIVER *** [4d 6c 3h 3d] [7d]
RaisemyNut$: bets $6
Vulkano2015: calls $6
*** SHOW DOWN ***
RaisemyNut$: shows [Tc 6s] (two pair, Sixes and Threes)
Vulkano2015: mucks hand
RaisemyNut$ collected $35.50 from pot
*** SUMMARY ***
Total pot $36 | Rake $0.50
Board [4d 6c 3h 3d 7d]
Seat 1: RaisemyNut$ (big blind) showed [Tc 6s] and won ($35.50) with two pair, Sixes and Threes
Seat 2: Vulkano2015 (button) (small blind) mucked


PokerStars Hand #145551658137:  Hold'em Limit ($3/$6 USD) - 2015/12/18 17:10:27 ET
Table 'Bohlinia II' 2-max Seat #2 is the button
Seat 1: RaisemyNut$ ($121.50 in chips)
Seat 2: Vulkano2015 ($280 in chips)
Vulkano2015: posts small blind $1
RaisemyNut$: posts big blind $3
*** HOLE CARDS ***
Vulkano2015: raises $3 to $6
RaisemyNut$: calls $3
*** FLOP *** [Kc 4d Ah]
RaisemyNut$: checks
Vulkano2015: checks
*** TURN *** [Kc 4d Ah] [5h]
RaisemyNut$: checks
Vulkano2015: checks
*** RIVER *** [Kc 4d Ah 5h] [9s]
RaisemyNut$: bets $6
Vulkano2015: calls $6
*** SHOW DOWN ***
RaisemyNut$: shows [9c 6s] (a pair of Nines)
Vulkano2015: shows [Qd Qs] (a pair of Queens)
Vulkano2015 collected $23.52 from pot
*** SUMMARY ***
Total pot $24 | Rake $0.48
Board [Kc 4d Ah 5h 9s]
Seat 1: RaisemyNut$ (big blind) showed [9c 6s] and lost with a pair of Nines
Seat 2: Vulkano2015 (button) (small blind) showed [Qd Qs] and won ($23.52) with a pair of Queens


PokerStars Hand #145551674934:  Hold'em Limit ($3/$6 USD) - 2015/12/18 17:10:45 ET
Table 'Bohlinia II' 2-max Seat #2 is the button
Seat 1: RaisemyNut$ ($108.50 in chips)
Seat 2: Vulkano2015 ($292.52 in chips)
Vulkano2015: posts small blind $1
RaisemyNut$: posts big blind $3
*** HOLE CARDS ***
Vulkano2015: folds
Uncalled bet ($2) returned to RaisemyNut$
RaisemyNut$ collected $2 from pot
RaisemyNut$: doesn't show hand
*** SUMMARY ***
Total pot $2 | Rake $0
Seat 1: RaisemyNut$ (big blind) collected ($2)
Seat 2: Vulkano2015 (button) (small blind) folded before Flop


PokerStars Hand #145551670940:  Hold'em Limit ($3/$6 USD) - 2015/12/18 17:10:41 ET
Table 'Bohlinia II' 2-max Seat #1 is the button
Seat 1: RaisemyNut$ ($109.50 in chips)
Seat 2: Vulkano2015 ($291.52 in chips)
RaisemyNut$: posts small blind $1
Vulkano2015: posts big blind $3
*** HOLE CARDS ***
RaisemyNut$: folds
Uncalled bet ($2) returned to Vulkano2015
Vulkano2015 collected $2 from pot
Vulkano2015: doesn't show hand
*** SUMMARY ***
Total pot $2 | Rake $0
Seat 1: RaisemyNut$ (button) (small blind) folded before Flop
Seat 2: Vulkano2015 (big blind) collected ($2)


PokerStars Hand #145551683661:  Hold'em Limit ($3/$6 USD) - 2015/12/18 17:10:55 ET
Table 'Bohlinia II' 2-max Seat #2 is the button
Seat 1: RaisemyNut$ ($108.50 in chips)
Seat 2: Vulkano2015 ($292.52 in chips)
Vulkano2015: posts small blind $1
RaisemyNut$: posts big blind $3
*** HOLE CARDS ***
Vulkano2015: folds
Uncalled bet ($2) returned to RaisemyNut$
RaisemyNut$ collected $2 from pot
RaisemyNut$: doesn't show hand
*** SUMMARY ***
Total pot $2 | Rake $0
Seat 1: RaisemyNut$ (big blind) collected ($2)
Seat 2: Vulkano2015 (button) (small blind) folded before Flop


PokerStars Hand #145551679653:  Hold'em Limit ($3/$6 USD) - 2015/12/18 17:10:50 ET
Table 'Bohlinia II' 2-max Seat #1 is the button
Seat 1: RaisemyNut$ ($109.50 in chips)
Seat 2: Vulkano2015 ($291.52 in chips)
RaisemyNut$: posts small blind $1
Vulkano2015: posts big blind $3
*** HOLE CARDS ***
RaisemyNut$: folds
Uncalled bet ($2) returned to Vulkano2015
Vulkano2015 collected $2 from pot
Vulkano2015: doesn't show hand
*** SUMMARY ***
Total pot $2 | Rake $0
Seat 1: RaisemyNut$ (button) (small blind) folded before Flop
Seat 2: Vulkano2015 (big blind) collected ($2)


PokerStars Hand #145551688483:  Hold'em Limit ($3/$6 USD) - 2015/12/18 17:11:00 ET
Table 'Bohlinia II' 2-max Seat #1 is the button
Seat 1: RaisemyNut$ ($109.50 in chips)
Seat 2: Vulkano2015 ($291.52 in chips)
RaisemyNut$: posts small blind $1
Vulkano2015: posts big blind $3
*** HOLE CARDS ***
RaisemyNut$: raises $3 to $6
Vulkano2015: calls $3
*** FLOP *** [6d Kc 4h]
Vulkano2015: checks
RaisemyNut$: bets $3
Vulkano2015: calls $3
*** TURN *** [6d Kc 4h] [9d]
Vulkano2015: checks
RaisemyNut$: bets $6
Vulkano2015: folds
Uncalled bet ($6) returned to RaisemyNut$
RaisemyNut$ collected $17.64 from pot
RaisemyNut$: doesn't show hand
*** SUMMARY ***
Total pot $18 | Rake $0.36
Board [6d Kc 4h 9d]
Seat 1: RaisemyNut$ (button) (small blind) collected ($17.64)
Seat 2: Vulkano2015 (big blind) folded on the Turn


PokerStars Hand #145551649442:  Hold'em Limit ($3/$6 USD) - 2015/12/18 17:10:17 ET
Table 'Bohlinia II' 2-max Seat #1 is the button
Seat 1: RaisemyNut$ ($115.74 in chips)
Seat 2: Vulkano2015 ($286 in chips)
RaisemyNut$: posts small blind $1
Vulkano2015: posts big blind $3
*** HOLE CARDS ***
RaisemyNut$: raises $3 to $6
Vulkano2015: calls $3
*** FLOP *** [Tc 9c 2d]
Vulkano2015: checks
RaisemyNut$: bets $3
Vulkano2015: folds
Uncalled bet ($3) returned to RaisemyNut$
RaisemyNut$ collected $11.76 from pot
RaisemyNut$: doesn't show hand
*** SUMMARY ***
Total pot $12 | Rake $0.24
Board [Tc 9c 2d]
Seat 1: RaisemyNut$ (button) (small blind) collected ($11.76)
Seat 2: Vulkano2015 (big blind) folded on the Flop


PokerStars Hand #145551700501:  Hold'em Limit ($3/$6 USD) - 2015/12/18 17:11:14 ET
Table 'Bohlinia II' 2-max Seat #2 is the button
Seat 1: RaisemyNut$ ($118.14 in chips)
Seat 2: Vulkano2015 ($282.52 in chips)
Vulkano2015: posts small blind $1
RaisemyNut$: posts big blind $3
*** HOLE CARDS ***
Vulkano2015: raises $3 to $6
RaisemyNut$: calls $3
*** FLOP *** [3c 8d 9s]
RaisemyNut$: bets $3
Vulkano2015: calls $3
*** TURN *** [3c 8d 9s] [2h]
RaisemyNut$: bets $6
Vulkano2015: calls $6
*** RIVER *** [3c 8d 9s 2h] [Jc]
RaisemyNut$: bets $6
Vulkano2015: calls $6
*** SHOW DOWN ***
RaisemyNut$: shows [9c 4c] (a pair of Nines)
Vulkano2015: mucks hand
RaisemyNut$ collected $41.50 from pot
*** SUMMARY ***
Total pot $42 | Rake $0.50
Board [3c 8d 9s 2h Jc]
Seat 1: RaisemyNut$ (big blind) showed [9c 4c] and won ($41.50) with a pair of Nines
Seat 2: Vulkano2015 (button) (small blind) mucked


PokerStars Hand #145551743295:  Hold'em Limit ($3/$6 USD) - 2015/12/18 17:12:01 ET
Table 'Bohlinia II' 2-max Seat #1 is the button
Seat 1: RaisemyNut$ ($144.14 in chips)
Seat 2: Vulkano2015 ($255.02 in chips)
RaisemyNut$: posts small blind $1
Vulkano2015: posts big blind $3
*** HOLE CARDS ***
RaisemyNut$: raises $3 to $6
Vulkano2015: calls $3
*** FLOP *** [Td Ah Tc]
Vulkano2015: checks
RaisemyNut$: checks
*** TURN *** [Td Ah Tc] [6s]
Vulkano2015: checks
RaisemyNut$: bets $6
Vulkano2015: calls $6
*** RIVER *** [Td Ah Tc 6s] [Kh]
Vulkano2015: checks
RaisemyNut$: bets $6
Vulkano2015: calls $6
*** SHOW DOWN ***
RaisemyNut$: shows [Th 3d] (three of a kind, Tens)
Vulkano2015: mucks hand
RaisemyNut$ collected $35.50 from pot
*** SUMMARY ***
Total pot $36 | Rake $0.50
Board [Td Ah Tc 6s Kh]
Seat 1: RaisemyNut$ (button) (small blind) showed [Th 3d] and won ($35.50) with three of a kind, Tens
Seat 2: Vulkano2015 (big blind) mucked


PokerStars Hand #145551727854:  Hold'em Limit ($3/$6 USD) - 2015/12/18 17:11:44 ET
Table 'Bohlinia II' 2-max Seat #2 is the button
Seat 1: RaisemyNut$ ($123.64 in chips)
Seat 2: Vulkano2015 ($276.02 in chips)
Vulkano2015: posts small blind $1
RaisemyNut$: posts big blind $3
*** HOLE CARDS ***
Vulkano2015: raises $3 to $6
RaisemyNut$: calls $3
*** FLOP *** [Qs 9d Ac]
RaisemyNut$: checks
Vulkano2015: bets $3
RaisemyNut$: calls $3
*** TURN *** [Qs 9d Ac] [4c]
RaisemyNut$: checks
Vulkano2015: bets $6
RaisemyNut$: calls $6
*** RIVER *** [Qs 9d Ac 4c] [5s]
RaisemyNut$: checks
Vulkano2015: bets $6
RaisemyNut$: calls $6
*** SHOW DOWN ***
Vulkano2015: shows [5c 7h] (a pair of Fives)
RaisemyNut$: shows [Qc 3c] (a pair of Queens)
RaisemyNut$ collected $41.50 from pot
*** SUMMARY ***
Total pot $42 | Rake $0.50
Board [Qs 9d Ac 4c 5s]
Seat 1: RaisemyNut$ (big blind) showed [Qc 3c] and won ($41.50) with a pair of Queens
Seat 2: Vulkano2015 (button) (small blind) showed [5c 7h] and lost with a pair of Fives


PokerStars Hand #145551712897:  Hold'em Limit ($3/$6 USD) - 2015/12/18 17:11:27 ET
Table 'Bohlinia II' 2-max Seat #1 is the button
Seat 1: RaisemyNut$ ($138.64 in chips)
Seat 2: Vulkano2015 ($261.52 in chips)
RaisemyNut$: posts small blind $1
Vulkano2015: posts big blind $3
*** HOLE CARDS ***
RaisemyNut$: raises $3 to $6
Vulkano2015: calls $3
*** FLOP *** [7c 4c Ah]
Vulkano2015: checks
RaisemyNut$: bets $3
Vulkano2015: calls $3
*** TURN *** [7c 4c Ah] [8c]
Vulkano2015: checks
RaisemyNut$: bets $6
Vulkano2015: calls $6
*** RIVER *** [7c 4c Ah 8c] [Kc]
Vulkano2015: checks
RaisemyNut$: checks
*** SHOW DOWN ***
Vulkano2015: shows [7d 9c] (a flush, King high)
RaisemyNut$: mucks hand
Vulkano2015 collected $29.50 from pot
*** SUMMARY ***
Total pot $30 | Rake $0.50
Board [7c 4c Ah 8c Kc]
Seat 1: RaisemyNut$ (button) (small blind) mucked
Seat 2: Vulkano2015 (big blind) showed [7d 9c] and won ($29.50) with a flush, King high


PokerStars Hand #145551771906:  Hold'em Limit ($3/$6 USD) - 2015/12/18 17:12:33 ET
Table 'Bohlinia II' 2-max Seat #1 is the button
Seat 1: RaisemyNut$ ($182.14 in chips)
Seat 2: Vulkano2015 ($216.02 in chips)
RaisemyNut$: posts small blind $1
Vulkano2015: posts big blind $3
*** HOLE CARDS ***
RaisemyNut$: raises $3 to $6
Vulkano2015: calls $3
*** FLOP *** [4c 6h As]
Vulkano2015: checks
RaisemyNut$: bets $3
Vulkano2015: calls $3
*** TURN *** [4c 6h As] [Qs]
Vulkano2015: checks
RaisemyNut$: bets $6
Vulkano2015: folds
Uncalled bet ($6) returned to RaisemyNut$
RaisemyNut$ collected $17.64 from pot
RaisemyNut$: doesn't show hand
*** SUMMARY ***
Total pot $18 | Rake $0.36
Board [4c 6h As Qs]
Seat 1: RaisemyNut$ (button) (small blind) collected ($17.64)
Seat 2: Vulkano2015 (big blind) folded on the Turn


PokerStars Hand #145551759047:  Hold'em Limit ($3/$6 USD) - 2015/12/18 17:12:18 ET
Table 'Bohlinia II' 2-max Seat #2 is the button
Seat 1: RaisemyNut$ ($161.64 in chips)
Seat 2: Vulkano2015 ($237.02 in chips)
Vulkano2015: posts small blind $1
RaisemyNut$: posts big blind $3
*** HOLE CARDS ***
Vulkano2015: calls $2
RaisemyNut$: raises $3 to $6
Vulkano2015: calls $3
*** FLOP *** [9h 4c Js]
RaisemyNut$: bets $3
Vulkano2015: calls $3
*** TURN *** [9h 4c Js] [Ac]
RaisemyNut$: bets $6
Vulkano2015: calls $6
*** RIVER *** [9h 4c Js Ac] [Ts]
RaisemyNut$: bets $6
Vulkano2015: calls $6
*** SHOW DOWN ***
RaisemyNut$: shows [Kh Qd] (a straight, Ten to Ace)
Vulkano2015: mucks hand
RaisemyNut$ collected $41.50 from pot
*** SUMMARY ***
Total pot $42 | Rake $0.50
Board [9h 4c Js Ac Ts]
Seat 1: RaisemyNut$ (big blind) showed [Kh Qd] and won ($41.50) with a straight, Ten to Ace
Seat 2: Vulkano2015 (button) (small blind) mucked


PokerStars Hand #145553353710:  Hold'em Limit ($3/$6 USD) - 2015/12/18 17:42:46 ET
Table 'Bohlinia II' 2-max Seat #2 is the button
Seat 1: RaisemyNut$ ($162.78 in chips)
Seat 2: cepzorr ($59.47 in chips)
cepzorr: posts small blind $1
RaisemyNut$: posts big blind $3
*** HOLE CARDS ***
cepzorr: raises $3 to $6
RaisemyNut$: calls $3
*** FLOP *** [Jc 6c 8d]
RaisemyNut$: checks
cepzorr: bets $3
RaisemyNut$: calls $3
*** TURN *** [Jc 6c 8d] [7h]
RaisemyNut$: checks
cepzorr: checks
*** RIVER *** [Jc 6c 8d 7h] [6s]
RaisemyNut$: bets $6
cepzorr: folds
Uncalled bet ($6) returned to RaisemyNut$
RaisemyNut$ collected $17.64 from pot
RaisemyNut$: doesn't show hand
*** SUMMARY ***
Total pot $18 | Rake $0.36
Board [Jc 6c 8d 7h 6s]
Seat 1: RaisemyNut$ (big blind) collected ($17.64)
Seat 2: cepzorr (button) (small blind) folded on the River


PokerStars Hand #145553368559:  Hold'em Limit ($3/$6 USD) - 2015/12/18 17:43:04 ET
Table 'Bohlinia II' 2-max Seat #1 is the button
Seat 1: RaisemyNut$ ($171.42 in chips)
Seat 2: cepzorr ($50.47 in chips)
RaisemyNut$: posts small blind $1
cepzorr: posts big blind $3
*** HOLE CARDS ***
RaisemyNut$: raises $3 to $6
cepzorr: calls $3
*** FLOP *** [6d Ah 7h]
cepzorr: bets $3
RaisemyNut$: calls $3
*** TURN *** [6d Ah 7h] [6s]
cepzorr: bets $6
RaisemyNut$: raises $6 to $12
cepzorr: calls $6
*** RIVER *** [6d Ah 7h 6s] [Ks]
cepzorr: bets $6
RaisemyNut$: raises $6 to $12
cepzorr: calls $6
*** SHOW DOWN ***
RaisemyNut$: shows [8s 6h] (three of a kind, Sixes)
cepzorr: mucks hand
RaisemyNut$ collected $65.50 from pot
*** SUMMARY ***
Total pot $66 | Rake $0.50
Board [6d Ah 7h 6s Ks]
Seat 1: RaisemyNut$ (button) (small blind) showed [8s 6h] and won ($65.50) with three of a kind, Sixes
Seat 2: cepzorr (big blind) mucked


PokerStars Hand #145553421457:  Hold'em Limit ($3/$6 USD) - 2015/12/18 17:44:07 ET
Table 'Bohlinia II' 2-max Seat #2 is the button
Seat 1: RaisemyNut$ ($186.45 in chips)
Seat 2: cepzorr ($33.94 in chips)
cepzorr: posts small blind $1
RaisemyNut$: posts big blind $3
*** HOLE CARDS ***
cepzorr: raises $3 to $6
RaisemyNut$: calls $3
*** FLOP *** [Ac 5s 8d]
RaisemyNut$: checks
cepzorr: checks
*** TURN *** [Ac 5s 8d] [Js]
RaisemyNut$: bets $6
cepzorr: raises $6 to $12
RaisemyNut$: calls $6
*** RIVER *** [Ac 5s 8d Js] [3h]
RaisemyNut$: checks
cepzorr: bets $6
RaisemyNut$: folds
Uncalled bet ($6) returned to cepzorr
cepzorr collected $35.50 from pot
cepzorr: doesn't show hand
*** SUMMARY ***
Total pot $36 | Rake $0.50
Board [Ac 5s 8d Js 3h]
Seat 1: RaisemyNut$ (big blind) folded on the River
Seat 2: cepzorr (button) (small blind) collected ($35.50)


PokerStars Hand #145553388102:  Hold'em Limit ($3/$6 USD) - 2015/12/18 17:43:27 ET
Table 'Bohlinia II' 2-max Seat #2 is the button
Seat 1: RaisemyNut$ ($203.92 in chips)
Seat 2: cepzorr ($17.47 in chips)
cepzorr: posts small blind $1
RaisemyNut$: posts big blind $3
*** HOLE CARDS ***
cepzorr: raises $3 to $6
RaisemyNut$: raises $3 to $9
cepzorr: raises $3 to $12
Betting is capped
RaisemyNut$: calls $3
*** FLOP *** [6h Ts 3d]
RaisemyNut$: bets $3
cepzorr: raises $2.47 to $5.47 and is all-in
RaisemyNut$: calls $2.47
*** TURN *** [6h Ts 3d] [6d]
*** RIVER *** [6h Ts 3d 6d] [Th]
*** SHOW DOWN ***
RaisemyNut$: shows [7h 7c] (two pair, Tens and Sevens)
cepzorr: shows [7s 7d] (two pair, Tens and Sevens)
RaisemyNut$ collected $17.22 from pot
cepzorr collected $17.22 from pot
*** SUMMARY ***
Total pot $34.94 | Rake $0.50
Board [6h Ts 3d 6d Th]
Seat 1: RaisemyNut$ (big blind) showed [7h 7c] and won ($17.22) with two pair, Tens and Sevens
Seat 2: cepzorr (button) (small blind) showed [7s 7d] and won ($17.22) with two pair, Tens and Sevens


PokerStars Hand #145553406807:  Hold'em Limit ($3/$6 USD) - 2015/12/18 17:43:49 ET
Table 'Bohlinia II' 2-max Seat #1 is the button
Seat 1: RaisemyNut$ ($203.67 in chips)
Seat 2: cepzorr ($17.22 in chips)
RaisemyNut$: posts small blind $1
cepzorr: posts big blind $3
*** HOLE CARDS ***
RaisemyNut$: raises $3 to $6
cepzorr: calls $3
*** FLOP *** [2d 5d 9s]
cepzorr: bets $3
RaisemyNut$: calls $3
*** TURN *** [2d 5d 9s] [Jc]
cepzorr: bets $6
RaisemyNut$: calls $6
*** RIVER *** [2d 5d 9s Jc] [Jd]
cepzorr: bets $2.22 and is all-in
RaisemyNut$: calls $2.22
*** SHOW DOWN ***
cepzorr: shows [5h 3s] (two pair, Jacks and Fives)
RaisemyNut$: shows [Tc Qs] (a pair of Jacks)
cepzorr collected $33.94 from pot
*** SUMMARY ***
Total pot $34.44 | Rake $0.50
Board [2d 5d 9s Jc Jd]
Seat 1: RaisemyNut$ (button) (small blind) showed [Tc Qs] and lost with a pair of Jacks
Seat 2: cepzorr (big blind) showed [5h 3s] and won ($33.94) with two pair, Jacks and Fives


PokerStars Hand #145553437310:  Hold'em Limit ($3/$6 USD) - 2015/12/18 17:44:26 ET
Table 'Bohlinia II' 2-max Seat #1 is the button
Seat 1: RaisemyNut$ ($168.45 in chips)
Seat 2: cepzorr ($51.44 in chips)
RaisemyNut$: posts small blind $1
cepzorr: posts big blind $3
*** HOLE CARDS ***
RaisemyNut$: raises $3 to $6
cepzorr: raises $3 to $9
RaisemyNut$: calls $3
*** FLOP *** [4h 3s 4d]
cepzorr: bets $3
RaisemyNut$: calls $3
*** TURN *** [4h 3s 4d] [Qc]
cepzorr: bets $6
RaisemyNut$: folds
Uncalled bet ($6) returned to cepzorr
cepzorr collected $23.52 from pot
cepzorr: doesn't show hand
*** SUMMARY ***
Total pot $24 | Rake $0.48
Board [4h 3s 4d Qc]
Seat 1: RaisemyNut$ (button) (small blind) folded on the Turn
Seat 2: cepzorr (big blind) collected ($23.52)


PokerStars Hand #145553452502:  Hold'em Limit ($3/$6 USD) - 2015/12/18 17:44:44 ET
Table 'Bohlinia II' 2-max Seat #2 is the button
Seat 1: RaisemyNut$ ($156.45 in chips)
Seat 2: cepzorr ($62.96 in chips)
cepzorr: posts small blind $1
RaisemyNut$: posts big blind $3
*** HOLE CARDS ***
cepzorr: raises $3 to $6
RaisemyNut$: calls $3
*** FLOP *** [9s Ks 6c]
RaisemyNut$: checks
cepzorr: checks
*** TURN *** [9s Ks 6c] [3h]
RaisemyNut$: checks
cepzorr: checks
*** RIVER *** [9s Ks 6c 3h] [Kd]
RaisemyNut$: checks
cepzorr: checks
*** SHOW DOWN ***
RaisemyNut$: shows [4c 7c] (a pair of Kings)
cepzorr: shows [Ts Jd] (a pair of Kings - Jack kicker)
cepzorr collected $11.76 from pot
*** SUMMARY ***
Total pot $12 | Rake $0.24
Board [9s Ks 6c 3h Kd]
Seat 1: RaisemyNut$ (big blind) showed [4c 7c] and lost with a pair of Kings
Seat 2: cepzorr (button) (small blind) showed [Ts Jd] and won ($11.76) with a pair of Kings


PokerStars Hand #145553465053:  Hold'em Limit ($3/$6 USD) - 2015/12/18 17:44:59 ET
Table 'Bohlinia II' 2-max Seat #1 is the button
Seat 1: RaisemyNut$ ($150.45 in chips)
Seat 2: cepzorr ($68.72 in chips)
RaisemyNut$: posts small blind $1
cepzorr: posts big blind $3
*** HOLE CARDS ***
RaisemyNut$: raises $3 to $6
cepzorr: calls $3
*** FLOP *** [Tc 7s 3h]
cepzorr: bets $3
RaisemyNut$: calls $3
*** TURN *** [Tc 7s 3h] [Jd]
cepzorr: checks
RaisemyNut$: checks
*** RIVER *** [Tc 7s 3h Jd] [Kc]
cepzorr: checks
RaisemyNut$: checks
*** SHOW DOWN ***
cepzorr: shows [5d 5h] (a pair of Fives)
RaisemyNut$: mucks hand
cepzorr collected $17.64 from pot
*** SUMMARY ***
Total pot $18 | Rake $0.36
Board [Tc 7s 3h Jd Kc]
Seat 1: RaisemyNut$ (button) (small blind) mucked
Seat 2: cepzorr (big blind) showed [5d 5h] and won ($17.64) with a pair of Fives


PokerStars Hand #145553477048:  Hold'em Limit ($3/$6 USD) - 2015/12/18 17:45:13 ET
Table 'Bohlinia II' 2-max Seat #2 is the button
Seat 1: RaisemyNut$ ($141.45 in chips)
Seat 2: cepzorr ($77.36 in chips)
cepzorr: posts small blind $1
RaisemyNut$: posts big blind $3
*** HOLE CARDS ***
cepzorr: raises $3 to $6
RaisemyNut$: raises $3 to $9
cepzorr: raises $3 to $12
Betting is capped
RaisemyNut$: calls $3
*** FLOP *** [6s Qc 9s]
RaisemyNut$: checks
cepzorr: bets $3
RaisemyNut$: calls $3
*** TURN *** [6s Qc 9s] [5c]
RaisemyNut$: checks
cepzorr: bets $6
RaisemyNut$: calls $6
*** RIVER *** [6s Qc 9s 5c] [9h]
RaisemyNut$: checks
cepzorr: bets $6
RaisemyNut$: raises $6 to $12
cepzorr: calls $6
*** SHOW DOWN ***
RaisemyNut$: shows [7h 8h] (a straight, Five to Nine)
cepzorr: mucks hand
RaisemyNut$ collected $65.50 from pot
*** SUMMARY ***
Total pot $66 | Rake $0.50
Board [6s Qc 9s 5c 9h]
Seat 1: RaisemyNut$ (big blind) showed [7h 8h] and won ($65.50) with a straight, Five to Nine
Seat 2: cepzorr (button) (small blind) mucked


PokerStars Hand #145553496030:  Hold'em Limit ($3/$6 USD) - 2015/12/18 17:45:35 ET
Table 'Bohlinia II' 2-max Seat #1 is the button
Seat 1: RaisemyNut$ ($173.95 in chips)
Seat 2: cepzorr ($44.36 in chips)
RaisemyNut$: posts small blind $1
cepzorr: posts big blind $3
*** HOLE CARDS ***
RaisemyNut$: raises $3 to $6
cepzorr: calls $3
*** FLOP *** [5c Kh 7c]
cepzorr: bets $3
RaisemyNut$: folds
Uncalled bet ($3) returned to cepzorr
cepzorr collected $11.76 from pot
cepzorr: doesn't show hand
*** SUMMARY ***
Total pot $12 | Rake $0.24
Board [5c Kh 7c]
Seat 1: RaisemyNut$ (button) (small blind) folded on the Flop
Seat 2: cepzorr (big blind) collected ($11.76)


PokerStars Hand #145553517264:  Hold'em Limit ($3/$6 USD) - 2015/12/18 17:46:00 ET
Table 'Bohlinia II' 2-max Seat #1 is the button
Seat 1: RaisemyNut$ ($176.59 in chips)
Seat 2: cepzorr ($41.12 in chips)
RaisemyNut$: posts small blind $1
cepzorr: posts big blind $3
*** HOLE CARDS ***
RaisemyNut$: raises $3 to $6
cepzorr: calls $3
*** FLOP *** [2d Ts 4h]
cepzorr: bets $3
RaisemyNut$: calls $3
*** TURN *** [2d Ts 4h] [Td]
cepzorr: bets $6
RaisemyNut$: calls $6
*** RIVER *** [2d Ts 4h Td] [Jd]
cepzorr: bets $6
RaisemyNut$: raises $6 to $12
cepzorr: calls $6
*** SHOW DOWN ***
RaisemyNut$: shows [Jc Qs] (two pair, Jacks and Tens)
cepzorr: mucks hand
RaisemyNut$ collected $53.50 from pot
*** SUMMARY ***
Total pot $54 | Rake $0.50
Board [2d Ts 4h Td Jd]
Seat 1: RaisemyNut$ (button) (small blind) showed [Jc Qs] and won ($53.50) with two pair, Jacks and Tens
Seat 2: cepzorr (big blind) mucked


PokerStars Hand #145553532705:  Hold'em Limit ($3/$6 USD) - 2015/12/18 17:46:19 ET
Table 'Bohlinia II' 2-max Seat #2 is the button
Seat 1: RaisemyNut$ ($203.09 in chips)
Seat 2: cepzorr ($14.12 in chips)
cepzorr: posts small blind $1
RaisemyNut$: posts big blind $3
*** HOLE CARDS ***
cepzorr: raises $3 to $6
RaisemyNut$: raises $3 to $9
cepzorr: raises $3 to $12
Betting is capped
RaisemyNut$: calls $3
*** FLOP *** [Ah Ks 9h]
RaisemyNut$: bets $3
cepzorr: calls $2.12 and is all-in
Uncalled bet ($0.88) returned to RaisemyNut$
*** TURN *** [Ah Ks 9h] [Jc]
*** RIVER *** [Ah Ks 9h Jc] [6d]
*** SHOW DOWN ***
RaisemyNut$: shows [Kd Kh] (three of a kind, Kings)
cepzorr: shows [2d 2h] (a pair of Deuces)
RaisemyNut$ collected $27.74 from pot
*** SUMMARY ***
Total pot $28.24 | Rake $0.50
Board [Ah Ks 9h Jc 6d]
Seat 1: RaisemyNut$ (big blind) showed [Kd Kh] and won ($27.74) with three of a kind, Kings
Seat 2: cepzorr (button) (small blind) showed [2d 2h] and lost with a pair of Deuces


PokerStars Hand #145554549364:  Hold'em Limit ($3/$6 USD) - 2015/12/18 18:08:01 ET
Table 'Bohlinia II' 2-max Seat #1 is the button
Seat 1: RaisemyNut$ ($237.87 in chips)
Seat 2: Sunny1022 ($126.12 in chips)
RaisemyNut$: posts small blind $1
Sunny1022: posts big blind $3
*** HOLE CARDS ***
RaisemyNut$: raises $3 to $6
Sunny1022: calls $3
*** FLOP *** [Qd Tc 2h]
Sunny1022: checks
RaisemyNut$: bets $3
Sunny1022: calls $3
*** TURN *** [Qd Tc 2h] [5h]
Sunny1022: checks
RaisemyNut$: bets $6
Sunny1022: folds
Uncalled bet ($6) returned to RaisemyNut$
RaisemyNut$ collected $17.64 from pot
RaisemyNut$: doesn't show hand
*** SUMMARY ***
Total pot $18 | Rake $0.36
Board [Qd Tc 2h 5h]
Seat 1: RaisemyNut$ (button) (small blind) collected ($17.64)
Seat 2: Sunny1022 (big blind) folded on the Turn


PokerStars Hand #145554605747:  Hold'em Limit ($3/$6 USD) - 2015/12/18 18:09:12 ET
Table 'Bohlinia II' 2-max Seat #1 is the button
Seat 1: RaisemyNut$ ($229.15 in chips)
Seat 2: Sunny1022 ($133.26 in chips)
RaisemyNut$: posts small blind $1
Sunny1022: posts big blind $3
*** HOLE CARDS ***
RaisemyNut$: raises $3 to $6
Sunny1022: folds
Uncalled bet ($3) returned to RaisemyNut$
RaisemyNut$ collected $6 from pot
RaisemyNut$: doesn't show hand
Sunny1022 leaves the table
*** SUMMARY ***
Total pot $6 | Rake $0
Seat 1: RaisemyNut$ (button) (small blind) collected ($6)
Seat 2: Sunny1022 (big blind) folded before Flop


PokerStars Hand #145554601915:  Hold'em Limit ($3/$6 USD) - 2015/12/18 18:09:07 ET
Table 'Bohlinia II' 2-max Seat #2 is the button
Seat 1: RaisemyNut$ ($228.15 in chips)
Seat 2: Sunny1022 ($134.26 in chips)
Sunny1022: posts small blind $1
RaisemyNut$: posts big blind $3
*** HOLE CARDS ***
Sunny1022: folds
Uncalled bet ($2) returned to RaisemyNut$
RaisemyNut$ collected $2 from pot
RaisemyNut$: doesn't show hand
*** SUMMARY ***
Total pot $2 | Rake $0
Seat 1: RaisemyNut$ (big blind) collected ($2)
Seat 2: Sunny1022 (button) (small blind) folded before Flop


PokerStars Hand #145554597380:  Hold'em Limit ($3/$6 USD) - 2015/12/18 18:09:01 ET
Table 'Bohlinia II' 2-max Seat #1 is the button
Seat 1: RaisemyNut$ ($225.15 in chips)
Seat 2: Sunny1022 ($137.26 in chips)
RaisemyNut$: posts small blind $1
Sunny1022: posts big blind $3
*** HOLE CARDS ***
RaisemyNut$: raises $3 to $6
Sunny1022: folds
Uncalled bet ($3) returned to RaisemyNut$
RaisemyNut$ collected $6 from pot
RaisemyNut$: doesn't show hand
*** SUMMARY ***
Total pot $6 | Rake $0
Seat 1: RaisemyNut$ (button) (small blind) collected ($6)
Seat 2: Sunny1022 (big blind) folded before Flop


PokerStars Hand #145554588946:  Hold'em Limit ($3/$6 USD) - 2015/12/18 18:08:51 ET
Table 'Bohlinia II' 2-max Seat #2 is the button
Seat 1: RaisemyNut$ ($216.51 in chips)
Seat 2: Sunny1022 ($146.26 in chips)
Sunny1022: posts small blind $1
RaisemyNut$: posts big blind $3
*** HOLE CARDS ***
Sunny1022: raises $3 to $6
RaisemyNut$: raises $3 to $9
Sunny1022: calls $3
*** FLOP *** [2s 7s 8s]
RaisemyNut$: bets $3
Sunny1022: folds
Uncalled bet ($3) returned to RaisemyNut$
RaisemyNut$ collected $17.64 from pot
RaisemyNut$: doesn't show hand
*** SUMMARY ***
Total pot $18 | Rake $0.36
Board [2s 7s 8s]
Seat 1: RaisemyNut$ (big blind) collected ($17.64)
Seat 2: Sunny1022 (button) (small blind) folded on the Flop


PokerStars Hand #145554578886:  Hold'em Limit ($3/$6 USD) - 2015/12/18 18:08:38 ET
Table 'Bohlinia II' 2-max Seat #1 is the button
Seat 1: RaisemyNut$ ($225.51 in chips)
Seat 2: Sunny1022 ($137.62 in chips)
RaisemyNut$: posts small blind $1
Sunny1022: posts big blind $3
*** HOLE CARDS ***
RaisemyNut$: raises $3 to $6
Sunny1022: raises $3 to $9
RaisemyNut$: calls $3
*** FLOP *** [As 8c Ah]
Sunny1022: bets $3
RaisemyNut$: folds
Uncalled bet ($3) returned to Sunny1022
Sunny1022 collected $17.64 from pot
Sunny1022: doesn't show hand
*** SUMMARY ***
Total pot $18 | Rake $0.36
Board [As 8c Ah]
Seat 1: RaisemyNut$ (button) (small blind) folded on the Flop
Seat 2: Sunny1022 (big blind) collected ($17.64)


PokerStars Hand #145554561360:  Hold'em Limit ($3/$6 USD) - 2015/12/18 18:08:16 ET
Table 'Bohlinia II' 2-max Seat #2 is the button
Seat 1: RaisemyNut$ ($246.51 in chips)
Seat 2: Sunny1022 ($117.12 in chips)
Sunny1022: posts small blind $1
RaisemyNut$: posts big blind $3
*** HOLE CARDS ***
Sunny1022: raises $3 to $6
RaisemyNut$: calls $3
*** FLOP *** [2h 9d 7h]
RaisemyNut$: checks
Sunny1022: bets $3
RaisemyNut$: calls $3
*** TURN *** [2h 9d 7h] [2c]
RaisemyNut$: checks
Sunny1022: bets $6
RaisemyNut$: calls $6
*** RIVER *** [2h 9d 7h 2c] [Ah]
RaisemyNut$: checks
Sunny1022: bets $6
RaisemyNut$: calls $6
*** SHOW DOWN ***
Sunny1022: shows [9c Ac] (two pair, Aces and Nines)
RaisemyNut$: mucks hand
Sunny1022 collected $41.50 from pot
*** SUMMARY ***
Total pot $42 | Rake $0.50
Board [2h 9d 7h 2c Ah]
Seat 1: RaisemyNut$ (big blind) mucked
Seat 2: Sunny1022 (button) (small blind) showed [9c Ac] and won ($41.50) with two pair, Aces and Nines


