PokerStars Hand #145619186361:  Hold'em Limit ($3/$6 USD) - 2015/12/20 1:15:49 ET
Table 'Bohmia' 2-max Seat #2 is the button
Seat 1: kaz2y5 ($120 in chips)
Seat 2: torsk278 ($120 in chips)
torsk278: posts small blind $1
kaz2y5: posts big blind $3
*** HOLE CARDS ***
torsk278: raises $3 to $6
kaz2y5: calls $3
*** FLOP *** [Qd Ah 4s]
kaz2y5: bets $3
torsk278: calls $3
*** TURN *** [Qd Ah 4s] [7h]
kaz2y5: bets $6
torsk278: raises $6 to $12
kaz2y5: folds
Uncalled bet ($6) returned to torsk278
torsk278 collected $29.50 from pot
torsk278: doesn't show hand
*** SUMMARY ***
Total pot $30 | Rake $0.50
Board [Qd Ah 4s 7h]
Seat 1: kaz2y5 (big blind) folded on the Turn
Seat 2: torsk278 (button) (small blind) collected ($29.50)


PokerStars Hand #145619194162:  Hold'em Limit ($3/$6 USD) - 2015/12/20 1:16:18 ET
Table 'Bohmia' 2-max Seat #1 is the button
Seat 1: kaz2y5 ($105 in chips)
Seat 2: torsk278 ($134.50 in chips)
kaz2y5: posts small blind $1
torsk278: posts big blind $3
*** HOLE CARDS ***
kaz2y5: raises $3 to $6
torsk278: raises $3 to $9
kaz2y5: calls $3
*** FLOP *** [5h Js 7c]
torsk278: bets $3
kaz2y5: calls $3
*** TURN *** [5h Js 7c] [3s]
torsk278: bets $6
kaz2y5: folds
Uncalled bet ($6) returned to torsk278
torsk278 collected $23.52 from pot
torsk278: doesn't show hand
*** SUMMARY ***
Total pot $24 | Rake $0.48
Board [5h Js 7c 3s]
Seat 1: kaz2y5 (button) (small blind) folded on the Turn
Seat 2: torsk278 (big blind) collected ($23.52)


PokerStars Hand #145619198541:  Hold'em Limit ($3/$6 USD) - 2015/12/20 1:16:34 ET
Table 'Bohmia' 2-max Seat #2 is the button
Seat 1: kaz2y5 ($93 in chips)
Seat 2: torsk278 ($146.02 in chips)
torsk278: posts small blind $1
kaz2y5: posts big blind $3
*** HOLE CARDS ***
torsk278: raises $3 to $6
kaz2y5: raises $3 to $9
torsk278: calls $3
*** FLOP *** [9s 5d Ks]
kaz2y5: bets $3
torsk278: raises $3 to $6
kaz2y5: raises $3 to $9
torsk278: calls $3
*** TURN *** [9s 5d Ks] [3h]
kaz2y5: bets $6
torsk278: calls $6
*** RIVER *** [9s 5d Ks 3h] [7s]
kaz2y5: bets $6
torsk278: calls $6
*** SHOW DOWN ***
kaz2y5: shows [5s As] (a flush, Ace high)
torsk278: mucks hand
kaz2y5 collected $59.50 from pot
*** SUMMARY ***
Total pot $60 | Rake $0.50
Board [9s 5d Ks 3h 7s]
Seat 1: kaz2y5 (big blind) showed [5s As] and won ($59.50) with a flush, Ace high
Seat 2: torsk278 (button) (small blind) mucked


PokerStars Hand #145619204137:  Hold'em Limit ($3/$6 USD) - 2015/12/20 1:16:55 ET
Table 'Bohmia' 2-max Seat #1 is the button
Seat 1: kaz2y5 ($122.50 in chips)
Seat 2: torsk278 ($116.02 in chips)
kaz2y5: posts small blind $1
torsk278: posts big blind $3
*** HOLE CARDS ***
kaz2y5: folds
Uncalled bet ($2) returned to torsk278
torsk278 collected $2 from pot
torsk278: doesn't show hand
*** SUMMARY ***
Total pot $2 | Rake $0
Seat 1: kaz2y5 (button) (small blind) folded before Flop
Seat 2: torsk278 (big blind) collected ($2)


PokerStars Hand #145619205834:  Hold'em Limit ($3/$6 USD) - 2015/12/20 1:17:01 ET
Table 'Bohmia' 2-max Seat #2 is the button
Seat 1: kaz2y5 ($121.50 in chips)
Seat 2: torsk278 ($117.02 in chips)
torsk278: posts small blind $1
kaz2y5: posts big blind $3
*** HOLE CARDS ***
torsk278: raises $3 to $6
kaz2y5: raises $3 to $9
torsk278: calls $3
*** FLOP *** [4s Th 8s]
kaz2y5: bets $3
torsk278: calls $3
*** TURN *** [4s Th 8s] [6c]
kaz2y5: bets $6
torsk278: raises $6 to $12
kaz2y5: calls $6
*** RIVER *** [4s Th 8s 6c] [2d]
kaz2y5: checks
torsk278: bets $6
kaz2y5: folds
Uncalled bet ($6) returned to torsk278
torsk278 collected $47.50 from pot
torsk278: doesn't show hand
*** SUMMARY ***
Total pot $48 | Rake $0.50
Board [4s Th 8s 6c 2d]
Seat 1: kaz2y5 (big blind) folded on the River
Seat 2: torsk278 (button) (small blind) collected ($47.50)


PokerStars Hand #145619214281:  Hold'em Limit ($3/$6 USD) - 2015/12/20 1:17:32 ET
Table 'Bohmia' 2-max Seat #2 is the button
Seat 1: kaz2y5 ($96.50 in chips)
Seat 2: torsk278 ($141.52 in chips)
torsk278: posts small blind $1
kaz2y5: posts big blind $3
*** HOLE CARDS ***
torsk278: raises $3 to $6
kaz2y5: folds
Uncalled bet ($3) returned to torsk278
torsk278 collected $6 from pot
torsk278: doesn't show hand
*** SUMMARY ***
Total pot $6 | Rake $0
Seat 1: kaz2y5 (big blind) folded before Flop
Seat 2: torsk278 (button) (small blind) collected ($6)


PokerStars Hand #145619212547:  Hold'em Limit ($3/$6 USD) - 2015/12/20 1:17:25 ET
Table 'Bohmia' 2-max Seat #1 is the button
Seat 1: kaz2y5 ($97.50 in chips)
Seat 2: torsk278 ($140.52 in chips)
kaz2y5: posts small blind $1
torsk278: posts big blind $3
*** HOLE CARDS ***
kaz2y5: folds
Uncalled bet ($2) returned to torsk278
torsk278 collected $2 from pot
torsk278: doesn't show hand
*** SUMMARY ***
Total pot $2 | Rake $0
Seat 1: kaz2y5 (button) (small blind) folded before Flop
Seat 2: torsk278 (big blind) collected ($2)


PokerStars Hand #145619215859:  Hold'em Limit ($3/$6 USD) - 2015/12/20 1:17:37 ET
Table 'Bohmia' 2-max Seat #1 is the button
Seat 1: kaz2y5 ($93.50 in chips)
Seat 2: torsk278 ($144.52 in chips)
kaz2y5: posts small blind $1
torsk278: posts big blind $3
*** HOLE CARDS ***
kaz2y5: folds
Uncalled bet ($2) returned to torsk278
torsk278 collected $2 from pot
torsk278: doesn't show hand
*** SUMMARY ***
Total pot $2 | Rake $0
Seat 1: kaz2y5 (button) (small blind) folded before Flop
Seat 2: torsk278 (big blind) collected ($2)


PokerStars Hand #145619222414:  Hold'em Limit ($3/$6 USD) - 2015/12/20 1:18:01 ET
Table 'Bohmia' 2-max Seat #1 is the button
Seat 1: kaz2y5 ($101.14 in chips)
Seat 2: torsk278 ($136.52 in chips)
kaz2y5: posts small blind $1
torsk278: posts big blind $3
*** HOLE CARDS ***
kaz2y5: folds
Uncalled bet ($2) returned to torsk278
torsk278 collected $2 from pot
torsk278: doesn't show hand
*** SUMMARY ***
Total pot $2 | Rake $0
Seat 1: kaz2y5 (button) (small blind) folded before Flop
Seat 2: torsk278 (big blind) collected ($2)


PokerStars Hand #145619217534:  Hold'em Limit ($3/$6 USD) - 2015/12/20 1:17:43 ET
Table 'Bohmia' 2-max Seat #2 is the button
Seat 1: kaz2y5 ($92.50 in chips)
Seat 2: torsk278 ($145.52 in chips)
torsk278: posts small blind $1
kaz2y5: posts big blind $3
*** HOLE CARDS ***
torsk278: raises $3 to $6
kaz2y5: raises $3 to $9
torsk278: calls $3
*** FLOP *** [8c Th Ac]
kaz2y5: checks
torsk278: checks
*** TURN *** [8c Th Ac] [Jd]
kaz2y5: bets $6
torsk278: folds
Uncalled bet ($6) returned to kaz2y5
kaz2y5 collected $17.64 from pot
*** SUMMARY ***
Total pot $18 | Rake $0.36
Board [8c Th Ac Jd]
Seat 1: kaz2y5 (big blind) collected ($17.64)
Seat 2: torsk278 (button) (small blind) folded on the Turn


PokerStars Hand #145619224029:  Hold'em Limit ($3/$6 USD) - 2015/12/20 1:18:07 ET
Table 'Bohmia' 2-max Seat #2 is the button
Seat 1: kaz2y5 ($100.14 in chips)
Seat 2: torsk278 ($137.52 in chips)
torsk278: posts small blind $1
kaz2y5: posts big blind $3
*** HOLE CARDS ***
torsk278: raises $3 to $6
kaz2y5: raises $3 to $9
torsk278: calls $3
*** FLOP *** [Ks 6s Jh]
kaz2y5: bets $3
torsk278: calls $3
*** TURN *** [Ks 6s Jh] [3d]
kaz2y5: bets $6
torsk278: calls $6
*** RIVER *** [Ks 6s Jh 3d] [Ah]
kaz2y5: bets $6
torsk278: calls $6
*** SHOW DOWN ***
kaz2y5: shows [Ac 5h] (a pair of Aces)
torsk278: mucks hand
kaz2y5 collected $47.50 from pot
*** SUMMARY ***
Total pot $48 | Rake $0.50
Board [Ks 6s Jh 3d Ah]
Seat 1: kaz2y5 (big blind) showed [Ac 5h] and won ($47.50) with a pair of Aces
Seat 2: torsk278 (button) (small blind) mucked


PokerStars Hand #145619229905:  Hold'em Limit ($3/$6 USD) - 2015/12/20 1:18:29 ET
Table 'Bohmia' 2-max Seat #1 is the button
Seat 1: kaz2y5 ($123.64 in chips)
Seat 2: torsk278 ($113.52 in chips)
kaz2y5: posts small blind $1
torsk278: posts big blind $3
*** HOLE CARDS ***
kaz2y5: raises $3 to $6
torsk278: calls $3
*** FLOP *** [9h Kc 2d]
torsk278: checks
kaz2y5: bets $3
torsk278: folds
Uncalled bet ($3) returned to kaz2y5
kaz2y5 collected $11.76 from pot
kaz2y5: doesn't show hand
*** SUMMARY ***
Total pot $12 | Rake $0.24
Board [9h Kc 2d]
Seat 1: kaz2y5 (button) (small blind) collected ($11.76)
Seat 2: torsk278 (big blind) folded on the Flop


PokerStars Hand #145619232968:  Hold'em Limit ($3/$6 USD) - 2015/12/20 1:18:40 ET
Table 'Bohmia' 2-max Seat #2 is the button
Seat 1: kaz2y5 ($129.40 in chips)
Seat 2: torsk278 ($107.52 in chips)
torsk278: posts small blind $1
kaz2y5: posts big blind $3
*** HOLE CARDS ***
torsk278: raises $3 to $6
kaz2y5: raises $3 to $9
torsk278: calls $3
*** FLOP *** [Qc Jh Ad]
kaz2y5: bets $3
torsk278: folds
Uncalled bet ($3) returned to kaz2y5
kaz2y5 collected $17.64 from pot
kaz2y5: doesn't show hand
*** SUMMARY ***
Total pot $18 | Rake $0.36
Board [Qc Jh Ad]
Seat 1: kaz2y5 (big blind) collected ($17.64)
Seat 2: torsk278 (button) (small blind) folded on the Flop


PokerStars Hand #145619235658:  Hold'em Limit ($3/$6 USD) - 2015/12/20 1:18:49 ET
Table 'Bohmia' 2-max Seat #1 is the button
Seat 1: kaz2y5 ($138.04 in chips)
Seat 2: torsk278 ($120 in chips)
kaz2y5: posts small blind $1
torsk278: posts big blind $3
*** HOLE CARDS ***
kaz2y5: raises $3 to $6
torsk278: calls $3
*** FLOP *** [6h Ts Qs]
torsk278: checks
kaz2y5: bets $3
torsk278: folds
Uncalled bet ($3) returned to kaz2y5
kaz2y5 collected $11.76 from pot
kaz2y5: doesn't show hand
*** SUMMARY ***
Total pot $12 | Rake $0.24
Board [6h Ts Qs]
Seat 1: kaz2y5 (button) (small blind) collected ($11.76)
Seat 2: torsk278 (big blind) folded on the Flop


PokerStars Hand #145619244433:  Hold'em Limit ($3/$6 USD) - 2015/12/20 1:19:22 ET
Table 'Bohmia' 2-max Seat #1 is the button
Seat 1: kaz2y5 ($134.80 in chips)
Seat 2: torsk278 ($122.64 in chips)
kaz2y5: posts small blind $1
torsk278: posts big blind $3
*** HOLE CARDS ***
kaz2y5: folds
Uncalled bet ($2) returned to torsk278
torsk278 collected $2 from pot
torsk278: doesn't show hand
*** SUMMARY ***
Total pot $2 | Rake $0
Seat 1: kaz2y5 (button) (small blind) folded before Flop
Seat 2: torsk278 (big blind) collected ($2)


PokerStars Hand #145619246197:  Hold'em Limit ($3/$6 USD) - 2015/12/20 1:19:28 ET
Table 'Bohmia' 2-max Seat #2 is the button
Seat 1: kaz2y5 ($133.80 in chips)
Seat 2: torsk278 ($123.64 in chips)
torsk278: posts small blind $1
kaz2y5: posts big blind $3
*** HOLE CARDS ***
torsk278: calls $2
kaz2y5: checks
*** FLOP *** [Js As 8c]
kaz2y5: bets $3
torsk278: calls $3
*** TURN *** [Js As 8c] [Jh]
kaz2y5: bets $6
torsk278: raises $6 to $12
kaz2y5: folds
Uncalled bet ($6) returned to torsk278
torsk278 collected $23.52 from pot
torsk278: doesn't show hand
*** SUMMARY ***
Total pot $24 | Rake $0.48
Board [Js As 8c Jh]
Seat 1: kaz2y5 (big blind) folded on the Turn
Seat 2: torsk278 (button) (small blind) collected ($23.52)


PokerStars Hand #145619252501:  Hold'em Limit ($3/$6 USD) - 2015/12/20 1:19:52 ET
Table 'Bohmia' 2-max Seat #1 is the button
Seat 1: kaz2y5 ($121.80 in chips)
Seat 2: torsk278 ($135.16 in chips)
kaz2y5: posts small blind $1
torsk278: posts big blind $3
*** HOLE CARDS ***
kaz2y5: raises $3 to $6
torsk278: folds
Uncalled bet ($3) returned to kaz2y5
kaz2y5 collected $6 from pot
kaz2y5: doesn't show hand
*** SUMMARY ***
Total pot $6 | Rake $0
Seat 1: kaz2y5 (button) (small blind) collected ($6)
Seat 2: torsk278 (big blind) folded before Flop


PokerStars Hand #145619238360:  Hold'em Limit ($3/$6 USD) - 2015/12/20 1:18:59 ET
Table 'Bohmia' 2-max Seat #2 is the button
Seat 1: kaz2y5 ($143.80 in chips)
Seat 2: torsk278 ($114 in chips)
torsk278: posts small blind $1
kaz2y5: posts big blind $3
*** HOLE CARDS ***
torsk278: calls $2
kaz2y5: checks
*** FLOP *** [Th Qs 2s]
kaz2y5: checks
torsk278: checks
*** TURN *** [Th Qs 2s] [8d]
kaz2y5: checks
torsk278: bets $6
kaz2y5: calls $6
*** RIVER *** [Th Qs 2s 8d] [6c]
kaz2y5: checks
torsk278: bets $6
kaz2y5: folds
Uncalled bet ($6) returned to torsk278
torsk278 collected $17.64 from pot
torsk278: doesn't show hand
*** SUMMARY ***
Total pot $18 | Rake $0.36
Board [Th Qs 2s 8d 6c]
Seat 1: kaz2y5 (big blind) folded on the River
Seat 2: torsk278 (button) (small blind) collected ($17.64)


PokerStars Hand #145619254633:  Hold'em Limit ($3/$6 USD) - 2015/12/20 1:19:59 ET
Table 'Bohmia' 2-max Seat #2 is the button
Seat 1: kaz2y5 ($124.80 in chips)
Seat 2: torsk278 ($132.16 in chips)
torsk278: posts small blind $1
kaz2y5: posts big blind $3
*** HOLE CARDS ***
torsk278: calls $2
kaz2y5: checks
*** FLOP *** [4d Jc Ah]
kaz2y5: checks
torsk278: bets $3
kaz2y5: calls $3
*** TURN *** [4d Jc Ah] [Td]
kaz2y5: checks
torsk278: checks
*** RIVER *** [4d Jc Ah Td] [Qc]
kaz2y5: checks
torsk278: bets $6
kaz2y5: calls $6
*** SHOW DOWN ***
torsk278: shows [8d 9c] (a straight, Eight to Queen)
kaz2y5: mucks hand
torsk278 collected $23.52 from pot
*** SUMMARY ***
Total pot $24 | Rake $0.48
Board [4d Jc Ah Td Qc]
Seat 1: kaz2y5 (big blind) mucked
Seat 2: torsk278 (button) (small blind) showed [8d 9c] and won ($23.52) with a straight, Eight to Queen


PokerStars Hand #145619264077:  Hold'em Limit ($3/$6 USD) - 2015/12/20 1:20:34 ET
Table 'Bohmia' 2-max Seat #2 is the button
Seat 1: kaz2y5 ($111.80 in chips)
Seat 2: torsk278 ($144.68 in chips)
torsk278: posts small blind $1
kaz2y5: posts big blind $3
*** HOLE CARDS ***
torsk278: calls $2
kaz2y5: checks
*** FLOP *** [5d 8s 8d]
kaz2y5: bets $3
torsk278: calls $3
*** TURN *** [5d 8s 8d] [3d]
kaz2y5: bets $6
torsk278: calls $6
*** RIVER *** [5d 8s 8d 3d] [5h]
kaz2y5: bets $6
torsk278: raises $6 to $12
kaz2y5: raises $6 to $18
torsk278: raises $6 to $24
Betting is capped
kaz2y5: calls $6
*** SHOW DOWN ***
torsk278: shows [7s 8h] (a full house, Eights full of Fives)
kaz2y5: shows [7d 8c] (a full house, Eights full of Fives)
kaz2y5 collected $35.75 from pot
torsk278 collected $35.75 from pot
*** SUMMARY ***
Total pot $72 | Rake $0.50
Board [5d 8s 8d 3d 5h]
Seat 1: kaz2y5 (big blind) showed [7d 8c] and won ($35.75) with a full house, Eights full of Fives
Seat 2: torsk278 (button) (small blind) showed [7s 8h] and won ($35.75) with a full house, Eights full of Fives


PokerStars Hand #145619262242:  Hold'em Limit ($3/$6 USD) - 2015/12/20 1:20:27 ET
Table 'Bohmia' 2-max Seat #1 is the button
Seat 1: kaz2y5 ($112.80 in chips)
Seat 2: torsk278 ($143.68 in chips)
kaz2y5: posts small blind $1
torsk278: posts big blind $3
*** HOLE CARDS ***
kaz2y5: folds
Uncalled bet ($2) returned to torsk278
torsk278 collected $2 from pot
torsk278: doesn't show hand
*** SUMMARY ***
Total pot $2 | Rake $0
Seat 1: kaz2y5 (button) (small blind) folded before Flop
Seat 2: torsk278 (big blind) collected ($2)


PokerStars Hand #145619275311:  Hold'em Limit ($3/$6 USD) - 2015/12/20 1:21:16 ET
Table 'Bohmia' 2-max Seat #1 is the button
Seat 1: kaz2y5 ($111.55 in chips)
Seat 2: torsk278 ($144.43 in chips)
kaz2y5: posts small blind $1
torsk278: posts big blind $3
*** HOLE CARDS ***
kaz2y5: raises $3 to $6
torsk278: raises $3 to $9
kaz2y5: raises $3 to $12
Betting is capped
torsk278: calls $3
*** FLOP *** [5c 3s Jc]
torsk278: checks
kaz2y5: bets $3
torsk278: calls $3
*** TURN *** [5c 3s Jc] [8c]
torsk278: checks
kaz2y5: bets $6
torsk278: calls $6
*** RIVER *** [5c 3s Jc 8c] [Qd]
torsk278: checks
kaz2y5: bets $6
torsk278: calls $6
*** SHOW DOWN ***
kaz2y5: shows [Jd Jh] (three of a kind, Jacks)
torsk278: mucks hand
kaz2y5 collected $53.50 from pot
*** SUMMARY ***
Total pot $54 | Rake $0.50
Board [5c 3s Jc 8c Qd]
Seat 1: kaz2y5 (button) (small blind) showed [Jd Jh] and won ($53.50) with three of a kind, Jacks
Seat 2: torsk278 (big blind) mucked


PokerStars Hand #145619281197:  Hold'em Limit ($3/$6 USD) - 2015/12/20 1:21:38 ET
Table 'Bohmia' 2-max Seat #2 is the button
Seat 1: kaz2y5 ($138.05 in chips)
Seat 2: torsk278 ($117.43 in chips)
torsk278: posts small blind $1
kaz2y5: posts big blind $3
*** HOLE CARDS ***
torsk278: folds
Uncalled bet ($2) returned to kaz2y5
kaz2y5 collected $2 from pot
kaz2y5: doesn't show hand
*** SUMMARY ***
Total pot $2 | Rake $0
Seat 1: kaz2y5 (big blind) collected ($2)
Seat 2: torsk278 (button) (small blind) folded before Flop


PokerStars Hand #145619283468:  Hold'em Limit ($3/$6 USD) - 2015/12/20 1:21:46 ET
Table 'Bohmia' 2-max Seat #1 is the button
Seat 1: kaz2y5 ($139.05 in chips)
Seat 2: torsk278 ($116.43 in chips)
kaz2y5: posts small blind $1
torsk278: posts big blind $3
*** HOLE CARDS ***
kaz2y5: folds
Uncalled bet ($2) returned to torsk278
torsk278 collected $2 from pot
torsk278: doesn't show hand
*** SUMMARY ***
Total pot $2 | Rake $0
Seat 1: kaz2y5 (button) (small blind) folded before Flop
Seat 2: torsk278 (big blind) collected ($2)


PokerStars Hand #145619293075:  Hold'em Limit ($3/$6 USD) - 2015/12/20 1:22:21 ET
Table 'Bohmia' 2-max Seat #1 is the button
Seat 1: kaz2y5 ($117.05 in chips)
Seat 2: torsk278 ($137.93 in chips)
kaz2y5: posts small blind $1
torsk278: posts big blind $3
*** HOLE CARDS ***
kaz2y5: folds
Uncalled bet ($2) returned to torsk278
torsk278 collected $2 from pot
torsk278: doesn't show hand
*** SUMMARY ***
Total pot $2 | Rake $0
Seat 1: kaz2y5 (button) (small blind) folded before Flop
Seat 2: torsk278 (big blind) collected ($2)


PokerStars Hand #145619285655:  Hold'em Limit ($3/$6 USD) - 2015/12/20 1:21:54 ET
Table 'Bohmia' 2-max Seat #2 is the button
Seat 1: kaz2y5 ($138.05 in chips)
Seat 2: torsk278 ($117.43 in chips)
torsk278: posts small blind $1
kaz2y5: posts big blind $3
*** HOLE CARDS ***
torsk278: raises $3 to $6
kaz2y5: calls $3
*** FLOP *** [Ad 9h 8d]
kaz2y5: checks
torsk278: bets $3
kaz2y5: calls $3
*** TURN *** [Ad 9h 8d] [Ah]
kaz2y5: checks
torsk278: bets $6
kaz2y5: calls $6
*** RIVER *** [Ad 9h 8d Ah] [6h]
kaz2y5: checks
torsk278: bets $6
kaz2y5: calls $6
*** SHOW DOWN ***
torsk278: shows [5s 7d] (a straight, Five to Nine)
kaz2y5: mucks hand
torsk278 collected $41.50 from pot
*** SUMMARY ***
Total pot $42 | Rake $0.50
Board [Ad 9h 8d Ah 6h]
Seat 1: kaz2y5 (big blind) mucked
Seat 2: torsk278 (button) (small blind) showed [5s 7d] and won ($41.50) with a straight, Five to Nine


PokerStars Hand #145619294870:  Hold'em Limit ($3/$6 USD) - 2015/12/20 1:22:28 ET
Table 'Bohmia' 2-max Seat #2 is the button
Seat 1: kaz2y5 ($116.05 in chips)
Seat 2: torsk278 ($138.93 in chips)
torsk278: posts small blind $1
kaz2y5: posts big blind $3
*** HOLE CARDS ***
torsk278: raises $3 to $6
kaz2y5: raises $3 to $9
torsk278: calls $3
*** FLOP *** [Ks 5h 2h]
kaz2y5: bets $3
torsk278: calls $3
*** TURN *** [Ks 5h 2h] [8c]
kaz2y5: bets $6
torsk278: raises $6 to $12
kaz2y5: raises $6 to $18
torsk278: calls $6
*** RIVER *** [Ks 5h 2h 8c] [9s]
kaz2y5: bets $6
torsk278: calls $6
*** SHOW DOWN ***
kaz2y5: shows [Kh 3h] (a pair of Kings)
torsk278: shows [3c Kc] (a pair of Kings)
kaz2y5 collected $35.75 from pot
torsk278 collected $35.75 from pot
*** SUMMARY ***
Total pot $72 | Rake $0.50
Board [Ks 5h 2h 8c 9s]
Seat 1: kaz2y5 (big blind) showed [Kh 3h] and won ($35.75) with a pair of Kings
Seat 2: torsk278 (button) (small blind) showed [3c Kc] and won ($35.75) with a pair of Kings


PokerStars Hand #145619321189:  Hold'em Limit ($3/$6 USD) - 2015/12/20 1:24:05 ET
Table 'Bohmia' 2-max Seat #1 is the button
Seat 1: kaz2y5 ($67.80 in chips)
Seat 2: torsk278 ($185.68 in chips)
kaz2y5: posts small blind $1
torsk278: posts big blind $3
*** HOLE CARDS ***
kaz2y5: raises $3 to $6
torsk278: folds
Uncalled bet ($3) returned to kaz2y5
kaz2y5 collected $6 from pot
kaz2y5: doesn't show hand
*** SUMMARY ***
Total pot $6 | Rake $0
Seat 1: kaz2y5 (button) (small blind) collected ($6)
Seat 2: torsk278 (big blind) folded before Flop


PokerStars Hand #145619302310:  Hold'em Limit ($3/$6 USD) - 2015/12/20 1:22:55 ET
Table 'Bohmia' 2-max Seat #1 is the button
Seat 1: kaz2y5 ($115.80 in chips)
Seat 2: torsk278 ($138.68 in chips)
kaz2y5: posts small blind $1
torsk278: posts big blind $3
*** HOLE CARDS ***
kaz2y5: raises $3 to $6
torsk278: calls $3
*** FLOP *** [4c Jc 5d]
torsk278: checks
kaz2y5: bets $3
torsk278: raises $3 to $6
kaz2y5: calls $3
*** TURN *** [4c Jc 5d] [3d]
torsk278: bets $6
kaz2y5: calls $6
*** RIVER *** [4c Jc 5d 3d] [Jd]
torsk278: checks
kaz2y5: checks
*** SHOW DOWN ***
torsk278: shows [3c 5c] (two pair, Jacks and Fives)
kaz2y5: mucks hand
torsk278 collected $35.50 from pot
*** SUMMARY ***
Total pot $36 | Rake $0.50
Board [4c Jc 5d 3d Jd]
Seat 1: kaz2y5 (button) (small blind) mucked
Seat 2: torsk278 (big blind) showed [3c 5c] and won ($35.50) with two pair, Jacks and Fives


PokerStars Hand #145619309177:  Hold'em Limit ($3/$6 USD) - 2015/12/20 1:23:21 ET
Table 'Bohmia' 2-max Seat #2 is the button
Seat 1: kaz2y5 ($97.80 in chips)
Seat 2: torsk278 ($156.18 in chips)
torsk278: posts small blind $1
kaz2y5: posts big blind $3
*** HOLE CARDS ***
torsk278: raises $3 to $6
kaz2y5: raises $3 to $9
torsk278: calls $3
*** FLOP *** [8s 9c Qh]
kaz2y5: bets $3
torsk278: calls $3
*** TURN *** [8s 9c Qh] [Js]
kaz2y5: checks
torsk278: bets $6
kaz2y5: raises $6 to $12
torsk278: raises $6 to $18
kaz2y5: calls $6
*** RIVER *** [8s 9c Qh Js] [Kd]
kaz2y5: checks
torsk278: bets $6
kaz2y5: folds
Uncalled bet ($6) returned to torsk278
torsk278 collected $59.50 from pot
torsk278: doesn't show hand
*** SUMMARY ***
Total pot $60 | Rake $0.50
Board [8s 9c Qh Js Kd]
Seat 1: kaz2y5 (big blind) folded on the River
Seat 2: torsk278 (button) (small blind) collected ($59.50)


PokerStars Hand #145619328076:  Hold'em Limit ($3/$6 USD) - 2015/12/20 1:24:31 ET
Table 'Bohmia' 2-max Seat #2 is the button
Seat 1: kaz2y5 ($93.30 in chips)
Seat 2: torsk278 ($182.68 in chips)
torsk278: posts small blind $1
kaz2y5: posts big blind $3
*** HOLE CARDS ***
torsk278: folds
Uncalled bet ($2) returned to kaz2y5
kaz2y5 collected $2 from pot
*** SUMMARY ***
Total pot $2 | Rake $0
Seat 1: kaz2y5 (big blind) collected ($2)
Seat 2: torsk278 (button) (small blind) folded before Flop


PokerStars Hand #145619325996:  Hold'em Limit ($3/$6 USD) - 2015/12/20 1:24:23 ET
Table 'Bohmia' 2-max Seat #1 is the button
Seat 1: kaz2y5 ($94.30 in chips)
Seat 2: torsk278 ($181.68 in chips)
kaz2y5: posts small blind $1
torsk278: posts big blind $3
*** HOLE CARDS ***
kaz2y5: folds
Uncalled bet ($2) returned to torsk278
torsk278 collected $2 from pot
torsk278: doesn't show hand
*** SUMMARY ***
Total pot $2 | Rake $0
Seat 1: kaz2y5 (button) (small blind) folded before Flop
Seat 2: torsk278 (big blind) collected ($2)


PokerStars Hand #145619329477:  Hold'em Limit ($3/$6 USD) - 2015/12/20 1:24:36 ET
Table 'Bohmia' 2-max Seat #1 is the button
Seat 1: kaz2y5 ($94.30 in chips)
Seat 2: torsk278 ($181.68 in chips)
kaz2y5: posts small blind $1
torsk278: posts big blind $3
*** HOLE CARDS ***
kaz2y5: folds
Uncalled bet ($2) returned to torsk278
torsk278 collected $2 from pot
torsk278: doesn't show hand
*** SUMMARY ***
Total pot $2 | Rake $0
Seat 1: kaz2y5 (button) (small blind) folded before Flop
Seat 2: torsk278 (big blind) collected ($2)


PokerStars Hand #145619333903:  Hold'em Limit ($3/$6 USD) - 2015/12/20 1:24:51 ET
Table 'Bohmia' 2-max Seat #1 is the button
Seat 1: kaz2y5 ($90.30 in chips)
Seat 2: torsk278 ($185.68 in chips)
kaz2y5: posts small blind $1
torsk278: posts big blind $3
*** HOLE CARDS ***
kaz2y5: raises $3 to $6
torsk278: folds
Uncalled bet ($3) returned to kaz2y5
kaz2y5 collected $6 from pot
*** SUMMARY ***
Total pot $6 | Rake $0
Seat 1: kaz2y5 (button) (small blind) collected ($6)
Seat 2: torsk278 (big blind) folded before Flop


PokerStars Hand #145619331690:  Hold'em Limit ($3/$6 USD) - 2015/12/20 1:24:44 ET
Table 'Bohmia' 2-max Seat #2 is the button
Seat 1: kaz2y5 ($93.30 in chips)
Seat 2: torsk278 ($182.68 in chips)
torsk278: posts small blind $1
kaz2y5: posts big blind $3
*** HOLE CARDS ***
torsk278: raises $3 to $6
kaz2y5: folds
Uncalled bet ($3) returned to torsk278
torsk278 collected $6 from pot
torsk278: doesn't show hand
*** SUMMARY ***
Total pot $6 | Rake $0
Seat 1: kaz2y5 (big blind) folded before Flop
Seat 2: torsk278 (button) (small blind) collected ($6)


PokerStars Hand #145619323793:  Hold'em Limit ($3/$6 USD) - 2015/12/20 1:24:15 ET
Table 'Bohmia' 2-max Seat #2 is the button
Seat 1: kaz2y5 ($93.30 in chips)
Seat 2: torsk278 ($182.68 in chips)
torsk278: posts small blind $1
kaz2y5: posts big blind $3
*** HOLE CARDS ***
torsk278: folds
Uncalled bet ($2) returned to kaz2y5
kaz2y5 collected $2 from pot
*** SUMMARY ***
Total pot $2 | Rake $0
Seat 1: kaz2y5 (big blind) collected ($2)
Seat 2: torsk278 (button) (small blind) folded before Flop


PokerStars Hand #145619341903:  Hold'em Limit ($3/$6 USD) - 2015/12/20 1:25:21 ET
Table 'Bohmia' 2-max Seat #1 is the button
Seat 1: kaz2y5 ($99.06 in chips)
Seat 2: torsk278 ($176.68 in chips)
kaz2y5: posts small blind $1
torsk278: posts big blind $3
*** HOLE CARDS ***
kaz2y5: raises $3 to $6
torsk278: calls $3
*** FLOP *** [7h Td Tc]
torsk278: checks
kaz2y5: bets $3
torsk278: calls $3
*** TURN *** [7h Td Tc] [3h]
torsk278: checks
kaz2y5: checks
*** RIVER *** [7h Td Tc 3h] [Jh]
torsk278: checks
kaz2y5: bets $6
torsk278: calls $6
*** SHOW DOWN ***
kaz2y5: shows [Js 5s] (two pair, Jacks and Tens)
torsk278: mucks hand
kaz2y5 collected $29.50 from pot
*** SUMMARY ***
Total pot $30 | Rake $0.50
Board [7h Td Tc 3h Jh]
Seat 1: kaz2y5 (button) (small blind) showed [Js 5s] and won ($29.50) with two pair, Jacks and Tens
Seat 2: torsk278 (big blind) mucked


PokerStars Hand #145619337510:  Hold'em Limit ($3/$6 USD) - 2015/12/20 1:25:05 ET
Table 'Bohmia' 2-max Seat #2 is the button
Seat 1: kaz2y5 ($93.30 in chips)
Seat 2: torsk278 ($182.68 in chips)
torsk278: posts small blind $1
kaz2y5: posts big blind $3
*** HOLE CARDS ***
torsk278: raises $3 to $6
kaz2y5: calls $3
*** FLOP *** [9h 8h Ts]
kaz2y5: checks
torsk278: checks
*** TURN *** [9h 8h Ts] [Kd]
kaz2y5: bets $6
torsk278: folds
Uncalled bet ($6) returned to kaz2y5
kaz2y5 collected $11.76 from pot
*** SUMMARY ***
Total pot $12 | Rake $0.24
Board [9h 8h Ts Kd]
Seat 1: kaz2y5 (big blind) collected ($11.76)
Seat 2: torsk278 (button) (small blind) folded on the Turn


PokerStars Hand #145619349196:  Hold'em Limit ($3/$6 USD) - 2015/12/20 1:25:47 ET
Table 'Bohmia' 2-max Seat #2 is the button
Seat 1: kaz2y5 ($113.56 in chips)
Seat 2: torsk278 ($161.68 in chips)
torsk278: posts small blind $1
kaz2y5: posts big blind $3
*** HOLE CARDS ***
torsk278: raises $3 to $6
kaz2y5: calls $3
*** FLOP *** [6d 4d 5d]
kaz2y5: bets $3
torsk278: calls $3
*** TURN *** [6d 4d 5d] [Ad]
kaz2y5: bets $6
torsk278: folds
Uncalled bet ($6) returned to kaz2y5
kaz2y5 collected $17.64 from pot
*** SUMMARY ***
Total pot $18 | Rake $0.36
Board [6d 4d 5d Ad]
Seat 1: kaz2y5 (big blind) collected ($17.64)
Seat 2: torsk278 (button) (small blind) folded on the Turn


PokerStars Hand #145619360337:  Hold'em Limit ($3/$6 USD) - 2015/12/20 1:26:28 ET
Table 'Bohmia' 2-max Seat #1 is the button
Seat 1: kaz2y5 ($124.96 in chips)
Seat 2: torsk278 ($149.68 in chips)
kaz2y5: posts small blind $1
torsk278: posts big blind $3
*** HOLE CARDS ***
kaz2y5: raises $3 to $6
torsk278: calls $3
*** FLOP *** [7d Td 6d]
torsk278: checks
kaz2y5: bets $3
torsk278: folds
Uncalled bet ($3) returned to kaz2y5
kaz2y5 collected $11.76 from pot
*** SUMMARY ***
Total pot $12 | Rake $0.24
Board [7d Td 6d]
Seat 1: kaz2y5 (button) (small blind) collected ($11.76)
Seat 2: torsk278 (big blind) folded on the Flop


PokerStars Hand #145619358052:  Hold'em Limit ($3/$6 USD) - 2015/12/20 1:26:20 ET
Table 'Bohmia' 2-max Seat #2 is the button
Seat 1: kaz2y5 ($127.96 in chips)
Seat 2: torsk278 ($146.68 in chips)
torsk278: posts small blind $1
kaz2y5: posts big blind $3
*** HOLE CARDS ***
torsk278: raises $3 to $6
kaz2y5: folds
Uncalled bet ($3) returned to torsk278
torsk278 collected $6 from pot
torsk278: doesn't show hand
*** SUMMARY ***
Total pot $6 | Rake $0
Seat 1: kaz2y5 (big blind) folded before Flop
Seat 2: torsk278 (button) (small blind) collected ($6)


PokerStars Hand #145619354312:  Hold'em Limit ($3/$6 USD) - 2015/12/20 1:26:07 ET
Table 'Bohmia' 2-max Seat #1 is the button
Seat 1: kaz2y5 ($122.20 in chips)
Seat 2: torsk278 ($152.68 in chips)
kaz2y5: posts small blind $1
torsk278: posts big blind $3
*** HOLE CARDS ***
kaz2y5: raises $3 to $6
torsk278: calls $3
*** FLOP *** [9c Jh 6d]
torsk278: checks
kaz2y5: bets $3
torsk278: folds
Uncalled bet ($3) returned to kaz2y5
kaz2y5 collected $11.76 from pot
*** SUMMARY ***
Total pot $12 | Rake $0.24
Board [9c Jh 6d]
Seat 1: kaz2y5 (button) (small blind) collected ($11.76)
Seat 2: torsk278 (big blind) folded on the Flop


PokerStars Hand #145619364702:  Hold'em Limit ($3/$6 USD) - 2015/12/20 1:26:44 ET
Table 'Bohmia' 2-max Seat #2 is the button
Seat 1: kaz2y5 ($130.72 in chips)
Seat 2: torsk278 ($143.68 in chips)
torsk278: posts small blind $1
kaz2y5: posts big blind $3
*** HOLE CARDS ***
torsk278: raises $3 to $6
kaz2y5: raises $3 to $9
torsk278: calls $3
*** FLOP *** [9s 3s 9d]
kaz2y5: checks
torsk278: bets $3
kaz2y5: calls $3
*** TURN *** [9s 3s 9d] [Qc]
kaz2y5: checks
torsk278: bets $6
kaz2y5: calls $6
*** RIVER *** [9s 3s 9d Qc] [Ts]
kaz2y5: checks
torsk278: bets $6
kaz2y5: folds
Uncalled bet ($6) returned to torsk278
torsk278 collected $35.50 from pot
torsk278: doesn't show hand
*** SUMMARY ***
Total pot $36 | Rake $0.50
Board [9s 3s 9d Qc Ts]
Seat 1: kaz2y5 (big blind) folded on the River
Seat 2: torsk278 (button) (small blind) collected ($35.50)


PokerStars Hand #145619384670:  Hold'em Limit ($3/$6 USD) - 2015/12/20 1:27:58 ET
Table 'Bohmia' 2-max Seat #2 is the button
Seat 1: kaz2y5 ($129.22 in chips)
Seat 2: torsk278 ($144.18 in chips)
torsk278: posts small blind $1
kaz2y5: posts big blind $3
*** HOLE CARDS ***
torsk278: raises $3 to $6
kaz2y5: folds
Uncalled bet ($3) returned to torsk278
torsk278 collected $6 from pot
torsk278: doesn't show hand
*** SUMMARY ***
Total pot $6 | Rake $0
Seat 1: kaz2y5 (big blind) folded before Flop
Seat 2: torsk278 (button) (small blind) collected ($6)


PokerStars Hand #145619382623:  Hold'em Limit ($3/$6 USD) - 2015/12/20 1:27:51 ET
Table 'Bohmia' 2-max Seat #1 is the button
Seat 1: kaz2y5 ($126.22 in chips)
Seat 2: torsk278 ($147.18 in chips)
kaz2y5: posts small blind $1
torsk278: posts big blind $3
*** HOLE CARDS ***
kaz2y5: raises $3 to $6
torsk278: folds
Uncalled bet ($3) returned to kaz2y5
kaz2y5 collected $6 from pot
*** SUMMARY ***
Total pot $6 | Rake $0
Seat 1: kaz2y5 (button) (small blind) collected ($6)
Seat 2: torsk278 (big blind) folded before Flop


PokerStars Hand #145619375548:  Hold'em Limit ($3/$6 USD) - 2015/12/20 1:27:25 ET
Table 'Bohmia' 2-max Seat #2 is the button
Seat 1: kaz2y5 ($111.72 in chips)
Seat 2: torsk278 ($162.18 in chips)
torsk278: posts small blind $1
kaz2y5: posts big blind $3
*** HOLE CARDS ***
torsk278: calls $2
kaz2y5: raises $3 to $6
torsk278: calls $3
*** FLOP *** [Qd Ks 9c]
kaz2y5: bets $3
torsk278: calls $3
*** TURN *** [Qd Ks 9c] [Qc]
kaz2y5: bets $6
torsk278: calls $6
*** RIVER *** [Qd Ks 9c Qc] [5d]
kaz2y5: checks
torsk278: checks
*** SHOW DOWN ***
kaz2y5: shows [5s As] (two pair, Queens and Fives)
torsk278: mucks hand
kaz2y5 collected $29.50 from pot
*** SUMMARY ***
Total pot $30 | Rake $0.50
Board [Qd Ks 9c Qc 5d]
Seat 1: kaz2y5 (big blind) showed [5s As] and won ($29.50) with two pair, Queens and Fives
Seat 2: torsk278 (button) (small blind) mucked


PokerStars Hand #145619387568:  Hold'em Limit ($3/$6 USD) - 2015/12/20 1:28:09 ET
Table 'Bohmia' 2-max Seat #1 is the button
Seat 1: kaz2y5 ($126.22 in chips)
Seat 2: torsk278 ($147.18 in chips)
kaz2y5: posts small blind $1
torsk278: posts big blind $3
*** HOLE CARDS ***
kaz2y5: folds
Uncalled bet ($2) returned to torsk278
torsk278 collected $2 from pot
torsk278: doesn't show hand
*** SUMMARY ***
Total pot $2 | Rake $0
Seat 1: kaz2y5 (button) (small blind) folded before Flop
Seat 2: torsk278 (big blind) collected ($2)


PokerStars Hand #145619373733:  Hold'em Limit ($3/$6 USD) - 2015/12/20 1:27:18 ET
Table 'Bohmia' 2-max Seat #1 is the button
Seat 1: kaz2y5 ($112.72 in chips)
Seat 2: torsk278 ($161.18 in chips)
kaz2y5: posts small blind $1
torsk278: posts big blind $3
*** HOLE CARDS ***
kaz2y5: folds
Uncalled bet ($2) returned to torsk278
torsk278 collected $2 from pot
torsk278: doesn't show hand
*** SUMMARY ***
Total pot $2 | Rake $0
Seat 1: kaz2y5 (button) (small blind) folded before Flop
Seat 2: torsk278 (big blind) collected ($2)


PokerStars Hand #145619394840:  Hold'em Limit ($3/$6 USD) - 2015/12/20 1:28:35 ET
Table 'Bohmia' 2-max Seat #1 is the button
Seat 1: kaz2y5 ($133.86 in chips)
Seat 2: torsk278 ($139.18 in chips)
kaz2y5: posts small blind $1
torsk278: posts big blind $3
*** HOLE CARDS ***
kaz2y5: raises $3 to $6
torsk278: calls $3
*** FLOP *** [2h 9c 8c]
torsk278: checks
kaz2y5: bets $3
torsk278: calls $3
*** TURN *** [2h 9c 8c] [Tc]
torsk278: checks
kaz2y5: bets $6
torsk278: calls $6
*** RIVER *** [2h 9c 8c Tc] [Qd]
torsk278: checks
kaz2y5: bets $6
torsk278: calls $6
*** SHOW DOWN ***
kaz2y5: shows [7c 5d] (high card Queen)
torsk278: shows [Ts Kh] (a pair of Tens)
torsk278 collected $41.50 from pot
*** SUMMARY ***
Total pot $42 | Rake $0.50
Board [2h 9c 8c Tc Qd]
Seat 1: kaz2y5 (button) (small blind) showed [7c 5d] and lost with high card Queen
Seat 2: torsk278 (big blind) showed [Ts Kh] and won ($41.50) with a pair of Tens


PokerStars Hand #145619389097:  Hold'em Limit ($3/$6 USD) - 2015/12/20 1:28:14 ET
Table 'Bohmia' 2-max Seat #2 is the button
Seat 1: kaz2y5 ($125.22 in chips)
Seat 2: torsk278 ($148.18 in chips)
torsk278: posts small blind $1
kaz2y5: posts big blind $3
*** HOLE CARDS ***
torsk278: raises $3 to $6
kaz2y5: calls $3
*** FLOP *** [6h Th 8s]
kaz2y5: checks
torsk278: bets $3
kaz2y5: calls $3
*** TURN *** [6h Th 8s] [7c]
kaz2y5: checks
torsk278: checks
*** RIVER *** [6h Th 8s 7c] [As]
kaz2y5: bets $6
torsk278: folds
Uncalled bet ($6) returned to kaz2y5
kaz2y5 collected $17.64 from pot
*** SUMMARY ***
Total pot $18 | Rake $0.36
Board [6h Th 8s 7c As]
Seat 1: kaz2y5 (big blind) collected ($17.64)
Seat 2: torsk278 (button) (small blind) folded on the River


PokerStars Hand #145619401793:  Hold'em Limit ($3/$6 USD) - 2015/12/20 1:29:00 ET
Table 'Bohmia' 2-max Seat #2 is the button
Seat 1: kaz2y5 ($112.86 in chips)
Seat 2: torsk278 ($159.68 in chips)
torsk278: posts small blind $1
kaz2y5: posts big blind $3
*** HOLE CARDS ***
torsk278: calls $2
kaz2y5: raises $3 to $6
torsk278: calls $3
*** FLOP *** [Jh 3c 9s]
kaz2y5: bets $3
torsk278: calls $3
*** TURN *** [Jh 3c 9s] [Jd]
kaz2y5: bets $6
torsk278: calls $6
*** RIVER *** [Jh 3c 9s Jd] [7s]
kaz2y5: bets $6
torsk278: calls $6
*** SHOW DOWN ***
kaz2y5: shows [Qs Js] (three of a kind, Jacks)
torsk278: mucks hand
kaz2y5 collected $41.50 from pot
torsk278 said, "1min"
*** SUMMARY ***
Total pot $42 | Rake $0.50
Board [Jh 3c 9s Jd 7s]
Seat 1: kaz2y5 (big blind) showed [Qs Js] and won ($41.50) with three of a kind, Jacks
Seat 2: torsk278 (button) (small blind) mucked


PokerStars Hand #145619426543:  Hold'em Limit ($3/$6 USD) - 2015/12/20 1:30:31 ET
Table 'Bohmia' 2-max Seat #2 is the button
Seat 1: kaz2y5 ($159.86 in chips)
Seat 2: torsk278 ($111.68 in chips)
torsk278: posts small blind $1
kaz2y5: posts big blind $3
*** HOLE CARDS ***
torsk278: raises $3 to $6
kaz2y5: raises $3 to $9
torsk278: raises $3 to $12
Betting is capped
kaz2y5: calls $3
*** FLOP *** [4h 6d 9c]
kaz2y5: checks
torsk278: bets $3
kaz2y5: calls $3
*** TURN *** [4h 6d 9c] [Ac]
kaz2y5: checks
torsk278: checks
*** RIVER *** [4h 6d 9c Ac] [4d]
kaz2y5: bets $6
torsk278: calls $6
*** SHOW DOWN ***
kaz2y5: shows [Tc Ad] (two pair, Aces and Fours)
torsk278: mucks hand
kaz2y5 collected $41.50 from pot
*** SUMMARY ***
Total pot $42 | Rake $0.50
Board [4h 6d 9c Ac 4d]
Seat 1: kaz2y5 (big blind) showed [Tc Ad] and won ($41.50) with two pair, Aces and Fours
Seat 2: torsk278 (button) (small blind) mucked


PokerStars Hand #145619418031:  Hold'em Limit ($3/$6 USD) - 2015/12/20 1:30:00 ET
Table 'Bohmia' 2-max Seat #1 is the button
Seat 1: kaz2y5 ($133.36 in chips)
Seat 2: torsk278 ($138.68 in chips)
kaz2y5: posts small blind $1
torsk278: posts big blind $3
*** HOLE CARDS ***
kaz2y5: raises $3 to $6
torsk278: raises $3 to $9
kaz2y5: raises $3 to $12
Betting is capped
torsk278: calls $3
*** FLOP *** [Qd Js Td]
torsk278: checks
kaz2y5: bets $3
torsk278: calls $3
*** TURN *** [Qd Js Td] [Kh]
torsk278: checks
kaz2y5: bets $6
torsk278: calls $6
*** RIVER *** [Qd Js Td Kh] [3c]
torsk278: checks
kaz2y5: bets $6
torsk278: calls $6
*** SHOW DOWN ***
kaz2y5: shows [6d As] (a straight, Ten to Ace)
torsk278: mucks hand
kaz2y5 collected $53.50 from pot
*** SUMMARY ***
Total pot $54 | Rake $0.50
Board [Qd Js Td Kh 3c]
Seat 1: kaz2y5 (button) (small blind) showed [6d As] and won ($53.50) with a straight, Ten to Ace
Seat 2: torsk278 (big blind) mucked


PokerStars Hand #145619435866:  Hold'em Limit ($3/$6 USD) - 2015/12/20 1:31:04 ET
Table 'Bohmia' 2-max Seat #1 is the button
Seat 1: kaz2y5 ($180.36 in chips)
Seat 2: torsk278 ($120 in chips)
kaz2y5: posts small blind $1
torsk278: posts big blind $3
*** HOLE CARDS ***
kaz2y5: raises $3 to $6
torsk278: calls $3
*** FLOP *** [4s 4h 9s]
torsk278: checks
kaz2y5: bets $3
torsk278: folds
Uncalled bet ($3) returned to kaz2y5
kaz2y5 collected $11.76 from pot
*** SUMMARY ***
Total pot $12 | Rake $0.24
Board [4s 4h 9s]
Seat 1: kaz2y5 (button) (small blind) collected ($11.76)
Seat 2: torsk278 (big blind) folded on the Flop


PokerStars Hand #145619451307:  Hold'em Limit ($3/$6 USD) - 2015/12/20 1:32:01 ET
Table 'Bohmia' 2-max Seat #1 is the button
Seat 1: kaz2y5 ($200.62 in chips)
Seat 2: torsk278 ($123 in chips)
kaz2y5: posts small blind $1
torsk278: posts big blind $3
*** HOLE CARDS ***
kaz2y5: raises $3 to $6
torsk278: folds
Uncalled bet ($3) returned to kaz2y5
kaz2y5 collected $6 from pot
*** SUMMARY ***
Total pot $6 | Rake $0
Seat 1: kaz2y5 (button) (small blind) collected ($6)
Seat 2: torsk278 (big blind) folded before Flop


PokerStars Hand #145619448608:  Hold'em Limit ($3/$6 USD) - 2015/12/20 1:31:51 ET
Table 'Bohmia' 2-max Seat #2 is the button
Seat 1: kaz2y5 ($203.62 in chips)
Seat 2: torsk278 ($120 in chips)
torsk278: posts small blind $1
kaz2y5: posts big blind $3
*** HOLE CARDS ***
torsk278: raises $3 to $6
kaz2y5: folds
Uncalled bet ($3) returned to torsk278
torsk278 collected $6 from pot
torsk278: doesn't show hand
*** SUMMARY ***
Total pot $6 | Rake $0
Seat 1: kaz2y5 (big blind) folded before Flop
Seat 2: torsk278 (button) (small blind) collected ($6)


PokerStars Hand #145619441051:  Hold'em Limit ($3/$6 USD) - 2015/12/20 1:31:23 ET
Table 'Bohmia' 2-max Seat #1 is the button
Seat 1: kaz2y5 ($183.12 in chips)
Seat 2: torsk278 ($117 in chips)
kaz2y5: posts small blind $1
torsk278: posts big blind $3
*** HOLE CARDS ***
kaz2y5: raises $3 to $6
torsk278: calls $3
*** FLOP *** [8d Tc Jd]
torsk278: checks
kaz2y5: bets $3
torsk278: raises $3 to $6
kaz2y5: raises $3 to $9
torsk278: calls $3
*** TURN *** [8d Tc Jd] [Th]
torsk278: checks
kaz2y5: checks
*** RIVER *** [8d Tc Jd Th] [3h]
torsk278: checks
kaz2y5: bets $6
torsk278: calls $6
*** SHOW DOWN ***
kaz2y5: shows [8h Jh] (two pair, Jacks and Tens)
torsk278: mucks hand
kaz2y5 collected $41.50 from pot
*** SUMMARY ***
Total pot $42 | Rake $0.50
Board [8d Tc Jd Th 3h]
Seat 1: kaz2y5 (button) (small blind) showed [8h Jh] and won ($41.50) with two pair, Jacks and Tens
Seat 2: torsk278 (big blind) mucked


PokerStars Hand #145619439049:  Hold'em Limit ($3/$6 USD) - 2015/12/20 1:31:16 ET
Table 'Bohmia' 2-max Seat #2 is the button
Seat 1: kaz2y5 ($186.12 in chips)
Seat 2: torsk278 ($114 in chips)
torsk278: posts small blind $1
kaz2y5: posts big blind $3
*** HOLE CARDS ***
torsk278: raises $3 to $6
kaz2y5: folds
Uncalled bet ($3) returned to torsk278
torsk278 collected $6 from pot
torsk278: doesn't show hand
*** SUMMARY ***
Total pot $6 | Rake $0
Seat 1: kaz2y5 (big blind) folded before Flop
Seat 2: torsk278 (button) (small blind) collected ($6)


PokerStars Hand #145619465189:  Hold'em Limit ($3/$6 USD) - 2015/12/20 1:32:52 ET
Table 'Bohmia' 2-max Seat #1 is the button
Seat 1: kaz2y5 ($200.14 in chips)
Seat 2: torsk278 ($122.52 in chips)
kaz2y5: posts small blind $1
torsk278: posts big blind $3
*** HOLE CARDS ***
kaz2y5: raises $3 to $6
torsk278: calls $3
*** FLOP *** [Qh 5s Qc]
torsk278: checks
kaz2y5: bets $3
torsk278: calls $3
*** TURN *** [Qh 5s Qc] [6d]
torsk278: checks
kaz2y5: checks
*** RIVER *** [Qh 5s Qc 6d] [Jc]
torsk278: checks
kaz2y5: checks
*** SHOW DOWN ***
torsk278: shows [Kd 9c] (a pair of Queens)
kaz2y5: shows [8d As] (a pair of Queens - Ace kicker)
kaz2y5 collected $17.64 from pot
*** SUMMARY ***
Total pot $18 | Rake $0.36
Board [Qh 5s Qc 6d Jc]
Seat 1: kaz2y5 (button) (small blind) showed [8d As] and won ($17.64) with a pair of Queens
Seat 2: torsk278 (big blind) showed [Kd 9c] and lost with a pair of Queens


PokerStars Hand #145619463375:  Hold'em Limit ($3/$6 USD) - 2015/12/20 1:32:46 ET
Table 'Bohmia' 2-max Seat #2 is the button
Seat 1: kaz2y5 ($203.14 in chips)
Seat 2: torsk278 ($119.52 in chips)
torsk278: posts small blind $1
kaz2y5: posts big blind $3
*** HOLE CARDS ***
torsk278: raises $3 to $6
kaz2y5: folds
Uncalled bet ($3) returned to torsk278
torsk278 collected $6 from pot
torsk278: doesn't show hand
*** SUMMARY ***
Total pot $6 | Rake $0
Seat 1: kaz2y5 (big blind) folded before Flop
Seat 2: torsk278 (button) (small blind) collected ($6)


PokerStars Hand #145619458827:  Hold'em Limit ($3/$6 USD) - 2015/12/20 1:32:29 ET
Table 'Bohmia' 2-max Seat #1 is the button
Seat 1: kaz2y5 ($215.14 in chips)
Seat 2: torsk278 ($108 in chips)
kaz2y5: posts small blind $1
torsk278: posts big blind $3
*** HOLE CARDS ***
kaz2y5: raises $3 to $6
torsk278: raises $3 to $9
kaz2y5: calls $3
*** FLOP *** [3d 4d 4h]
torsk278: bets $3
kaz2y5: calls $3
*** TURN *** [3d 4d 4h] [Jc]
torsk278: bets $6
kaz2y5: folds
Uncalled bet ($6) returned to torsk278
torsk278 collected $23.52 from pot
torsk278: doesn't show hand
*** SUMMARY ***
Total pot $24 | Rake $0.48
Board [3d 4d 4h Jc]
Seat 1: kaz2y5 (button) (small blind) folded on the Turn
Seat 2: torsk278 (big blind) collected ($23.52)


PokerStars Hand #145619453190:  Hold'em Limit ($3/$6 USD) - 2015/12/20 1:32:08 ET
Table 'Bohmia' 2-max Seat #2 is the button
Seat 1: kaz2y5 ($203.62 in chips)
Seat 2: torsk278 ($120 in chips)
torsk278: posts small blind $1
kaz2y5: posts big blind $3
*** HOLE CARDS ***
torsk278: raises $3 to $6
kaz2y5: raises $3 to $9
torsk278: calls $3
*** FLOP *** [Js Ts 3d]
kaz2y5: bets $3
torsk278: calls $3
*** TURN *** [Js Ts 3d] [5d]
kaz2y5: bets $6
torsk278: folds
Uncalled bet ($6) returned to kaz2y5
kaz2y5 collected $23.52 from pot
kaz2y5: doesn't show hand
*** SUMMARY ***
Total pot $24 | Rake $0.48
Board [Js Ts 3d 5d]
Seat 1: kaz2y5 (big blind) collected ($23.52)
Seat 2: torsk278 (button) (small blind) folded on the Turn


PokerStars Hand #145619485463:  Hold'em Limit ($3/$6 USD) - 2015/12/20 1:34:06 ET
Table 'Bohmia' 2-max Seat #1 is the button
Seat 1: kaz2y5 ($205.54 in chips)
Seat 2: torsk278 ($116.28 in chips)
kaz2y5: posts small blind $1
torsk278: posts big blind $3
*** HOLE CARDS ***
kaz2y5: raises $3 to $6
torsk278: folds
Uncalled bet ($3) returned to kaz2y5
kaz2y5 collected $6 from pot
kaz2y5: doesn't show hand
*** SUMMARY ***
Total pot $6 | Rake $0
Seat 1: kaz2y5 (button) (small blind) collected ($6)
Seat 2: torsk278 (big blind) folded before Flop


PokerStars Hand #145619483494:  Hold'em Limit ($3/$6 USD) - 2015/12/20 1:33:59 ET
Table 'Bohmia' 2-max Seat #2 is the button
Seat 1: kaz2y5 ($208.54 in chips)
Seat 2: torsk278 ($113.28 in chips)
torsk278: posts small blind $1
kaz2y5: posts big blind $3
*** HOLE CARDS ***
torsk278: raises $3 to $6
kaz2y5: folds
Uncalled bet ($3) returned to torsk278
torsk278 collected $6 from pot
torsk278: doesn't show hand
*** SUMMARY ***
Total pot $6 | Rake $0
Seat 1: kaz2y5 (big blind) folded before Flop
Seat 2: torsk278 (button) (small blind) collected ($6)


PokerStars Hand #145619481356:  Hold'em Limit ($3/$6 USD) - 2015/12/20 1:33:51 ET
Table 'Bohmia' 2-max Seat #1 is the button
Seat 1: kaz2y5 ($205.54 in chips)
Seat 2: torsk278 ($116.28 in chips)
kaz2y5: posts small blind $1
torsk278: posts big blind $3
*** HOLE CARDS ***
kaz2y5: raises $3 to $6
torsk278: folds
Uncalled bet ($3) returned to kaz2y5
kaz2y5 collected $6 from pot
*** SUMMARY ***
Total pot $6 | Rake $0
Seat 1: kaz2y5 (button) (small blind) collected ($6)
Seat 2: torsk278 (big blind) folded before Flop


PokerStars Hand #145619479298:  Hold'em Limit ($3/$6 USD) - 2015/12/20 1:33:44 ET
Table 'Bohmia' 2-max Seat #2 is the button
Seat 1: kaz2y5 ($208.54 in chips)
Seat 2: torsk278 ($113.28 in chips)
torsk278: posts small blind $1
kaz2y5: posts big blind $3
*** HOLE CARDS ***
torsk278: raises $3 to $6
kaz2y5: folds
Uncalled bet ($3) returned to torsk278
torsk278 collected $6 from pot
torsk278: doesn't show hand
*** SUMMARY ***
Total pot $6 | Rake $0
Seat 1: kaz2y5 (big blind) folded before Flop
Seat 2: torsk278 (button) (small blind) collected ($6)


PokerStars Hand #145619475262:  Hold'em Limit ($3/$6 USD) - 2015/12/20 1:33:29 ET
Table 'Bohmia' 2-max Seat #1 is the button
Seat 1: kaz2y5 ($202.78 in chips)
Seat 2: torsk278 ($119.28 in chips)
kaz2y5: posts small blind $1
torsk278: posts big blind $3
*** HOLE CARDS ***
kaz2y5: raises $3 to $6
torsk278: calls $3
*** FLOP *** [Qd Ah 2c]
torsk278: checks
kaz2y5: bets $3
torsk278: folds
Uncalled bet ($3) returned to kaz2y5
kaz2y5 collected $11.76 from pot
*** SUMMARY ***
Total pot $12 | Rake $0.24
Board [Qd Ah 2c]
Seat 1: kaz2y5 (button) (small blind) collected ($11.76)
Seat 2: torsk278 (big blind) folded on the Flop


PokerStars Hand #145619470930:  Hold'em Limit ($3/$6 USD) - 2015/12/20 1:33:13 ET
Table 'Bohmia' 2-max Seat #2 is the button
Seat 1: kaz2y5 ($208.78 in chips)
Seat 2: torsk278 ($113.52 in chips)
torsk278: posts small blind $1
kaz2y5: posts big blind $3
*** HOLE CARDS ***
torsk278: raises $3 to $6
kaz2y5: calls $3
*** FLOP *** [9d 8d 9s]
kaz2y5: checks
torsk278: bets $3
kaz2y5: folds
Uncalled bet ($3) returned to torsk278
torsk278 collected $11.76 from pot
torsk278: doesn't show hand
*** SUMMARY ***
Total pot $12 | Rake $0.24
Board [9d 8d 9s]
Seat 1: kaz2y5 (big blind) folded on the Flop
Seat 2: torsk278 (button) (small blind) collected ($11.76)


PokerStars Hand #145619513707:  Hold'em Limit ($3/$6 USD) - 2015/12/20 1:35:49 ET
Table 'Bohmia' 2-max Seat #2 is the button
Seat 1: kaz2y5 ($204.54 in chips)
Seat 2: torsk278 ($117.28 in chips)
torsk278: posts small blind $1
kaz2y5: posts big blind $3
*** HOLE CARDS ***
torsk278: raises $3 to $6
kaz2y5: folds
Uncalled bet ($3) returned to torsk278
torsk278 collected $6 from pot
torsk278: doesn't show hand
*** SUMMARY ***
Total pot $6 | Rake $0
Seat 1: kaz2y5 (big blind) folded before Flop
Seat 2: torsk278 (button) (small blind) collected ($6)


PokerStars Hand #145619512058:  Hold'em Limit ($3/$6 USD) - 2015/12/20 1:35:43 ET
Table 'Bohmia' 2-max Seat #1 is the button
Seat 1: kaz2y5 ($205.54 in chips)
Seat 2: torsk278 ($116.28 in chips)
kaz2y5: posts small blind $1
torsk278: posts big blind $3
*** HOLE CARDS ***
kaz2y5: folds
Uncalled bet ($2) returned to torsk278
torsk278 collected $2 from pot
torsk278: doesn't show hand
*** SUMMARY ***
Total pot $2 | Rake $0
Seat 1: kaz2y5 (button) (small blind) folded before Flop
Seat 2: torsk278 (big blind) collected ($2)


PokerStars Hand #145619507961:  Hold'em Limit ($3/$6 USD) - 2015/12/20 1:35:28 ET
Table 'Bohmia' 2-max Seat #2 is the button
Seat 1: kaz2y5 ($208.54 in chips)
Seat 2: torsk278 ($113.28 in chips)
torsk278: posts small blind $1
kaz2y5: posts big blind $3
*** HOLE CARDS ***
torsk278: raises $3 to $6
kaz2y5: folds
Uncalled bet ($3) returned to torsk278
torsk278 collected $6 from pot
torsk278: doesn't show hand
*** SUMMARY ***
Total pot $6 | Rake $0
Seat 1: kaz2y5 (big blind) folded before Flop
Seat 2: torsk278 (button) (small blind) collected ($6)


PokerStars Hand #145619526609:  Hold'em Limit ($3/$6 USD) - 2015/12/20 1:36:36 ET
Table 'Bohmia' 2-max Seat #1 is the button
Seat 1: kaz2y5 ($169.54 in chips)
Seat 2: torsk278 ($151.78 in chips)
kaz2y5: posts small blind $1
torsk278: posts big blind $3
*** HOLE CARDS ***
kaz2y5: raises $3 to $6
torsk278: calls $3
*** FLOP *** [Jh 3d 8d]
torsk278: checks
kaz2y5: bets $3
torsk278: folds
Uncalled bet ($3) returned to kaz2y5
kaz2y5 collected $11.76 from pot
*** SUMMARY ***
Total pot $12 | Rake $0.24
Board [Jh 3d 8d]
Seat 1: kaz2y5 (button) (small blind) collected ($11.76)
Seat 2: torsk278 (big blind) folded on the Flop


PokerStars Hand #145619525094:  Hold'em Limit ($3/$6 USD) - 2015/12/20 1:36:30 ET
Table 'Bohmia' 2-max Seat #2 is the button
Seat 1: kaz2y5 ($168.54 in chips)
Seat 2: torsk278 ($152.78 in chips)
torsk278: posts small blind $1
kaz2y5: posts big blind $3
*** HOLE CARDS ***
torsk278: folds
Uncalled bet ($2) returned to kaz2y5
kaz2y5 collected $2 from pot
*** SUMMARY ***
Total pot $2 | Rake $0
Seat 1: kaz2y5 (big blind) collected ($2)
Seat 2: torsk278 (button) (small blind) folded before Flop


PokerStars Hand #145619517060:  Hold'em Limit ($3/$6 USD) - 2015/12/20 1:36:02 ET
Table 'Bohmia' 2-max Seat #1 is the button
Seat 1: kaz2y5 ($201.54 in chips)
Seat 2: torsk278 ($120.28 in chips)
kaz2y5: posts small blind $1
torsk278: posts big blind $3
*** HOLE CARDS ***
kaz2y5: raises $3 to $6
torsk278: calls $3
*** FLOP *** [8s Qc 9c]
torsk278: checks
kaz2y5: bets $3
torsk278: raises $3 to $6
kaz2y5: raises $3 to $9
torsk278: calls $3
*** TURN *** [8s Qc 9c] [4c]
torsk278: checks
kaz2y5: bets $6
torsk278: raises $6 to $12
kaz2y5: calls $6
*** RIVER *** [8s Qc 9c 4c] [Ts]
torsk278: bets $6
kaz2y5: calls $6
*** SHOW DOWN ***
torsk278: shows [5c 6c] (a flush, Queen high)
kaz2y5: mucks hand
torsk278 collected $65.50 from pot
*** SUMMARY ***
Total pot $66 | Rake $0.50
Board [8s Qc 9c 4c Ts]
Seat 1: kaz2y5 (button) (small blind) mucked
Seat 2: torsk278 (big blind) showed [5c 6c] and won ($65.50) with a flush, Queen high


PokerStars Hand #145619530005:  Hold'em Limit ($3/$6 USD) - 2015/12/20 1:36:48 ET
Table 'Bohmia' 2-max Seat #2 is the button
Seat 1: kaz2y5 ($175.30 in chips)
Seat 2: torsk278 ($145.78 in chips)
torsk278: posts small blind $1
kaz2y5: posts big blind $3
*** HOLE CARDS ***
torsk278: raises $3 to $6
kaz2y5: calls $3
*** FLOP *** [8c 7c Jd]
kaz2y5: checks
torsk278: bets $3
kaz2y5: calls $3
*** TURN *** [8c 7c Jd] [2d]
kaz2y5: checks
torsk278: bets $6
kaz2y5: raises $6 to $12
torsk278: calls $6
*** RIVER *** [8c 7c Jd 2d] [Td]
kaz2y5: checks
torsk278: checks
*** SHOW DOWN ***
kaz2y5: shows [6s Jh] (a pair of Jacks)
torsk278: mucks hand
kaz2y5 collected $41.50 from pot
*** SUMMARY ***
Total pot $42 | Rake $0.50
Board [8c 7c Jd 2d Td]
Seat 1: kaz2y5 (big blind) showed [6s Jh] and won ($41.50) with a pair of Jacks
Seat 2: torsk278 (button) (small blind) mucked


PokerStars Hand #145619546057:  Hold'em Limit ($3/$6 USD) - 2015/12/20 1:37:47 ET
Table 'Bohmia' 2-max Seat #2 is the button
Seat 1: kaz2y5 ($197.56 in chips)
Seat 2: torsk278 ($122.78 in chips)
torsk278: posts small blind $1
kaz2y5: posts big blind $3
*** HOLE CARDS ***
torsk278: raises $3 to $6
kaz2y5: calls $3
*** FLOP *** [4c Ac Th]
kaz2y5: bets $3
torsk278: calls $3
*** TURN *** [4c Ac Th] [6s]
kaz2y5: checks
torsk278: bets $6
kaz2y5: folds
Uncalled bet ($6) returned to torsk278
torsk278 collected $17.64 from pot
torsk278: doesn't show hand
*** SUMMARY ***
Total pot $18 | Rake $0.36
Board [4c Ac Th 6s]
Seat 1: kaz2y5 (big blind) folded on the Turn
Seat 2: torsk278 (button) (small blind) collected ($17.64)


PokerStars Hand #145619544480:  Hold'em Limit ($3/$6 USD) - 2015/12/20 1:37:42 ET
Table 'Bohmia' 2-max Seat #1 is the button
Seat 1: kaz2y5 ($198.56 in chips)
Seat 2: torsk278 ($121.78 in chips)
kaz2y5: posts small blind $1
torsk278: posts big blind $3
*** HOLE CARDS ***
kaz2y5: folds
Uncalled bet ($2) returned to torsk278
torsk278 collected $2 from pot
torsk278: doesn't show hand
*** SUMMARY ***
Total pot $2 | Rake $0
Seat 1: kaz2y5 (button) (small blind) folded before Flop
Seat 2: torsk278 (big blind) collected ($2)


PokerStars Hand #145619542548:  Hold'em Limit ($3/$6 USD) - 2015/12/20 1:37:34 ET
Table 'Bohmia' 2-max Seat #2 is the button
Seat 1: kaz2y5 ($201.56 in chips)
Seat 2: torsk278 ($118.78 in chips)
torsk278: posts small blind $1
kaz2y5: posts big blind $3
*** HOLE CARDS ***
torsk278: raises $3 to $6
kaz2y5: folds
Uncalled bet ($3) returned to torsk278
torsk278 collected $6 from pot
torsk278: doesn't show hand
*** SUMMARY ***
Total pot $6 | Rake $0
Seat 1: kaz2y5 (big blind) folded before Flop
Seat 2: torsk278 (button) (small blind) collected ($6)


PokerStars Hand #145619538504:  Hold'em Limit ($3/$6 USD) - 2015/12/20 1:37:20 ET
Table 'Bohmia' 2-max Seat #1 is the button
Seat 1: kaz2y5 ($195.80 in chips)
Seat 2: torsk278 ($124.78 in chips)
kaz2y5: posts small blind $1
torsk278: posts big blind $3
*** HOLE CARDS ***
kaz2y5: raises $3 to $6
torsk278: calls $3
*** FLOP *** [2d 6d Kd]
torsk278: checks
kaz2y5: bets $3
torsk278: folds
Uncalled bet ($3) returned to kaz2y5
kaz2y5 collected $11.76 from pot
*** SUMMARY ***
Total pot $12 | Rake $0.24
Board [2d 6d Kd]
Seat 1: kaz2y5 (button) (small blind) collected ($11.76)
Seat 2: torsk278 (big blind) folded on the Flop


PokerStars Hand #145619551444:  Hold'em Limit ($3/$6 USD) - 2015/12/20 1:38:07 ET
Table 'Bohmia' 2-max Seat #1 is the button
Seat 1: kaz2y5 ($188.56 in chips)
Seat 2: torsk278 ($131.42 in chips)
kaz2y5: posts small blind $1
torsk278: posts big blind $3
*** HOLE CARDS ***
kaz2y5: raises $3 to $6
torsk278: raises $3 to $9
kaz2y5: calls $3
*** FLOP *** [8s 7d 6h]
torsk278: bets $3
kaz2y5: calls $3
*** TURN *** [8s 7d 6h] [9c]
torsk278: checks
kaz2y5: bets $6
torsk278: calls $6
*** RIVER *** [8s 7d 6h 9c] [2d]
torsk278: checks
kaz2y5: bets $6
torsk278: calls $6
*** SHOW DOWN ***
kaz2y5: shows [7h As] (a pair of Sevens)
torsk278: shows [5d 5c] (a straight, Five to Nine)
torsk278 collected $47.50 from pot
*** SUMMARY ***
Total pot $48 | Rake $0.50
Board [8s 7d 6h 9c 2d]
Seat 1: kaz2y5 (button) (small blind) showed [7h As] and lost with a pair of Sevens
Seat 2: torsk278 (big blind) showed [5d 5c] and won ($47.50) with a straight, Five to Nine


PokerStars Hand #145619564260:  Hold'em Limit ($3/$6 USD) - 2015/12/20 1:38:54 ET
Table 'Bohmia' 2-max Seat #1 is the button
Seat 1: kaz2y5 ($155.56 in chips)
Seat 2: torsk278 ($163.56 in chips)
kaz2y5: posts small blind $1
torsk278: posts big blind $3
*** HOLE CARDS ***
kaz2y5: raises $3 to $6
torsk278: calls $3
*** FLOP *** [7h 3h 5s]
torsk278: checks
kaz2y5: bets $3
torsk278: calls $3
*** TURN *** [7h 3h 5s] [Jd]
torsk278: checks
kaz2y5: bets $6
torsk278: folds
Uncalled bet ($6) returned to kaz2y5
kaz2y5 collected $17.64 from pot
*** SUMMARY ***
Total pot $18 | Rake $0.36
Board [7h 3h 5s Jd]
Seat 1: kaz2y5 (button) (small blind) collected ($17.64)
Seat 2: torsk278 (big blind) folded on the Turn


PokerStars Hand #145619558297:  Hold'em Limit ($3/$6 USD) - 2015/12/20 1:38:32 ET
Table 'Bohmia' 2-max Seat #2 is the button
Seat 1: kaz2y5 ($164.56 in chips)
Seat 2: torsk278 ($154.92 in chips)
torsk278: posts small blind $1
kaz2y5: posts big blind $3
*** HOLE CARDS ***
torsk278: raises $3 to $6
kaz2y5: calls $3
*** FLOP *** [7c 5d Td]
kaz2y5: checks
torsk278: bets $3
kaz2y5: calls $3
*** TURN *** [7c 5d Td] [5s]
kaz2y5: checks
torsk278: bets $6
kaz2y5: folds
Uncalled bet ($6) returned to torsk278
torsk278 collected $17.64 from pot
torsk278: doesn't show hand
*** SUMMARY ***
Total pot $18 | Rake $0.36
Board [7c 5d Td 5s]
Seat 1: kaz2y5 (big blind) folded on the Turn
Seat 2: torsk278 (button) (small blind) collected ($17.64)


PokerStars Hand #145619569356:  Hold'em Limit ($3/$6 USD) - 2015/12/20 1:39:13 ET
Table 'Bohmia' 2-max Seat #2 is the button
Seat 1: kaz2y5 ($164.20 in chips)
Seat 2: torsk278 ($154.56 in chips)
torsk278: posts small blind $1
kaz2y5: posts big blind $3
*** HOLE CARDS ***
torsk278: folds
Uncalled bet ($2) returned to kaz2y5
kaz2y5 collected $2 from pot
*** SUMMARY ***
Total pot $2 | Rake $0
Seat 1: kaz2y5 (big blind) collected ($2)
Seat 2: torsk278 (button) (small blind) folded before Flop


PokerStars Hand #145619577911:  Hold'em Limit ($3/$6 USD) - 2015/12/20 1:39:45 ET
Table 'Bohmia' 2-max Seat #1 is the button
Seat 1: kaz2y5 ($180.70 in chips)
Seat 2: torsk278 ($137.56 in chips)
kaz2y5: posts small blind $1
torsk278: posts big blind $3
*** HOLE CARDS ***
kaz2y5: raises $3 to $6
torsk278: calls $3
*** FLOP *** [7h 5s Ac]
torsk278: checks
kaz2y5: bets $3
torsk278: raises $3 to $6
kaz2y5: folds
Uncalled bet ($3) returned to torsk278
torsk278 collected $17.64 from pot
torsk278: doesn't show hand
*** SUMMARY ***
Total pot $18 | Rake $0.36
Board [7h 5s Ac]
Seat 1: kaz2y5 (button) (small blind) folded on the Flop
Seat 2: torsk278 (big blind) collected ($17.64)


PokerStars Hand #145619576685:  Hold'em Limit ($3/$6 USD) - 2015/12/20 1:39:40 ET
Table 'Bohmia' 2-max Seat #2 is the button
Seat 1: kaz2y5 ($179.70 in chips)
Seat 2: torsk278 ($138.56 in chips)
torsk278: posts small blind $1
kaz2y5: posts big blind $3
*** HOLE CARDS ***
torsk278: folds
Uncalled bet ($2) returned to kaz2y5
kaz2y5 collected $2 from pot
*** SUMMARY ***
Total pot $2 | Rake $0
Seat 1: kaz2y5 (big blind) collected ($2)
Seat 2: torsk278 (button) (small blind) folded before Flop


PokerStars Hand #145619570642:  Hold'em Limit ($3/$6 USD) - 2015/12/20 1:39:18 ET
Table 'Bohmia' 2-max Seat #1 is the button
Seat 1: kaz2y5 ($165.20 in chips)
Seat 2: torsk278 ($153.56 in chips)
kaz2y5: posts small blind $1
torsk278: posts big blind $3
*** HOLE CARDS ***
kaz2y5: raises $3 to $6
torsk278: calls $3
*** FLOP *** [Td 9h 7s]
torsk278: checks
kaz2y5: bets $3
torsk278: calls $3
*** TURN *** [Td 9h 7s] [9c]
torsk278: checks
kaz2y5: checks
*** RIVER *** [Td 9h 7s 9c] [6c]
torsk278: bets $6
kaz2y5: calls $6
*** SHOW DOWN ***
torsk278: shows [3c Jc] (a pair of Nines)
kaz2y5: shows [5h 6s] (two pair, Nines and Sixes)
kaz2y5 collected $29.50 from pot
*** SUMMARY ***
Total pot $30 | Rake $0.50
Board [Td 9h 7s 9c 6c]
Seat 1: kaz2y5 (button) (small blind) showed [5h 6s] and won ($29.50) with two pair, Nines and Sixes
Seat 2: torsk278 (big blind) showed [3c Jc] and lost with a pair of Nines


PokerStars Hand #145619582243:  Hold'em Limit ($3/$6 USD) - 2015/12/20 1:40:01 ET
Table 'Bohmia' 2-max Seat #2 is the button
Seat 1: kaz2y5 ($171.70 in chips)
Seat 2: torsk278 ($146.20 in chips)
torsk278: posts small blind $1
kaz2y5: posts big blind $3
*** HOLE CARDS ***
torsk278: folds
Uncalled bet ($2) returned to kaz2y5
kaz2y5 collected $2 from pot
*** SUMMARY ***
Total pot $2 | Rake $0
Seat 1: kaz2y5 (big blind) collected ($2)
Seat 2: torsk278 (button) (small blind) folded before Flop


PokerStars Hand #145619613360:  Hold'em Limit ($3/$6 USD) - 2015/12/20 1:41:55 ET
Table 'Bohmia' 2-max Seat #1 is the button
Seat 1: kaz2y5 ($120 in chips)
Seat 2: torsk278 ($145.20 in chips)
kaz2y5: posts small blind $1
torsk278: posts big blind $3
*** HOLE CARDS ***
kaz2y5: raises $3 to $6
torsk278: calls $3
*** FLOP *** [7c 5h 5c]
torsk278: checks
kaz2y5: bets $3
torsk278: folds
Uncalled bet ($3) returned to kaz2y5
kaz2y5 collected $11.76 from pot
kaz2y5: doesn't show hand
*** SUMMARY ***
Total pot $12 | Rake $0.24
Board [7c 5h 5c]
Seat 1: kaz2y5 (button) (small blind) collected ($11.76)
Seat 2: torsk278 (big blind) folded on the Flop


PokerStars Hand #145619622809:  Hold'em Limit ($3/$6 USD) - 2015/12/20 1:42:30 ET
Table 'Bohmia' 2-max Seat #1 is the button
Seat 1: kaz2y5 ($119.76 in chips)
Seat 2: torsk278 ($144.96 in chips)
kaz2y5: posts small blind $1
torsk278: posts big blind $3
*** HOLE CARDS ***
kaz2y5: raises $3 to $6
torsk278: calls $3
*** FLOP *** [Qc Jh 4s]
torsk278: checks
kaz2y5: bets $3
torsk278: folds
Uncalled bet ($3) returned to kaz2y5
kaz2y5 collected $11.76 from pot
*** SUMMARY ***
Total pot $12 | Rake $0.24
Board [Qc Jh 4s]
Seat 1: kaz2y5 (button) (small blind) collected ($11.76)
Seat 2: torsk278 (big blind) folded on the Flop


PokerStars Hand #145619626376:  Hold'em Limit ($3/$6 USD) - 2015/12/20 1:42:43 ET
Table 'Bohmia' 2-max Seat #2 is the button
Seat 1: kaz2y5 ($125.52 in chips)
Seat 2: torsk278 ($138.96 in chips)
torsk278: posts small blind $1
kaz2y5: posts big blind $3
*** HOLE CARDS ***
torsk278: raises $3 to $6
kaz2y5: folds
Uncalled bet ($3) returned to torsk278
torsk278 collected $6 from pot
torsk278: doesn't show hand
*** SUMMARY ***
Total pot $6 | Rake $0
Seat 1: kaz2y5 (big blind) folded before Flop
Seat 2: torsk278 (button) (small blind) collected ($6)


PokerStars Hand #145619629290:  Hold'em Limit ($3/$6 USD) - 2015/12/20 1:42:54 ET
Table 'Bohmia' 2-max Seat #1 is the button
Seat 1: kaz2y5 ($122.52 in chips)
Seat 2: torsk278 ($141.96 in chips)
kaz2y5: posts small blind $1
torsk278: posts big blind $3
*** HOLE CARDS ***
kaz2y5: raises $3 to $6
torsk278: folds
Uncalled bet ($3) returned to kaz2y5
kaz2y5 collected $6 from pot
kaz2y5: doesn't show hand
*** SUMMARY ***
Total pot $6 | Rake $0
Seat 1: kaz2y5 (button) (small blind) collected ($6)
Seat 2: torsk278 (big blind) folded before Flop


PokerStars Hand #145619618563:  Hold'em Limit ($3/$6 USD) - 2015/12/20 1:42:14 ET
Table 'Bohmia' 2-max Seat #2 is the button
Seat 1: kaz2y5 ($125.76 in chips)
Seat 2: torsk278 ($139.20 in chips)
torsk278: posts small blind $1
kaz2y5: posts big blind $3
*** HOLE CARDS ***
torsk278: raises $3 to $6
kaz2y5: calls $3
*** FLOP *** [Qd 5h Ks]
kaz2y5: checks
torsk278: bets $3
kaz2y5: folds
Uncalled bet ($3) returned to torsk278
torsk278 collected $11.76 from pot
torsk278: doesn't show hand
*** SUMMARY ***
Total pot $12 | Rake $0.24
Board [Qd 5h Ks]
Seat 1: kaz2y5 (big blind) folded on the Flop
Seat 2: torsk278 (button) (small blind) collected ($11.76)


PokerStars Hand #145619637989:  Hold'em Limit ($3/$6 USD) - 2015/12/20 1:43:26 ET
Table 'Bohmia' 2-max Seat #1 is the button
Seat 1: kaz2y5 ($113.52 in chips)
Seat 2: torsk278 ($150.48 in chips)
kaz2y5: posts small blind $1
torsk278: posts big blind $3
*** HOLE CARDS ***
kaz2y5: raises $3 to $6
torsk278: folds
Uncalled bet ($3) returned to kaz2y5
kaz2y5 collected $6 from pot
*** SUMMARY ***
Total pot $6 | Rake $0
Seat 1: kaz2y5 (button) (small blind) collected ($6)
Seat 2: torsk278 (big blind) folded before Flop


PokerStars Hand #145619641362:  Hold'em Limit ($3/$6 USD) - 2015/12/20 1:43:38 ET
Table 'Bohmia' 2-max Seat #2 is the button
Seat 1: kaz2y5 ($116.52 in chips)
Seat 2: torsk278 ($147.48 in chips)
torsk278: posts small blind $1
kaz2y5: posts big blind $3
*** HOLE CARDS ***
torsk278: raises $3 to $6
kaz2y5: raises $3 to $9
torsk278: calls $3
*** FLOP *** [7h Kd 7d]
kaz2y5: bets $3
torsk278: folds
Uncalled bet ($3) returned to kaz2y5
kaz2y5 collected $17.64 from pot
torsk278 leaves the table
*** SUMMARY ***
Total pot $18 | Rake $0.36
Board [7h Kd 7d]
Seat 1: kaz2y5 (big blind) collected ($17.64)
Seat 2: torsk278 (button) (small blind) folded on the Flop


PokerStars Hand #145619631070:  Hold'em Limit ($3/$6 USD) - 2015/12/20 1:43:00 ET
Table 'Bohmia' 2-max Seat #2 is the button
Seat 1: kaz2y5 ($125.52 in chips)
Seat 2: torsk278 ($138.96 in chips)
torsk278: posts small blind $1
kaz2y5: posts big blind $3
*** HOLE CARDS ***
torsk278: raises $3 to $6
kaz2y5: raises $3 to $9
torsk278: calls $3
*** FLOP *** [Ks 4h Js]
kaz2y5: bets $3
torsk278: calls $3
*** TURN *** [Ks 4h Js] [9c]
kaz2y5: checks
torsk278: bets $6
kaz2y5: folds
Uncalled bet ($6) returned to torsk278
torsk278 collected $23.52 from pot
torsk278: doesn't show hand
*** SUMMARY ***
Total pot $24 | Rake $0.48
Board [Ks 4h Js 9c]
Seat 1: kaz2y5 (big blind) folded on the Turn
Seat 2: torsk278 (button) (small blind) collected ($23.52)


