PokerStars Hand #172931149808:  Hold'em Limit ($3/$6 USD) - 2017/07/12 8:10:11 ET
Table 'Bohmia' 6-max Seat #5 is the button
Seat 4: BAD-Chri$$y ($11.48 in chips)
Seat 5: AzureCaper ($109 in chips)
AzureCaper: posts small blind $1
sim5sim5: is sitting out
BAD-Chri$$y: posts big blind $3
*** HOLE CARDS ***
AzureCaper: folds
Uncalled bet ($2) returned to BAD-Chri$$y
BAD-Chri$$y collected $2 from pot
BAD-Chri$$y: doesn't show hand
*** SUMMARY ***
Total pot $2 | Rake $0
Seat 4: BAD-Chri$$y (big blind) collected ($2)
Seat 5: AzureCaper (button) (small blind) folded before Flop


PokerStars Hand #172931152632:  Hold'em Limit ($3/$6 USD) - 2017/07/12 8:10:17 ET
Table 'Bohmia' 6-max Seat #4 is the button
Seat 4: BAD-Chri$$y ($12.48 in chips)
Seat 5: AzureCaper ($108 in chips)
BAD-Chri$$y: posts small blind $1
AzureCaper: posts big blind $3
*** HOLE CARDS ***
BAD-Chri$$y: raises $3 to $6
AzureCaper: raises $3 to $9
BAD-Chri$$y: raises $3 to $12
Betting is capped
AzureCaper: calls $3
*** FLOP *** [8c Qs 9d]
AzureCaper: bets $3
BAD-Chri$$y: calls $0.48 and is all-in
Uncalled bet ($2.52) returned to AzureCaper
*** TURN *** [8c Qs 9d] [Kd]
*** RIVER *** [8c Qs 9d Kd] [2h]
*** SHOW DOWN ***
AzureCaper: shows [As 8s] (a pair of Eights)
BAD-Chri$$y: shows [Kh Ac] (a pair of Kings)
BAD-Chri$$y collected $24.46 from pot
*** SUMMARY ***
Total pot $24.96 | Rake $0.50
Board [8c Qs 9d Kd 2h]
Seat 4: BAD-Chri$$y (button) (small blind) showed [Kh Ac] and won ($24.46) with a pair of Kings
Seat 5: AzureCaper (big blind) showed [As 8s] and lost with a pair of Eights


PokerStars Hand #172931167438:  Hold'em Limit ($3/$6 USD) - 2017/07/12 8:10:49 ET
Table 'Bohmia' 6-max Seat #4 is the button
Seat 4: BAD-Chri$$y ($33.10 in chips)
Seat 5: AzureCaper ($86.52 in chips)
BAD-Chri$$y: posts small blind $1
AzureCaper: posts big blind $3
*** HOLE CARDS ***
BAD-Chri$$y: calls $2
AzureCaper: raises $3 to $6
BAD-Chri$$y: calls $3
*** FLOP *** [Ad 7s 2s]
xcgxcg2005 joins the table at seat #2
AzureCaper: bets $3
BAD-Chri$$y: folds
Uncalled bet ($3) returned to AzureCaper
AzureCaper collected $11.76 from pot
AzureCaper: doesn't show hand
*** SUMMARY ***
Total pot $12 | Rake $0.24
Board [Ad 7s 2s]
Seat 4: BAD-Chri$$y (button) (small blind) folded on the Flop
Seat 5: AzureCaper (big blind) collected ($11.76)


PokerStars Hand #172931324871:  Hold'em Limit ($3/$6 USD) - 2017/07/12 8:16:34 ET
Table 'Bohmia' 6-max Seat #5 is the button
Seat 2: xcgxcg2005 ($40.62 in chips)
Seat 5: AzureCaper ($84.34 in chips)
AzureCaper: posts small blind $1
xcgxcg2005: posts big blind $3
*** HOLE CARDS ***
AzureCaper: folds
Uncalled bet ($2) returned to xcgxcg2005
AzureCaper leaves the table
xcgxcg2005 collected $2 from pot
xcgxcg2005: doesn't show hand
*** SUMMARY ***
Total pot $2 | Rake $0
Seat 2: xcgxcg2005 (big blind) collected ($2)
Seat 5: AzureCaper (button) (small blind) folded before Flop


