PokerStars Hand #167651896856:  Hold'em Limit ($3/$6 USD) - 2017/03/16 3:03:59 ET
Table 'Bojeva' 10-max Seat #7 is the button
Seat 1: VolkovDmitri ($128.64 in chips)
Seat 7: SALZHERZ ($131.50 in chips)
SALZHERZ: posts small blind $1
VolkovDmitri: posts big blind $3
*** HOLE CARDS ***
SALZHERZ: raises $3 to $6
VolkovDmitri: calls $3
*** FLOP *** [5d 6s 6d]
VolkovDmitri: checks
SALZHERZ: checks
*** TURN *** [5d 6s 6d] [7h]
VolkovDmitri: checks
SALZHERZ: bets $6
VolkovDmitri: folds
Uncalled bet ($6) returned to SALZHERZ
SALZHERZ collected $11.76 from pot
SALZHERZ: doesn't show hand
*** SUMMARY ***
Total pot $12 | Rake $0.24
Board [5d 6s 6d 7h]
Seat 1: VolkovDmitri (big blind) folded on the Turn
Seat 7: SALZHERZ (button) (small blind) collected ($11.76)


PokerStars Hand #167651910863:  Hold'em Limit ($3/$6 USD) - 2017/03/16 3:04:54 ET
Table 'Bojeva' 10-max Seat #7 is the button
Seat 1: VolkovDmitri ($120 in chips)
Seat 7: SALZHERZ ($151.76 in chips)
SALZHERZ: posts small blind $1
VolkovDmitri: posts big blind $3
*** HOLE CARDS ***
SALZHERZ: raises $3 to $6
VolkovDmitri: calls $3
*** FLOP *** [9c Qs 2d]
VolkovDmitri: checks
SALZHERZ: checks
*** TURN *** [9c Qs 2d] [Ad]
VolkovDmitri: checks
SALZHERZ: checks
*** RIVER *** [9c Qs 2d Ad] [2c]
VolkovDmitri: checks
SALZHERZ: checks
*** SHOW DOWN ***
VolkovDmitri: shows [7d Kh] (a pair of Deuces)
SALZHERZ: shows [3h 3s] (two pair, Threes and Deuces)
SALZHERZ collected $11.76 from pot
*** SUMMARY ***
Total pot $12 | Rake $0.24
Board [9c Qs 2d Ad 2c]
Seat 1: VolkovDmitri (big blind) showed [7d Kh] and lost with a pair of Deuces
Seat 7: SALZHERZ (button) (small blind) showed [3h 3s] and won ($11.76) with two pair, Threes and Deuces


PokerStars Hand #167651904155:  Hold'em Limit ($3/$6 USD) - 2017/03/16 3:04:28 ET
Table 'Bojeva' 10-max Seat #1 is the button
Seat 1: VolkovDmitri ($122.64 in chips)
Seat 7: SALZHERZ ($137.26 in chips)
VolkovDmitri: posts small blind $1
SALZHERZ: posts big blind $3
*** HOLE CARDS ***
VolkovDmitri: raises $3 to $6
SALZHERZ: calls $3
*** FLOP *** [5h 8c 9d]
SALZHERZ: bets $3
VolkovDmitri: calls $3
*** TURN *** [5h 8c 9d] [7d]
SALZHERZ: bets $6
VolkovDmitri: calls $6
*** RIVER *** [5h 8c 9d 7d] [9c]
SALZHERZ: bets $6
VolkovDmitri: folds
Uncalled bet ($6) returned to SALZHERZ
SALZHERZ collected $29.50 from pot
SALZHERZ: doesn't show hand
*** SUMMARY ***
Total pot $30 | Rake $0.50
Board [5h 8c 9d 7d 9c]
Seat 1: VolkovDmitri (button) (small blind) folded on the River
Seat 7: SALZHERZ (big blind) collected ($29.50)


PokerStars Hand #167651931717:  Hold'em Limit ($3/$6 USD) - 2017/03/16 3:06:17 ET
Table 'Bojeva' 10-max Seat #7 is the button
Seat 1: VolkovDmitri ($120 in chips)
Seat 7: SALZHERZ ($185.52 in chips)
SALZHERZ: posts small blind $1
VolkovDmitri: posts big blind $3
*** HOLE CARDS ***
SALZHERZ: raises $3 to $6
VolkovDmitri: raises $3 to $9
SALZHERZ: calls $3
*** FLOP *** [9d Js 8c]
VolkovDmitri: bets $3
SALZHERZ: folds
Uncalled bet ($3) returned to VolkovDmitri
VolkovDmitri collected $17.64 from pot
VolkovDmitri: doesn't show hand
*** SUMMARY ***
Total pot $18 | Rake $0.36
Board [9d Js 8c]
Seat 1: VolkovDmitri (big blind) collected ($17.64)
Seat 7: SALZHERZ (button) (small blind) folded on the Flop


PokerStars Hand #167651922395:  Hold'em Limit ($3/$6 USD) - 2017/03/16 3:05:40 ET
Table 'Bojeva' 10-max Seat #7 is the button
Seat 1: VolkovDmitri ($120 in chips)
Seat 7: SALZHERZ ($172.02 in chips)
SALZHERZ: posts small blind $1
VolkovDmitri: posts big blind $3
*** HOLE CARDS ***
SALZHERZ: folds
Uncalled bet ($2) returned to VolkovDmitri
VolkovDmitri collected $2 from pot
VolkovDmitri: doesn't show hand
*** SUMMARY ***
Total pot $2 | Rake $0
Seat 1: VolkovDmitri (big blind) collected ($2)
Seat 7: SALZHERZ (button) (small blind) folded before Flop


PokerStars Hand #167651923850:  Hold'em Limit ($3/$6 USD) - 2017/03/16 3:05:46 ET
Table 'Bojeva' 10-max Seat #1 is the button
Seat 1: VolkovDmitri ($121 in chips)
Seat 7: SALZHERZ ($171.02 in chips)
VolkovDmitri: posts small blind $1
SALZHERZ: posts big blind $3
*** HOLE CARDS ***
VolkovDmitri: raises $3 to $6
SALZHERZ: calls $3
*** FLOP *** [4s 3h 5c]
SALZHERZ: bets $3
VolkovDmitri: calls $3
*** TURN *** [4s 3h 5c] [3c]
SALZHERZ: bets $6
VolkovDmitri: calls $6
*** RIVER *** [4s 3h 5c 3c] [Kc]
SALZHERZ: checks
VolkovDmitri: checks
*** SHOW DOWN ***
SALZHERZ: shows [5s Ad] (two pair, Fives and Threes)
VolkovDmitri: mucks hand
SALZHERZ collected $29.50 from pot
*** SUMMARY ***
Total pot $30 | Rake $0.50
Board [4s 3h 5c 3c Kc]
Seat 1: VolkovDmitri (button) (small blind) mucked
Seat 7: SALZHERZ (big blind) showed [5s Ad] and won ($29.50) with two pair, Fives and Threes


PokerStars Hand #167651935185:  Hold'em Limit ($3/$6 USD) - 2017/03/16 3:06:31 ET
Table 'Bojeva' 10-max Seat #1 is the button
Seat 1: VolkovDmitri ($128.64 in chips)
Seat 7: SALZHERZ ($176.52 in chips)
VolkovDmitri: posts small blind $1
SALZHERZ: posts big blind $3
*** HOLE CARDS ***
VolkovDmitri: raises $3 to $6
SALZHERZ: calls $3
*** FLOP *** [2c Ks 5d]
SALZHERZ: checks
VolkovDmitri: bets $3
SALZHERZ: calls $3
*** TURN *** [2c Ks 5d] [9h]
SALZHERZ: checks
VolkovDmitri: checks
*** RIVER *** [2c Ks 5d 9h] [8c]
SALZHERZ: checks
VolkovDmitri: checks
*** SHOW DOWN ***
SALZHERZ: shows [Ad Ts] (high card Ace)
VolkovDmitri: shows [2s 6s] (a pair of Deuces)
VolkovDmitri collected $17.64 from pot
*** SUMMARY ***
Total pot $18 | Rake $0.36
Board [2c Ks 5d 9h 8c]
Seat 1: VolkovDmitri (button) (small blind) showed [2s 6s] and won ($17.64) with a pair of Deuces
Seat 7: SALZHERZ (big blind) showed [Ad Ts] and lost with high card Ace


PokerStars Hand #167651940168:  Hold'em Limit ($3/$6 USD) - 2017/03/16 3:06:51 ET
Table 'Bojeva' 10-max Seat #7 is the button
Seat 1: VolkovDmitri ($137.28 in chips)
Seat 7: SALZHERZ ($167.52 in chips)
SALZHERZ: posts small blind $1
VolkovDmitri: posts big blind $3
*** HOLE CARDS ***
SALZHERZ: folds
Uncalled bet ($2) returned to VolkovDmitri
VolkovDmitri collected $2 from pot
VolkovDmitri: doesn't show hand
*** SUMMARY ***
Total pot $2 | Rake $0
Seat 1: VolkovDmitri (big blind) collected ($2)
Seat 7: SALZHERZ (button) (small blind) folded before Flop


PokerStars Hand #167651941454:  Hold'em Limit ($3/$6 USD) - 2017/03/16 3:06:56 ET
Table 'Bojeva' 10-max Seat #1 is the button
Seat 1: VolkovDmitri ($138.28 in chips)
Seat 7: SALZHERZ ($166.52 in chips)
VolkovDmitri: posts small blind $1
SALZHERZ: posts big blind $3
*** HOLE CARDS ***
VolkovDmitri: raises $3 to $6
SALZHERZ: calls $3
*** FLOP *** [2c 5s Th]
SALZHERZ: checks
VolkovDmitri: bets $3
SALZHERZ: folds
Uncalled bet ($3) returned to VolkovDmitri
VolkovDmitri collected $11.76 from pot
VolkovDmitri: doesn't show hand
*** SUMMARY ***
Total pot $12 | Rake $0.24
Board [2c 5s Th]
Seat 1: VolkovDmitri (button) (small blind) collected ($11.76)
Seat 7: SALZHERZ (big blind) folded on the Flop


PokerStars Hand #167651949291:  Hold'em Limit ($3/$6 USD) - 2017/03/16 3:07:27 ET
Table 'Bojeva' 10-max Seat #7 is the button
Seat 1: VolkovDmitri ($150.80 in chips)
Seat 7: SALZHERZ ($153.52 in chips)
SALZHERZ: posts small blind $1
VolkovDmitri: posts big blind $3
*** HOLE CARDS ***
SALZHERZ: folds
Uncalled bet ($2) returned to VolkovDmitri
VolkovDmitri collected $2 from pot
VolkovDmitri: doesn't show hand
*** SUMMARY ***
Total pot $2 | Rake $0
Seat 1: VolkovDmitri (big blind) collected ($2)
Seat 7: SALZHERZ (button) (small blind) folded before Flop


PokerStars Hand #167651946095:  Hold'em Limit ($3/$6 USD) - 2017/03/16 3:07:14 ET
Table 'Bojeva' 10-max Seat #1 is the button
Seat 1: VolkovDmitri ($145.04 in chips)
Seat 7: SALZHERZ ($159.52 in chips)
VolkovDmitri: posts small blind $1
SALZHERZ: posts big blind $3
*** HOLE CARDS ***
VolkovDmitri: raises $3 to $6
SALZHERZ: calls $3
*** FLOP *** [5s Kd Qc]
SALZHERZ: checks
VolkovDmitri: bets $3
SALZHERZ: folds
Uncalled bet ($3) returned to VolkovDmitri
VolkovDmitri collected $11.76 from pot
*** SUMMARY ***
Total pot $12 | Rake $0.24
Board [5s Kd Qc]
Seat 1: VolkovDmitri (button) (small blind) collected ($11.76)
Seat 7: SALZHERZ (big blind) folded on the Flop


PokerStars Hand #167651944598:  Hold'em Limit ($3/$6 USD) - 2017/03/16 3:07:08 ET
Table 'Bojeva' 10-max Seat #7 is the button
Seat 1: VolkovDmitri ($144.04 in chips)
Seat 7: SALZHERZ ($160.52 in chips)
SALZHERZ: posts small blind $1
VolkovDmitri: posts big blind $3
*** HOLE CARDS ***
SALZHERZ: folds
Uncalled bet ($2) returned to VolkovDmitri
VolkovDmitri collected $2 from pot
VolkovDmitri: doesn't show hand
*** SUMMARY ***
Total pot $2 | Rake $0
Seat 1: VolkovDmitri (big blind) collected ($2)
Seat 7: SALZHERZ (button) (small blind) folded before Flop


PokerStars Hand #167651956362:  Hold'em Limit ($3/$6 USD) - 2017/03/16 3:07:55 ET
Table 'Bojeva' 10-max Seat #7 is the button
Seat 1: VolkovDmitri ($157.56 in chips)
Seat 7: SALZHERZ ($146.52 in chips)
SALZHERZ: posts small blind $1
VolkovDmitri: posts big blind $3
*** HOLE CARDS ***
SALZHERZ: folds
Uncalled bet ($2) returned to VolkovDmitri
SALZHERZ leaves the table
VolkovDmitri collected $2 from pot
VolkovDmitri: doesn't show hand
*** SUMMARY ***
Total pot $2 | Rake $0
Seat 1: VolkovDmitri (big blind) collected ($2)
Seat 7: SALZHERZ (button) (small blind) folded before Flop


PokerStars Hand #167651950706:  Hold'em Limit ($3/$6 USD) - 2017/03/16 3:07:33 ET
Table 'Bojeva' 10-max Seat #1 is the button
Seat 1: VolkovDmitri ($151.80 in chips)
Seat 7: SALZHERZ ($152.52 in chips)
VolkovDmitri: posts small blind $1
SALZHERZ: posts big blind $3
*** HOLE CARDS ***
VolkovDmitri: raises $3 to $6
SALZHERZ: calls $3
*** FLOP *** [Ad 8s 2h]
SALZHERZ: checks
VolkovDmitri: bets $3
SALZHERZ: folds
Uncalled bet ($3) returned to VolkovDmitri
VolkovDmitri collected $11.76 from pot
VolkovDmitri: doesn't show hand
*** SUMMARY ***
Total pot $12 | Rake $0.24
Board [Ad 8s 2h]
Seat 1: VolkovDmitri (button) (small blind) collected ($11.76)
Seat 7: SALZHERZ (big blind) folded on the Flop


