PokerStars Hand #146867790226:  Hold'em Limit ($3/$6 USD) - 2016/01/11 13:45:24 ET
Table 'Bok II' 6-max Seat #3 is the button
Seat 1: LolDnkaments ($72 in chips)
Seat 3: Alan The For ($165.50 in chips)
Alan The For: posts small blind $1
LolDnkaments: posts big blind $3
*** HOLE CARDS ***
Alan The For: folds
Uncalled bet ($2) returned to LolDnkaments
LolDnkaments collected $2 from pot
LolDnkaments: doesn't show hand
*** SUMMARY ***
Total pot $2 | Rake $0
Seat 1: LolDnkaments (big blind) collected ($2)
Seat 3: Alan The For (button) (small blind) folded before Flop


PokerStars Hand #146867760776:  Hold'em Limit ($3/$6 USD) - 2016/01/11 13:44:55 ET
Table 'Bok II' 6-max Seat #1 is the button
Seat 1: LolDnkaments ($73 in chips)
Seat 3: Alan The For ($139 in chips)
LolDnkaments: posts small blind $1
Alan The For: posts big blind $3
*** HOLE CARDS ***
LolDnkaments: raises $3 to $6
Alan The For: calls $3
*** FLOP *** [6c 2h 6d]
Alan The For: checks
LolDnkaments: bets $3
Alan The For: calls $3
*** TURN *** [6c 2h 6d] [5d]
Alan The For: checks
LolDnkaments: bets $6
Alan The For: raises $6 to $12
LolDnkaments: calls $6
*** RIVER *** [6c 2h 6d 5d] [Kc]
Alan The For: bets $6
LolDnkaments: calls $6
*** SHOW DOWN ***
Alan The For: shows [Jc 6h] (three of a kind, Sixes)
LolDnkaments: mucks hand
Alan The For collected $53.50 from pot
*** SUMMARY ***
Total pot $54 | Rake $0.50
Board [6c 2h 6d 5d Kc]
Seat 1: LolDnkaments (button) (small blind) mucked
Seat 3: Alan The For (big blind) showed [Jc 6h] and won ($53.50) with three of a kind, Sixes


PokerStars Hand #146867848441:  Hold'em Limit ($3/$6 USD) - 2016/01/11 13:46:20 ET
Table 'Bok II' 6-max Seat #1 is the button
Seat 1: LolDnkaments ($73 in chips)
Seat 3: Alan The For ($184 in chips)
LolDnkaments: posts small blind $1
Alan The For: posts big blind $3
*** HOLE CARDS ***
LolDnkaments: raises $3 to $6
Alan The For: folds
Uncalled bet ($3) returned to LolDnkaments
LolDnkaments collected $6 from pot
LolDnkaments: doesn't show hand
*** SUMMARY ***
Total pot $6 | Rake $0
Seat 1: LolDnkaments (button) (small blind) collected ($6)
Seat 3: Alan The For (big blind) folded before Flop


PokerStars Hand #146867841898:  Hold'em Limit ($3/$6 USD) - 2016/01/11 13:46:13 ET
Table 'Bok II' 6-max Seat #3 is the button
Seat 1: LolDnkaments ($72 in chips)
Seat 3: Alan The For ($185 in chips)
Alan The For: posts small blind $1
LolDnkaments: posts big blind $3
*** HOLE CARDS ***
Alan The For: folds
Uncalled bet ($2) returned to LolDnkaments
LolDnkaments collected $2 from pot
LolDnkaments: doesn't show hand
*** SUMMARY ***
Total pot $2 | Rake $0
Seat 1: LolDnkaments (big blind) collected ($2)
Seat 3: Alan The For (button) (small blind) folded before Flop


PokerStars Hand #146867800925:  Hold'em Limit ($3/$6 USD) - 2016/01/11 13:45:34 ET
Table 'Bok II' 6-max Seat #1 is the button
Seat 1: LolDnkaments ($73 in chips)
Seat 3: Alan The For ($164.50 in chips)
LolDnkaments: posts small blind $1
Alan The For: posts big blind $3
*** HOLE CARDS ***
LolDnkaments: raises $3 to $6
Alan The For: calls $3
*** FLOP *** [5h 7s 8s]
Alan The For: checks
LolDnkaments: bets $3
Alan The For: calls $3
*** TURN *** [5h 7s 8s] [8h]
Alan The For: checks
LolDnkaments: bets $6
Alan The For: calls $6
*** RIVER *** [5h 7s 8s 8h] [7h]
Alan The For: checks
LolDnkaments: bets $6
Alan The For: calls $6
*** SHOW DOWN ***
LolDnkaments: shows [9h 4c] (two pair, Eights and Sevens)
Alan The For: shows [As 3s] (two pair, Eights and Sevens - Ace kicker)
Alan The For collected $41.50 from pot
*** SUMMARY ***
Total pot $42 | Rake $0.50
Board [5h 7s 8s 8h 7h]
Seat 1: LolDnkaments (button) (small blind) showed [9h 4c] and lost with two pair, Eights and Sevens
Seat 3: Alan The For (big blind) showed [As 3s] and won ($41.50) with two pair, Eights and Sevens


PokerStars Hand #146867858608:  Hold'em Limit ($3/$6 USD) - 2016/01/11 13:46:29 ET
Table 'Bok II' 6-max Seat #3 is the button
Seat 1: LolDnkaments ($76 in chips)
Seat 3: Alan The For ($181 in chips)
Alan The For: posts small blind $1
LolDnkaments: posts big blind $3
*** HOLE CARDS ***
Alan The For: folds
Uncalled bet ($2) returned to LolDnkaments
LolDnkaments collected $2 from pot
LolDnkaments: doesn't show hand
*** SUMMARY ***
Total pot $2 | Rake $0
Seat 1: LolDnkaments (big blind) collected ($2)
Seat 3: Alan The For (button) (small blind) folded before Flop


PokerStars Hand #146867916162:  Hold'em Limit ($3/$6 USD) - 2016/01/11 13:47:18 ET
Table 'Bok II' 6-max Seat #1 is the button
Seat 1: LolDnkaments ($77 in chips)
Seat 3: Alan The For ($180 in chips)
LolDnkaments: posts small blind $1
Alan The For: posts big blind $3
*** HOLE CARDS ***
LolDnkaments: raises $3 to $6
Alan The For: calls $3
*** FLOP *** [6h 5c 3s]
Alan The For: checks
LolDnkaments: bets $3
Alan The For: calls $3
*** TURN *** [6h 5c 3s] [3d]
Alan The For: checks
LolDnkaments: bets $6
Alan The For: calls $6
*** RIVER *** [6h 5c 3s 3d] [5h]
Alan The For: bets $6
LolDnkaments: raises $6 to $12
Alan The For: raises $6 to $18
LolDnkaments: calls $6
*** SHOW DOWN ***
Alan The For: shows [Qs 5d] (a full house, Fives full of Threes)
LolDnkaments: shows [4h 5s] (a full house, Fives full of Threes)
Alan The For collected $32.75 from pot
LolDnkaments collected $32.75 from pot
*** SUMMARY ***
Total pot $66 | Rake $0.50
Board [6h 5c 3s 3d 5h]
Seat 1: LolDnkaments (button) (small blind) showed [4h 5s] and won ($32.75) with a full house, Fives full of Threes
Seat 3: Alan The For (big blind) showed [Qs 5d] and won ($32.75) with a full house, Fives full of Threes


PokerStars Hand #146867969146:  Hold'em Limit ($3/$6 USD) - 2016/01/11 13:48:04 ET
Table 'Bok II' 6-max Seat #3 is the button
Seat 1: LolDnkaments ($76.75 in chips)
Seat 3: Alan The For ($179.75 in chips)
Alan The For: posts small blind $1
LolDnkaments: posts big blind $3
*** HOLE CARDS ***
Alan The For: raises $3 to $6
LolDnkaments: calls $3
*** FLOP *** [9d 8h 5d]
LolDnkaments: checks
Alan The For: bets $3
LolDnkaments: raises $3 to $6
Alan The For: calls $3
*** TURN *** [9d 8h 5d] [8d]
LolDnkaments: bets $6
Alan The For: calls $6
*** RIVER *** [9d 8h 5d 8d] [Ts]
LolDnkaments: bets $6
Alan The For: calls $6
*** SHOW DOWN ***
LolDnkaments: shows [4c 7h] (a pair of Eights)
Alan The For: shows [Tc 6h] (two pair, Tens and Eights)
Alan The For collected $47.50 from pot
*** SUMMARY ***
Total pot $48 | Rake $0.50
Board [9d 8h 5d 8d Ts]
Seat 1: LolDnkaments (big blind) showed [4c 7h] and lost with a pair of Eights
Seat 3: Alan The For (button) (small blind) showed [Tc 6h] and won ($47.50) with two pair, Tens and Eights


PokerStars Hand #146867991154:  Hold'em Limit ($3/$6 USD) - 2016/01/11 13:48:25 ET
Table 'Bok II' 6-max Seat #1 is the button
Seat 1: LolDnkaments ($72 in chips)
Seat 3: Alan The For ($203.25 in chips)
LolDnkaments: posts small blind $1
Alan The For: posts big blind $3
*** HOLE CARDS ***
LolDnkaments: raises $3 to $6
Alan The For: calls $3
*** FLOP *** [3s Ks Jd]
Alan The For: checks
LolDnkaments: bets $3
Alan The For: folds
Uncalled bet ($3) returned to LolDnkaments
LolDnkaments collected $11.76 from pot
LolDnkaments: doesn't show hand
*** SUMMARY ***
Total pot $12 | Rake $0.24
Board [3s Ks Jd]
Seat 1: LolDnkaments (button) (small blind) collected ($11.76)
Seat 3: Alan The For (big blind) folded on the Flop


PokerStars Hand #146868012795:  Hold'em Limit ($3/$6 USD) - 2016/01/11 13:48:47 ET
Table 'Bok II' 6-max Seat #3 is the button
Seat 1: LolDnkaments ($77.76 in chips)
Seat 3: Alan The For ($197.25 in chips)
Alan The For: posts small blind $1
LolDnkaments: posts big blind $3
*** HOLE CARDS ***
Alan The For: raises $3 to $6
LolDnkaments: raises $3 to $9
Alan The For: calls $3
*** FLOP *** [5h 4s 6d]
LolDnkaments: bets $3
Alan The For: calls $3
*** TURN *** [5h 4s 6d] [3c]
LolDnkaments: bets $6
Alan The For: calls $6
*** RIVER *** [5h 4s 6d 3c] [5c]
LolDnkaments: bets $6
Alan The For: folds
Uncalled bet ($6) returned to LolDnkaments
LolDnkaments collected $35.50 from pot
LolDnkaments: doesn't show hand
*** SUMMARY ***
Total pot $36 | Rake $0.50
Board [5h 4s 6d 3c 5c]
Seat 1: LolDnkaments (big blind) collected ($35.50)
Seat 3: Alan The For (button) (small blind) folded on the River


PokerStars Hand #146872653452:  Hold'em Limit ($3/$6 USD) - 2016/01/11 15:05:05 ET
Table 'Bok II' 6-max Seat #5 is the button
Seat 2: Mullern ($82.76 in chips)
Seat 5: ChOfW ($114.23 in chips)
ChOfW: posts small blind $1
Mullern: posts big blind $3
*** HOLE CARDS ***
ChOfW: raises $3 to $6
Mullern: calls $3
*** FLOP *** [Ad 5s Kh]
Mullern: checks
ChOfW: bets $3
Mullern: calls $3
*** TURN *** [Ad 5s Kh] [Td]
Mullern: checks
ChOfW: checks
*** RIVER *** [Ad 5s Kh Td] [2c]
Mullern: checks
baur017017 joins the table at seat #3
ChOfW: checks
*** SHOW DOWN ***
Mullern: shows [Th Qc] (a pair of Tens)
ChOfW: mucks hand
Mullern collected $17.64 from pot
*** SUMMARY ***
Total pot $18 | Rake $0.36
Board [Ad 5s Kh Td 2c]
Seat 2: Mullern (big blind) showed [Th Qc] and won ($17.64) with a pair of Tens
Seat 5: ChOfW (button) (small blind) mucked


PokerStars Hand #146872634006:  Hold'em Limit ($3/$6 USD) - 2016/01/11 15:04:47 ET
Table 'Bok II' 6-max Seat #2 is the button
Seat 2: Mullern ($77 in chips)
Seat 5: ChOfW ($120.23 in chips)
Mullern: posts small blind $1
ChOfW: posts big blind $3
*** HOLE CARDS ***
Mullern: raises $3 to $6
ChOfW: calls $3
*** FLOP *** [4s 8s 3c]
ChOfW: checks
Mullern: bets $3
ChOfW: folds
Uncalled bet ($3) returned to Mullern
Mullern collected $11.76 from pot
*** SUMMARY ***
Total pot $12 | Rake $0.24
Board [4s 8s 3c]
Seat 2: Mullern (button) (small blind) collected ($11.76)
Seat 5: ChOfW (big blind) folded on the Flop


PokerStars Hand #146873224769:  Hold'em Limit ($3/$6 USD) - 2016/01/11 15:13:46 ET
Table 'Bok II' 6-max Seat #1 is the button
Seat 1: LWNS ($63 in chips)
Seat 2: Mullern ($140.37 in chips)
SashaYuvelir leaves the table
LWNS: posts small blind $1
Mullern: posts big blind $3
*** HOLE CARDS ***
ChOfW leaves the table
LWNS: folds
Uncalled bet ($2) returned to Mullern
Mullern collected $2 from pot
Mullern: doesn't show hand
*** SUMMARY ***
Total pot $2 | Rake $0
Seat 1: LWNS (button) (small blind) folded before Flop
Seat 2: Mullern (big blind) collected ($2)


PokerStars Hand #146873218826:  Hold'em Limit ($3/$6 USD) - 2016/01/11 15:13:40 ET
Table 'Bok II' 6-max Seat #2 is the button
Seat 1: LWNS ($62 in chips)
Seat 2: Mullern ($141.37 in chips)
Mullern: posts small blind $1
ChOfW: is sitting out
SashaYuvelir: is sitting out
LWNS: posts big blind $3
*** HOLE CARDS ***
Mullern: folds
Uncalled bet ($2) returned to LWNS
LWNS collected $2 from pot
LWNS: doesn't show hand
*** SUMMARY ***
Total pot $2 | Rake $0
Seat 1: LWNS (big blind) collected ($2)
Seat 2: Mullern (button) (small blind) folded before Flop


