PokerStars Hand #164100422608:  Hold'em Limit ($3/$6 USD) - 2017/01/05 18:15:03 ET
Table 'Boliviana' 6-max Seat #1 is the button
Seat 1: Zubasa07 ($500 in chips)
Seat 2: 19woody58 ($120 in chips)
GRAILKO joins the table at seat #3
Zubasa07: posts small blind $1
19woody58: posts big blind $3
*** HOLE CARDS ***
Zubasa07: raises $3 to $6
19woody58: calls $3
*** FLOP *** [7d 8h As]
19woody58: checks
Zubasa07: bets $3
19woody58: folds
Uncalled bet ($3) returned to Zubasa07
Zubasa07 collected $11.76 from pot
Zubasa07: doesn't show hand
*** SUMMARY ***
Total pot $12 | Rake $0.24
Board [7d 8h As]
Seat 1: Zubasa07 (button) (small blind) collected ($11.76)
Seat 2: 19woody58 (big blind) folded on the Flop


PokerStars Hand #164102106582:  Hold'em Limit ($3/$6 USD) - 2017/01/05 18:47:58 ET
Table 'Boliviana' 6-max Seat #5 is the button
Seat 4: llmaiconll ($71.02 in chips)
Seat 5: RaisemyNut$ ($136.48 in chips)
RaisemyNut$: posts small blind $1
Zubasa07: is sitting out
GRAILKO: is sitting out
llmaiconll: posts big blind $3
*** HOLE CARDS ***
RaisemyNut$: folds
Uncalled bet ($2) returned to llmaiconll
llmaiconll collected $2 from pot
llmaiconll: doesn't show hand
*** SUMMARY ***
Total pot $2 | Rake $0
Seat 4: llmaiconll (big blind) collected ($2)
Seat 5: RaisemyNut$ (button) (small blind) folded before Flop


PokerStars Hand #164102111240:  Hold'em Limit ($3/$6 USD) - 2017/01/05 18:48:04 ET
Table 'Boliviana' 6-max Seat #4 is the button
Seat 4: llmaiconll ($72.02 in chips)
Seat 5: RaisemyNut$ ($135.48 in chips)
llmaiconll: posts small blind $1
Zubasa07 leaves the table
RaisemyNut$: posts big blind $3
*** HOLE CARDS ***
llmaiconll: raises $3 to $6
RaisemyNut$: folds
Uncalled bet ($3) returned to llmaiconll
llmaiconll collected $6 from pot
llmaiconll: doesn't show hand
*** SUMMARY ***
Total pot $6 | Rake $0
Seat 4: llmaiconll (button) (small blind) collected ($6)
Seat 5: RaisemyNut$ (big blind) folded before Flop


