PokerStars Hand #164105664780:  Hold'em Limit ($3/$6 USD) - 2017/01/05 20:11:44 ET
Table 'Boliviana' 6-max Seat #1 is the button
Seat 1: loossenup ($162.03 in chips)
Seat 2: Great_Kang ($209.42 in chips)
loossenup: posts small blind $1
Great_Kang: posts big blind $3
*** HOLE CARDS ***
loossenup: calls $2
Great_Kang: raises $3 to $6
loossenup: calls $3
*** FLOP *** [Qh Td Jh]
Great_Kang: bets $3
loossenup: calls $3
*** TURN *** [Qh Td Jh] [Jd]
Great_Kang: checks
loossenup: bets $6
Great_Kang: calls $6
*** RIVER *** [Qh Td Jh Jd] [As]
Great_Kang: checks
denn69 joins the table at seat #4
loossenup: bets $6
Great_Kang: folds
Uncalled bet ($6) returned to loossenup
loossenup collected $29.50 from pot
*** SUMMARY ***
Total pot $30 | Rake $0.50
Board [Qh Td Jh Jd As]
Seat 1: loossenup (button) (small blind) collected ($29.50)
Seat 2: Great_Kang (big blind) folded on the River


PokerStars Hand #164105648783:  Hold'em Limit ($3/$6 USD) - 2017/01/05 20:11:19 ET
Table 'Boliviana' 6-max Seat #2 is the button
Seat 1: loossenup ($141.53 in chips)
Seat 2: Great_Kang ($230.42 in chips)
Great_Kang: posts small blind $1
beng_51: is sitting out
loossenup: posts big blind $3
*** HOLE CARDS ***
Great_Kang: raises $3 to $6
loossenup: calls $3
*** FLOP *** [6d Kh 4h]
loossenup: bets $3
Great_Kang: calls $3
*** TURN *** [6d Kh 4h] [3s]
loossenup: bets $6
Great_Kang: calls $6
*** RIVER *** [6d Kh 4h 3s] [6h]
loossenup: bets $6
Great_Kang: calls $6
*** SHOW DOWN ***
loossenup: shows [Jc Kd] (two pair, Kings and Sixes)
Great_Kang: mucks hand
loossenup collected $41.50 from pot
*** SUMMARY ***
Total pot $42 | Rake $0.50
Board [6d Kh 4h 3s 6h]
Seat 1: loossenup (big blind) showed [Jc Kd] and won ($41.50) with two pair, Kings and Sixes
Seat 2: Great_Kang (button) (small blind) mucked


PokerStars Hand #164108179068:  Hold'em Limit ($3/$6 USD) - 2017/01/05 21:25:58 ET
Table 'Boliviana' 6-max Seat #2 is the button
Seat 2: jvc336 ($103.79 in chips)
Seat 5: Lackys07 ($62.75 in chips)
rascal_319 will be allowed to play after the button
jvc336: posts small blind $1
beng_51: is sitting out
Lackys07: posts big blind $3
*** HOLE CARDS ***
jvc336: folds
Uncalled bet ($2) returned to Lackys07
Lackys07 collected $2 from pot
Lackys07: doesn't show hand
*** SUMMARY ***
Total pot $2 | Rake $0
Seat 2: jvc336 (button) (small blind) folded before Flop
Seat 5: Lackys07 (big blind) collected ($2)


PokerStars Hand #164108202941:  Hold'em Limit ($3/$6 USD) - 2017/01/05 21:26:45 ET
Table 'Boliviana' 6-max Seat #5 is the button
Seat 5: Lackys07 ($72.03 in chips)
Seat 6: rascal_319 ($81 in chips)
Lackys07: posts small blind $1
rascal_319: posts big blind $3
*** HOLE CARDS ***
Lackys07: folds
Uncalled bet ($2) returned to rascal_319
rascal_319 collected $2 from pot
rascal_319: doesn't show hand
*** SUMMARY ***
Total pot $2 | Rake $0
Seat 5: Lackys07 (button) (small blind) folded before Flop
Seat 6: rascal_319 (big blind) collected ($2)


PokerStars Hand #164108199652:  Hold'em Limit ($3/$6 USD) - 2017/01/05 21:26:38 ET
Table 'Boliviana' 6-max Seat #6 is the button
Seat 5: Lackys07 ($75.03 in chips)
Seat 6: rascal_319 ($78 in chips)
rascal_319: posts small blind $1
Lackys07: posts big blind $3
*** HOLE CARDS ***
Pepperlina joins the table at seat #4
rascal_319: raises $3 to $6
Lackys07: folds
Uncalled bet ($3) returned to rascal_319
rascal_319 collected $6 from pot
rascal_319: doesn't show hand
*** SUMMARY ***
Total pot $6 | Rake $0
Seat 5: Lackys07 (big blind) folded before Flop
Seat 6: rascal_319 (button) (small blind) collected ($6)


PokerStars Hand #164109042231:  Hold'em Limit ($3/$6 USD) - 2017/01/05 21:55:15 ET
Table 'Boliviana' 6-max Seat #1 is the button
Seat 1: KidTaxMan ($200.30 in chips)
Seat 4: Pepperlina ($80.07 in chips)
KidTaxMan: posts small blind $1
beng_51: is sitting out
Pepperlina: posts big blind $3
*** HOLE CARDS ***
KidTaxMan: folds
Uncalled bet ($2) returned to Pepperlina
Pepperlina collected $2 from pot
Pepperlina: doesn't show hand
*** SUMMARY ***
Total pot $2 | Rake $0
Seat 1: KidTaxMan (button) (small blind) folded before Flop
Seat 4: Pepperlina (big blind) collected ($2)


PokerStars Hand #164109044613:  Hold'em Limit ($3/$6 USD) - 2017/01/05 21:55:21 ET
Table 'Boliviana' 6-max Seat #4 is the button
Seat 1: KidTaxMan ($199.30 in chips)
Seat 4: Pepperlina ($81.07 in chips)
Pepperlina: posts small blind $1
beng_51 leaves the table
KidTaxMan: posts big blind $3
*** HOLE CARDS ***
Pepperlina: raises $3 to $6
KidTaxMan: calls $3
*** FLOP *** [Jc Kh 7c]
KidTaxMan: checks
Pepperlina: bets $3
KidTaxMan: folds
Uncalled bet ($3) returned to Pepperlina
Pepperlina collected $11.76 from pot
Pepperlina: doesn't show hand
*** SUMMARY ***
Total pot $12 | Rake $0.24
Board [Jc Kh 7c]
Seat 1: KidTaxMan (big blind) folded on the Flop
Seat 4: Pepperlina (button) (small blind) collected ($11.76)


PokerStars Hand #164109049201:  Hold'em Limit ($3/$6 USD) - 2017/01/05 21:55:33 ET
Table 'Boliviana' 6-max Seat #1 is the button
Seat 1: KidTaxMan ($193.30 in chips)
Seat 4: Pepperlina ($86.83 in chips)
KidTaxMan: posts small blind $1
StormToTo was removed from the table for failing to post
Pepperlina: posts big blind $3
*** HOLE CARDS ***
KidTaxMan: raises $3 to $6
Pepperlina: folds
Uncalled bet ($3) returned to KidTaxMan
KidTaxMan collected $6 from pot
*** SUMMARY ***
Total pot $6 | Rake $0
Seat 1: KidTaxMan (button) (small blind) collected ($6)
Seat 4: Pepperlina (big blind) folded before Flop


