PokerStars Hand #157932500808:  Hold'em Limit ($3/$6 USD) - 2016/08/30 10:35:42 ET
Table 'Boliviana II' 6-max Seat #3 is the button
Seat 3: IwilldropU ($80 in chips)
Seat 4: VolkovDmitri ($120 in chips)
IwilldropU: posts small blind $1
VolkovDmitri: posts big blind $3
*** HOLE CARDS ***
IwilldropU: raises $3 to $6
VolkovDmitri: calls $3
*** FLOP *** [3s 5d 2c]
VolkovDmitri: checks
IwilldropU: bets $3
VolkovDmitri: calls $3
*** TURN *** [3s 5d 2c] [Ac]
VolkovDmitri: checks
IwilldropU: bets $6
VolkovDmitri: raises $6 to $12
IwilldropU: calls $6
*** RIVER *** [3s 5d 2c Ac] [7h]
VolkovDmitri: bets $6
IwilldropU: calls $6
*** SHOW DOWN ***
VolkovDmitri: shows [7c 4s] (a straight, Ace to Five)
IwilldropU: shows [Js Ad] (a pair of Aces)
VolkovDmitri collected $53.50 from pot
*** SUMMARY ***
Total pot $54 | Rake $0.50
Board [3s 5d 2c Ac 7h]
Seat 3: IwilldropU (button) (small blind) showed [Js Ad] and lost with a pair of Aces
Seat 4: VolkovDmitri (big blind) showed [7c 4s] and won ($53.50) with a straight, Ace to Five


PokerStars Hand #157932515821:  Hold'em Limit ($3/$6 USD) - 2016/08/30 10:36:07 ET
Table 'Boliviana II' 6-max Seat #4 is the button
Seat 3: IwilldropU ($53 in chips)
Seat 4: VolkovDmitri ($146.50 in chips)
VolkovDmitri: posts small blind $1
IwilldropU: posts big blind $3
*** HOLE CARDS ***
VolkovDmitri: raises $3 to $6
IwilldropU: raises $3 to $9
VolkovDmitri: calls $3
*** FLOP *** [3h Ah 5c]
IwilldropU: checks
VolkovDmitri: bets $3
IwilldropU: folds
Uncalled bet ($3) returned to VolkovDmitri
VolkovDmitri collected $17.64 from pot
VolkovDmitri: doesn't show hand
*** SUMMARY ***
Total pot $18 | Rake $0.36
Board [3h Ah 5c]
Seat 3: IwilldropU (big blind) folded on the Flop
Seat 4: VolkovDmitri (button) (small blind) collected ($17.64)


PokerStars Hand #157932523844:  Hold'em Limit ($3/$6 USD) - 2016/08/30 10:36:21 ET
Table 'Boliviana II' 6-max Seat #3 is the button
Seat 3: IwilldropU ($44 in chips)
Seat 4: VolkovDmitri ($155.14 in chips)
IwilldropU: posts small blind $1
VolkovDmitri: posts big blind $3
*** HOLE CARDS ***
IwilldropU: raises $3 to $6
VolkovDmitri: calls $3
*** FLOP *** [2h Td 2d]
VolkovDmitri: checks
IwilldropU: bets $3
VolkovDmitri: folds
Uncalled bet ($3) returned to IwilldropU
IwilldropU collected $11.76 from pot
*** SUMMARY ***
Total pot $12 | Rake $0.24
Board [2h Td 2d]
Seat 3: IwilldropU (button) (small blind) collected ($11.76)
Seat 4: VolkovDmitri (big blind) folded on the Flop


PokerStars Hand #157932559403:  Hold'em Limit ($3/$6 USD) - 2016/08/30 10:37:22 ET
Table 'Boliviana II' 6-max Seat #3 is the button
Seat 3: IwilldropU ($19.76 in chips)
Seat 4: VolkovDmitri ($178.64 in chips)
IwilldropU: posts small blind $1
VolkovDmitri: posts big blind $3
*** HOLE CARDS ***
IwilldropU: calls $2
VolkovDmitri: raises $3 to $6
IwilldropU: calls $3
*** FLOP *** [Kd Kc Td]
VolkovDmitri: checks
IwilldropU: checks
*** TURN *** [Kd Kc Td] [4h]
VolkovDmitri: checks
IwilldropU: checks
*** RIVER *** [Kd Kc Td 4h] [3h]
VolkovDmitri: bets $6
IwilldropU: folds
Uncalled bet ($6) returned to VolkovDmitri
VolkovDmitri collected $11.76 from pot
VolkovDmitri: doesn't show hand
*** SUMMARY ***
Total pot $12 | Rake $0.24
Board [Kd Kc Td 4h 3h]
Seat 3: IwilldropU (button) (small blind) folded on the River
Seat 4: VolkovDmitri (big blind) collected ($11.76)


PokerStars Hand #157932543776:  Hold'em Limit ($3/$6 USD) - 2016/08/30 10:36:55 ET
Table 'Boliviana II' 6-max Seat #4 is the button
Seat 3: IwilldropU ($49.76 in chips)
Seat 4: VolkovDmitri ($149.14 in chips)
VolkovDmitri: posts small blind $1
IwilldropU: posts big blind $3
*** HOLE CARDS ***
VolkovDmitri: raises $3 to $6
IwilldropU: calls $3
*** FLOP *** [Ad 5h 6d]
IwilldropU: checks
VolkovDmitri: bets $3
IwilldropU: raises $3 to $6
VolkovDmitri: calls $3
*** TURN *** [Ad 5h 6d] [4c]
IwilldropU: bets $6
VolkovDmitri: calls $6
*** RIVER *** [Ad 5h 6d 4c] [2s]
IwilldropU: bets $6
VolkovDmitri: raises $6 to $12
IwilldropU: calls $6
*** SHOW DOWN ***
VolkovDmitri: shows [Qc 3s] (a straight, Deuce to Six)
IwilldropU: shows [6s 5s] (two pair, Sixes and Fives)
VolkovDmitri collected $59.50 from pot
*** SUMMARY ***
Total pot $60 | Rake $0.50
Board [Ad 5h 6d 4c 2s]
Seat 3: IwilldropU (big blind) showed [6s 5s] and lost with two pair, Sixes and Fives
Seat 4: VolkovDmitri (button) (small blind) showed [Qc 3s] and won ($59.50) with a straight, Deuce to Six


