PokerStars Hand #167068346642:  Hold'em Limit ($3/$6 USD) - 2017/03/03 17:13:25 ET
Table 'Boliviana' 6-max Seat #2 is the button
Seat 2: krytalex ($121 in chips)
Seat 4: Jefrey-AA ($102.26 in chips)
sokol-max-PS will be allowed to play after the button
Apanage leaves the table
krytalex: posts small blind $1
Homasapien: is sitting out
Jefrey-AA: posts big blind $3
*** HOLE CARDS ***
krytalex: raises $3 to $6
Jefrey-AA: folds
Uncalled bet ($3) returned to krytalex
krytalex collected $6 from pot
*** SUMMARY ***
Total pot $6 | Rake $0
Seat 2: krytalex (button) (small blind) collected ($6)
Seat 4: Jefrey-AA (big blind) folded before Flop


PokerStars Hand #167068364982:  Hold'em Limit ($3/$6 USD) - 2017/03/03 17:13:46 ET
Table 'Boliviana' 6-max Seat #6 is the button
Seat 2: krytalex ($124 in chips)
Seat 6: sokol-max-PS ($88.04 in chips)
sokol-max-PS: posts small blind $1
krytalex: posts big blind $3
*** HOLE CARDS ***
sokol-max-PS: raises $3 to $6
Homasapien leaves the table
krytalex: calls $3
*** FLOP *** [5c Jh 4s]
krytalex: checks
sokol-max-PS: bets $3
krytalex: calls $3
*** TURN *** [5c Jh 4s] [5d]
krytalex: checks
sokol-max-PS: bets $6
krytalex: folds
Uncalled bet ($6) returned to sokol-max-PS
sokol-max-PS collected $17.64 from pot
sokol-max-PS: doesn't show hand
*** SUMMARY ***
Total pot $18 | Rake $0.36
Board [5c Jh 4s 5d]
Seat 2: krytalex (big blind) folded on the Turn
Seat 6: sokol-max-PS (button) (small blind) collected ($17.64)


PokerStars Hand #167068386530:  Hold'em Limit ($3/$6 USD) - 2017/03/03 17:14:11 ET
Table 'Boliviana' 6-max Seat #2 is the button
Seat 2: krytalex ($115 in chips)
Seat 6: sokol-max-PS ($96.68 in chips)
krytalex: posts small blind $1
sokol-max-PS: posts big blind $3
*** HOLE CARDS ***
krytalex: raises $3 to $6
sokol-max-PS: calls $3
*** FLOP *** [8h 2h 2c]
sokol-max-PS: checks
misahy105 joins the table at seat #3
krytalex: checks
*** TURN *** [8h 2h 2c] [6d]
sokol-max-PS: checks
krytalex: checks
*** RIVER *** [8h 2h 2c 6d] [2d]
sokol-max-PS: checks
krytalex: checks
*** SHOW DOWN ***
sokol-max-PS: shows [5h Js] (three of a kind, Deuces)
krytalex: shows [4s Qs] (three of a kind, Deuces - Queen kicker)
krytalex collected $11.76 from pot
*** SUMMARY ***
Total pot $12 | Rake $0.24
Board [8h 2h 2c 6d 2d]
Seat 2: krytalex (button) (small blind) showed [4s Qs] and won ($11.76) with three of a kind, Deuces
Seat 6: sokol-max-PS (big blind) showed [5h Js] and lost with three of a kind, Deuces


PokerStars Hand #167068412856:  Hold'em Limit ($3/$6 USD) - 2017/03/03 17:14:41 ET
Table 'Boliviana' 6-max Seat #6 is the button
Seat 2: krytalex ($120.76 in chips)
Seat 6: sokol-max-PS ($90.68 in chips)
sokol-max-PS: posts small blind $1
krytalex: posts big blind $3
*** HOLE CARDS ***
sokol-max-PS: folds
Uncalled bet ($2) returned to krytalex
krytalex collected $2 from pot
*** SUMMARY ***
Total pot $2 | Rake $0
Seat 2: krytalex (big blind) collected ($2)
Seat 6: sokol-max-PS (button) (small blind) folded before Flop


PokerStars Hand #167071361109:  Hold'em Limit ($3/$6 USD) - 2017/03/03 18:14:50 ET
Table 'Boliviana' 6-max Seat #3 is the button
Seat 1: Pelurile ($123.45 in chips)
Seat 3: Dies1210 ($193.24 in chips)
hairy1961 will be allowed to play after the button
Dies1210: posts small blind $1
sokol-max-PS: is sitting out
Pelurile: posts big blind $3
*** HOLE CARDS ***
Dies1210: folds
Uncalled bet ($2) returned to Pelurile
Pelurile collected $2 from pot
Pelurile: doesn't show hand
*** SUMMARY ***
Total pot $2 | Rake $0
Seat 1: Pelurile (big blind) collected ($2)
Seat 3: Dies1210 (button) (small blind) folded before Flop


