PokerStars Hand #164973285110:  Hold'em Limit ($3/$6 USD) - 2017/01/22 3:34:47 ET
Table 'Boliviana' 6-max Seat #3 is the button
Seat 3: CardPocketer ($86.40 in chips)
Seat 4: AzureCaper ($72 in chips)
CardPocketer: posts small blind $1
AzureCaper: posts big blind $3
*** HOLE CARDS ***
CardPocketer: folds
Uncalled bet ($2) returned to AzureCaper
AzureCaper collected $2 from pot
AzureCaper: doesn't show hand
*** SUMMARY ***
Total pot $2 | Rake $0
Seat 3: CardPocketer (button) (small blind) folded before Flop
Seat 4: AzureCaper (big blind) collected ($2)


PokerStars Hand #164973280326:  Hold'em Limit ($3/$6 USD) - 2017/01/22 3:34:33 ET
Table 'Boliviana' 6-max Seat #4 is the button
Seat 3: CardPocketer ($80.64 in chips)
Seat 4: AzureCaper ($72 in chips)
AzureCaper: posts small blind $1
CardPocketer: posts big blind $3
*** HOLE CARDS ***
AzureCaper: raises $3 to $6
CardPocketer: calls $3
*** FLOP *** [Ts Qd Js]
CardPocketer: bets $3
kusznak joins the table at seat #2
AzureCaper: folds
Uncalled bet ($3) returned to CardPocketer
CardPocketer collected $11.76 from pot
CardPocketer: doesn't show hand
*** SUMMARY ***
Total pot $12 | Rake $0.24
Board [Ts Qd Js]
Seat 3: CardPocketer (big blind) collected ($11.76)
Seat 4: AzureCaper (button) (small blind) folded on the Flop


PokerStars Hand #164973269888:  Hold'em Limit ($3/$6 USD) - 2017/01/22 3:34:03 ET
Table 'Boliviana' 6-max Seat #3 is the button
Seat 3: CardPocketer ($72 in chips)
Seat 4: AzureCaper ($72 in chips)
CardPocketer: posts small blind $1
AzureCaper: posts big blind $3
*** HOLE CARDS ***
CardPocketer: raises $3 to $6
AzureCaper: calls $3
*** FLOP *** [8d 5c Qh]
AzureCaper: checks
CardPocketer: bets $3
AzureCaper: calls $3
*** TURN *** [8d 5c Qh] [As]
AzureCaper: checks
CardPocketer: bets $6
AzureCaper: folds
Uncalled bet ($6) returned to CardPocketer
CardPocketer collected $17.64 from pot
CardPocketer: doesn't show hand
*** SUMMARY ***
Total pot $18 | Rake $0.36
Board [8d 5c Qh As]
Seat 3: CardPocketer (button) (small blind) collected ($17.64)
Seat 4: AzureCaper (big blind) folded on the Turn


PokerStars Hand #164973398108:  Hold'em Limit ($3/$6 USD) - 2017/01/22 3:40:09 ET
Table 'Boliviana' 6-max Seat #2 is the button
Seat 2: kusznak ($207.50 in chips)
Seat 4: AzureCaper ($73.71 in chips)
Nathan D.H. will be allowed to play after the button
kusznak: posts small blind $1
AzureCaper: posts big blind $3
*** HOLE CARDS ***
kusznak: raises $3 to $6
AzureCaper: folds
Uncalled bet ($3) returned to kusznak
kusznak collected $6 from pot
kusznak: doesn't show hand
*** SUMMARY ***
Total pot $6 | Rake $0
Seat 2: kusznak (button) (small blind) collected ($6)
Seat 4: AzureCaper (big blind) folded before Flop


PokerStars Hand #164974526536:  Hold'em Limit ($3/$6 USD) - 2017/01/22 4:30:14 ET
Table 'Boliviana' 6-max Seat #2 is the button
Seat 2: kusznak ($286.49 in chips)
Seat 3: Luanto 14 ($348.63 in chips)
kusznak: posts small blind $1
Luanto 14: posts big blind $3
*** HOLE CARDS ***
kusznak: raises $3 to $6
Luanto 14: calls $3
*** FLOP *** [9s 9c Ad]
Luanto 14: checks
kusznak: bets $3
Luanto 14: calls $3
*** TURN *** [9s 9c Ad] [7d]
Luanto 14: checks
kusznak: bets $6
Luanto 14: calls $6
*** RIVER *** [9s 9c Ad 7d] [Tc]
Luanto 14: checks
kusznak: bets $6
Luanto 14: calls $6
*** SHOW DOWN ***
kusznak: shows [9h Jd] (three of a kind, Nines)
Luanto 14: mucks hand
kusznak collected $41.50 from pot
*** SUMMARY ***
Total pot $42 | Rake $0.50
Board [9s 9c Ad 7d Tc]
Seat 2: kusznak (button) (small blind) showed [9h Jd] and won ($41.50) with three of a kind, Nines
Seat 3: Luanto 14 (big blind) mucked


