PokerStars Hand #144829821576:  Hold'em Limit ($3/$6 USD) - 2015/12/04 17:26:16 ET
Table 'Bolyai' 6-max Seat #4 is the button
Seat 4: fluit83 ($71.80 in chips)
Seat 5: SashaYuvelir ($104.75 in chips)
fluit83: posts small blind $1
SashaYuvelir: posts big blind $3
*** HOLE CARDS ***
fluit83: folds
Uncalled bet ($2) returned to SashaYuvelir
SashaYuvelir collected $2 from pot
SashaYuvelir: doesn't show hand
*** SUMMARY ***
Total pot $2 | Rake $0
Seat 4: fluit83 (button) (small blind) folded before Flop
Seat 5: SashaYuvelir (big blind) collected ($2)


PokerStars Hand #144829791745:  Hold'em Limit ($3/$6 USD) - 2015/12/04 17:25:43 ET
Table 'Bolyai' 6-max Seat #5 is the button
Seat 4: fluit83 ($92.80 in chips)
Seat 5: SashaYuvelir ($84.25 in chips)
SashaYuvelir: posts small blind $1
ChrisTuff: is sitting out
fluit83: posts big blind $3
*** HOLE CARDS ***
SashaYuvelir: raises $3 to $6
vestimokrec leaves the table
fluit83: calls $3
*** FLOP *** [3s Qc Ad]
fluit83: checks
SashaYuvelir: bets $3
fluit83: calls $3
*** TURN *** [3s Qc Ad] [9d]
fluit83: checks
SashaYuvelir: bets $6
fluit83: calls $6
*** RIVER *** [3s Qc Ad 9d] [Jd]
fluit83: checks
SashaYuvelir: bets $6
fluit83: calls $6
*** SHOW DOWN ***
SashaYuvelir: shows [Qh Ac] (two pair, Aces and Queens)
fluit83: mucks hand
SashaYuvelir collected $41.50 from pot
*** SUMMARY ***
Total pot $42 | Rake $0.50
Board [3s Qc Ad 9d Jd]
Seat 4: fluit83 (big blind) mucked
Seat 5: SashaYuvelir (button) (small blind) showed [Qh Ac] and won ($41.50) with two pair, Aces and Queens


PokerStars Hand #144829864360:  Hold'em Limit ($3/$6 USD) - 2015/12/04 17:27:04 ET
Table 'Bolyai' 6-max Seat #4 is the button
Seat 4: fluit83 ($94.30 in chips)
Seat 5: SashaYuvelir ($81.75 in chips)
fluit83: posts small blind $1
SashaYuvelir: posts big blind $3
*** HOLE CARDS ***
linkin0909 leaves the table
fluit83: raises $3 to $6
SashaYuvelir: folds
Uncalled bet ($3) returned to fluit83
fluit83 collected $6 from pot
fluit83: doesn't show hand
*** SUMMARY ***
Total pot $6 | Rake $0
Seat 4: fluit83 (button) (small blind) collected ($6)
Seat 5: SashaYuvelir (big blind) folded before Flop


PokerStars Hand #144829827811:  Hold'em Limit ($3/$6 USD) - 2015/12/04 17:26:23 ET
Table 'Bolyai' 6-max Seat #5 is the button
Seat 4: fluit83 ($70.80 in chips)
Seat 5: SashaYuvelir ($105.75 in chips)
SashaYuvelir: posts small blind $1
fluit83: posts big blind $3
*** HOLE CARDS ***
SashaYuvelir: raises $3 to $6
fluit83: raises $3 to $9
SashaYuvelir: calls $3
*** FLOP *** [Qc Jd 5d]
fluit83: bets $3
SashaYuvelir: calls $3
*** TURN *** [Qc Jd 5d] [Td]
fluit83: bets $6
SashaYuvelir: calls $6
*** RIVER *** [Qc Jd 5d Td] [Kc]
fluit83: bets $6
SashaYuvelir: calls $6
*** SHOW DOWN ***
fluit83: shows [Kh As] (a straight, Ten to Ace)
SashaYuvelir: mucks hand
fluit83 collected $47.50 from pot
*** SUMMARY ***
Total pot $48 | Rake $0.50
Board [Qc Jd 5d Td Kc]
Seat 4: fluit83 (big blind) showed [Kh As] and won ($47.50) with a straight, Ten to Ace
Seat 5: SashaYuvelir (button) (small blind) mucked


PokerStars Hand #144829898464:  Hold'em Limit ($3/$6 USD) - 2015/12/04 17:27:43 ET
Table 'Bolyai' 6-max Seat #4 is the button
Seat 4: fluit83 ($91.30 in chips)
Seat 5: SashaYuvelir ($84.51 in chips)
fluit83: posts small blind $1
SashaYuvelir: posts big blind $3
*** HOLE CARDS ***
fluit83: folds
Uncalled bet ($2) returned to SashaYuvelir
SashaYuvelir collected $2 from pot
*** SUMMARY ***
Total pot $2 | Rake $0
Seat 4: fluit83 (button) (small blind) folded before Flop
Seat 5: SashaYuvelir (big blind) collected ($2)


PokerStars Hand #144829871394:  Hold'em Limit ($3/$6 USD) - 2015/12/04 17:27:12 ET
Table 'Bolyai' 6-max Seat #5 is the button
Seat 4: fluit83 ($97.30 in chips)
Seat 5: SashaYuvelir ($78.75 in chips)
SashaYuvelir: posts small blind $1
fluit83: posts big blind $3
*** HOLE CARDS ***
ChrisTuff leaves the table
SashaYuvelir: raises $3 to $6
fluit83: calls $3
*** FLOP *** [Td 9s 2d]
fluit83: checks
SashaYuvelir: bets $3
fluit83: folds
Uncalled bet ($3) returned to SashaYuvelir
SashaYuvelir collected $11.76 from pot
*** SUMMARY ***
Total pot $12 | Rake $0.24
Board [Td 9s 2d]
Seat 4: fluit83 (big blind) folded on the Flop
Seat 5: SashaYuvelir (button) (small blind) collected ($11.76)


