PokerStars Hand #174349020377:  Hold'em Limit ($3/$6 USD) - 2017/08/14 22:38:12 ET
Table 'Bolyai' 6-max Seat #3 is the button
Seat 2: Chessnok ($292.34 in chips)
Seat 3: confususs ($291.65 in chips)
confususs: posts small blind $1
Chessnok: posts big blind $3
*** HOLE CARDS ***
confususs: folds
Uncalled bet ($2) returned to Chessnok
Chessnok collected $2 from pot
Chessnok: doesn't show hand
*** SUMMARY ***
Total pot $2 | Rake $0
Seat 2: Chessnok (big blind) collected ($2)
Seat 3: confususs (button) (small blind) folded before Flop


PokerStars Hand #174349022119:  Hold'em Limit ($3/$6 USD) - 2017/08/14 22:38:17 ET
Table 'Bolyai' 6-max Seat #2 is the button
Seat 2: Chessnok ($293.34 in chips)
Seat 3: confususs ($290.65 in chips)
Chessnok: posts small blind $1
confususs: posts big blind $3
*** HOLE CARDS ***
Chessnok: folds
Uncalled bet ($2) returned to confususs
confususs collected $2 from pot
*** SUMMARY ***
Total pot $2 | Rake $0
Seat 2: Chessnok (button) (small blind) folded before Flop
Seat 3: confususs (big blind) collected ($2)


PokerStars Hand #174349024382:  Hold'em Limit ($3/$6 USD) - 2017/08/14 22:38:24 ET
Table 'Bolyai' 6-max Seat #3 is the button
Seat 2: Chessnok ($292.34 in chips)
Seat 3: confususs ($291.65 in chips)
confususs: posts small blind $1
Chessnok: posts big blind $3
*** HOLE CARDS ***
confususs: raises $3 to $6
Chessnok: calls $3
*** FLOP *** [9c 5c 3s]
Chessnok: checks
confususs: bets $3
Chessnok: calls $3
*** TURN *** [9c 5c 3s] [Ac]
Chessnok: checks
confususs: checks
*** RIVER *** [9c 5c 3s Ac] [Ts]
Chessnok: bets $6
confususs: calls $6
*** SHOW DOWN ***
Chessnok: shows [Kd 9s] (a pair of Nines)
confususs: mucks hand
Chessnok collected $29.50 from pot
*** SUMMARY ***
Total pot $30 | Rake $0.50
Board [9c 5c 3s Ac Ts]
Seat 2: Chessnok (big blind) showed [Kd 9s] and won ($29.50) with a pair of Nines
Seat 3: confususs (button) (small blind) mucked


PokerStars Hand #174349034815:  Hold'em Limit ($3/$6 USD) - 2017/08/14 22:38:55 ET
Table 'Bolyai' 6-max Seat #2 is the button
Seat 2: Chessnok ($306.84 in chips)
Seat 3: confususs ($276.65 in chips)
Chessnok: posts small blind $1
confususs: posts big blind $3
*** HOLE CARDS ***
Chessnok: folds
Uncalled bet ($2) returned to confususs
confususs collected $2 from pot
*** SUMMARY ***
Total pot $2 | Rake $0
Seat 2: Chessnok (button) (small blind) folded before Flop
Seat 3: confususs (big blind) collected ($2)


PokerStars Hand #174349036285:  Hold'em Limit ($3/$6 USD) - 2017/08/14 22:39:00 ET
Table 'Bolyai' 6-max Seat #3 is the button
Seat 2: Chessnok ($305.84 in chips)
Seat 3: confususs ($277.65 in chips)
confususs: posts small blind $1
Chessnok: posts big blind $3
*** HOLE CARDS ***
confususs: raises $3 to $6
Chessnok: calls $3
*** FLOP *** [8h 4s 5s]
Chessnok: bets $3
confususs: calls $3
*** TURN *** [8h 4s 5s] [5c]
Chessnok: bets $6
confususs: calls $6
*** RIVER *** [8h 4s 5s 5c] [Jh]
Chessnok: checks
confususs: checks
*** SHOW DOWN ***
Chessnok: shows [Ts 9c] (a pair of Fives)
confususs: shows [4h 6h] (two pair, Fives and Fours)
confususs collected $29.50 from pot
*** SUMMARY ***
Total pot $30 | Rake $0.50
Board [8h 4s 5s 5c Jh]
Seat 2: Chessnok (big blind) showed [Ts 9c] and lost with a pair of Fives
Seat 3: confususs (button) (small blind) showed [4h 6h] and won ($29.50) with two pair, Fives and Fours


PokerStars Hand #174349044871:  Hold'em Limit ($3/$6 USD) - 2017/08/14 22:39:26 ET
Table 'Bolyai' 6-max Seat #2 is the button
Seat 2: Chessnok ($290.84 in chips)
Seat 3: confususs ($292.15 in chips)
Chessnok: posts small blind $1
confususs: posts big blind $3
*** HOLE CARDS ***
Chessnok: folds
Uncalled bet ($2) returned to confususs
manon889 joins the table at seat #1
confususs collected $2 from pot
*** SUMMARY ***
Total pot $2 | Rake $0
Seat 2: Chessnok (button) (small blind) folded before Flop
Seat 3: confususs (big blind) collected ($2)


PokerStars Hand #174349379691:  Hold'em Limit ($3/$6 USD) - 2017/08/14 22:56:05 ET
Table 'Bolyai' 6-max Seat #2 is the button
Seat 2: Chessnok ($289.70 in chips)
Seat 3: confususs ($282.58 in chips)
Chessnok: posts small blind $1
confususs: posts big blind $3
*** HOLE CARDS ***
Chessnok: folds
Uncalled bet ($2) returned to confususs
confususs collected $2 from pot
*** SUMMARY ***
Total pot $2 | Rake $0
Seat 2: Chessnok (button) (small blind) folded before Flop
Seat 3: confususs (big blind) collected ($2)


PokerStars Hand #174349374128:  Hold'em Limit ($3/$6 USD) - 2017/08/14 22:55:46 ET
Table 'Bolyai' 6-max Seat #3 is the button
Seat 2: Chessnok ($281.06 in chips)
Seat 3: confususs ($291.58 in chips)
confususs: posts small blind $1
Zazi: is sitting out
Chessnok: posts big blind $3
*** HOLE CARDS ***
Zazi leaves the table
confususs: raises $3 to $6
Chessnok: calls $3
*** FLOP *** [6h Js 7h]
Chessnok: checks
confususs: bets $3
Chessnok: raises $3 to $6
confususs: folds
Uncalled bet ($3) returned to Chessnok
Chessnok collected $17.64 from pot
Chessnok: doesn't show hand
*** SUMMARY ***
Total pot $18 | Rake $0.36
Board [6h Js 7h]
Seat 2: Chessnok (big blind) collected ($17.64)
Seat 3: confususs (button) (small blind) folded on the Flop


PokerStars Hand #174349396227:  Hold'em Limit ($3/$6 USD) - 2017/08/14 22:57:02 ET
Table 'Bolyai' 6-max Seat #2 is the button
Seat 2: Chessnok ($265.70 in chips)
Seat 3: confususs ($306.08 in chips)
Chessnok: posts small blind $1
confususs: posts big blind $3
*** HOLE CARDS ***
Chessnok: raises $3 to $6
confususs: folds
Uncalled bet ($3) returned to Chessnok
Chessnok collected $6 from pot
Chessnok: doesn't show hand
*** SUMMARY ***
Total pot $6 | Rake $0
Seat 2: Chessnok (button) (small blind) collected ($6)
Seat 3: confususs (big blind) folded before Flop


PokerStars Hand #174349394719:  Hold'em Limit ($3/$6 USD) - 2017/08/14 22:56:57 ET
Table 'Bolyai' 6-max Seat #3 is the button
Seat 2: Chessnok ($264.70 in chips)
Seat 3: confususs ($307.08 in chips)
confususs: posts small blind $1
Chessnok: posts big blind $3
*** HOLE CARDS ***
confususs: folds
Uncalled bet ($2) returned to Chessnok
Chessnok collected $2 from pot
Chessnok: doesn't show hand
*** SUMMARY ***
Total pot $2 | Rake $0
Seat 2: Chessnok (big blind) collected ($2)
Seat 3: confususs (button) (small blind) folded before Flop


PokerStars Hand #174349392647:  Hold'em Limit ($3/$6 USD) - 2017/08/14 22:56:49 ET
Table 'Bolyai' 6-max Seat #2 is the button
Seat 2: Chessnok ($261.70 in chips)
Seat 3: confususs ($310.08 in chips)
Chessnok: posts small blind $1
confususs: posts big blind $3
*** HOLE CARDS ***
Chessnok: raises $3 to $6
confususs: folds
Uncalled bet ($3) returned to Chessnok
Chessnok collected $6 from pot
Chessnok: doesn't show hand
*** SUMMARY ***
Total pot $6 | Rake $0
Seat 2: Chessnok (button) (small blind) collected ($6)
Seat 3: confususs (big blind) folded before Flop


PokerStars Hand #174349381533:  Hold'em Limit ($3/$6 USD) - 2017/08/14 22:56:11 ET
Table 'Bolyai' 6-max Seat #3 is the button
Seat 2: Chessnok ($288.70 in chips)
Seat 3: confususs ($283.58 in chips)
confususs: posts small blind $1
Chessnok: posts big blind $3
*** HOLE CARDS ***
confususs: raises $3 to $6
Chessnok: calls $3
*** FLOP *** [Kh Js 8d]
Chessnok: checks
confususs: bets $3
Chessnok: calls $3
*** TURN *** [Kh Js 8d] [6h]
Chessnok: checks
confususs: bets $6
Chessnok: calls $6
*** RIVER *** [Kh Js 8d 6h] [Kc]
Chessnok: bets $6
confususs: raises $6 to $12
Chessnok: calls $6
*** SHOW DOWN ***
confususs: shows [Kd Qh] (three of a kind, Kings)
Chessnok: mucks hand
confususs collected $53.50 from pot
*** SUMMARY ***
Total pot $54 | Rake $0.50
Board [Kh Js 8d 6h Kc]
Seat 2: Chessnok (big blind) mucked
Seat 3: confususs (button) (small blind) showed [Kd Qh] and won ($53.50) with three of a kind, Kings


PokerStars Hand #174349409507:  Hold'em Limit ($3/$6 USD) - 2017/08/14 22:57:40 ET
Table 'Bolyai' 6-max Seat #2 is the button
Seat 2: Chessnok ($286.20 in chips)
Seat 3: confususs ($285.08 in chips)
Chessnok: posts small blind $1
confususs: posts big blind $3
*** HOLE CARDS ***
Chessnok: raises $3 to $6
confususs: calls $3
*** FLOP *** [Qh 9c Th]
confususs: checks
Chessnok: bets $3
confususs: calls $3
*** TURN *** [Qh 9c Th] [3h]
confususs: checks
Chessnok: bets $6
confususs: calls $6
*** RIVER *** [Qh 9c Th 3h] [8s]
confususs: checks
Chessnok: checks
*** SHOW DOWN ***
confususs: shows [9d 7d] (a pair of Nines)
Chessnok: shows [Ts 5h] (a pair of Tens)
Chessnok collected $29.50 from pot
*** SUMMARY ***
Total pot $30 | Rake $0.50
Board [Qh 9c Th 3h 8s]
Seat 2: Chessnok (button) (small blind) showed [Ts 5h] and won ($29.50) with a pair of Tens
Seat 3: confususs (big blind) showed [9d 7d] and lost with a pair of Nines


PokerStars Hand #174349401285:  Hold'em Limit ($3/$6 USD) - 2017/08/14 22:57:12 ET
Table 'Bolyai' 6-max Seat #3 is the button
Seat 2: Chessnok ($268.70 in chips)
Seat 3: confususs ($303.08 in chips)
confususs: posts small blind $1
Chessnok: posts big blind $3
*** HOLE CARDS ***
confususs: raises $3 to $6
Chessnok: calls $3
*** FLOP *** [Jc Td 8c]
Chessnok: checks
confususs: checks
*** TURN *** [Jc Td 8c] [6h]
Chessnok: bets $6
confususs: calls $6
*** RIVER *** [Jc Td 8c 6h] [Kh]
Chessnok: bets $6
confususs: calls $6
*** SHOW DOWN ***
Chessnok: shows [7h Ts] (a pair of Tens)
confususs: mucks hand
Chessnok collected $35.50 from pot
*** SUMMARY ***
Total pot $36 | Rake $0.50
Board [Jc Td 8c 6h Kh]
Seat 2: Chessnok (big blind) showed [7h Ts] and won ($35.50) with a pair of Tens
Seat 3: confususs (button) (small blind) mucked


PokerStars Hand #174349425904:  Hold'em Limit ($3/$6 USD) - 2017/08/14 22:58:36 ET
Table 'Bolyai' 6-max Seat #2 is the button
Seat 2: Chessnok ($288.70 in chips)
Seat 3: confususs ($281.60 in chips)
Chessnok: posts small blind $1
confususs: posts big blind $3
*** HOLE CARDS ***
Chessnok: raises $3 to $6
confususs: calls $3
*** FLOP *** [9h 6h 3d]
confususs: checks
Chessnok: bets $3
confususs: calls $3
*** TURN *** [9h 6h 3d] [Jh]
confususs: checks
Chessnok: checks
*** RIVER *** [9h 6h 3d Jh] [Jc]
confususs: checks
Chessnok: bets $6
confususs: folds
Uncalled bet ($6) returned to Chessnok
Chessnok collected $17.64 from pot
Chessnok: doesn't show hand
*** SUMMARY ***
Total pot $18 | Rake $0.36
Board [9h 6h 3d Jh Jc]
Seat 2: Chessnok (button) (small blind) collected ($17.64)
Seat 3: confususs (big blind) folded on the River


PokerStars Hand #174349416090:  Hold'em Limit ($3/$6 USD) - 2017/08/14 22:58:02 ET
Table 'Bolyai' 6-max Seat #3 is the button
Seat 2: Chessnok ($300.70 in chips)
Seat 3: confususs ($270.08 in chips)
confususs: posts small blind $1
Chessnok: posts big blind $3
*** HOLE CARDS ***
confususs: raises $3 to $6
Chessnok: raises $3 to $9
confususs: raises $3 to $12
Betting is capped
Chessnok: calls $3
*** FLOP *** [Ah 4h As]
Chessnok: checks
confususs: bets $3
Chessnok: folds
Uncalled bet ($3) returned to confususs
confususs collected $23.52 from pot
*** SUMMARY ***
Total pot $24 | Rake $0.48
Board [Ah 4h As]
Seat 2: Chessnok (big blind) folded on the Flop
Seat 3: confususs (button) (small blind) collected ($23.52)


PokerStars Hand #174349443929:  Hold'em Limit ($3/$6 USD) - 2017/08/14 22:59:37 ET
Table 'Bolyai' 6-max Seat #3 is the button
Seat 2: Chessnok ($302.10 in chips)
Seat 3: confususs ($267.60 in chips)
confususs: posts small blind $1
Chessnok: posts big blind $3
*** HOLE CARDS ***
confususs: raises $3 to $6
Chessnok: calls $3
*** FLOP *** [Jd 4s 2h]
Chessnok: checks
confususs: bets $3
Chessnok: calls $3
*** TURN *** [Jd 4s 2h] [3h]
Chessnok: checks
confususs: bets $6
Chessnok: calls $6
*** RIVER *** [Jd 4s 2h 3h] [2s]
Chessnok: bets $6
confususs: raises $6 to $12
Chessnok: raises $6 to $18
confususs: raises $6 to $24
Betting is capped
Chessnok: calls $6
*** SHOW DOWN ***
confususs: shows [Jc Jh] (a full house, Jacks full of Deuces)
Chessnok: mucks hand
Kleeblatt180 joins the table at seat #6
confususs collected $77.50 from pot
*** SUMMARY ***
Total pot $78 | Rake $0.50
Board [Jd 4s 2h 3h 2s]
Seat 2: Chessnok (big blind) mucked
Seat 3: confususs (button) (small blind) showed [Jc Jh] and won ($77.50) with a full house, Jacks full of Deuces


PokerStars Hand #174349435928:  Hold'em Limit ($3/$6 USD) - 2017/08/14 22:59:10 ET
Table 'Bolyai' 6-max Seat #3 is the button
Seat 2: Chessnok ($297.34 in chips)
Seat 3: confususs ($272.60 in chips)
confususs: posts small blind $1
Chessnok: posts big blind $3
*** HOLE CARDS ***
confususs: raises $3 to $6
Chessnok: calls $3
*** FLOP *** [2s Jd Kc]
Chessnok: bets $3
confususs: folds
Uncalled bet ($3) returned to Chessnok
Chessnok collected $11.76 from pot
Chessnok: doesn't show hand
*** SUMMARY ***
Total pot $12 | Rake $0.24
Board [2s Jd Kc]
Seat 2: Chessnok (big blind) collected ($11.76)
Seat 3: confususs (button) (small blind) folded on the Flop


PokerStars Hand #174349441508:  Hold'em Limit ($3/$6 USD) - 2017/08/14 22:59:29 ET
Table 'Bolyai' 6-max Seat #2 is the button
Seat 2: Chessnok ($303.10 in chips)
Seat 3: confususs ($266.60 in chips)
Chessnok: posts small blind $1
confususs: posts big blind $3
*** HOLE CARDS ***
Chessnok: folds
Uncalled bet ($2) returned to confususs
confususs collected $2 from pot
*** SUMMARY ***
Total pot $2 | Rake $0
Seat 2: Chessnok (button) (small blind) folded before Flop
Seat 3: confususs (big blind) collected ($2)


PokerStars Hand #174349454971:  Hold'em Limit ($3/$6 USD) - 2017/08/14 23:00:15 ET
Table 'Bolyai' 6-max Seat #2 is the button
Seat 2: Chessnok ($263.10 in chips)
Seat 3: confususs ($306.10 in chips)
Chessnok: posts small blind $1
confususs: posts big blind $3
*** HOLE CARDS ***
Chessnok: raises $3 to $6
confususs: calls $3
*** FLOP *** [6d Kd 8s]
confususs: checks
Chessnok: bets $3
confususs: calls $3
*** TURN *** [6d Kd 8s] [2h]
confususs: checks
Chessnok: bets $6
confususs: folds
Uncalled bet ($6) returned to Chessnok
Chessnok collected $17.64 from pot
Chessnok: doesn't show hand
*** SUMMARY ***
Total pot $18 | Rake $0.36
Board [6d Kd 8s 2h]
Seat 2: Chessnok (button) (small blind) collected ($17.64)
Seat 3: confususs (big blind) folded on the Turn


PokerStars Hand #174350799766:  Hold'em Limit ($3/$6 USD) - 2017/08/15 0:16:47 ET
Table 'Bolyai' 6-max Seat #4 is the button
Seat 3: confususs ($462.96 in chips)
Seat 4: favete lin ($299.56 in chips)
favete lin: posts small blind $1
confususs: posts big blind $3
*** HOLE CARDS ***
favete lin: raises $3 to $6
confususs: calls $3
*** FLOP *** [Jc 4c Ad]
confususs: checks
favete lin: bets $3
confususs: raises $3 to $6
favete lin: raises $3 to $9
confususs: calls $3
*** TURN *** [Jc 4c Ad] [Qd]
confususs: checks
favete lin: bets $6
confususs: calls $6
*** RIVER *** [Jc 4c Ad Qd] [3s]
confususs: checks
favete lin: checks
*** SHOW DOWN ***
confususs: shows [3h As] (two pair, Aces and Threes)
favete lin: mucks hand
confususs collected $41.50 from pot
*** SUMMARY ***
Total pot $42 | Rake $0.50
Board [Jc 4c Ad Qd 3s]
Seat 3: confususs (big blind) showed [3h As] and won ($41.50) with two pair, Aces and Threes
Seat 4: favete lin (button) (small blind) mucked


PokerStars Hand #174350797898:  Hold'em Limit ($3/$6 USD) - 2017/08/15 0:16:41 ET
Table 'Bolyai' 6-max Seat #3 is the button
Seat 3: confususs ($459.96 in chips)
Seat 4: favete lin ($302.56 in chips)
confususs: posts small blind $1
favete lin: posts big blind $3
*** HOLE CARDS ***
confususs: raises $3 to $6
favete lin: folds
Uncalled bet ($3) returned to confususs
confususs collected $6 from pot
*** SUMMARY ***
Total pot $6 | Rake $0
Seat 3: confususs (button) (small blind) collected ($6)
Seat 4: favete lin (big blind) folded before Flop


PokerStars Hand #174350795406:  Hold'em Limit ($3/$6 USD) - 2017/08/15 0:16:31 ET
Table 'Bolyai' 6-max Seat #4 is the button
Seat 3: confususs ($462.96 in chips)
Seat 4: favete lin ($299.56 in chips)
favete lin: posts small blind $1
Chessnok: is sitting out
confususs: posts big blind $3
*** HOLE CARDS ***
favete lin: raises $3 to $6
confususs: folds
Uncalled bet ($3) returned to favete lin
favete lin collected $6 from pot
favete lin: doesn't show hand
*** SUMMARY ***
Total pot $6 | Rake $0
Seat 3: confususs (big blind) folded before Flop
Seat 4: favete lin (button) (small blind) collected ($6)


PokerStars Hand #174350816508:  Hold'em Limit ($3/$6 USD) - 2017/08/15 0:17:51 ET
Table 'Bolyai' 6-max Seat #4 is the button
Seat 3: confususs ($474.46 in chips)
Seat 4: favete lin ($287.56 in chips)
favete lin: posts small blind $1
confususs: posts big blind $3
*** HOLE CARDS ***
favete lin: raises $3 to $6
confususs: calls $3
*** FLOP *** [Kc 2c 9s]
confususs: bets $3
favete lin: calls $3
*** TURN *** [Kc 2c 9s] [6h]
confususs: bets $6
favete lin: calls $6
*** RIVER *** [Kc 2c 9s 6h] [8s]
confususs: bets $6
favete lin: folds
Uncalled bet ($6) returned to confususs
confususs collected $29.50 from pot
*** SUMMARY ***
Total pot $30 | Rake $0.50
Board [Kc 2c 9s 6h 8s]
Seat 3: confususs (big blind) collected ($29.50)
Seat 4: favete lin (button) (small blind) folded on the River


PokerStars Hand #174350815328:  Hold'em Limit ($3/$6 USD) - 2017/08/15 0:17:46 ET
Table 'Bolyai' 6-max Seat #3 is the button
Seat 3: confususs ($475.46 in chips)
Seat 4: favete lin ($286.56 in chips)
confususs: posts small blind $1
favete lin: posts big blind $3
*** HOLE CARDS ***
confususs: folds
Uncalled bet ($2) returned to favete lin
favete lin collected $2 from pot
favete lin: doesn't show hand
*** SUMMARY ***
Total pot $2 | Rake $0
Seat 3: confususs (button) (small blind) folded before Flop
Seat 4: favete lin (big blind) collected ($2)


PokerStars Hand #174350813780:  Hold'em Limit ($3/$6 USD) - 2017/08/15 0:17:41 ET
Table 'Bolyai' 6-max Seat #4 is the button
Seat 3: confususs ($478.46 in chips)
Seat 4: favete lin ($283.56 in chips)
favete lin: posts small blind $1
Zazi was removed from the table for failing to post
confususs: posts big blind $3
*** HOLE CARDS ***
favete lin: raises $3 to $6
confususs: folds
Uncalled bet ($3) returned to favete lin
favete lin collected $6 from pot
favete lin: doesn't show hand
*** SUMMARY ***
Total pot $6 | Rake $0
Seat 3: confususs (big blind) folded before Flop
Seat 4: favete lin (button) (small blind) collected ($6)


PokerStars Hand #174350812485:  Hold'em Limit ($3/$6 USD) - 2017/08/15 0:17:36 ET
Table 'Bolyai' 6-max Seat #3 is the button
Seat 3: confususs ($479.46 in chips)
Seat 4: favete lin ($282.56 in chips)
confususs: posts small blind $1
favete lin: posts big blind $3
*** HOLE CARDS ***
confususs: folds
Uncalled bet ($2) returned to favete lin
Chessnok leaves the table
favete lin collected $2 from pot
favete lin: doesn't show hand
*** SUMMARY ***
Total pot $2 | Rake $0
Seat 3: confususs (button) (small blind) folded before Flop
Seat 4: favete lin (big blind) collected ($2)


PokerStars Hand #174350810791:  Hold'em Limit ($3/$6 USD) - 2017/08/15 0:17:29 ET
Table 'Bolyai' 6-max Seat #4 is the button
Seat 3: confususs ($482.46 in chips)
Seat 4: favete lin ($279.56 in chips)
favete lin: posts small blind $1
confususs: posts big blind $3
*** HOLE CARDS ***
favete lin: raises $3 to $6
confususs: folds
Uncalled bet ($3) returned to favete lin
favete lin collected $6 from pot
favete lin: doesn't show hand
*** SUMMARY ***
Total pot $6 | Rake $0
Seat 3: confususs (big blind) folded before Flop
Seat 4: favete lin (button) (small blind) collected ($6)


PokerStars Hand #174350809069:  Hold'em Limit ($3/$6 USD) - 2017/08/15 0:17:23 ET
Table 'Bolyai' 6-max Seat #3 is the button
Seat 3: confususs ($483.46 in chips)
Seat 4: favete lin ($278.56 in chips)
confususs: posts small blind $1
favete lin: posts big blind $3
*** HOLE CARDS ***
confususs: folds
Uncalled bet ($2) returned to favete lin
favete lin collected $2 from pot
favete lin: doesn't show hand
*** SUMMARY ***
Total pot $2 | Rake $0
Seat 3: confususs (button) (small blind) folded before Flop
Seat 4: favete lin (big blind) collected ($2)


PokerStars Hand #174350838269:  Hold'em Limit ($3/$6 USD) - 2017/08/15 0:19:13 ET
Table 'Bolyai' 6-max Seat #3 is the button
Seat 3: confususs ($473.96 in chips)
Seat 4: favete lin ($286.96 in chips)
confususs: posts small blind $1
favete lin: posts big blind $3
*** HOLE CARDS ***
confususs: folds
Uncalled bet ($2) returned to favete lin
favete lin collected $2 from pot
favete lin: doesn't show hand
*** SUMMARY ***
Total pot $2 | Rake $0
Seat 3: confususs (button) (small blind) folded before Flop
Seat 4: favete lin (big blind) collected ($2)


PokerStars Hand #174350836831:  Hold'em Limit ($3/$6 USD) - 2017/08/15 0:19:08 ET
Table 'Bolyai' 6-max Seat #4 is the button
Seat 3: confususs ($472.96 in chips)
Seat 4: favete lin ($287.96 in chips)
favete lin: posts small blind $1
confususs: posts big blind $3
*** HOLE CARDS ***
favete lin: folds
Uncalled bet ($2) returned to confususs
confususs collected $2 from pot
*** SUMMARY ***
Total pot $2 | Rake $0
Seat 3: confususs (big blind) collected ($2)
Seat 4: favete lin (button) (small blind) folded before Flop


PokerStars Hand #174350823909:  Hold'em Limit ($3/$6 USD) - 2017/08/15 0:18:19 ET
Table 'Bolyai' 6-max Seat #3 is the button
Seat 3: confususs ($488.96 in chips)
Seat 4: favete lin ($272.56 in chips)
confususs: posts small blind $1
favete lin: posts big blind $3
*** HOLE CARDS ***
confususs: raises $3 to $6
favete lin: calls $3
*** FLOP *** [8h Jh 4h]
favete lin: checks
confususs: checks
*** TURN *** [8h Jh 4h] [2c]
favete lin: bets $6
confususs: folds
Uncalled bet ($6) returned to favete lin
favete lin collected $11.76 from pot
favete lin: doesn't show hand
*** SUMMARY ***
Total pot $12 | Rake $0.24
Board [8h Jh 4h 2c]
Seat 3: confususs (button) (small blind) folded on the Turn
Seat 4: favete lin (big blind) collected ($11.76)


PokerStars Hand #174350835508:  Hold'em Limit ($3/$6 USD) - 2017/08/15 0:19:03 ET
Table 'Bolyai' 6-max Seat #3 is the button
Seat 3: confususs ($473.96 in chips)
Seat 4: favete lin ($286.96 in chips)
confususs: posts small blind $1
favete lin: posts big blind $3
*** HOLE CARDS ***
confususs: folds
Uncalled bet ($2) returned to favete lin
favete lin collected $2 from pot
favete lin: doesn't show hand
*** SUMMARY ***
Total pot $2 | Rake $0
Seat 3: confususs (button) (small blind) folded before Flop
Seat 4: favete lin (big blind) collected ($2)


PokerStars Hand #174350827579:  Hold'em Limit ($3/$6 USD) - 2017/08/15 0:18:33 ET
Table 'Bolyai' 6-max Seat #4 is the button
Seat 3: confususs ($482.96 in chips)
Seat 4: favete lin ($278.32 in chips)
favete lin: posts small blind $1
confususs: posts big blind $3
*** HOLE CARDS ***
favete lin: raises $3 to $6
confususs: calls $3
*** FLOP *** [Ad 8d Qh]
confususs: checks
favete lin: bets $3
confususs: calls $3
*** TURN *** [Ad 8d Qh] [Qd]
confususs: checks
favete lin: checks
*** RIVER *** [Ad 8d Qh Qd] [4d]
confususs: checks
favete lin: bets $6
confususs: folds
Uncalled bet ($6) returned to favete lin
favete lin collected $17.64 from pot
favete lin: doesn't show hand
*** SUMMARY ***
Total pot $18 | Rake $0.36
Board [Ad 8d Qh Qd 4d]
Seat 3: confususs (big blind) folded on the River
Seat 4: favete lin (button) (small blind) collected ($17.64)


PokerStars Hand #174350847017:  Hold'em Limit ($3/$6 USD) - 2017/08/15 0:19:47 ET
Table 'Bolyai' 6-max Seat #3 is the button
Seat 3: confususs ($466.96 in chips)
Seat 4: favete lin ($293.72 in chips)
confususs: posts small blind $1
favete lin: posts big blind $3
*** HOLE CARDS ***
confususs: raises $3 to $6
favete lin: calls $3
*** FLOP *** [2s Jc 5d]
favete lin: checks
confususs: checks
*** TURN *** [2s Jc 5d] [Kd]
favete lin: checks
confususs: checks
*** RIVER *** [2s Jc 5d Kd] [Tc]
favete lin: checks
confususs: bets $6
favete lin: calls $6
*** SHOW DOWN ***
confususs: shows [Ts Ad] (a pair of Tens)
favete lin: mucks hand
confususs collected $23.52 from pot
*** SUMMARY ***
Total pot $24 | Rake $0.48
Board [2s Jc 5d Kd Tc]
Seat 3: confususs (button) (small blind) showed [Ts Ad] and won ($23.52) with a pair of Tens
Seat 4: favete lin (big blind) mucked


PokerStars Hand #174350845824:  Hold'em Limit ($3/$6 USD) - 2017/08/15 0:19:42 ET
Table 'Bolyai' 6-max Seat #4 is the button
Seat 3: confususs ($465.96 in chips)
Seat 4: favete lin ($294.72 in chips)
favete lin: posts small blind $1
confususs: posts big blind $3
*** HOLE CARDS ***
favete lin: folds
Uncalled bet ($2) returned to confususs
confususs collected $2 from pot
*** SUMMARY ***
Total pot $2 | Rake $0
Seat 3: confususs (big blind) collected ($2)
Seat 4: favete lin (button) (small blind) folded before Flop


PokerStars Hand #174350844585:  Hold'em Limit ($3/$6 USD) - 2017/08/15 0:19:37 ET
Table 'Bolyai' 6-max Seat #3 is the button
Seat 3: confususs ($466.96 in chips)
Seat 4: favete lin ($293.72 in chips)
confususs: posts small blind $1
favete lin: posts big blind $3
*** HOLE CARDS ***
confususs: folds
Uncalled bet ($2) returned to favete lin
favete lin collected $2 from pot
favete lin: doesn't show hand
*** SUMMARY ***
Total pot $2 | Rake $0
Seat 3: confususs (button) (small blind) folded before Flop
Seat 4: favete lin (big blind) collected ($2)


PokerStars Hand #174350839822:  Hold'em Limit ($3/$6 USD) - 2017/08/15 0:19:19 ET
Table 'Bolyai' 6-max Seat #4 is the button
Seat 3: confususs ($472.96 in chips)
Seat 4: favete lin ($287.96 in chips)
favete lin: posts small blind $1
confususs: posts big blind $3
*** HOLE CARDS ***
favete lin: raises $3 to $6
confususs: calls $3
*** FLOP *** [6h 6d 5c]
confususs: checks
favete lin: bets $3
confususs: folds
Uncalled bet ($3) returned to favete lin
favete lin collected $11.76 from pot
favete lin: doesn't show hand
*** SUMMARY ***
Total pot $12 | Rake $0.24
Board [6h 6d 5c]
Seat 3: confususs (big blind) folded on the Flop
Seat 4: favete lin (button) (small blind) collected ($11.76)


PokerStars Hand #174350851311:  Hold'em Limit ($3/$6 USD) - 2017/08/15 0:20:03 ET
Table 'Bolyai' 6-max Seat #4 is the button
Seat 3: confususs ($478.48 in chips)
Seat 4: favete lin ($281.72 in chips)
favete lin: posts small blind $1
confususs: posts big blind $3
*** HOLE CARDS ***
favete lin: raises $3 to $6
confususs: calls $3
*** FLOP *** [Jh As 9c]
confususs: checks
favete lin: bets $3
confususs: calls $3
*** TURN *** [Jh As 9c] [7d]
confususs: checks
favete lin: checks
*** RIVER *** [Jh As 9c 7d] [Ac]
confususs: bets $6
favete lin: calls $6
*** SHOW DOWN ***
confususs: shows [Jc 8c] (two pair, Aces and Jacks)
favete lin: mucks hand
confususs collected $29.50 from pot
*** SUMMARY ***
Total pot $30 | Rake $0.50
Board [Jh As 9c 7d Ac]
Seat 3: confususs (big blind) showed [Jc 8c] and won ($29.50) with two pair, Aces and Jacks
Seat 4: favete lin (button) (small blind) mucked


PokerStars Hand #174350860039:  Hold'em Limit ($3/$6 USD) - 2017/08/15 0:20:36 ET
Table 'Bolyai' 6-max Seat #3 is the button
Seat 3: confususs ($492.98 in chips)
Seat 4: favete lin ($266.72 in chips)
confususs: posts small blind $1
favete lin: posts big blind $3
*** HOLE CARDS ***
confususs: folds
Uncalled bet ($2) returned to favete lin
favete lin collected $2 from pot
favete lin: doesn't show hand
*** SUMMARY ***
Total pot $2 | Rake $0
Seat 3: confususs (button) (small blind) folded before Flop
Seat 4: favete lin (big blind) collected ($2)


PokerStars Hand #174350858452:  Hold'em Limit ($3/$6 USD) - 2017/08/15 0:20:30 ET
Table 'Bolyai' 6-max Seat #4 is the button
Seat 3: confususs ($495.98 in chips)
Seat 4: favete lin ($263.72 in chips)
favete lin: posts small blind $1
confususs: posts big blind $3
*** HOLE CARDS ***
favete lin: raises $3 to $6
confususs: folds
Uncalled bet ($3) returned to favete lin
favete lin collected $6 from pot
favete lin: doesn't show hand
*** SUMMARY ***
Total pot $6 | Rake $0
Seat 3: confususs (big blind) folded before Flop
Seat 4: favete lin (button) (small blind) collected ($6)


PokerStars Hand #174350856780:  Hold'em Limit ($3/$6 USD) - 2017/08/15 0:20:24 ET
Table 'Bolyai' 6-max Seat #3 is the button
Seat 3: confususs ($492.98 in chips)
Seat 4: favete lin ($266.72 in chips)
confususs: posts small blind $1
favete lin: posts big blind $3
*** HOLE CARDS ***
confususs: raises $3 to $6
favete lin: folds
Uncalled bet ($3) returned to confususs
confususs collected $6 from pot
*** SUMMARY ***
Total pot $6 | Rake $0
Seat 3: confususs (button) (small blind) collected ($6)
Seat 4: favete lin (big blind) folded before Flop


PokerStars Hand #174350870724:  Hold'em Limit ($3/$6 USD) - 2017/08/15 0:21:17 ET
Table 'Bolyai' 6-max Seat #4 is the button
Seat 3: confususs ($482.50 in chips)
Seat 4: favete lin ($276.22 in chips)
favete lin: posts small blind $1
confususs: posts big blind $3
*** HOLE CARDS ***
favete lin: folds
Uncalled bet ($2) returned to confususs
confususs collected $2 from pot
*** SUMMARY ***
Total pot $2 | Rake $0
Seat 3: confususs (big blind) collected ($2)
Seat 4: favete lin (button) (small blind) folded before Flop


PokerStars Hand #174350866716:  Hold'em Limit ($3/$6 USD) - 2017/08/15 0:21:02 ET
Table 'Bolyai' 6-max Seat #3 is the button
Seat 3: confususs ($470.98 in chips)
Seat 4: favete lin ($288.22 in chips)
confususs: posts small blind $1
favete lin: posts big blind $3
*** HOLE CARDS ***
confususs: raises $3 to $6
favete lin: calls $3
*** FLOP *** [7h 9s 6d]
favete lin: checks
confususs: checks
*** TURN *** [7h 9s 6d] [6c]
favete lin: bets $6
confususs: calls $6
*** RIVER *** [7h 9s 6d 6c] [Qd]
favete lin: checks
confususs: checks
*** SHOW DOWN ***
favete lin: shows [3d 5h] (a pair of Sixes)
confususs: shows [Ac 2d] (a pair of Sixes - Ace kicker)
confususs collected $23.52 from pot
*** SUMMARY ***
Total pot $24 | Rake $0.48
Board [7h 9s 6d 6c Qd]
Seat 3: confususs (button) (small blind) showed [Ac 2d] and won ($23.52) with a pair of Sixes
Seat 4: favete lin (big blind) showed [3d 5h] and lost with a pair of Sixes


PokerStars Hand #174350861503:  Hold'em Limit ($3/$6 USD) - 2017/08/15 0:20:42 ET
Table 'Bolyai' 6-max Seat #4 is the button
Seat 3: confususs ($491.98 in chips)
Seat 4: favete lin ($267.72 in chips)
favete lin: posts small blind $1
confususs: posts big blind $3
*** HOLE CARDS ***
favete lin: raises $3 to $6
confususs: calls $3
*** FLOP *** [4c 2c 4s]
confususs: bets $3
favete lin: calls $3
*** TURN *** [4c 2c 4s] [9d]
confususs: checks
favete lin: bets $6
confususs: calls $6
*** RIVER *** [4c 2c 4s 9d] [Kc]
confususs: bets $6
favete lin: calls $6
*** SHOW DOWN ***
confususs: shows [5c 3h] (a pair of Fours)
favete lin: shows [9s 6h] (two pair, Nines and Fours)
favete lin collected $41.50 from pot
*** SUMMARY ***
Total pot $42 | Rake $0.50
Board [4c 2c 4s 9d Kc]
Seat 3: confususs (big blind) showed [5c 3h] and lost with a pair of Fours
Seat 4: favete lin (button) (small blind) showed [9s 6h] and won ($41.50) with two pair, Nines and Fours


PokerStars Hand #174350886246:  Hold'em Limit ($3/$6 USD) - 2017/08/15 0:22:16 ET
Table 'Bolyai' 6-max Seat #3 is the button
Seat 3: confususs ($468.02 in chips)
Seat 4: favete lin ($289.72 in chips)
confususs: posts small blind $1
favete lin: posts big blind $3
*** HOLE CARDS ***
confususs: folds
Uncalled bet ($2) returned to favete lin
favete lin collected $2 from pot
favete lin: doesn't show hand
*** SUMMARY ***
Total pot $2 | Rake $0
Seat 3: confususs (button) (small blind) folded before Flop
Seat 4: favete lin (big blind) collected ($2)


PokerStars Hand #174350877894:  Hold'em Limit ($3/$6 USD) - 2017/08/15 0:21:44 ET
Table 'Bolyai' 6-max Seat #3 is the button
Seat 3: confususs ($486.26 in chips)
Seat 4: favete lin ($272.22 in chips)
confususs: posts small blind $1
favete lin: posts big blind $3
*** HOLE CARDS ***
confususs: raises $3 to $6
favete lin: calls $3
*** FLOP *** [3h 3c Jd]
favete lin: checks
confususs: bets $3
favete lin: folds
Uncalled bet ($3) returned to confususs
confususs collected $11.76 from pot
*** SUMMARY ***
Total pot $12 | Rake $0.24
Board [3h 3c Jd]
Seat 3: confususs (button) (small blind) collected ($11.76)
Seat 4: favete lin (big blind) folded on the Flop


PokerStars Hand #174350876192:  Hold'em Limit ($3/$6 USD) - 2017/08/15 0:21:38 ET
Table 'Bolyai' 6-max Seat #4 is the button
Seat 3: confususs ($489.26 in chips)
Seat 4: favete lin ($269.22 in chips)
favete lin: posts small blind $1
confususs: posts big blind $3
*** HOLE CARDS ***
favete lin: raises $3 to $6
confususs: folds
Uncalled bet ($3) returned to favete lin
favete lin collected $6 from pot
favete lin: doesn't show hand
*** SUMMARY ***
Total pot $6 | Rake $0
Seat 3: confususs (big blind) folded before Flop
Seat 4: favete lin (button) (small blind) collected ($6)


PokerStars Hand #174350871904:  Hold'em Limit ($3/$6 USD) - 2017/08/15 0:21:21 ET
Table 'Bolyai' 6-max Seat #3 is the button
Seat 3: confususs ($483.50 in chips)
Seat 4: favete lin ($275.22 in chips)
confususs: posts small blind $1
favete lin: posts big blind $3
*** HOLE CARDS ***
confususs: raises $3 to $6
favete lin: calls $3
*** FLOP *** [Qc 4c Kc]
favete lin: checks
confususs: checks
*** TURN *** [Qc 4c Kc] [7s]
favete lin: checks
confususs: checks
*** RIVER *** [Qc 4c Kc 7s] [3s]
favete lin: checks
confususs: bets $6
favete lin: folds
Uncalled bet ($6) returned to confususs
confususs collected $11.76 from pot
*** SUMMARY ***
Total pot $12 | Rake $0.24
Board [Qc 4c Kc 7s 3s]
Seat 3: confususs (button) (small blind) collected ($11.76)
Seat 4: favete lin (big blind) folded on the River


PokerStars Hand #174350880889:  Hold'em Limit ($3/$6 USD) - 2017/08/15 0:21:56 ET
Table 'Bolyai' 6-max Seat #4 is the button
Seat 3: confususs ($492.02 in chips)
Seat 4: favete lin ($266.22 in chips)
favete lin: posts small blind $1
confususs: posts big blind $3
*** HOLE CARDS ***
favete lin: raises $3 to $6
confususs: calls $3
*** FLOP *** [3c 9s 7d]
confususs: bets $3
favete lin: raises $3 to $6
confususs: calls $3
*** TURN *** [3c 9s 7d] [Qd]
confususs: checks
favete lin: bets $6
confususs: calls $6
*** RIVER *** [3c 9s 7d Qd] [Kd]
confususs: checks
favete lin: bets $6
confususs: calls $6
*** SHOW DOWN ***
favete lin: shows [7h 3h] (two pair, Sevens and Threes)
confususs: mucks hand
favete lin collected $47.50 from pot
*** SUMMARY ***
Total pot $48 | Rake $0.50
Board [3c 9s 7d Qd Kd]
Seat 3: confususs (big blind) mucked
Seat 4: favete lin (button) (small blind) showed [7h 3h] and won ($47.50) with two pair, Sevens and Threes


PokerStars Hand #174350900967:  Hold'em Limit ($3/$6 USD) - 2017/08/15 0:23:13 ET
Table 'Bolyai' 6-max Seat #3 is the button
Seat 3: confususs ($484.52 in chips)
Seat 4: favete lin ($272.22 in chips)
confususs: posts small blind $1
favete lin: posts big blind $3
*** HOLE CARDS ***
confususs: folds
Uncalled bet ($2) returned to favete lin
favete lin collected $2 from pot
favete lin: doesn't show hand
*** SUMMARY ***
Total pot $2 | Rake $0
Seat 3: confususs (button) (small blind) folded before Flop
Seat 4: favete lin (big blind) collected ($2)


PokerStars Hand #174350895564:  Hold'em Limit ($3/$6 USD) - 2017/08/15 0:22:52 ET
Table 'Bolyai' 6-max Seat #4 is the button
Seat 3: confususs ($499.52 in chips)
Seat 4: favete lin ($257.72 in chips)
favete lin: posts small blind $1
confususs: posts big blind $3
*** HOLE CARDS ***
favete lin: raises $3 to $6
confususs: calls $3
*** FLOP *** [4h Qh Js]
confususs: checks
favete lin: bets $3
confususs: calls $3
*** TURN *** [4h Qh Js] [5c]
confususs: checks
favete lin: bets $6
confususs: calls $6
*** RIVER *** [4h Qh Js 5c] [2h]
confususs: checks
favete lin: bets $6
confususs: folds
Uncalled bet ($6) returned to favete lin
favete lin collected $29.50 from pot
favete lin: doesn't show hand
*** SUMMARY ***
Total pot $30 | Rake $0.50
Board [4h Qh Js 5c 2h]
Seat 3: confususs (big blind) folded on the River
Seat 4: favete lin (button) (small blind) collected ($29.50)


PokerStars Hand #174350887603:  Hold'em Limit ($3/$6 USD) - 2017/08/15 0:22:21 ET
Table 'Bolyai' 6-max Seat #4 is the button
Seat 3: confususs ($467.02 in chips)
Seat 4: favete lin ($290.72 in chips)
favete lin: posts small blind $1
confususs: posts big blind $3
*** HOLE CARDS ***
favete lin: raises $3 to $6
confususs: raises $3 to $9
favete lin: calls $3
*** FLOP *** [8s 3h 9d]
confususs: bets $3
favete lin: calls $3
*** TURN *** [8s 3h 9d] [7s]
confususs: bets $6
favete lin: raises $6 to $12
confususs: calls $6
*** RIVER *** [8s 3h 9d 7s] [Th]
confususs: bets $6
favete lin: calls $6
*** SHOW DOWN ***
confususs: shows [Qd Jd] (a straight, Eight to Queen)
favete lin: mucks hand
confususs collected $59.50 from pot
*** SUMMARY ***
Total pot $60 | Rake $0.50
Board [8s 3h 9d 7s Th]
Seat 3: confususs (big blind) showed [Qd Jd] and won ($59.50) with a straight, Eight to Queen
Seat 4: favete lin (button) (small blind) mucked


PokerStars Hand #174350893750:  Hold'em Limit ($3/$6 USD) - 2017/08/15 0:22:45 ET
Table 'Bolyai' 6-max Seat #3 is the button
Seat 3: confususs ($496.52 in chips)
Seat 4: favete lin ($260.72 in chips)
confususs: posts small blind $1
favete lin: posts big blind $3
*** HOLE CARDS ***
confususs: raises $3 to $6
favete lin: folds
Uncalled bet ($3) returned to confususs
confususs collected $6 from pot
*** SUMMARY ***
Total pot $6 | Rake $0
Seat 3: confususs (button) (small blind) collected ($6)
Seat 4: favete lin (big blind) folded before Flop


PokerStars Hand #174350902238:  Hold'em Limit ($3/$6 USD) - 2017/08/15 0:23:18 ET
Table 'Bolyai' 6-max Seat #4 is the button
Seat 3: confususs ($483.52 in chips)
Seat 4: favete lin ($273.22 in chips)
favete lin: posts small blind $1
confususs: posts big blind $3
*** HOLE CARDS ***
favete lin: raises $3 to $6
confususs: calls $3
*** FLOP *** [3s 3c 5d]
confususs: checks
favete lin: bets $3
confususs: folds
Uncalled bet ($3) returned to favete lin
favete lin collected $11.76 from pot
favete lin: doesn't show hand
*** SUMMARY ***
Total pot $12 | Rake $0.24
Board [3s 3c 5d]
Seat 3: confususs (big blind) folded on the Flop
Seat 4: favete lin (button) (small blind) collected ($11.76)


PokerStars Hand #174350915316:  Hold'em Limit ($3/$6 USD) - 2017/08/15 0:24:08 ET
Table 'Bolyai' 6-max Seat #4 is the button
Seat 3: confususs ($503.02 in chips)
Seat 4: favete lin ($252.98 in chips)
favete lin: posts small blind $1
confususs: posts big blind $3
*** HOLE CARDS ***
favete lin: calls $2
confususs: checks
*** FLOP *** [Qd 8h As]
confususs: checks
favete lin: bets $3
confususs: calls $3
*** TURN *** [Qd 8h As] [6s]
confususs: checks
favete lin: checks
*** RIVER *** [Qd 8h As 6s] [6d]
confususs: checks
favete lin: checks
*** SHOW DOWN ***
confususs: shows [Jd 9h] (a pair of Sixes)
favete lin: mucks hand
confususs collected $11.76 from pot
*** SUMMARY ***
Total pot $12 | Rake $0.24
Board [Qd 8h As 6s 6d]
Seat 3: confususs (big blind) showed [Jd 9h] and won ($11.76) with a pair of Sixes
Seat 4: favete lin (button) (small blind) mucked


PokerStars Hand #174350913663:  Hold'em Limit ($3/$6 USD) - 2017/08/15 0:24:02 ET
Table 'Bolyai' 6-max Seat #3 is the button
Seat 3: confususs ($504.02 in chips)
Seat 4: favete lin ($251.98 in chips)
confususs: posts small blind $1
favete lin: posts big blind $3
*** HOLE CARDS ***
confususs: folds
Uncalled bet ($2) returned to favete lin
favete lin collected $2 from pot
favete lin: doesn't show hand
*** SUMMARY ***
Total pot $2 | Rake $0
Seat 3: confususs (button) (small blind) folded before Flop
Seat 4: favete lin (big blind) collected ($2)


PokerStars Hand #174350912079:  Hold'em Limit ($3/$6 USD) - 2017/08/15 0:23:56 ET
Table 'Bolyai' 6-max Seat #4 is the button
Seat 3: confususs ($507.02 in chips)
Seat 4: favete lin ($248.98 in chips)
favete lin: posts small blind $1
confususs: posts big blind $3
*** HOLE CARDS ***
favete lin: raises $3 to $6
confususs: folds
Uncalled bet ($3) returned to favete lin
favete lin collected $6 from pot
favete lin: doesn't show hand
*** SUMMARY ***
Total pot $6 | Rake $0
Seat 3: confususs (big blind) folded before Flop
Seat 4: favete lin (button) (small blind) collected ($6)


PokerStars Hand #174350904918:  Hold'em Limit ($3/$6 USD) - 2017/08/15 0:23:28 ET
Table 'Bolyai' 6-max Seat #3 is the button
Seat 3: confususs ($477.52 in chips)
Seat 4: favete lin ($278.98 in chips)
confususs: posts small blind $1
favete lin: posts big blind $3
*** HOLE CARDS ***
confususs: raises $3 to $6
favete lin: raises $3 to $9
confususs: calls $3
*** FLOP *** [8c Td 3h]
favete lin: bets $3
confususs: calls $3
*** TURN *** [8c Td 3h] [9c]
favete lin: bets $6
confususs: raises $6 to $12
favete lin: calls $6
*** RIVER *** [8c Td 3h 9c] [3d]
favete lin: checks
confususs: bets $6
favete lin: calls $6
*** SHOW DOWN ***
confususs: shows [Jc 7s] (a straight, Seven to Jack)
favete lin: mucks hand
confususs collected $59.50 from pot
*** SUMMARY ***
Total pot $60 | Rake $0.50
Board [8c Td 3h 9c 3d]
Seat 3: confususs (button) (small blind) showed [Jc 7s] and won ($59.50) with a straight, Seven to Jack
Seat 4: favete lin (big blind) mucked


PokerStars Hand #174350928985:  Hold'em Limit ($3/$6 USD) - 2017/08/15 0:25:01 ET
Table 'Bolyai' 6-max Seat #4 is the button
Seat 3: confususs ($526.28 in chips)
Seat 4: favete lin ($228.74 in chips)
favete lin: posts small blind $1
confususs: posts big blind $3
*** HOLE CARDS ***
favete lin: raises $3 to $6
confususs: calls $3
*** FLOP *** [9c 6c 5d]
confususs: checks
favete lin: bets $3
confususs: calls $3
*** TURN *** [9c 6c 5d] [Jh]
confususs: checks
favete lin: checks
*** RIVER *** [9c 6c 5d Jh] [Jc]
confususs: bets $6
favete lin: calls $6
*** SHOW DOWN ***
confususs: shows [Kc 2c] (a flush, King high)
favete lin: mucks hand
confususs collected $29.50 from pot
*** SUMMARY ***
Total pot $30 | Rake $0.50
Board [9c 6c 5d Jh Jc]
Seat 3: confususs (big blind) showed [Kc 2c] and won ($29.50) with a flush, King high
Seat 4: favete lin (button) (small blind) mucked


PokerStars Hand #174350933696:  Hold'em Limit ($3/$6 USD) - 2017/08/15 0:25:20 ET
Table 'Bolyai' 6-max Seat #3 is the button
Seat 3: confususs ($540.78 in chips)
Seat 4: favete lin ($213.74 in chips)
confususs: posts small blind $1
favete lin: posts big blind $3
*** HOLE CARDS ***
confususs: folds
Uncalled bet ($2) returned to favete lin
favete lin collected $2 from pot
favete lin: doesn't show hand
*** SUMMARY ***
Total pot $2 | Rake $0
Seat 3: confususs (button) (small blind) folded before Flop
Seat 4: favete lin (big blind) collected ($2)


PokerStars Hand #174350925829:  Hold'em Limit ($3/$6 USD) - 2017/08/15 0:24:49 ET
Table 'Bolyai' 6-max Seat #3 is the button
Seat 3: confususs ($532.28 in chips)
Seat 4: favete lin ($222.98 in chips)
confususs: posts small blind $1
favete lin: posts big blind $3
*** HOLE CARDS ***
confususs: calls $2
favete lin: raises $3 to $6
confususs: calls $3
*** FLOP *** [3d 3c 9h]
favete lin: bets $3
confususs: folds
Uncalled bet ($3) returned to favete lin
favete lin collected $11.76 from pot
favete lin: doesn't show hand
*** SUMMARY ***
Total pot $12 | Rake $0.24
Board [3d 3c 9h]
Seat 3: confususs (button) (small blind) folded on the Flop
Seat 4: favete lin (big blind) collected ($11.76)


PokerStars Hand #174350924141:  Hold'em Limit ($3/$6 USD) - 2017/08/15 0:24:42 ET
Table 'Bolyai' 6-max Seat #4 is the button
Seat 3: confususs ($535.28 in chips)
Seat 4: favete lin ($219.98 in chips)
favete lin: posts small blind $1
confususs: posts big blind $3
*** HOLE CARDS ***
favete lin: raises $3 to $6
confususs: folds
Uncalled bet ($3) returned to favete lin
favete lin collected $6 from pot
favete lin: doesn't show hand
*** SUMMARY ***
Total pot $6 | Rake $0
Seat 3: confususs (big blind) folded before Flop
Seat 4: favete lin (button) (small blind) collected ($6)


PokerStars Hand #174350920136:  Hold'em Limit ($3/$6 USD) - 2017/08/15 0:24:27 ET
Table 'Bolyai' 6-max Seat #3 is the button
Seat 3: confususs ($508.78 in chips)
Seat 4: favete lin ($246.98 in chips)
confususs: posts small blind $1
favete lin: posts big blind $3
*** HOLE CARDS ***
confususs: raises $3 to $6
favete lin: calls $3
*** FLOP *** [5d 5h Kh]
favete lin: bets $3
confususs: calls $3
*** TURN *** [5d 5h Kh] [Jc]
favete lin: bets $6
confususs: calls $6
*** RIVER *** [5d 5h Kh Jc] [Th]
favete lin: bets $6
confususs: raises $6 to $12
favete lin: calls $6
*** SHOW DOWN ***
confususs: shows [Qh 2h] (a flush, King high)
favete lin: mucks hand
confususs collected $53.50 from pot
*** SUMMARY ***
Total pot $54 | Rake $0.50
Board [5d 5h Kh Jc Th]
Seat 3: confususs (button) (small blind) showed [Qh 2h] and won ($53.50) with a flush, King high
Seat 4: favete lin (big blind) mucked


PokerStars Hand #174350946953:  Hold'em Limit ($3/$6 USD) - 2017/08/15 0:26:11 ET
Table 'Bolyai' 6-max Seat #3 is the button
Seat 3: confususs ($516.78 in chips)
Seat 4: favete lin ($237 in chips)
confususs: posts small blind $1
favete lin: posts big blind $3
*** HOLE CARDS ***
confususs: raises $3 to $6
favete lin: folds
Uncalled bet ($3) returned to confususs
confususs collected $6 from pot
*** SUMMARY ***
Total pot $6 | Rake $0
Seat 3: confususs (button) (small blind) collected ($6)
Seat 4: favete lin (big blind) folded before Flop


PokerStars Hand #174350943616:  Hold'em Limit ($3/$6 USD) - 2017/08/15 0:25:58 ET
Table 'Bolyai' 6-max Seat #4 is the button
Seat 3: confususs ($522.78 in chips)
Seat 4: favete lin ($231.24 in chips)
favete lin: posts small blind $1
confususs: posts big blind $3
*** HOLE CARDS ***
favete lin: raises $3 to $6
confususs: calls $3
*** FLOP *** [5s 8c Ts]
confususs: checks
favete lin: bets $3
confususs: folds
Uncalled bet ($3) returned to favete lin
favete lin collected $11.76 from pot
favete lin: doesn't show hand
*** SUMMARY ***
Total pot $12 | Rake $0.24
Board [5s 8c Ts]
Seat 3: confususs (big blind) folded on the Flop
Seat 4: favete lin (button) (small blind) collected ($11.76)


PokerStars Hand #174350942461:  Hold'em Limit ($3/$6 USD) - 2017/08/15 0:25:54 ET
Table 'Bolyai' 6-max Seat #3 is the button
Seat 3: confususs ($523.78 in chips)
Seat 4: favete lin ($230.24 in chips)
confususs: posts small blind $1
favete lin: posts big blind $3
*** HOLE CARDS ***
confususs: folds
Uncalled bet ($2) returned to favete lin
favete lin collected $2 from pot
favete lin: doesn't show hand
*** SUMMARY ***
Total pot $2 | Rake $0
Seat 3: confususs (button) (small blind) folded before Flop
Seat 4: favete lin (big blind) collected ($2)


PokerStars Hand #174350940935:  Hold'em Limit ($3/$6 USD) - 2017/08/15 0:25:48 ET
Table 'Bolyai' 6-max Seat #4 is the button
Seat 3: confususs ($522.78 in chips)
Seat 4: favete lin ($231.24 in chips)
favete lin: posts small blind $1
confususs: posts big blind $3
*** HOLE CARDS ***
favete lin: folds
Uncalled bet ($2) returned to confususs
confususs collected $2 from pot
*** SUMMARY ***
Total pot $2 | Rake $0
Seat 3: confususs (big blind) collected ($2)
Seat 4: favete lin (button) (small blind) folded before Flop


PokerStars Hand #174350936588:  Hold'em Limit ($3/$6 USD) - 2017/08/15 0:25:31 ET
Table 'Bolyai' 6-max Seat #3 is the button
Seat 3: confususs ($540.78 in chips)
Seat 4: favete lin ($213.74 in chips)
confususs: posts small blind $1
favete lin: posts big blind $3
*** HOLE CARDS ***
confususs: raises $3 to $6
favete lin: raises $3 to $9
confususs: calls $3
*** FLOP *** [6s 9c 4h]
favete lin: bets $3
confususs: calls $3
*** TURN *** [6s 9c 4h] [Qh]
favete lin: bets $6
confususs: calls $6
*** RIVER *** [6s 9c 4h Qh] [8d]
favete lin: bets $6
confususs: folds
Uncalled bet ($6) returned to favete lin
favete lin collected $35.50 from pot
favete lin: doesn't show hand
*** SUMMARY ***
Total pot $36 | Rake $0.50
Board [6s 9c 4h Qh 8d]
Seat 3: confususs (button) (small blind) folded on the River
Seat 4: favete lin (big blind) collected ($35.50)


PokerStars Hand #174350934909:  Hold'em Limit ($3/$6 USD) - 2017/08/15 0:25:24 ET
Table 'Bolyai' 6-max Seat #4 is the button
Seat 3: confususs ($539.78 in chips)
Seat 4: favete lin ($214.74 in chips)
favete lin: posts small blind $1
confususs: posts big blind $3
*** HOLE CARDS ***
favete lin: folds
Uncalled bet ($2) returned to confususs
confususs collected $2 from pot
*** SUMMARY ***
Total pot $2 | Rake $0
Seat 3: confususs (big blind) collected ($2)
Seat 4: favete lin (button) (small blind) folded before Flop


PokerStars Hand #174350967025:  Hold'em Limit ($3/$6 USD) - 2017/08/15 0:27:22 ET
Table 'Bolyai' 6-max Seat #4 is the button
Seat 3: confususs ($443.78 in chips)
Seat 4: favete lin ($308.50 in chips)
favete lin: posts small blind $1
confususs: posts big blind $3
*** HOLE CARDS ***
favete lin: raises $3 to $6
confususs: folds
Uncalled bet ($3) returned to favete lin
favete lin collected $6 from pot
favete lin: doesn't show hand
*** SUMMARY ***
Total pot $6 | Rake $0
Seat 3: confususs (big blind) folded before Flop
Seat 4: favete lin (button) (small blind) collected ($6)


PokerStars Hand #174350965692:  Hold'em Limit ($3/$6 USD) - 2017/08/15 0:27:17 ET
Table 'Bolyai' 6-max Seat #3 is the button
Seat 3: confususs ($444.78 in chips)
Seat 4: favete lin ($307.50 in chips)
confususs: posts small blind $1
favete lin: posts big blind $3
*** HOLE CARDS ***
confususs: folds
Uncalled bet ($2) returned to favete lin
favete lin collected $2 from pot
favete lin: doesn't show hand
*** SUMMARY ***
Total pot $2 | Rake $0
Seat 3: confususs (button) (small blind) folded before Flop
Seat 4: favete lin (big blind) collected ($2)


PokerStars Hand #174350959565:  Hold'em Limit ($3/$6 USD) - 2017/08/15 0:26:53 ET
Table 'Bolyai' 6-max Seat #4 is the button
Seat 3: confususs ($477.78 in chips)
Seat 4: favete lin ($275 in chips)
favete lin: posts small blind $1
confususs: posts big blind $3
*** HOLE CARDS ***
favete lin: raises $3 to $6
confususs: calls $3
*** FLOP *** [8s 6s 3c]
confususs: checks
favete lin: bets $3
confususs: calls $3
*** TURN *** [8s 6s 3c] [Kc]
confususs: checks
favete lin: bets $6
confususs: raises $6 to $12
favete lin: calls $6
*** RIVER *** [8s 6s 3c Kc] [4c]
confususs: bets $6
favete lin: raises $6 to $12
confususs: calls $6
*** SHOW DOWN ***
favete lin: shows [2c Jc] (a flush, King high)
confususs: mucks hand
favete lin collected $65.50 from pot
*** SUMMARY ***
Total pot $66 | Rake $0.50
Board [8s 6s 3c Kc 4c]
Seat 3: confususs (big blind) mucked
Seat 4: favete lin (button) (small blind) showed [2c Jc] and won ($65.50) with a flush, King high


PokerStars Hand #174350955239:  Hold'em Limit ($3/$6 USD) - 2017/08/15 0:26:36 ET
Table 'Bolyai' 6-max Seat #3 is the button
Seat 3: confususs ($501.78 in chips)
Seat 4: favete lin ($251.50 in chips)
confususs: posts small blind $1
favete lin: posts big blind $3
*** HOLE CARDS ***
confususs: raises $3 to $6
favete lin: raises $3 to $9
confususs: calls $3
*** FLOP *** [Ad 5s 9d]
favete lin: bets $3
confususs: calls $3
*** TURN *** [Ad 5s 9d] [4d]
favete lin: bets $6
confususs: calls $6
*** RIVER *** [Ad 5s 9d 4d] [2d]
favete lin: bets $6
confususs: calls $6
*** SHOW DOWN ***
favete lin: shows [Qd Jd] (a flush, Ace high)
confususs: mucks hand
favete lin collected $47.50 from pot
*** SUMMARY ***
Total pot $48 | Rake $0.50
Board [Ad 5s 9d 4d 2d]
Seat 3: confususs (button) (small blind) mucked
Seat 4: favete lin (big blind) showed [Qd Jd] and won ($47.50) with a flush, Ace high


PokerStars Hand #174350950395:  Hold'em Limit ($3/$6 USD) - 2017/08/15 0:26:17 ET
Table 'Bolyai' 6-max Seat #4 is the button
Seat 3: confususs ($519.78 in chips)
Seat 4: favete lin ($234 in chips)
favete lin: posts small blind $1
confususs: posts big blind $3
*** HOLE CARDS ***
favete lin: raises $3 to $6
confususs: calls $3
*** FLOP *** [4h Jc 5s]
confususs: checks
favete lin: checks
*** TURN *** [4h Jc 5s] [4c]
confususs: checks
favete lin: bets $6
confususs: calls $6
*** RIVER *** [4h Jc 5s 4c] [Td]
confususs: checks
favete lin: bets $6
confususs: calls $6
*** SHOW DOWN ***
favete lin: shows [Kc 4s] (three of a kind, Fours)
confususs: mucks hand
favete lin collected $35.50 from pot
*** SUMMARY ***
Total pot $36 | Rake $0.50
Board [4h Jc 5s 4c Td]
Seat 3: confususs (big blind) mucked
Seat 4: favete lin (button) (small blind) showed [Kc 4s] and won ($35.50) with three of a kind, Fours


PokerStars Hand #174350976085:  Hold'em Limit ($3/$6 USD) - 2017/08/15 0:27:58 ET
Table 'Bolyai' 6-max Seat #4 is the button
Seat 3: confususs ($435.78 in chips)
Seat 4: favete lin ($316.50 in chips)
favete lin: posts small blind $1
confususs: posts big blind $3
*** HOLE CARDS ***
favete lin: raises $3 to $6
confususs: calls $3
*** FLOP *** [5c Kd 3d]
confususs: checks
favete lin: bets $3
confususs: calls $3
*** TURN *** [5c Kd 3d] [5h]
confususs: checks
favete lin: checks
*** RIVER *** [5c Kd 3d 5h] [2s]
confususs: bets $6
favete lin: calls $6
*** SHOW DOWN ***
confususs: shows [Tc 9d] (a pair of Fives)
favete lin: shows [6c Ac] (a pair of Fives - Ace kicker)
favete lin collected $29.50 from pot
*** SUMMARY ***
Total pot $30 | Rake $0.50
Board [5c Kd 3d 5h 2s]
Seat 3: confususs (big blind) showed [Tc 9d] and lost with a pair of Fives
Seat 4: favete lin (button) (small blind) showed [6c Ac] and won ($29.50) with a pair of Fives


PokerStars Hand #174350979985:  Hold'em Limit ($3/$6 USD) - 2017/08/15 0:28:13 ET
Table 'Bolyai' 6-max Seat #3 is the button
Seat 3: confususs ($420.78 in chips)
Seat 4: favete lin ($331 in chips)
confususs: posts small blind $1
favete lin: posts big blind $3
*** HOLE CARDS ***
confususs: raises $3 to $6
favete lin: calls $3
*** FLOP *** [Tc 7c Kh]
favete lin: checks
confususs: bets $3
favete lin: calls $3
*** TURN *** [Tc 7c Kh] [Qh]
favete lin: checks
confususs: bets $6
favete lin: calls $6
*** RIVER *** [Tc 7c Kh Qh] [As]
favete lin: checks
confususs: checks
*** SHOW DOWN ***
favete lin: shows [4c Ah] (a pair of Aces)
confususs: shows [7s Qc] (two pair, Queens and Sevens)
confususs collected $29.50 from pot
*** SUMMARY ***
Total pot $30 | Rake $0.50
Board [Tc 7c Kh Qh As]
Seat 3: confususs (button) (small blind) showed [7s Qc] and won ($29.50) with two pair, Queens and Sevens
Seat 4: favete lin (big blind) showed [4c Ah] and lost with a pair of Aces


PokerStars Hand #174350974650:  Hold'em Limit ($3/$6 USD) - 2017/08/15 0:27:52 ET
Table 'Bolyai' 6-max Seat #3 is the button
Seat 3: confususs ($436.78 in chips)
Seat 4: favete lin ($315.50 in chips)
confususs: posts small blind $1
favete lin: posts big blind $3
*** HOLE CARDS ***
confususs: folds
Uncalled bet ($2) returned to favete lin
favete lin collected $2 from pot
favete lin: doesn't show hand
*** SUMMARY ***
Total pot $2 | Rake $0
Seat 3: confususs (button) (small blind) folded before Flop
Seat 4: favete lin (big blind) collected ($2)


PokerStars Hand #174350972977:  Hold'em Limit ($3/$6 USD) - 2017/08/15 0:27:45 ET
Table 'Bolyai' 6-max Seat #4 is the button
Seat 3: confususs ($439.78 in chips)
Seat 4: favete lin ($312.50 in chips)
favete lin: posts small blind $1
confususs: posts big blind $3
*** HOLE CARDS ***
favete lin: raises $3 to $6
confususs: folds
Uncalled bet ($3) returned to favete lin
favete lin collected $6 from pot
favete lin: doesn't show hand
*** SUMMARY ***
Total pot $6 | Rake $0
Seat 3: confususs (big blind) folded before Flop
Seat 4: favete lin (button) (small blind) collected ($6)


PokerStars Hand #174350971269:  Hold'em Limit ($3/$6 USD) - 2017/08/15 0:27:39 ET
Table 'Bolyai' 6-max Seat #3 is the button
Seat 3: confususs ($440.78 in chips)
Seat 4: favete lin ($311.50 in chips)
confususs: posts small blind $1
favete lin: posts big blind $3
*** HOLE CARDS ***
confususs: folds
Uncalled bet ($2) returned to favete lin
favete lin collected $2 from pot
favete lin: doesn't show hand
*** SUMMARY ***
Total pot $2 | Rake $0
Seat 3: confususs (button) (small blind) folded before Flop
Seat 4: favete lin (big blind) collected ($2)


PokerStars Hand #174350970126:  Hold'em Limit ($3/$6 USD) - 2017/08/15 0:27:35 ET
Table 'Bolyai' 6-max Seat #4 is the button
Seat 3: confususs ($439.78 in chips)
Seat 4: favete lin ($312.50 in chips)
favete lin: posts small blind $1
confususs: posts big blind $3
*** HOLE CARDS ***
favete lin: folds
Uncalled bet ($2) returned to confususs
confususs collected $2 from pot
*** SUMMARY ***
Total pot $2 | Rake $0
Seat 3: confususs (big blind) collected ($2)
Seat 4: favete lin (button) (small blind) folded before Flop


PokerStars Hand #174350968967:  Hold'em Limit ($3/$6 USD) - 2017/08/15 0:27:30 ET
Table 'Bolyai' 6-max Seat #3 is the button
Seat 3: confususs ($440.78 in chips)
Seat 4: favete lin ($311.50 in chips)
confususs: posts small blind $1
favete lin: posts big blind $3
*** HOLE CARDS ***
confususs: folds
Uncalled bet ($2) returned to favete lin
favete lin collected $2 from pot
favete lin: doesn't show hand
*** SUMMARY ***
Total pot $2 | Rake $0
Seat 3: confususs (button) (small blind) folded before Flop
Seat 4: favete lin (big blind) collected ($2)


PokerStars Hand #174350984141:  Hold'em Limit ($3/$6 USD) - 2017/08/15 0:28:29 ET
Table 'Bolyai' 6-max Seat #4 is the button
Seat 3: confususs ($435.28 in chips)
Seat 4: favete lin ($316 in chips)
favete lin: posts small blind $1
confususs: posts big blind $3
*** HOLE CARDS ***
favete lin: folds
Uncalled bet ($2) returned to confususs
confususs collected $2 from pot
*** SUMMARY ***
Total pot $2 | Rake $0
Seat 3: confususs (big blind) collected ($2)
Seat 4: favete lin (button) (small blind) folded before Flop


PokerStars Hand #174350989003:  Hold'em Limit ($3/$6 USD) - 2017/08/15 0:28:48 ET
Table 'Bolyai' 6-max Seat #4 is the button
Seat 3: confususs ($439.16 in chips)
Seat 4: favete lin ($312 in chips)
favete lin: posts small blind $1
confususs: posts big blind $3
*** HOLE CARDS ***
favete lin: raises $3 to $6
confususs: raises $3 to $9
favete lin: calls $3
*** FLOP *** [Qd Kh 3s]
confususs: bets $3
favete lin: calls $3
*** TURN *** [Qd Kh 3s] [4c]
confususs: bets $6
favete lin: calls $6
*** RIVER *** [Qd Kh 3s 4c] [6d]
confususs: bets $6
favete lin: calls $6
*** SHOW DOWN ***
confususs: shows [Kd As] (a pair of Kings)
favete lin: mucks hand
confususs collected $47.50 from pot
*** SUMMARY ***
Total pot $48 | Rake $0.50
Board [Qd Kh 3s 4c 6d]
Seat 3: confususs (big blind) showed [Kd As] and won ($47.50) with a pair of Kings
Seat 4: favete lin (button) (small blind) mucked


PokerStars Hand #174350985365:  Hold'em Limit ($3/$6 USD) - 2017/08/15 0:28:34 ET
Table 'Bolyai' 6-max Seat #3 is the button
Seat 3: confususs ($436.28 in chips)
Seat 4: favete lin ($315 in chips)
confususs: posts small blind $1
favete lin: posts big blind $3
*** HOLE CARDS ***
confususs: calls $2
favete lin: checks
*** FLOP *** [6d 7c 7s]
favete lin: checks
confususs: checks
*** TURN *** [6d 7c 7s] [9h]
favete lin: checks
confususs: bets $6
favete lin: folds
Uncalled bet ($6) returned to confususs
confususs collected $5.88 from pot
*** SUMMARY ***
Total pot $6 | Rake $0.12
Board [6d 7c 7s 9h]
Seat 3: confususs (button) (small blind) collected ($5.88)
Seat 4: favete lin (big blind) folded on the Turn


PokerStars Hand #174350995116:  Hold'em Limit ($3/$6 USD) - 2017/08/15 0:29:13 ET
Table 'Bolyai' 6-max Seat #4 is the button
Seat 3: confususs ($461.66 in chips)
Seat 4: favete lin ($289 in chips)
favete lin: posts small blind $1
confususs: posts big blind $3
*** HOLE CARDS ***
favete lin: raises $3 to $6
confususs: calls $3
*** FLOP *** [Kd 8d 8s]
confususs: checks
favete lin: bets $3
confususs: folds
Uncalled bet ($3) returned to favete lin
favete lin collected $11.76 from pot
favete lin: doesn't show hand
fugu82 joins the table at seat #2
*** SUMMARY ***
Total pot $12 | Rake $0.24
Board [Kd 8d 8s]
Seat 3: confususs (big blind) folded on the Flop
Seat 4: favete lin (button) (small blind) collected ($11.76)


PokerStars Hand #174350993811:  Hold'em Limit ($3/$6 USD) - 2017/08/15 0:29:07 ET
Table 'Bolyai' 6-max Seat #3 is the button
Seat 3: confususs ($462.66 in chips)
Seat 4: favete lin ($288 in chips)
confususs: posts small blind $1
favete lin: posts big blind $3
*** HOLE CARDS ***
confususs: folds
Uncalled bet ($2) returned to favete lin
favete lin collected $2 from pot
favete lin: doesn't show hand
*** SUMMARY ***
Total pot $2 | Rake $0
Seat 3: confususs (button) (small blind) folded before Flop
Seat 4: favete lin (big blind) collected ($2)


PokerStars Hand #174350997965:  Hold'em Limit ($3/$6 USD) - 2017/08/15 0:29:24 ET
Table 'Bolyai' 6-max Seat #3 is the button
Seat 3: confususs ($455.66 in chips)
Seat 4: favete lin ($294.76 in chips)
confususs: posts small blind $1
favete lin: posts big blind $3
*** HOLE CARDS ***
confususs: raises $3 to $6
favete lin: calls $3
*** FLOP *** [7h 2c Ts]
favete lin: checks
confususs: bets $3
favete lin: folds
Uncalled bet ($3) returned to confususs
confususs collected $11.76 from pot
*** SUMMARY ***
Total pot $12 | Rake $0.24
Board [7h 2c Ts]
Seat 3: confususs (button) (small blind) collected ($11.76)
Seat 4: favete lin (big blind) folded on the Flop


PokerStars Hand #174351041451:  Hold'em Limit ($3/$6 USD) - 2017/08/15 0:32:14 ET
Table 'Bolyai' 6-max Seat #3 is the button
Seat 3: confususs ($534.13 in chips)
Seat 4: favete lin ($270.27 in chips)
confususs: posts small blind $1
favete lin: posts big blind $3
*** HOLE CARDS ***
confususs: raises $3 to $6
favete lin: calls $3
*** FLOP *** [9c Ad 7d]
favete lin: checks
confususs: bets $3
favete lin: folds
Uncalled bet ($3) returned to confususs
confususs collected $11.76 from pot
*** SUMMARY ***
Total pot $12 | Rake $0.24
Board [9c Ad 7d]
Seat 3: confususs (button) (small blind) collected ($11.76)
Seat 4: favete lin (big blind) folded on the Flop


PokerStars Hand #174351036747:  Hold'em Limit ($3/$6 USD) - 2017/08/15 0:31:56 ET
Table 'Bolyai' 6-max Seat #4 is the button
Seat 3: confususs ($537.13 in chips)
Seat 4: favete lin ($267.27 in chips)
favete lin: posts small blind $1
confususs: posts big blind $3
*** HOLE CARDS ***
favete lin: folds
Uncalled bet ($2) returned to confususs
confususs collected $2 from pot
*** SUMMARY ***
Total pot $2 | Rake $0
Seat 3: confususs (big blind) collected ($2)
Seat 4: favete lin (button) (small blind) folded before Flop


PokerStars Hand #174351038221:  Hold'em Limit ($3/$6 USD) - 2017/08/15 0:32:01 ET
Table 'Bolyai' 6-max Seat #3 is the button
Seat 3: confususs ($538.13 in chips)
Seat 4: favete lin ($266.27 in chips)
confususs: posts small blind $1
favete lin: posts big blind $3
*** HOLE CARDS ***
confususs: folds
Uncalled bet ($2) returned to favete lin
favete lin collected $2 from pot
favete lin: doesn't show hand
*** SUMMARY ***
Total pot $2 | Rake $0
Seat 3: confususs (button) (small blind) folded before Flop
Seat 4: favete lin (big blind) collected ($2)


PokerStars Hand #174351039906:  Hold'em Limit ($3/$6 USD) - 2017/08/15 0:32:08 ET
Table 'Bolyai' 6-max Seat #4 is the button
Seat 3: confususs ($537.13 in chips)
Seat 4: favete lin ($267.27 in chips)
favete lin: posts small blind $1
confususs: posts big blind $3
*** HOLE CARDS ***
favete lin: raises $3 to $6
confususs: folds
Uncalled bet ($3) returned to favete lin
favete lin collected $6 from pot
favete lin: doesn't show hand
*** SUMMARY ***
Total pot $6 | Rake $0
Seat 3: confususs (big blind) folded before Flop
Seat 4: favete lin (button) (small blind) collected ($6)


PokerStars Hand #174351816850:  Hold'em Limit ($3/$6 USD) - 2017/08/15 1:25:13 ET
Table 'Bolyai' 6-max Seat #3 is the button
Seat 3: confususs ($543.32 in chips)
Seat 4: favete lin ($567.34 in chips)
confususs: posts small blind $1
favete lin: posts big blind $3
*** HOLE CARDS ***
confususs: raises $3 to $6
krossguard leaves the table
favete lin: calls $3
*** FLOP *** [Ks 2d 4s]
favete lin: checks
confususs: checks
*** TURN *** [Ks 2d 4s] [3s]
favete lin: bets $6
confususs: calls $6
*** RIVER *** [Ks 2d 4s 3s] [Kc]
favete lin: bets $6
confususs: calls $6
*** SHOW DOWN ***
favete lin: shows [6d 3c] (two pair, Kings and Threes)
confususs: mucks hand
favete lin collected $35.50 from pot
*** SUMMARY ***
Total pot $36 | Rake $0.50
Board [Ks 2d 4s 3s Kc]
Seat 3: confususs (button) (small blind) mucked
Seat 4: favete lin (big blind) showed [6d 3c] and won ($35.50) with two pair, Kings and Threes


PokerStars Hand #174351815028:  Hold'em Limit ($3/$6 USD) - 2017/08/15 1:25:05 ET
Table 'Bolyai' 6-max Seat #4 is the button
Seat 3: confususs ($542.32 in chips)
Seat 4: favete lin ($568.34 in chips)
favete lin: posts small blind $1
krossguard: is sitting out
Chessnok: is sitting out
confususs: posts big blind $3
*** HOLE CARDS ***
favete lin: folds
Uncalled bet ($2) returned to confususs
confususs collected $2 from pot
*** SUMMARY ***
Total pot $2 | Rake $0
Seat 3: confususs (big blind) collected ($2)
Seat 4: favete lin (button) (small blind) folded before Flop


PokerStars Hand #174351834030:  Hold'em Limit ($3/$6 USD) - 2017/08/15 1:26:24 ET
Table 'Bolyai' 6-max Seat #4 is the button
Seat 3: confususs ($509.84 in chips)
Seat 4: favete lin ($599.10 in chips)
favete lin: posts small blind $1
confususs: posts big blind $3
*** HOLE CARDS ***
favete lin: raises $3 to $6
confususs: folds
Uncalled bet ($3) returned to favete lin
favete lin collected $6 from pot
favete lin: doesn't show hand
*** SUMMARY ***
Total pot $6 | Rake $0
Seat 3: confususs (big blind) folded before Flop
Seat 4: favete lin (button) (small blind) collected ($6)


PokerStars Hand #174351830014:  Hold'em Limit ($3/$6 USD) - 2017/08/15 1:26:08 ET
Table 'Bolyai' 6-max Seat #3 is the button
Seat 3: confususs ($530.84 in chips)
Seat 4: favete lin ($578.60 in chips)
confususs: posts small blind $1
favete lin: posts big blind $3
*** HOLE CARDS ***
confususs: raises $3 to $6
favete lin: calls $3
*** FLOP *** [9d 8s 5s]
favete lin: bets $3
confususs: calls $3
*** TURN *** [9d 8s 5s] [Jh]
favete lin: bets $6
confususs: calls $6
*** RIVER *** [9d 8s 5s Jh] [4c]
favete lin: bets $6
confususs: calls $6
*** SHOW DOWN ***
favete lin: shows [Jd 8h] (two pair, Jacks and Eights)
confususs: mucks hand
favete lin collected $41.50 from pot
*** SUMMARY ***
Total pot $42 | Rake $0.50
Board [9d 8s 5s Jh 4c]
Seat 3: confususs (button) (small blind) mucked
Seat 4: favete lin (big blind) showed [Jd 8h] and won ($41.50) with two pair, Jacks and Eights


PokerStars Hand #174351827435:  Hold'em Limit ($3/$6 USD) - 2017/08/15 1:25:57 ET
Table 'Bolyai' 6-max Seat #4 is the button
Seat 3: confususs ($525.08 in chips)
Seat 4: favete lin ($584.60 in chips)
favete lin: posts small blind $1
confususs: posts big blind $3
*** HOLE CARDS ***
favete lin: raises $3 to $6
confususs: calls $3
*** FLOP *** [Qs 6c 4s]
confususs: bets $3
favete lin: folds
Uncalled bet ($3) returned to confususs
confususs collected $11.76 from pot
*** SUMMARY ***
Total pot $12 | Rake $0.24
Board [Qs 6c 4s]
Seat 3: confususs (big blind) collected ($11.76)
Seat 4: favete lin (button) (small blind) folded on the Flop


PokerStars Hand #174351824201:  Hold'em Limit ($3/$6 USD) - 2017/08/15 1:25:43 ET
Table 'Bolyai' 6-max Seat #3 is the button
Seat 3: confususs ($531.08 in chips)
Seat 4: favete lin ($578.84 in chips)
confususs: posts small blind $1
favete lin: posts big blind $3
*** HOLE CARDS ***
confususs: raises $3 to $6
favete lin: calls $3
*** FLOP *** [6d Jh Qs]
favete lin: checks
confususs: checks
*** TURN *** [6d Jh Qs] [3c]
favete lin: bets $6
confususs: folds
Uncalled bet ($6) returned to favete lin
favete lin collected $11.76 from pot
favete lin: doesn't show hand
*** SUMMARY ***
Total pot $12 | Rake $0.24
Board [6d Jh Qs 3c]
Seat 3: confususs (button) (small blind) folded on the Turn
Seat 4: favete lin (big blind) collected ($11.76)


PokerStars Hand #174351821184:  Hold'em Limit ($3/$6 USD) - 2017/08/15 1:25:31 ET
Table 'Bolyai' 6-max Seat #4 is the button
Seat 3: confususs ($525.32 in chips)
Seat 4: favete lin ($584.84 in chips)
favete lin: posts small blind $1
confususs: posts big blind $3
*** HOLE CARDS ***
favete lin: raises $3 to $6
confususs: calls $3
*** FLOP *** [Qc 2c Qs]
confususs: checks
favete lin: checks
*** TURN *** [Qc 2c Qs] [2h]
confususs: bets $6
favete lin: folds
Uncalled bet ($6) returned to confususs
confususs collected $11.76 from pot
*** SUMMARY ***
Total pot $12 | Rake $0.24
Board [Qc 2c Qs 2h]
Seat 3: confususs (big blind) collected ($11.76)
Seat 4: favete lin (button) (small blind) folded on the Turn


PokerStars Hand #174351846364:  Hold'em Limit ($3/$6 USD) - 2017/08/15 1:27:16 ET
Table 'Bolyai' 6-max Seat #3 is the button
Seat 3: confususs ($474.84 in chips)
Seat 4: favete lin ($633.24 in chips)
confususs: posts small blind $1
favete lin: posts big blind $3
*** HOLE CARDS ***
confususs: folds
Uncalled bet ($2) returned to favete lin
favete lin collected $2 from pot
favete lin: doesn't show hand
*** SUMMARY ***
Total pot $2 | Rake $0
Seat 3: confususs (button) (small blind) folded before Flop
Seat 4: favete lin (big blind) collected ($2)


PokerStars Hand #174351842181:  Hold'em Limit ($3/$6 USD) - 2017/08/15 1:26:59 ET
Table 'Bolyai' 6-max Seat #4 is the button
Seat 3: confususs ($483.84 in chips)
Seat 4: favete lin ($624.60 in chips)
favete lin: posts small blind $1
confususs: posts big blind $3
*** HOLE CARDS ***
favete lin: raises $3 to $6
confususs: calls $3
*** FLOP *** [6s Tc 2h]
confususs: checks
favete lin: bets $3
confususs: calls $3
*** TURN *** [6s Tc 2h] [3d]
confususs: checks
favete lin: bets $6
confususs: folds
Uncalled bet ($6) returned to favete lin
favete lin collected $17.64 from pot
favete lin: doesn't show hand
*** SUMMARY ***
Total pot $18 | Rake $0.36
Board [6s Tc 2h 3d]
Seat 3: confususs (big blind) folded on the Turn
Seat 4: favete lin (button) (small blind) collected ($17.64)


PokerStars Hand #174351841035:  Hold'em Limit ($3/$6 USD) - 2017/08/15 1:26:54 ET
Table 'Bolyai' 6-max Seat #3 is the button
Seat 3: confususs ($484.84 in chips)
Seat 4: favete lin ($623.60 in chips)
confususs: posts small blind $1
favete lin: posts big blind $3
*** HOLE CARDS ***
confususs: folds
Uncalled bet ($2) returned to favete lin
favete lin collected $2 from pot
favete lin: doesn't show hand
*** SUMMARY ***
Total pot $2 | Rake $0
Seat 3: confususs (button) (small blind) folded before Flop
Seat 4: favete lin (big blind) collected ($2)


PokerStars Hand #174351836606:  Hold'em Limit ($3/$6 USD) - 2017/08/15 1:26:35 ET
Table 'Bolyai' 6-max Seat #4 is the button
Seat 3: confususs ($505.84 in chips)
Seat 4: favete lin ($603.10 in chips)
favete lin: posts small blind $1
confususs: posts big blind $3
*** HOLE CARDS ***
favete lin: raises $3 to $6
confususs: calls $3
*** FLOP *** [3c 6s 6c]
confususs: checks
favete lin: bets $3
confususs: calls $3
*** TURN *** [3c 6s 6c] [7c]
confususs: checks
favete lin: bets $6
confususs: calls $6
*** RIVER *** [3c 6s 6c 7c] [Qh]
confususs: checks
favete lin: bets $6
confususs: calls $6
*** SHOW DOWN ***
favete lin: shows [9d 9s] (two pair, Nines and Sixes)
confususs: mucks hand
favete lin collected $41.50 from pot
*** SUMMARY ***
Total pot $42 | Rake $0.50
Board [3c 6s 6c 7c Qh]
Seat 3: confususs (big blind) mucked
Seat 4: favete lin (button) (small blind) showed [9d 9s] and won ($41.50) with two pair, Nines and Sixes


PokerStars Hand #174351835362:  Hold'em Limit ($3/$6 USD) - 2017/08/15 1:26:30 ET
Table 'Bolyai' 6-max Seat #3 is the button
Seat 3: confususs ($506.84 in chips)
Seat 4: favete lin ($602.10 in chips)
confususs: posts small blind $1
favete lin: posts big blind $3
*** HOLE CARDS ***
confususs: folds
Uncalled bet ($2) returned to favete lin
favete lin collected $2 from pot
favete lin: doesn't show hand
*** SUMMARY ***
Total pot $2 | Rake $0
Seat 3: confususs (button) (small blind) folded before Flop
Seat 4: favete lin (big blind) collected ($2)


PokerStars Hand #174351859627:  Hold'em Limit ($3/$6 USD) - 2017/08/15 1:28:12 ET
Table 'Bolyai' 6-max Seat #4 is the button
Seat 3: confususs ($470.60 in chips)
Seat 4: favete lin ($636.88 in chips)
favete lin: posts small blind $1
confususs: posts big blind $3
*** HOLE CARDS ***
favete lin: folds
Uncalled bet ($2) returned to confususs
confususs collected $2 from pot
*** SUMMARY ***
Total pot $2 | Rake $0
Seat 3: confususs (big blind) collected ($2)
Seat 4: favete lin (button) (small blind) folded before Flop


PokerStars Hand #174351847624:  Hold'em Limit ($3/$6 USD) - 2017/08/15 1:27:21 ET
Table 'Bolyai' 6-max Seat #4 is the button
Seat 3: confususs ($473.84 in chips)
Seat 4: favete lin ($634.24 in chips)
favete lin: posts small blind $1
confususs: posts big blind $3
*** HOLE CARDS ***
favete lin: raises $3 to $6
confususs: calls $3
*** FLOP *** [8d 9s 4s]
confususs: checks
favete lin: bets $3
confususs: calls $3
*** TURN *** [8d 9s 4s] [6c]
confususs: checks
favete lin: checks
*** RIVER *** [8d 9s 4s 6c] [As]
confususs: checks
favete lin: bets $6
confususs: folds
Uncalled bet ($6) returned to favete lin
favete lin collected $17.64 from pot
favete lin: doesn't show hand
*** SUMMARY ***
Total pot $18 | Rake $0.36
Board [8d 9s 4s 6c As]
Seat 3: confususs (big blind) folded on the River
Seat 4: favete lin (button) (small blind) collected ($17.64)


PokerStars Hand #174351869332:  Hold'em Limit ($3/$6 USD) - 2017/08/15 1:28:52 ET
Table 'Bolyai' 6-max Seat #4 is the button
Seat 3: confususs ($501.10 in chips)
Seat 4: favete lin ($605.88 in chips)
favete lin: posts small blind $1
confususs: posts big blind $3
*** HOLE CARDS ***
favete lin: folds
Uncalled bet ($2) returned to confususs
confususs collected $2 from pot
*** SUMMARY ***
Total pot $2 | Rake $0
Seat 3: confususs (big blind) collected ($2)
Seat 4: favete lin (button) (small blind) folded before Flop


PokerStars Hand #174351860709:  Hold'em Limit ($3/$6 USD) - 2017/08/15 1:28:16 ET
Table 'Bolyai' 6-max Seat #3 is the button
Seat 3: confususs ($471.60 in chips)
Seat 4: favete lin ($635.88 in chips)
confususs: posts small blind $1
favete lin: posts big blind $3
*** HOLE CARDS ***
confususs: raises $3 to $6
favete lin: raises $3 to $9
confususs: calls $3
*** FLOP *** [3h 9h Tc]
favete lin: bets $3
confususs: raises $3 to $6
favete lin: raises $3 to $9
confususs: calls $3
*** TURN *** [3h 9h Tc] [8c]
favete lin: bets $6
confususs: calls $6
*** RIVER *** [3h 9h Tc 8c] [6d]
favete lin: checks
confususs: bets $6
favete lin: calls $6
*** SHOW DOWN ***
confususs: shows [Ts Ah] (a pair of Tens)
favete lin: mucks hand
confususs collected $59.50 from pot
*** SUMMARY ***
Total pot $60 | Rake $0.50
Board [3h 9h Tc 8c 6d]
Seat 3: confususs (button) (small blind) showed [Ts Ah] and won ($59.50) with a pair of Tens
Seat 4: favete lin (big blind) mucked


PokerStars Hand #174351877138:  Hold'em Limit ($3/$6 USD) - 2017/08/15 1:29:25 ET
Table 'Bolyai' 6-max Seat #3 is the button
Seat 3: confususs ($522.36 in chips)
Seat 4: favete lin ($583.88 in chips)
confususs: posts small blind $1
favete lin: posts big blind $3
*** HOLE CARDS ***
confususs: folds
Uncalled bet ($2) returned to favete lin
favete lin collected $2 from pot
favete lin: doesn't show hand
*** SUMMARY ***
Total pot $2 | Rake $0
Seat 3: confususs (button) (small blind) folded before Flop
Seat 4: favete lin (big blind) collected ($2)


PokerStars Hand #174351873598:  Hold'em Limit ($3/$6 USD) - 2017/08/15 1:29:10 ET
Table 'Bolyai' 6-max Seat #4 is the button
Seat 3: confususs ($507.86 in chips)
Seat 4: favete lin ($598.88 in chips)
favete lin: posts small blind $1
confususs: posts big blind $3
*** HOLE CARDS ***
favete lin: raises $3 to $6
confususs: calls $3
*** FLOP *** [Ah 3s 6c]
confususs: checks
favete lin: bets $3
confususs: calls $3
*** TURN *** [Ah 3s 6c] [2h]
confususs: checks
favete lin: checks
*** RIVER *** [Ah 3s 6c 2h] [7c]
confususs: bets $6
favete lin: calls $6
*** SHOW DOWN ***
confususs: shows [6d Qh] (a pair of Sixes)
favete lin: mucks hand
confususs collected $29.50 from pot
*** SUMMARY ***
Total pot $30 | Rake $0.50
Board [Ah 3s 6c 2h 7c]
Seat 3: confususs (big blind) showed [6d Qh] and won ($29.50) with a pair of Sixes
Seat 4: favete lin (button) (small blind) mucked


PokerStars Hand #174351879888:  Hold'em Limit ($3/$6 USD) - 2017/08/15 1:29:37 ET
Table 'Bolyai' 6-max Seat #3 is the button
Seat 3: confususs ($518.36 in chips)
Seat 4: favete lin ($587.88 in chips)
confususs: posts small blind $1
favete lin: posts big blind $3
*** HOLE CARDS ***
confususs: raises $3 to $6
favete lin: calls $3
*** FLOP *** [3c 2d Ks]
favete lin: checks
confususs: bets $3
favete lin: raises $3 to $6
confususs: calls $3
*** TURN *** [3c 2d Ks] [9h]
favete lin: bets $6
confususs: folds
Uncalled bet ($6) returned to favete lin
favete lin collected $23.52 from pot
favete lin: doesn't show hand
*** SUMMARY ***
Total pot $24 | Rake $0.48
Board [3c 2d Ks 9h]
Seat 3: confususs (button) (small blind) folded on the Turn
Seat 4: favete lin (big blind) collected ($23.52)


PokerStars Hand #174351887149:  Hold'em Limit ($3/$6 USD) - 2017/08/15 1:30:08 ET
Table 'Bolyai' 6-max Seat #3 is the button
Seat 3: confususs ($500.36 in chips)
Seat 4: favete lin ($605.16 in chips)
confususs: posts small blind $1
favete lin: posts big blind $3
*** HOLE CARDS ***
confususs: folds
Uncalled bet ($2) returned to favete lin
favete lin collected $2 from pot
favete lin: doesn't show hand
*** SUMMARY ***
Total pot $2 | Rake $0
Seat 3: confususs (button) (small blind) folded before Flop
Seat 4: favete lin (big blind) collected ($2)


PokerStars Hand #174351883465:  Hold'em Limit ($3/$6 USD) - 2017/08/15 1:29:52 ET
Table 'Bolyai' 6-max Seat #4 is the button
Seat 3: confususs ($506.36 in chips)
Seat 4: favete lin ($599.40 in chips)
favete lin: posts small blind $1
confususs: posts big blind $3
*** HOLE CARDS ***
favete lin: raises $3 to $6
confususs: calls $3
*** FLOP *** [Qh 2h Ts]
confususs: checks
favete lin: checks
*** TURN *** [Qh 2h Ts] [Ad]
apx0surry9 joins the table at seat #6
confususs: checks
favete lin: bets $6
confususs: folds
Uncalled bet ($6) returned to favete lin
favete lin collected $11.76 from pot
favete lin: doesn't show hand
*** SUMMARY ***
Total pot $12 | Rake $0.24
Board [Qh 2h Ts Ad]
Seat 3: confususs (big blind) folded on the Turn
Seat 4: favete lin (button) (small blind) collected ($11.76)


PokerStars Hand #174351878377:  Hold'em Limit ($3/$6 USD) - 2017/08/15 1:29:30 ET
Table 'Bolyai' 6-max Seat #4 is the button
Seat 3: confususs ($521.36 in chips)
Seat 4: favete lin ($584.88 in chips)
favete lin: posts small blind $1
confususs: posts big blind $3
*** HOLE CARDS ***
favete lin: raises $3 to $6
confususs: folds
Uncalled bet ($3) returned to favete lin
favete lin collected $6 from pot
favete lin: doesn't show hand
*** SUMMARY ***
Total pot $6 | Rake $0
Seat 3: confususs (big blind) folded before Flop
Seat 4: favete lin (button) (small blind) collected ($6)


PokerStars Hand #174351970632:  Hold'em Limit ($3/$6 USD) - 2017/08/15 1:35:59 ET
Table 'Bolyai' 6-max Seat #3 is the button
Seat 3: confususs ($577.63 in chips)
Seat 4: favete lin ($510.92 in chips)
confususs: posts small blind $1
favete lin: posts big blind $3
*** HOLE CARDS ***
confususs: raises $3 to $6
krossguard joins the table at seat #5
favete lin: calls $3
*** FLOP *** [4d 2d 6c]
favete lin: checks
confususs: checks
*** TURN *** [4d 2d 6c] [4c]
favete lin: checks
confususs: checks
*** RIVER *** [4d 2d 6c 4c] [4s]
favete lin: checks
confususs: checks
*** SHOW DOWN ***
favete lin: shows [Qc Td] (three of a kind, Fours)
confususs: mucks hand
favete lin collected $11.76 from pot
*** SUMMARY ***
Total pot $12 | Rake $0.24
Board [4d 2d 6c 4c 4s]
Seat 3: confususs (button) (small blind) mucked
Seat 4: favete lin (big blind) showed [Qc Td] and won ($11.76) with three of a kind, Fours


PokerStars Hand #174353340124:  Hold'em Limit ($3/$6 USD) - 2017/08/15 3:10:36 ET
Table 'Bolyai' 6-max Seat #1 is the button
Seat 1: ELCapitano26 ($151.76 in chips)
Seat 4: kungsbjrn ($234.37 in chips)
krytalex will be allowed to play after the button
ELCapitano26: posts small blind $1
kungsbjrn: posts big blind $3
*** HOLE CARDS ***
ELCapitano26: folds
Uncalled bet ($2) returned to kungsbjrn
kungsbjrn collected $2 from pot
kungsbjrn: doesn't show hand
*** SUMMARY ***
Total pot $2 | Rake $0
Seat 1: ELCapitano26 (button) (small blind) folded before Flop
Seat 4: kungsbjrn (big blind) collected ($2)


PokerStars Hand #174355872898:  Hold'em Limit ($3/$6 USD) - 2017/08/15 5:29:10 ET
Table 'Bolyai' 6-max Seat #5 is the button
Seat 4: ELCapitano26 ($287.89 in chips)
Seat 5: Luanto 14 ($108.32 in chips)
Luanto 14: posts small blind $1
ELCapitano26: posts big blind $3
*** HOLE CARDS ***
Luanto 14: raises $3 to $6
ELCapitano26 said, "check with nuts lmao"
ELCapitano26: calls $3
*** FLOP *** [9h 6c Kh]
ELCapitano26: checks
Luanto 14: bets $3
ELCapitano26: calls $3
*** TURN *** [9h 6c Kh] [Jc]
ELCapitano26: checks
Luanto 14: checks
*** RIVER *** [9h 6c Kh Jc] [6d]
ELCapitano26: bets $6
Luanto 14: folds
Uncalled bet ($6) returned to ELCapitano26
ELCapitano26 collected $17.64 from pot
ELCapitano26: doesn't show hand
*** SUMMARY ***
Total pot $18 | Rake $0.36
Board [9h 6c Kh Jc 6d]
Seat 4: ELCapitano26 (big blind) collected ($17.64)
Seat 5: Luanto 14 (button) (small blind) folded on the River


