PokerStars Hand #158660161934:  Hold'em Limit ($3/$6 USD) - 2016/09/15 21:00:54 ET
Table 'Bolyai' 10-max Seat #2 is the button
Seat 2: TinaTurner72 ($120 in chips)
Seat 5: Jeelsy ($120 in chips)
TinaTurner72: posts small blind $1
Jeelsy: posts big blind $3
*** HOLE CARDS ***
TinaTurner72: raises $3 to $6
Jeelsy: raises $3 to $9
TinaTurner72: calls $3
*** FLOP *** [Tc 6h 6d]
Jeelsy: bets $3
TinaTurner72: folds
Uncalled bet ($3) returned to Jeelsy
Jeelsy collected $17.64 from pot
Jeelsy: doesn't show hand
*** SUMMARY ***
Total pot $18 | Rake $0.36
Board [Tc 6h 6d]
Seat 2: TinaTurner72 (button) (small blind) folded on the Flop
Seat 5: Jeelsy (big blind) collected ($17.64)


PokerStars Hand #158660168044:  Hold'em Limit ($3/$6 USD) - 2016/09/15 21:01:10 ET
Table 'Bolyai' 10-max Seat #5 is the button
Seat 2: TinaTurner72 ($111 in chips)
Seat 5: Jeelsy ($128.64 in chips)
Jeelsy: posts small blind $1
TinaTurner72: posts big blind $3
*** HOLE CARDS ***
Jeelsy: raises $3 to $6
TinaTurner72: calls $3
*** FLOP *** [Ts 5h 4d]
TinaTurner72: checks
Jeelsy: checks
*** TURN *** [Ts 5h 4d] [9h]
TinaTurner72: checks
Jeelsy: bets $6
TinaTurner72: folds
Uncalled bet ($6) returned to Jeelsy
Jeelsy collected $11.76 from pot
Jeelsy: doesn't show hand
*** SUMMARY ***
Total pot $12 | Rake $0.24
Board [Ts 5h 4d 9h]
Seat 2: TinaTurner72 (big blind) folded on the Turn
Seat 5: Jeelsy (button) (small blind) collected ($11.76)


PokerStars Hand #158660179626:  Hold'em Limit ($3/$6 USD) - 2016/09/15 21:01:40 ET
Table 'Bolyai' 10-max Seat #5 is the button
Seat 2: TinaTurner72 ($108 in chips)
Seat 5: Jeelsy ($131.40 in chips)
Jeelsy: posts small blind $1
TinaTurner72: posts big blind $3
*** HOLE CARDS ***
Jeelsy: folds
Uncalled bet ($2) returned to TinaTurner72
TinaTurner72 collected $2 from pot
TinaTurner72: doesn't show hand
*** SUMMARY ***
Total pot $2 | Rake $0
Seat 2: TinaTurner72 (big blind) collected ($2)
Seat 5: Jeelsy (button) (small blind) folded before Flop


PokerStars Hand #158660176152:  Hold'em Limit ($3/$6 USD) - 2016/09/15 21:01:32 ET
Table 'Bolyai' 10-max Seat #2 is the button
Seat 2: TinaTurner72 ($105 in chips)
Seat 5: Jeelsy ($134.40 in chips)
TinaTurner72: posts small blind $1
Jeelsy: posts big blind $3
*** HOLE CARDS ***
TinaTurner72: raises $3 to $6
Jeelsy: folds
Uncalled bet ($3) returned to TinaTurner72
TinaTurner72 collected $6 from pot
TinaTurner72: doesn't show hand
*** SUMMARY ***
Total pot $6 | Rake $0
Seat 2: TinaTurner72 (button) (small blind) collected ($6)
Seat 5: Jeelsy (big blind) folded before Flop


PokerStars Hand #158660181499:  Hold'em Limit ($3/$6 USD) - 2016/09/15 21:01:45 ET
Table 'Bolyai' 10-max Seat #2 is the button
Seat 2: TinaTurner72 ($109 in chips)
Seat 5: Jeelsy ($130.40 in chips)
TinaTurner72: posts small blind $1
Jeelsy: posts big blind $3
*** HOLE CARDS ***
TinaTurner72: raises $3 to $6
Jeelsy: calls $3
*** FLOP *** [8h Qh Jd]
Jeelsy: checks
TinaTurner72: bets $3
Jeelsy: calls $3
*** TURN *** [8h Qh Jd] [9d]
Jeelsy: checks
TinaTurner72: checks
*** RIVER *** [8h Qh Jd 9d] [Qs]
Jeelsy: bets $6
TinaTurner72: folds
Uncalled bet ($6) returned to Jeelsy
Jeelsy collected $17.64 from pot
Jeelsy: doesn't show hand
*** SUMMARY ***
Total pot $18 | Rake $0.36
Board [8h Qh Jd 9d Qs]
Seat 2: TinaTurner72 (button) (small blind) folded on the River
Seat 5: Jeelsy (big blind) collected ($17.64)


PokerStars Hand #158660208190:  Hold'em Limit ($3/$6 USD) - 2016/09/15 21:02:53 ET
Table 'Bolyai' 10-max Seat #2 is the button
Seat 2: TinaTurner72 ($88 in chips)
Seat 5: Jeelsy ($150.56 in chips)
TinaTurner72: posts small blind $1
Jeelsy: posts big blind $3
*** HOLE CARDS ***
TinaTurner72: raises $3 to $6
Jeelsy: calls $3
*** FLOP *** [3h 4c Td]
Jeelsy: bets $3
TinaTurner72: raises $3 to $6
Jeelsy: calls $3
*** TURN *** [3h 4c Td] [Jd]
Jeelsy: checks
TinaTurner72: bets $6
Jeelsy: calls $6
*** RIVER *** [3h 4c Td Jd] [4d]
Jeelsy: checks
TinaTurner72: bets $6
Jeelsy: calls $6
*** SHOW DOWN ***
TinaTurner72: shows [As Js] (two pair, Jacks and Fours)
Jeelsy: mucks hand
TinaTurner72 collected $47.50 from pot
*** SUMMARY ***
Total pot $48 | Rake $0.50
Board [3h 4c Td Jd 4d]
Seat 2: TinaTurner72 (button) (small blind) showed [As Js] and won ($47.50) with two pair, Jacks and Fours
Seat 5: Jeelsy (big blind) mucked


PokerStars Hand #158660198454:  Hold'em Limit ($3/$6 USD) - 2016/09/15 21:02:29 ET
Table 'Bolyai' 10-max Seat #5 is the button
Seat 2: TinaTurner72 ($100 in chips)
Seat 5: Jeelsy ($139.04 in chips)
Jeelsy: posts small blind $1
TinaTurner72: posts big blind $3
*** HOLE CARDS ***
Jeelsy: raises $3 to $6
TinaTurner72: raises $3 to $9
Jeelsy: calls $3
*** FLOP *** [2d 5c 4s]
TinaTurner72: bets $3
Jeelsy: calls $3
*** TURN *** [2d 5c 4s] [Td]
TinaTurner72: checks
Jeelsy: bets $6
TinaTurner72: folds
Uncalled bet ($6) returned to Jeelsy
Jeelsy collected $23.52 from pot
Jeelsy: doesn't show hand
*** SUMMARY ***
Total pot $24 | Rake $0.48
Board [2d 5c 4s Td]
Seat 2: TinaTurner72 (big blind) folded on the Turn
Seat 5: Jeelsy (button) (small blind) collected ($23.52)


PokerStars Hand #158660247016:  Hold'em Limit ($3/$6 USD) - 2016/09/15 21:04:30 ET
Table 'Bolyai' 10-max Seat #2 is the button
Seat 2: TinaTurner72 ($90.50 in chips)
Seat 5: Jeelsy ($147.06 in chips)
TinaTurner72: posts small blind $1
Jeelsy: posts big blind $3
*** HOLE CARDS ***
TinaTurner72: raises $3 to $6
Jeelsy: calls $3
*** FLOP *** [Ks 4d 8h]
Jeelsy: checks
TinaTurner72: bets $3
Jeelsy: calls $3
*** TURN *** [Ks 4d 8h] [4c]
Jeelsy: checks
TinaTurner72: bets $6
Jeelsy: calls $6
*** RIVER *** [Ks 4d 8h 4c] [6h]
Jeelsy: checks
TinaTurner72: bets $6
Jeelsy: calls $6
*** SHOW DOWN ***
TinaTurner72: shows [Kd Qd] (two pair, Kings and Fours)
Jeelsy: mucks hand
TinaTurner72 collected $41.50 from pot
*** SUMMARY ***
Total pot $42 | Rake $0.50
Board [Ks 4d 8h 4c 6h]
Seat 2: TinaTurner72 (button) (small blind) showed [Kd Qd] and won ($41.50) with two pair, Kings and Fours
Seat 5: Jeelsy (big blind) mucked


PokerStars Hand #158660284538:  Hold'em Limit ($3/$6 USD) - 2016/09/15 21:06:03 ET
Table 'Bolyai' 10-max Seat #2 is the button
Seat 2: TinaTurner72 ($137.50 in chips)
Seat 5: Jeelsy ($99.06 in chips)
TinaTurner72: posts small blind $1
Jeelsy: posts big blind $3
*** HOLE CARDS ***
TinaTurner72: raises $3 to $6
Jeelsy: calls $3
*** FLOP *** [Ts Jd Tc]
Jeelsy: checks
TinaTurner72: bets $3
Jeelsy: folds
Uncalled bet ($3) returned to TinaTurner72
TinaTurner72 collected $11.76 from pot
TinaTurner72: doesn't show hand
*** SUMMARY ***
Total pot $12 | Rake $0.24
Board [Ts Jd Tc]
Seat 2: TinaTurner72 (button) (small blind) collected ($11.76)
Seat 5: Jeelsy (big blind) folded on the Flop


PokerStars Hand #158660264607:  Hold'em Limit ($3/$6 USD) - 2016/09/15 21:05:13 ET
Table 'Bolyai' 10-max Seat #5 is the button
Seat 2: TinaTurner72 ($111 in chips)
Seat 5: Jeelsy ($126.06 in chips)
Jeelsy: posts small blind $1
TinaTurner72: posts big blind $3
*** HOLE CARDS ***
Jeelsy: raises $3 to $6
TinaTurner72: raises $3 to $9
Jeelsy: calls $3
*** FLOP *** [Jh 2d Qh]
TinaTurner72: bets $3
Jeelsy: raises $3 to $6
TinaTurner72: calls $3
*** TURN *** [Jh 2d Qh] [5c]
TinaTurner72: checks
Jeelsy: bets $6
TinaTurner72: calls $6
*** RIVER *** [Jh 2d Qh 5c] [3h]
TinaTurner72: checks
Jeelsy: bets $6
TinaTurner72: calls $6
*** SHOW DOWN ***
Jeelsy: shows [4d 4c] (a pair of Fours)
TinaTurner72: shows [3c 3d] (three of a kind, Threes)
TinaTurner72 collected $53.50 from pot
*** SUMMARY ***
Total pot $54 | Rake $0.50
Board [Jh 2d Qh 5c 3h]
Seat 2: TinaTurner72 (big blind) showed [3c 3d] and won ($53.50) with three of a kind, Threes
Seat 5: Jeelsy (button) (small blind) showed [4d 4c] and lost with a pair of Fours


