PokerStars Hand #163548159499:  Hold'em Limit ($3/$6 USD) - 2016/12/26 10:18:11 ET
Table 'Bolyai' 10-max Seat #5 is the button
Seat 5: Sunneh143 ($367.40 in chips)
Seat 6: Drik89 ($120 in chips)
Sunneh143: posts small blind $1
Drik89: posts big blind $3
*** HOLE CARDS ***
Sunneh143: calls $2
Drik89: checks
*** FLOP *** [Jd 4c Kd]
RockKillerTY joins the table at seat #7
Drik89: checks
Sunneh143: checks
*** TURN *** [Jd 4c Kd] [3s]
Drik89: checks
Sunneh143: bets $6
Drik89: folds
Uncalled bet ($6) returned to Sunneh143
Sunneh143 collected $5.88 from pot
Sunneh143: doesn't show hand
*** SUMMARY ***
Total pot $6 | Rake $0.12
Board [Jd 4c Kd 3s]
Seat 5: Sunneh143 (button) (small blind) collected ($5.88)
Seat 6: Drik89 (big blind) folded on the Turn


PokerStars Hand #163548503502:  Hold'em Limit ($3/$6 USD) - 2016/12/26 10:25:26 ET
Table 'Bolyai' 10-max Seat #6 is the button
Seat 6: Drik89 ($131.61 in chips)
Seat 9: ZOGI ($109.69 in chips)
Drik89: posts small blind $1
RockKillerTY: is sitting out
GoliafUa: is sitting out
ZOGI: posts big blind $3
*** HOLE CARDS ***
RockKillerTY leaves the table
Drik89: raises $3 to $6
ZOGI: calls $3
*** FLOP *** [8s 4s Ac]
GoliafUa leaves the table
ZOGI: checks
Drik89: bets $3
RockKillerTY joins the table at seat #10
ZOGI: folds
Uncalled bet ($3) returned to Drik89
Drik89 collected $11.76 from pot
Drik89: doesn't show hand
*** SUMMARY ***
Total pot $12 | Rake $0.24
Board [8s 4s Ac]
Seat 6: Drik89 (button) (small blind) collected ($11.76)
Seat 9: ZOGI (big blind) folded on the Flop


PokerStars Hand #163548536361:  Hold'em Limit ($3/$6 USD) - 2016/12/26 10:26:08 ET
Table 'Bolyai' 10-max Seat #10 is the button
Seat 9: ZOGI ($109.33 in chips)
Seat 10: RockKillerTY ($114 in chips)
RockKillerTY: posts small blind $1
Drik89: is sitting out
ZOGI: posts big blind $3
*** HOLE CARDS ***
RockKillerTY: folds
Uncalled bet ($2) returned to ZOGI
ZOGI collected $2 from pot
*** SUMMARY ***
Total pot $2 | Rake $0
Seat 9: ZOGI (big blind) collected ($2)
Seat 10: RockKillerTY (button) (small blind) folded before Flop


PokerStars Hand #163548540048:  Hold'em Limit ($3/$6 USD) - 2016/12/26 10:26:12 ET
Table 'Bolyai' 10-max Seat #9 is the button
Seat 9: ZOGI ($110.33 in chips)
Seat 10: RockKillerTY ($113 in chips)
ZOGI: posts small blind $1
RockKillerTY: posts big blind $3
*** HOLE CARDS ***
Drik89 leaves the table
ZOGI: raises $3 to $6
RockKillerTY: calls $3
*** FLOP *** [Ad Jc 3c]
RockKillerTY: checks
ZOGI: bets $3
RockKillerTY: calls $3
*** TURN *** [Ad Jc 3c] [5c]
RockKillerTY: checks
ZOGI: bets $6
RockKillerTY: calls $6
*** RIVER *** [Ad Jc 3c 5c] [4s]
RockKillerTY: checks
ZOGI: checks
*** SHOW DOWN ***
RockKillerTY: shows [Th Kc] (high card Ace)
ZOGI: shows [Ac 6d] (a pair of Aces)
ZOGI collected $29.50 from pot
*** SUMMARY ***
Total pot $30 | Rake $0.50
Board [Ad Jc 3c 5c 4s]
Seat 9: ZOGI (button) (small blind) showed [Ac 6d] and won ($29.50) with a pair of Aces
Seat 10: RockKillerTY (big blind) showed [Th Kc] and lost with high card Ace


PokerStars Hand #163548558620:  Hold'em Limit ($3/$6 USD) - 2016/12/26 10:26:36 ET
Table 'Bolyai' 10-max Seat #10 is the button
Seat 9: ZOGI ($124.83 in chips)
Seat 10: RockKillerTY ($98 in chips)
RockKillerTY: posts small blind $1
ZOGI: posts big blind $3
*** HOLE CARDS ***
RockKillerTY: raises $3 to $6
ZOGI: calls $3
*** FLOP *** [9d Ts Kd]
ZOGI: checks
RockKillerTY: bets $3
ZOGI: folds
Uncalled bet ($3) returned to RockKillerTY
RockKillerTY collected $11.76 from pot
RockKillerTY: doesn't show hand
*** SUMMARY ***
Total pot $12 | Rake $0.24
Board [9d Ts Kd]
Seat 9: ZOGI (big blind) folded on the Flop
Seat 10: RockKillerTY (button) (small blind) collected ($11.76)


PokerStars Hand #163548568612:  Hold'em Limit ($3/$6 USD) - 2016/12/26 10:26:48 ET
Table 'Bolyai' 10-max Seat #9 is the button
Seat 9: ZOGI ($118.83 in chips)
Seat 10: RockKillerTY ($103.76 in chips)
ZOGI: posts small blind $1
RockKillerTY: posts big blind $3
*** HOLE CARDS ***
ZOGI: folds
Uncalled bet ($2) returned to RockKillerTY
RockKillerTY collected $2 from pot
RockKillerTY: doesn't show hand
*** SUMMARY ***
Total pot $2 | Rake $0
Seat 9: ZOGI (button) (small blind) folded before Flop
Seat 10: RockKillerTY (big blind) collected ($2)


