PokerStars Hand #164765901464:  Hold'em Limit ($3/$6 USD) - 2017/01/18 5:24:21 ET
Table 'Bolzano' 6-max Seat #2 is the button
Seat 1: cola26licht ($103.25 in chips)
Seat 2: sim5sim5 ($73 in chips)
sim5sim5: posts small blind $1
cola26licht: posts big blind $3
*** HOLE CARDS ***
B_loJkl joins the table at seat #3
sim5sim5: raises $3 to $6
cola26licht: calls $3
*** FLOP *** [6h 8h Jc]
cola26licht: checks
sim5sim5: bets $3
cola26licht: calls $3
*** TURN *** [6h 8h Jc] [9s]
cola26licht: checks
sim5sim5: bets $6
HAL9QQQ joins the table at seat #4
cola26licht: calls $6
*** RIVER *** [6h 8h Jc 9s] [6c]
cola26licht: checks
sim5sim5: bets $6
cola26licht: raises $6 to $12
sim5sim5: calls $6
*** SHOW DOWN ***
cola26licht: shows [6d Qs] (three of a kind, Sixes)
sim5sim5: mucks hand
cola26licht collected $53.50 from pot
*** SUMMARY ***
Total pot $54 | Rake $0.50
Board [6h 8h Jc 9s 6c]
Seat 1: cola26licht (big blind) showed [6d Qs] and won ($53.50) with three of a kind, Sixes
Seat 2: sim5sim5 (button) (small blind) mucked


PokerStars Hand #164765897225:  Hold'em Limit ($3/$6 USD) - 2017/01/18 5:24:11 ET
Table 'Bolzano' 6-max Seat #1 is the button
Seat 1: cola26licht ($104.25 in chips)
Seat 2: sim5sim5 ($72 in chips)
cola26licht: posts small blind $1
sim5sim5: posts big blind $3
*** HOLE CARDS ***
cola26licht: folds
Uncalled bet ($2) returned to sim5sim5
sim5sim5 collected $2 from pot
sim5sim5: doesn't show hand
*** SUMMARY ***
Total pot $2 | Rake $0
Seat 1: cola26licht (button) (small blind) folded before Flop
Seat 2: sim5sim5 (big blind) collected ($2)


PokerStars Hand #164765920145:  Hold'em Limit ($3/$6 USD) - 2017/01/18 5:25:04 ET
Table 'Bolzano' 6-max Seat #1 is the button
Seat 1: cola26licht ($129.75 in chips)
Seat 2: sim5sim5 ($72 in chips)
cola26licht: posts small blind $1
sim5sim5: posts big blind $3
*** HOLE CARDS ***
cola26licht: folds
Uncalled bet ($2) returned to sim5sim5
sim5sim5 collected $2 from pot
sim5sim5: doesn't show hand
*** SUMMARY ***
Total pot $2 | Rake $0
Seat 1: cola26licht (button) (small blind) folded before Flop
Seat 2: sim5sim5 (big blind) collected ($2)


