PokerStars Hand #155052835496:  Hold'em Limit ($3/$6 USD) - 2016/06/22 6:30:06 ET
Table 'Bolzano' 6-max Seat #3 is the button
Seat 3: poherstar777 ($100 in chips)
Seat 4: TbIP-TbIP 88 ($72 in chips)
poherstar777: posts small blind $1
TbIP-TbIP 88: posts big blind $3
*** HOLE CARDS ***
Ag3r0n joins the table at seat #5
poherstar777: calls $2
TbIP-TbIP 88: checks
*** FLOP *** [8d 3d 5s]
TbIP-TbIP 88: bets $3
poherstar777: folds
Uncalled bet ($3) returned to TbIP-TbIP 88
TbIP-TbIP 88 collected $5.88 from pot
TbIP-TbIP 88: doesn't show hand
*** SUMMARY ***
Total pot $6 | Rake $0.12
Board [8d 3d 5s]
Seat 3: poherstar777 (button) (small blind) folded on the Flop
Seat 4: TbIP-TbIP 88 (big blind) collected ($5.88)


PokerStars Hand #155054508071:  Hold'em Limit ($3/$6 USD) - 2016/06/22 7:40:43 ET
Table 'Bolzano' 6-max Seat #2 is the button
Seat 2: wobetting ($186.73 in chips)
Seat 5: Ag3r0n ($77.21 in chips)
wobetting: posts small blind $1
B_loJkl: is sitting out
Ag3r0n: posts big blind $3
*** HOLE CARDS ***
wobetting: folds
Uncalled bet ($2) returned to Ag3r0n
Ag3r0n collected $2 from pot
*** SUMMARY ***
Total pot $2 | Rake $0
Seat 2: wobetting (button) (small blind) folded before Flop
Seat 5: Ag3r0n (big blind) collected ($2)


