PokerStars Hand #159311989950:  Hold'em Limit ($3/$6 USD) - 2016/09/30 21:02:16 ET
Table 'Bondia' 6-max Seat #3 is the button
Seat 3: balrajs ($127.64 in chips)
Seat 5: GoliafUa ($112 in chips)
balrajs: posts small blind $1
GoliafUa: posts big blind $3
*** HOLE CARDS ***
balrajs: raises $3 to $6
GoliafUa: calls $3
*** FLOP *** [3h 5d 3s]
GoliafUa: checks
balrajs: folds
balrajs leaves the table
GoliafUa collected $11.76 from pot
GoliafUa: doesn't show hand
*** SUMMARY ***
Total pot $12 | Rake $0.24
Board [3h 5d 3s]
Seat 3: balrajs (button) (small blind) folded on the Flop
Seat 5: GoliafUa (big blind) collected ($11.76)


PokerStars Hand #159311985268:  Hold'em Limit ($3/$6 USD) - 2016/09/30 21:02:05 ET
Table 'Bondia' 6-max Seat #5 is the button
Seat 3: balrajs ($119 in chips)
Seat 5: GoliafUa ($121 in chips)
GoliafUa: posts small blind $1
balrajs: posts big blind $3
*** HOLE CARDS ***
GoliafUa: raises $3 to $6
balrajs: raises $3 to $9
GoliafUa: calls $3
*** FLOP *** [3s Qs 8h]
balrajs: bets $3
GoliafUa: folds
Uncalled bet ($3) returned to balrajs
balrajs collected $17.64 from pot
balrajs: doesn't show hand
*** SUMMARY ***
Total pot $18 | Rake $0.36
Board [3s Qs 8h]
Seat 3: balrajs (big blind) collected ($17.64)
Seat 5: GoliafUa (button) (small blind) folded on the Flop


PokerStars Hand #159311980727:  Hold'em Limit ($3/$6 USD) - 2016/09/30 21:01:54 ET
Table 'Bondia' 6-max Seat #3 is the button
Seat 3: balrajs ($120 in chips)
Seat 5: GoliafUa ($120 in chips)
balrajs: posts small blind $1
GoliafUa: posts big blind $3
*** HOLE CARDS ***
balrajs: folds
Uncalled bet ($2) returned to GoliafUa
GoliafUa collected $2 from pot
GoliafUa: doesn't show hand
*** SUMMARY ***
Total pot $2 | Rake $0
Seat 3: balrajs (button) (small blind) folded before Flop
Seat 5: GoliafUa (big blind) collected ($2)


PokerStars Hand #159318457143:  Hold'em Limit ($3/$6 USD) - 2016/10/01 2:54:12 ET
Table 'Bondia' 6-max Seat #3 is the button
Seat 3: sigvi ($73.09 in chips)
Seat 4: Agrotait ($72 in chips)
sigvi: posts small blind $1
Agrotait: posts big blind $3
*** HOLE CARDS ***
sigvi: folds
Uncalled bet ($2) returned to Agrotait
Agrotait collected $2 from pot
Agrotait: doesn't show hand
*** SUMMARY ***
Total pot $2 | Rake $0
Seat 3: sigvi (button) (small blind) folded before Flop
Seat 4: Agrotait (big blind) collected ($2)


PokerStars Hand #159318455311:  Hold'em Limit ($3/$6 USD) - 2016/10/01 2:54:05 ET
Table 'Bondia' 6-max Seat #4 is the button
Seat 3: sigvi ($76.09 in chips)
Seat 4: Agrotait ($69 in chips)
Agrotait: posts small blind $1
sigvi: posts big blind $3
*** HOLE CARDS ***
Agrotait: raises $3 to $6
sigvi: folds
Uncalled bet ($3) returned to Agrotait
Agrotait collected $6 from pot
Agrotait: doesn't show hand
*** SUMMARY ***
Total pot $6 | Rake $0
Seat 3: sigvi (big blind) folded before Flop
Seat 4: Agrotait (button) (small blind) collected ($6)


PokerStars Hand #159318452253:  Hold'em Limit ($3/$6 USD) - 2016/10/01 2:53:53 ET
Table 'Bondia' 6-max Seat #3 is the button
Seat 3: sigvi ($73.09 in chips)
Seat 4: Agrotait ($72 in chips)
sigvi: posts small blind $1
Agrotait: posts big blind $3
*** HOLE CARDS ***
sigvi: raises $3 to $6
Agrotait: folds
Uncalled bet ($3) returned to sigvi
sigvi collected $6 from pot
*** SUMMARY ***
Total pot $6 | Rake $0
Seat 3: sigvi (button) (small blind) collected ($6)
Seat 4: Agrotait (big blind) folded before Flop


PokerStars Hand #159318473440:  Hold'em Limit ($3/$6 USD) - 2016/10/01 2:55:14 ET
Table 'Bondia' 6-max Seat #3 is the button
Seat 3: sigvi ($54.09 in chips)
Seat 4: Agrotait ($90.50 in chips)
sigvi: posts small blind $1
Agrotait: posts big blind $3
*** HOLE CARDS ***
sigvi: raises $3 to $6
Agrotait: folds
Uncalled bet ($3) returned to sigvi
sigvi collected $6 from pot
sigvi: doesn't show hand
*** SUMMARY ***
Total pot $6 | Rake $0
Seat 3: sigvi (button) (small blind) collected ($6)
Seat 4: Agrotait (big blind) folded before Flop


PokerStars Hand #159318459939:  Hold'em Limit ($3/$6 USD) - 2016/10/01 2:54:22 ET
Table 'Bondia' 6-max Seat #4 is the button
Seat 3: sigvi ($72.09 in chips)
Seat 4: Agrotait ($73 in chips)
Agrotait: posts small blind $1
sigvi: posts big blind $3
*** HOLE CARDS ***
Agrotait: raises $3 to $6
sigvi: raises $3 to $9
Agrotait: calls $3
*** FLOP *** [3h Jc Td]
sigvi: bets $3
Agrotait: calls $3
*** TURN *** [3h Jc Td] [4s]
sigvi: bets $6
Agrotait: calls $6
*** RIVER *** [3h Jc Td 4s] [8c]
sigvi: checks
Agrotait: bets $6
sigvi: folds
Uncalled bet ($6) returned to Agrotait
Agrotait collected $35.50 from pot
Agrotait: doesn't show hand
*** SUMMARY ***
Total pot $36 | Rake $0.50
Board [3h Jc Td 4s 8c]
Seat 3: sigvi (big blind) folded on the River
Seat 4: Agrotait (button) (small blind) collected ($35.50)


PokerStars Hand #159318485670:  Hold'em Limit ($3/$6 USD) - 2016/10/01 2:56:06 ET
Table 'Bondia' 6-max Seat #3 is the button
Seat 3: sigvi ($65.73 in chips)
Seat 4: Agrotait ($78.50 in chips)
sigvi: posts small blind $1
Agrotait: posts big blind $3
*** HOLE CARDS ***
D87654321 joins the table at seat #6
sigvi: folds
Uncalled bet ($2) returned to Agrotait
Agrotait collected $2 from pot
Agrotait: doesn't show hand
*** SUMMARY ***
Total pot $2 | Rake $0
Seat 3: sigvi (button) (small blind) folded before Flop
Seat 4: Agrotait (big blind) collected ($2)


PokerStars Hand #159318475701:  Hold'em Limit ($3/$6 USD) - 2016/10/01 2:55:23 ET
Table 'Bondia' 6-max Seat #4 is the button
Seat 3: sigvi ($57.09 in chips)
Seat 4: Agrotait ($87.50 in chips)
Agrotait: posts small blind $1
sigvi: posts big blind $3
*** HOLE CARDS ***
Agrotait: raises $3 to $6
sigvi: calls $3
*** FLOP *** [Qc Ks 2d]
sigvi: checks
Agrotait: bets $3
sigvi: calls $3
*** TURN *** [Qc Ks 2d] [Ts]
sigvi: checks
Agrotait: checks
*** RIVER *** [Qc Ks 2d Ts] [Js]
sigvi: checks
Agrotait: checks
*** SHOW DOWN ***
sigvi: shows [4d Qh] (a pair of Queens)
Agrotait: mucks hand
sigvi collected $17.64 from pot
*** SUMMARY ***
Total pot $18 | Rake $0.36
Board [Qc Ks 2d Ts Js]
Seat 3: sigvi (big blind) showed [4d Qh] and won ($17.64) with a pair of Queens
Seat 4: Agrotait (button) (small blind) mucked


PokerStars Hand #159319482116:  Hold'em Limit ($3/$6 USD) - 2016/10/01 3:54:44 ET
Table 'Bondia' 6-max Seat #5 is the button
Seat 5: happyshine88 ($37.94 in chips)
Seat 6: luxsheriff ($186.81 in chips)
happyshine88: posts small blind $1
luxsheriff: posts big blind $3
*** HOLE CARDS ***
happyshine88: folds
Uncalled bet ($2) returned to luxsheriff
luxsheriff collected $2 from pot
luxsheriff: doesn't show hand
*** SUMMARY ***
Total pot $2 | Rake $0
Seat 5: happyshine88 (button) (small blind) folded before Flop
Seat 6: luxsheriff (big blind) collected ($2)


PokerStars Hand #159319475437:  Hold'em Limit ($3/$6 USD) - 2016/10/01 3:54:21 ET
Table 'Bondia' 6-max Seat #6 is the button
Seat 5: happyshine88 ($43.94 in chips)
Seat 6: luxsheriff ($181.05 in chips)
luxsheriff: posts small blind $1
degal76: is sitting out
happyshine88: posts big blind $3
*** HOLE CARDS ***
luxsheriff: raises $3 to $6
happyshine88: calls $3
*** FLOP *** [As Ac 8d]
degal76 leaves the table
happyshine88: checks
luxsheriff: bets $3
happyshine88: folds
Uncalled bet ($3) returned to luxsheriff
luxsheriff collected $11.76 from pot
luxsheriff: doesn't show hand
*** SUMMARY ***
Total pot $12 | Rake $0.24
Board [As Ac 8d]
Seat 5: happyshine88 (big blind) folded on the Flop
Seat 6: luxsheriff (button) (small blind) collected ($11.76)


PokerStars Hand #159319496672:  Hold'em Limit ($3/$6 USD) - 2016/10/01 3:55:35 ET
Table 'Bondia' 6-max Seat #5 is the button
Seat 5: happyshine88 ($9.94 in chips)
Seat 6: luxsheriff ($214.31 in chips)
happyshine88: posts small blind $1
luxsheriff: posts big blind $3
*** HOLE CARDS ***
happyshine88: raises $3 to $6
luxsheriff: calls $3
*** FLOP *** [3h 8d 4s]
luxsheriff: checks
happyshine88: bets $3
luxsheriff: calls $3
*** TURN *** [3h 8d 4s] [3d]
luxsheriff: checks
happyshine88: bets $0.94 and is all-in
luxsheriff: calls $0.94
*** RIVER *** [3h 8d 4s 3d] [Kd]
*** SHOW DOWN ***
luxsheriff: shows [2c Js] (a pair of Threes)
happyshine88: shows [7d Jd] (a flush, King high)
happyshine88 collected $19.48 from pot
*** SUMMARY ***
Total pot $19.88 | Rake $0.40
Board [3h 8d 4s 3d Kd]
Seat 5: happyshine88 (button) (small blind) showed [7d Jd] and won ($19.48) with a flush, King high
Seat 6: luxsheriff (big blind) showed [2c Js] and lost with a pair of Threes


PokerStars Hand #159319507091:  Hold'em Limit ($3/$6 USD) - 2016/10/01 3:56:13 ET
Table 'Bondia' 6-max Seat #6 is the button
Seat 5: happyshine88 ($19.48 in chips)
Seat 6: luxsheriff ($204.37 in chips)
luxsheriff: posts small blind $1
happyshine88: posts big blind $3
*** HOLE CARDS ***
luxsheriff: raises $3 to $6
happyshine88: calls $3
*** FLOP *** [Ks 2c 4d]
happyshine88: checks
luxsheriff: bets $3
happyshine88: folds
Uncalled bet ($3) returned to luxsheriff
luxsheriff collected $11.76 from pot
luxsheriff: doesn't show hand
*** SUMMARY ***
Total pot $12 | Rake $0.24
Board [Ks 2c 4d]
Seat 5: happyshine88 (big blind) folded on the Flop
Seat 6: luxsheriff (button) (small blind) collected ($11.76)


PokerStars Hand #159319511457:  Hold'em Limit ($3/$6 USD) - 2016/10/01 3:56:30 ET
Table 'Bondia' 6-max Seat #5 is the button
Seat 5: happyshine88 ($13.48 in chips)
Seat 6: luxsheriff ($210.13 in chips)
happyshine88: posts small blind $1
luxsheriff: posts big blind $3
*** HOLE CARDS ***
happyshine88: raises $3 to $6
luxsheriff: raises $3 to $9
happyshine88: calls $3
*** FLOP *** [6d Ts Ks]
luxsheriff: bets $3
happyshine88: calls $3
*** TURN *** [6d Ts Ks] [2s]
luxsheriff: bets $6
happyshine88: calls $1.48 and is all-in
Uncalled bet ($4.52) returned to luxsheriff
*** RIVER *** [6d Ts Ks 2s] [2c]
*** SHOW DOWN ***
luxsheriff: shows [Js Td] (two pair, Tens and Deuces)
happyshine88: shows [5s Qs] (a flush, King high)
happyshine88 collected $26.46 from pot
*** SUMMARY ***
Total pot $26.96 | Rake $0.50
Board [6d Ts Ks 2s 2c]
Seat 5: happyshine88 (button) (small blind) showed [5s Qs] and won ($26.46) with a flush, King high
Seat 6: luxsheriff (big blind) showed [Js Td] and lost with two pair, Tens and Deuces


PokerStars Hand #159319526632:  Hold'em Limit ($3/$6 USD) - 2016/10/01 3:57:25 ET
Table 'Bondia' 6-max Seat #5 is the button
Seat 5: happyshine88 ($11.46 in chips)
Seat 6: luxsheriff ($211.15 in chips)
happyshine88: posts small blind $1
luxsheriff: posts big blind $3
*** HOLE CARDS ***
happyshine88: folds
Uncalled bet ($2) returned to luxsheriff
luxsheriff collected $2 from pot
luxsheriff: doesn't show hand
*** SUMMARY ***
Total pot $2 | Rake $0
Seat 5: happyshine88 (button) (small blind) folded before Flop
Seat 6: luxsheriff (big blind) collected ($2)


PokerStars Hand #159319517364:  Hold'em Limit ($3/$6 USD) - 2016/10/01 3:56:51 ET
Table 'Bondia' 6-max Seat #6 is the button
Seat 5: happyshine88 ($26.46 in chips)
Seat 6: luxsheriff ($196.65 in chips)
luxsheriff: posts small blind $1
happyshine88: posts big blind $3
*** HOLE CARDS ***
luxsheriff: raises $3 to $6
happyshine88: calls $3
*** FLOP *** [6c Ad 4d]
happyshine88: checks
luxsheriff: bets $3
happyshine88: calls $3
*** TURN *** [6c Ad 4d] [Qd]
happyshine88: checks
luxsheriff: bets $6
happyshine88: calls $6
*** RIVER *** [6c Ad 4d Qd] [As]
happyshine88: checks
luxsheriff: bets $6
happyshine88: folds
Uncalled bet ($6) returned to luxsheriff
luxsheriff collected $29.50 from pot
luxsheriff: doesn't show hand
*** SUMMARY ***
Total pot $30 | Rake $0.50
Board [6c Ad 4d Qd As]
Seat 5: happyshine88 (big blind) folded on the River
Seat 6: luxsheriff (button) (small blind) collected ($29.50)


PokerStars Hand #159319528491:  Hold'em Limit ($3/$6 USD) - 2016/10/01 3:57:32 ET
Table 'Bondia' 6-max Seat #6 is the button
Seat 5: happyshine88 ($10.46 in chips)
Seat 6: luxsheriff ($212.15 in chips)
luxsheriff: posts small blind $1
happyshine88: posts big blind $3
*** HOLE CARDS ***
luxsheriff: raises $3 to $6
happyshine88: raises $3 to $9
luxsheriff: raises $3 to $12
Betting is capped
happyshine88: calls $1.46 and is all-in
Uncalled bet ($1.54) returned to luxsheriff
*** FLOP *** [Kc 5h 2d]
*** TURN *** [Kc 5h 2d] [9c]
*** RIVER *** [Kc 5h 2d 9c] [Ac]
*** SHOW DOWN ***
happyshine88: shows [7s 4c] (high card Ace)
luxsheriff: shows [Qs Ah] (a pair of Aces)
luxsheriff collected $20.50 from pot
*** SUMMARY ***
Total pot $20.92 | Rake $0.42
Board [Kc 5h 2d 9c Ac]
Seat 5: happyshine88 (big blind) showed [7s 4c] and lost with high card Ace
Seat 6: luxsheriff (button) (small blind) showed [Qs Ah] and won ($20.50) with a pair of Aces


