PokerStars Hand #176358211921:  Hold'em Limit ($3/$6 USD) - 2017/10/01 13:06:37 ET
Table 'Bootes II' 6-max Seat #6 is the button
Seat 1: vestimokrec ($120 in chips)
Seat 6: Stingeling ($120 in chips)
Stingeling: posts small blind $1
vestimokrec: posts big blind $3
*** HOLE CARDS ***
Stingeling: folds
Uncalled bet ($2) returned to vestimokrec
vestimokrec collected $2 from pot
vestimokrec: doesn't show hand
*** SUMMARY ***
Total pot $2 | Rake $0
Seat 1: vestimokrec (big blind) collected ($2)
Seat 6: Stingeling (button) (small blind) folded before Flop


PokerStars Hand #176358220782:  Hold'em Limit ($3/$6 USD) - 2017/10/01 13:06:47 ET
Table 'Bootes II' 6-max Seat #1 is the button
Seat 1: vestimokrec ($121 in chips)
Seat 6: Stingeling ($119 in chips)
vestimokrec: posts small blind $1
Stingeling: posts big blind $3
*** HOLE CARDS ***
vestimokrec: raises $3 to $6
Stingeling: calls $3
*** FLOP *** [5d Qd As]
Stingeling: checks
vestimokrec: bets $3
Stingeling: folds
Uncalled bet ($3) returned to vestimokrec
vestimokrec collected $11.76 from pot
vestimokrec: doesn't show hand
*** SUMMARY ***
Total pot $12 | Rake $0.24
Board [5d Qd As]
Seat 1: vestimokrec (button) (small blind) collected ($11.76)
Seat 6: Stingeling (big blind) folded on the Flop


PokerStars Hand #176358241186:  Hold'em Limit ($3/$6 USD) - 2017/10/01 13:07:12 ET
Table 'Bootes II' 6-max Seat #6 is the button
Seat 1: vestimokrec ($126.76 in chips)
Seat 6: Stingeling ($113 in chips)
Stingeling: posts small blind $1
vestimokrec: posts big blind $3
*** HOLE CARDS ***
Stingeling: raises $3 to $6
vestimokrec: raises $3 to $9
Stingeling: calls $3
*** FLOP *** [4s Kc Ah]
vestimokrec: bets $3
Stingeling: calls $3
*** TURN *** [4s Kc Ah] [3s]
vestimokrec: bets $6
Stingeling: folds
Uncalled bet ($6) returned to vestimokrec
vestimokrec collected $23.52 from pot
vestimokrec: doesn't show hand
*** SUMMARY ***
Total pot $24 | Rake $0.48
Board [4s Kc Ah 3s]
Seat 1: vestimokrec (big blind) collected ($23.52)
Seat 6: Stingeling (button) (small blind) folded on the Turn


PokerStars Hand #176358258179:  Hold'em Limit ($3/$6 USD) - 2017/10/01 13:07:33 ET
Table 'Bootes II' 6-max Seat #1 is the button
Seat 1: vestimokrec ($138.28 in chips)
Seat 6: Stingeling ($101 in chips)
vestimokrec: posts small blind $1
Stingeling: posts big blind $3
*** HOLE CARDS ***
vestimokrec: raises $3 to $6
Stingeling: calls $3
*** FLOP *** [7h 8c 3h]
Stingeling: checks
vestimokrec: checks
*** TURN *** [7h 8c 3h] [Jh]
Stingeling: checks
GoliafUa leaves the table
vestimokrec: checks
*** RIVER *** [7h 8c 3h Jh] [Ah]
Stingeling: checks
vestimokrec: bets $6
Stingeling: calls $6
*** SHOW DOWN ***
vestimokrec: shows [4s 9d] (high card Ace)
Stingeling: shows [Qc Tc] (high card Ace - Queen kicker)
Stingeling collected $23.52 from pot
*** SUMMARY ***
Total pot $24 | Rake $0.48
Board [7h 8c 3h Jh Ah]
Seat 1: vestimokrec (button) (small blind) showed [4s 9d] and lost with high card Ace
Seat 6: Stingeling (big blind) showed [Qc Tc] and won ($23.52) with high card Ace


PokerStars Hand #176358299910:  Hold'em Limit ($3/$6 USD) - 2017/10/01 13:08:23 ET
Table 'Bootes II' 6-max Seat #1 is the button
Seat 1: vestimokrec ($120.28 in chips)
Seat 6: Stingeling ($118.28 in chips)
vestimokrec: posts small blind $1
Stingeling: posts big blind $3
*** HOLE CARDS ***
vestimokrec: raises $3 to $6
Stingeling: calls $3
*** FLOP *** [Kd 3h Qd]
Stingeling: checks
vestimokrec: bets $3
Stingeling: raises $3 to $6
vestimokrec: folds
Uncalled bet ($3) returned to Stingeling
Stingeling collected $17.64 from pot
Stingeling: doesn't show hand
*** SUMMARY ***
Total pot $18 | Rake $0.36
Board [Kd 3h Qd]
Seat 1: vestimokrec (button) (small blind) folded on the Flop
Seat 6: Stingeling (big blind) collected ($17.64)


PokerStars Hand #176358280571:  Hold'em Limit ($3/$6 USD) - 2017/10/01 13:08:00 ET
Table 'Bootes II' 6-max Seat #6 is the button
Seat 1: vestimokrec ($126.28 in chips)
Seat 6: Stingeling ($112.52 in chips)
Stingeling: posts small blind $1
vestimokrec: posts big blind $3
*** HOLE CARDS ***
Stingeling: raises $3 to $6
vestimokrec: calls $3
*** FLOP *** [3c Tc Qd]
vestimokrec: checks
Stingeling: checks
*** TURN *** [3c Tc Qd] [Qs]
vestimokrec: checks
Stingeling: bets $6
vestimokrec: folds
Uncalled bet ($6) returned to Stingeling
Stingeling collected $11.76 from pot
Stingeling: doesn't show hand
*** SUMMARY ***
Total pot $12 | Rake $0.24
Board [3c Tc Qd Qs]
Seat 1: vestimokrec (big blind) folded on the Turn
Seat 6: Stingeling (button) (small blind) collected ($11.76)


PokerStars Hand #176358373375:  Hold'em Limit ($3/$6 USD) - 2017/10/01 13:09:53 ET
Table 'Bootes II' 6-max Seat #1 is the button
Seat 1: vestimokrec ($96.28 in chips)
Seat 6: Stingeling ($141.30 in chips)
vestimokrec: posts small blind $1
Stingeling: posts big blind $3
*** HOLE CARDS ***
vestimokrec: raises $3 to $6
Stingeling: folds
Uncalled bet ($3) returned to vestimokrec
vestimokrec collected $6 from pot
vestimokrec: doesn't show hand
*** SUMMARY ***
Total pot $6 | Rake $0
Seat 1: vestimokrec (button) (small blind) collected ($6)
Seat 6: Stingeling (big blind) folded before Flop


PokerStars Hand #176358353857:  Hold'em Limit ($3/$6 USD) - 2017/10/01 13:09:29 ET
Table 'Bootes II' 6-max Seat #6 is the button
Seat 1: vestimokrec ($111.28 in chips)
Seat 6: Stingeling ($126.80 in chips)
Stingeling: posts small blind $1
vestimokrec: posts big blind $3
*** HOLE CARDS ***
Stingeling: raises $3 to $6
vestimokrec: calls $3
*** FLOP *** [5c As 4s]
vestimokrec: checks
Stingeling: bets $3
vestimokrec: calls $3
*** TURN *** [5c As 4s] [Th]
vestimokrec: checks
Stingeling: bets $6
vestimokrec: calls $6
*** RIVER *** [5c As 4s Th] [Ac]
vestimokrec: checks
Stingeling: checks
*** SHOW DOWN ***
vestimokrec: shows [4c Js] (two pair, Aces and Fours)
Stingeling: shows [5d 4h] (two pair, Aces and Fives)
Stingeling collected $29.50 from pot
*** SUMMARY ***
Total pot $30 | Rake $0.50
Board [5c As 4s Th Ac]
Seat 1: vestimokrec (big blind) showed [4c Js] and lost with two pair, Aces and Fours
Seat 6: Stingeling (button) (small blind) showed [5d 4h] and won ($29.50) with two pair, Aces and Fives


PokerStars Hand #176358348880:  Hold'em Limit ($3/$6 USD) - 2017/10/01 13:09:23 ET
Table 'Bootes II' 6-max Seat #1 is the button
Seat 1: vestimokrec ($108.28 in chips)
Seat 6: Stingeling ($129.80 in chips)
vestimokrec: posts small blind $1
Stingeling: posts big blind $3
*** HOLE CARDS ***
vestimokrec: raises $3 to $6
Stingeling: folds
Uncalled bet ($3) returned to vestimokrec
vestimokrec collected $6 from pot
vestimokrec: doesn't show hand
*** SUMMARY ***
Total pot $6 | Rake $0
Seat 1: vestimokrec (button) (small blind) collected ($6)
Seat 6: Stingeling (big blind) folded before Flop


PokerStars Hand #176358315304:  Hold'em Limit ($3/$6 USD) - 2017/10/01 13:08:42 ET
Table 'Bootes II' 6-max Seat #6 is the button
Seat 1: vestimokrec ($111.28 in chips)
Seat 6: Stingeling ($126.92 in chips)
Stingeling: posts small blind $1
vestimokrec: posts big blind $3
*** HOLE CARDS ***
Stingeling: calls $2
vestimokrec: checks
*** FLOP *** [2c Jc Ad]
vestimokrec: checks
Stingeling: checks
*** TURN *** [2c Jc Ad] [Js]
vestimokrec: checks
Stingeling: checks
*** RIVER *** [2c Jc Ad Js] [Tc]
vestimokrec: checks
Stingeling: checks
*** SHOW DOWN ***
vestimokrec: shows [7d 8h] (a pair of Jacks)
Stingeling: shows [9c 7s] (a pair of Jacks - Ace+Ten+Nine kicker)
Stingeling collected $5.88 from pot
*** SUMMARY ***
Total pot $6 | Rake $0.12
Board [2c Jc Ad Js Tc]
Seat 1: vestimokrec (big blind) showed [7d 8h] and lost with a pair of Jacks
Seat 6: Stingeling (button) (small blind) showed [9c 7s] and won ($5.88) with a pair of Jacks


PokerStars Hand #176358378669:  Hold'em Limit ($3/$6 USD) - 2017/10/01 13:10:00 ET
Table 'Bootes II' 6-max Seat #6 is the button
Seat 1: vestimokrec ($99.28 in chips)
Seat 6: Stingeling ($138.30 in chips)
Stingeling: posts small blind $1
vestimokrec: posts big blind $3
*** HOLE CARDS ***
Stingeling: raises $3 to $6
vestimokrec: calls $3
*** FLOP *** [Qh 6s 8d]
vestimokrec: checks
Stingeling: bets $3
vestimokrec: raises $3 to $6
Stingeling: raises $3 to $9
vestimokrec: calls $3
*** TURN *** [Qh 6s 8d] [Ac]
vestimokrec: checks
Stingeling: checks
*** RIVER *** [Qh 6s 8d Ac] [As]
JMess7 joins the table at seat #2
vestimokrec: bets $6
Stingeling: calls $6
*** SHOW DOWN ***
vestimokrec: shows [5c 4h] (a pair of Aces)
Stingeling: shows [Kd 8s] (two pair, Aces and Eights)
Stingeling collected $41.50 from pot
*** SUMMARY ***
Total pot $42 | Rake $0.50
Board [Qh 6s 8d Ac As]
Seat 1: vestimokrec (big blind) showed [5c 4h] and lost with a pair of Aces
Seat 6: Stingeling (button) (small blind) showed [Kd 8s] and won ($41.50) with two pair, Aces and Eights


