PokerStars Hand #144478825049:  Hold'em Limit ($3/$6 USD) - 2015/11/27 17:14:49 ET
Table 'Bootes II' 2-max Seat #1 is the button
Seat 1: daxuks ($49 in chips)
Seat 2: king.lapin ($198.06 in chips)
daxuks: posts small blind $1
king.lapin: posts big blind $3
*** HOLE CARDS ***
daxuks: raises $3 to $6
king.lapin: raises $3 to $9
daxuks: raises $3 to $12
Betting is capped
king.lapin: calls $3
*** FLOP *** [9s 5s 4c]
king.lapin: bets $3
daxuks: calls $3
*** TURN *** [9s 5s 4c] [4d]
king.lapin: bets $6
daxuks: calls $6
*** RIVER *** [9s 5s 4c 4d] [Th]
king.lapin: bets $6
daxuks: folds
Uncalled bet ($6) returned to king.lapin
king.lapin collected $41.50 from pot
king.lapin: doesn't show hand
*** SUMMARY ***
Total pot $42 | Rake $0.50
Board [9s 5s 4c 4d Th]
Seat 1: daxuks (button) (small blind) folded on the River
Seat 2: king.lapin (big blind) collected ($41.50)


PokerStars Hand #144478809924:  Hold'em Limit ($3/$6 USD) - 2015/11/27 17:14:31 ET
Table 'Bootes II' 2-max Seat #2 is the button
Seat 1: daxuks ($85 in chips)
Seat 2: king.lapin ($162.56 in chips)
king.lapin: posts small blind $1
daxuks: posts big blind $3
*** HOLE CARDS ***
king.lapin: raises $3 to $6
daxuks: raises $3 to $9
king.lapin: raises $3 to $12
Betting is capped
daxuks: calls $3
*** FLOP *** [3s Jc As]
daxuks: bets $3
king.lapin: raises $3 to $6
daxuks: calls $3
*** TURN *** [3s Jc As] [Ac]
daxuks: bets $6
king.lapin: raises $6 to $12
daxuks: raises $6 to $18
king.lapin: calls $6
*** RIVER *** [3s Jc As Ac] [6s]
daxuks: checks
king.lapin: bets $6
daxuks: folds
Uncalled bet ($6) returned to king.lapin
king.lapin collected $71.50 from pot
king.lapin: doesn't show hand
*** SUMMARY ***
Total pot $72 | Rake $0.50
Board [3s Jc As Ac 6s]
Seat 1: daxuks (big blind) folded on the River
Seat 2: king.lapin (button) (small blind) collected ($71.50)


PokerStars Hand #144478797766:  Hold'em Limit ($3/$6 USD) - 2015/11/27 17:14:18 ET
Table 'Bootes II' 2-max Seat #1 is the button
Seat 1: daxuks ($106 in chips)
Seat 2: king.lapin ($142.06 in chips)
daxuks: posts small blind $1
king.lapin: posts big blind $3
*** HOLE CARDS ***
daxuks: raises $3 to $6
king.lapin: raises $3 to $9
daxuks: calls $3
*** FLOP *** [Js 9d 5h]
king.lapin: bets $3
daxuks: raises $3 to $6
king.lapin: calls $3
*** TURN *** [Js 9d 5h] [3s]
king.lapin: bets $6
daxuks: calls $6
*** RIVER *** [Js 9d 5h 3s] [2s]
king.lapin: bets $6
daxuks: folds
Uncalled bet ($6) returned to king.lapin
king.lapin collected $41.50 from pot
king.lapin: doesn't show hand
*** SUMMARY ***
Total pot $42 | Rake $0.50
Board [Js 9d 5h 3s 2s]
Seat 1: daxuks (button) (small blind) folded on the River
Seat 2: king.lapin (big blind) collected ($41.50)


PokerStars Hand #144478782607:  Hold'em Limit ($3/$6 USD) - 2015/11/27 17:14:00 ET
Table 'Bootes II' 2-max Seat #2 is the button
Seat 1: daxuks ($142 in chips)
Seat 2: king.lapin ($106.56 in chips)
king.lapin: posts small blind $1
daxuks: posts big blind $3
*** HOLE CARDS ***
king.lapin: raises $3 to $6
daxuks: raises $3 to $9
king.lapin: raises $3 to $12
Betting is capped
daxuks: calls $3
*** FLOP *** [6d Ts 7h]
daxuks: bets $3
king.lapin: raises $3 to $6
daxuks: calls $3
*** TURN *** [6d Ts 7h] [4s]
daxuks: checks
king.lapin: bets $6
daxuks: raises $6 to $12
king.lapin: raises $6 to $18
daxuks: calls $6
*** RIVER *** [6d Ts 7h 4s] [7d]
daxuks: checks
king.lapin: bets $6
daxuks: folds
Uncalled bet ($6) returned to king.lapin
king.lapin collected $71.50 from pot
*** SUMMARY ***
Total pot $72 | Rake $0.50
Board [6d Ts 7h 4s 7d]
Seat 1: daxuks (big blind) folded on the River
Seat 2: king.lapin (button) (small blind) collected ($71.50)


PokerStars Hand #144478850000:  Hold'em Limit ($3/$6 USD) - 2015/11/27 17:15:17 ET
Table 'Bootes II' 2-max Seat #1 is the button
Seat 1: daxuks ($13 in chips)
Seat 2: king.lapin ($233.06 in chips)
daxuks: posts small blind $1
king.lapin: posts big blind $3
*** HOLE CARDS ***
daxuks: raises $3 to $6
king.lapin: raises $3 to $9
daxuks: raises $3 to $12
Betting is capped
king.lapin: calls $3
*** FLOP *** [7h Jc 9c]
king.lapin: bets $3
daxuks: folds
Uncalled bet ($3) returned to king.lapin
daxuks leaves the table
king.lapin collected $23.52 from pot
king.lapin: doesn't show hand
*** SUMMARY ***
Total pot $24 | Rake $0.48
Board [7h Jc 9c]
Seat 1: daxuks (button) (small blind) folded on the Flop
Seat 2: king.lapin (big blind) collected ($23.52)


PokerStars Hand #144478838011:  Hold'em Limit ($3/$6 USD) - 2015/11/27 17:15:03 ET
Table 'Bootes II' 2-max Seat #2 is the button
Seat 1: daxuks ($28 in chips)
Seat 2: king.lapin ($218.56 in chips)
king.lapin: posts small blind $1
daxuks: posts big blind $3
*** HOLE CARDS ***
king.lapin: raises $3 to $6
daxuks: raises $3 to $9
king.lapin: raises $3 to $12
Betting is capped
daxuks: calls $3
*** FLOP *** [8c 2s 5d]
daxuks: bets $3
king.lapin: calls $3
*** TURN *** [8c 2s 5d] [6s]
daxuks: checks
king.lapin: checks
*** RIVER *** [8c 2s 5d 6s] [5h]
daxuks: checks
king.lapin: bets $6
daxuks: folds
Uncalled bet ($6) returned to king.lapin
king.lapin collected $29.50 from pot
king.lapin: doesn't show hand
*** SUMMARY ***
Total pot $30 | Rake $0.50
Board [8c 2s 5d 6s 5h]
Seat 1: daxuks (big blind) folded on the River
Seat 2: king.lapin (button) (small blind) collected ($29.50)


