PokerStars Hand #156799357437:  Hold'em Limit ($3/$6 USD) - 2016/08/03 2:49:18 ET
Table 'Bootes' 6-max Seat #4 is the button
Seat 2: mr lawrence ($362.97 in chips)
Seat 4: AzureCaper ($116.21 in chips)
AzureCaper: posts small blind $1
mr lawrence: posts big blind $3
*** HOLE CARDS ***
mr lawrence said, "fo ck u"
AzureCaper: raises $3 to $6
mr lawrence said, "go damn bast ards"
Agrotait leaves the table
mr lawrence said, "die of cancer"
Fabulous108 leaves the table
mr lawrence said, "die of cancer"
mr lawrence said, "u f sucking out co ck su cker"
mr lawrence said, "co cksucker"
mr lawrence: folds
Uncalled bet ($3) returned to AzureCaper
AzureCaper collected $6 from pot
*** SUMMARY ***
Total pot $6 | Rake $0
Seat 2: mr lawrence (big blind) folded before Flop
Seat 4: AzureCaper (button) (small blind) collected ($6)


PokerStars Hand #156799370452:  Hold'em Limit ($3/$6 USD) - 2016/08/03 2:50:11 ET
Table 'Bootes' 6-max Seat #2 is the button
Seat 2: mr lawrence ($359.97 in chips)
Seat 4: AzureCaper ($119.21 in chips)
mr lawrence: posts small blind $1
AzureCaper: posts big blind $3
*** HOLE CARDS ***
mr lawrence: folds
Uncalled bet ($2) returned to AzureCaper
AzureCaper collected $2 from pot
AzureCaper: doesn't show hand
*** SUMMARY ***
Total pot $2 | Rake $0
Seat 2: mr lawrence (button) (small blind) folded before Flop
Seat 4: AzureCaper (big blind) collected ($2)


