PokerStars Hand #176485050365:  Hold'em Limit ($3/$6 USD) - 2017/10/04 13:06:50 ET
Table 'Boreas' 6-max Seat #2 is the button
Seat 2: zippnpuff ($118.01 in chips)
Seat 3: B_loJkl ($75.28 in chips)
zippnpuff: posts small blind $1
B_loJkl: posts big blind $3
*** HOLE CARDS ***
zippnpuff: folds
Uncalled bet ($2) returned to B_loJkl
B_loJkl collected $2 from pot
B_loJkl: doesn't show hand
*** SUMMARY ***
Total pot $2 | Rake $0
Seat 2: zippnpuff (button) (small blind) folded before Flop
Seat 3: B_loJkl (big blind) collected ($2)


PokerStars Hand #176485024732:  Hold'em Limit ($3/$6 USD) - 2017/10/04 13:06:14 ET
Table 'Boreas' 6-max Seat #3 is the button
Seat 2: zippnpuff ($103.51 in chips)
Seat 3: B_loJkl ($90.28 in chips)
B_loJkl: posts small blind $1
vestimokrec: is sitting out
zippnpuff: posts big blind $3
*** HOLE CARDS ***
B_loJkl: raises $3 to $6
zippnpuff: calls $3
*** FLOP *** [3d 5c 9h]
zippnpuff: bets $3
B_loJkl: calls $3
*** TURN *** [3d 5c 9h] [5s]
zippnpuff: bets $6
B_loJkl: calls $6
*** RIVER *** [3d 5c 9h 5s] [6c]
zippnpuff: bets $6
B_loJkl: folds
Uncalled bet ($6) returned to zippnpuff
zippnpuff collected $29.50 from pot
*** SUMMARY ***
Total pot $30 | Rake $0.50
Board [3d 5c 9h 5s 6c]
Seat 2: zippnpuff (big blind) collected ($29.50)
Seat 3: B_loJkl (button) (small blind) folded on the River


PokerStars Hand #176485084406:  Hold'em Limit ($3/$6 USD) - 2017/10/04 13:07:39 ET
Table 'Boreas' 6-max Seat #4 is the button
Seat 3: B_loJkl ($67.28 in chips)
Seat 4: vestimokrec ($201.80 in chips)
vestimokrec: posts small blind $1
B_loJkl: posts big blind $3
*** HOLE CARDS ***
vestimokrec: raises $3 to $6
B_loJkl: calls $3
*** FLOP *** [4c Jh 2c]
B_loJkl: checks
vestimokrec: checks
*** TURN *** [4c Jh 2c] [8s]
B_loJkl: checks
vestimokrec: bets $6
B_loJkl: folds
Uncalled bet ($6) returned to vestimokrec
vestimokrec collected $11.76 from pot
vestimokrec: doesn't show hand
*** SUMMARY ***
Total pot $12 | Rake $0.24
Board [4c Jh 2c 8s]
Seat 3: B_loJkl (big blind) folded on the Turn
Seat 4: vestimokrec (button) (small blind) collected ($11.76)


