PokerStars Hand #145426285925:  Hold'em Limit ($3/$6 USD) - 2015/12/16 7:32:05 ET
Table 'Boreas' 6-max Seat #4 is the button
Seat 3: Shara.Vi ($57.01 in chips)
Seat 4: Pandakey ($135.14 in chips)
Pandakey: posts small blind $1
Shara.Vi: posts big blind $3
*** HOLE CARDS ***
Pandakey: raises $3 to $6
Shara.Vi: raises $3 to $9
Pandakey: calls $3
*** FLOP *** [2c Qs Qd]
Shara.Vi: bets $3
Pandakey: folds
Uncalled bet ($3) returned to Shara.Vi
Shara.Vi collected $17.64 from pot
*** SUMMARY ***
Total pot $18 | Rake $0.36
Board [2c Qs Qd]
Seat 3: Shara.Vi (big blind) collected ($17.64)
Seat 4: Pandakey (button) (small blind) folded on the Flop


PokerStars Hand #145426276568:  Hold'em Limit ($3/$6 USD) - 2015/12/16 7:31:47 ET
Table 'Boreas' 6-max Seat #3 is the button
Seat 3: Shara.Vi ($48.37 in chips)
Seat 4: Pandakey ($144.14 in chips)
Shara.Vi: posts small blind $1
Pandakey: posts big blind $3
*** HOLE CARDS ***
Shara.Vi: calls $2
Pandakey: raises $3 to $6
Shara.Vi: calls $3
*** FLOP *** [Qh 9h 4s]
Pandakey: bets $3
Shara.Vi: calls $3
*** TURN *** [Qh 9h 4s] [Jd]
Pandakey: checks
Shara.Vi: bets $6
Pandakey: folds
Uncalled bet ($6) returned to Shara.Vi
Shara.Vi collected $17.64 from pot
*** SUMMARY ***
Total pot $18 | Rake $0.36
Board [Qh 9h 4s Jd]
Seat 3: Shara.Vi (button) (small blind) collected ($17.64)
Seat 4: Pandakey (big blind) folded on the Turn


PokerStars Hand #145426273866:  Hold'em Limit ($3/$6 USD) - 2015/12/16 7:31:42 ET
Table 'Boreas' 6-max Seat #4 is the button
Seat 3: Shara.Vi ($47.37 in chips)
Seat 4: Pandakey ($145.14 in chips)
Pandakey: posts small blind $1
Shara.Vi: posts big blind $3
*** HOLE CARDS ***
Pandakey: folds
Uncalled bet ($2) returned to Shara.Vi
Shara.Vi collected $2 from pot
*** SUMMARY ***
Total pot $2 | Rake $0
Seat 3: Shara.Vi (big blind) collected ($2)
Seat 4: Pandakey (button) (small blind) folded before Flop


PokerStars Hand #145426300533:  Hold'em Limit ($3/$6 USD) - 2015/12/16 7:32:33 ET
Table 'Boreas' 6-max Seat #4 is the button
Seat 3: Shara.Vi ($56.65 in chips)
Seat 4: Pandakey ($134.78 in chips)
Pandakey: posts small blind $1
Shara.Vi: posts big blind $3
*** HOLE CARDS ***
Pandakey: raises $3 to $6
Shara.Vi: calls $3
*** FLOP *** [7c 7h 6s]
Shara.Vi: checks
Pandakey: bets $3
Shara.Vi: calls $3
*** TURN *** [7c 7h 6s] [As]
Shara.Vi: checks
Pandakey: checks
*** RIVER *** [7c 7h 6s As] [7s]
Shara.Vi: bets $6
Pandakey: calls $6
*** SHOW DOWN ***
Shara.Vi: shows [Qd 2h] (three of a kind, Sevens)
Pandakey: shows [Ks 4c] (three of a kind, Sevens - Ace+King kicker)
Pandakey collected $29.50 from pot
*** SUMMARY ***
Total pot $30 | Rake $0.50
Board [7c 7h 6s As 7s]
Seat 3: Shara.Vi (big blind) showed [Qd 2h] and lost with three of a kind, Sevens
Seat 4: Pandakey (button) (small blind) showed [Ks 4c] and won ($29.50) with three of a kind, Sevens


PokerStars Hand #145426341427:  Hold'em Limit ($3/$6 USD) - 2015/12/16 7:33:50 ET
Table 'Boreas' 6-max Seat #3 is the button
Seat 3: Shara.Vi ($18.65 in chips)
Seat 4: Pandakey ($171.32 in chips)
Shara.Vi: posts small blind $1
Pandakey: posts big blind $3
*** HOLE CARDS ***
Shara.Vi: folds
Uncalled bet ($2) returned to Pandakey
Pandakey collected $2 from pot
Pandakey: doesn't show hand
*** SUMMARY ***
Total pot $2 | Rake $0
Seat 3: Shara.Vi (button) (small blind) folded before Flop
Seat 4: Pandakey (big blind) collected ($2)


PokerStars Hand #145426339151:  Hold'em Limit ($3/$6 USD) - 2015/12/16 7:33:46 ET
Table 'Boreas' 6-max Seat #4 is the button
Seat 3: Shara.Vi ($17.65 in chips)
Seat 4: Pandakey ($172.32 in chips)
Pandakey: posts small blind $1
Shara.Vi: posts big blind $3
*** HOLE CARDS ***
Pandakey: folds
Uncalled bet ($2) returned to Shara.Vi
Shara.Vi collected $2 from pot
*** SUMMARY ***
Total pot $2 | Rake $0
Seat 3: Shara.Vi (big blind) collected ($2)
Seat 4: Pandakey (button) (small blind) folded before Flop


PokerStars Hand #145426326887:  Hold'em Limit ($3/$6 USD) - 2015/12/16 7:33:22 ET
Table 'Boreas' 6-max Seat #3 is the button
Seat 3: Shara.Vi ($26.65 in chips)
Seat 4: Pandakey ($163.68 in chips)
Shara.Vi: posts small blind $1
Pandakey: posts big blind $3
*** HOLE CARDS ***
Shara.Vi: raises $3 to $6
Pandakey: calls $3
*** FLOP *** [Jh 9d 5d]
Pandakey: checks
Shara.Vi: bets $3
Pandakey: calls $3
*** TURN *** [Jh 9d 5d] [4c]
Pandakey: bets $6
Shara.Vi: folds
Uncalled bet ($6) returned to Pandakey
Pandakey collected $17.64 from pot
Pandakey: doesn't show hand
*** SUMMARY ***
Total pot $18 | Rake $0.36
Board [Jh 9d 5d 4c]
Seat 3: Shara.Vi (button) (small blind) folded on the Turn
Seat 4: Pandakey (big blind) collected ($17.64)


PokerStars Hand #145426321195:  Hold'em Limit ($3/$6 USD) - 2015/12/16 7:33:11 ET
Table 'Boreas' 6-max Seat #4 is the button
Seat 3: Shara.Vi ($32.65 in chips)
Seat 4: Pandakey ($157.92 in chips)
Pandakey: posts small blind $1
Shara.Vi: posts big blind $3
*** HOLE CARDS ***
Pandakey: raises $3 to $6
Shara.Vi: calls $3
*** FLOP *** [5d 9c As]
Shara.Vi: checks
Pandakey: bets $3
Shara.Vi: folds
Uncalled bet ($3) returned to Pandakey
Pandakey collected $11.76 from pot
Pandakey: doesn't show hand
*** SUMMARY ***
Total pot $12 | Rake $0.24
Board [5d 9c As]
Seat 3: Shara.Vi (big blind) folded on the Flop
Seat 4: Pandakey (button) (small blind) collected ($11.76)


PokerStars Hand #145426383120:  Hold'em Limit ($3/$6 USD) - 2015/12/16 7:35:07 ET
Table 'Boreas' 6-max Seat #4 is the button
Seat 3: Shara.Vi ($19.05 in chips)
Seat 4: Pandakey ($169.72 in chips)
Pandakey: posts small blind $1
Shara.Vi: posts big blind $3
*** HOLE CARDS ***
Pandakey: folds
Uncalled bet ($2) returned to Shara.Vi
Shara.Vi collected $2 from pot
*** SUMMARY ***
Total pot $2 | Rake $0
Seat 3: Shara.Vi (big blind) collected ($2)
Seat 4: Pandakey (button) (small blind) folded before Flop


PokerStars Hand #145426376687:  Hold'em Limit ($3/$6 USD) - 2015/12/16 7:34:55 ET
Table 'Boreas' 6-max Seat #3 is the button
Seat 3: Shara.Vi ($13.29 in chips)
Seat 4: Pandakey ($175.72 in chips)
Shara.Vi: posts small blind $1
Pandakey: posts big blind $3
*** HOLE CARDS ***
Shara.Vi: raises $3 to $6
Pandakey: calls $3
*** FLOP *** [4c 2h 9h]
Pandakey: checks
Shara.Vi: bets $3
Pandakey: folds
Uncalled bet ($3) returned to Shara.Vi
Shara.Vi collected $11.76 from pot
*** SUMMARY ***
Total pot $12 | Rake $0.24
Board [4c 2h 9h]
Seat 3: Shara.Vi (button) (small blind) collected ($11.76)
Seat 4: Pandakey (big blind) folded on the Flop


PokerStars Hand #145426374505:  Hold'em Limit ($3/$6 USD) - 2015/12/16 7:34:51 ET
Table 'Boreas' 6-max Seat #4 is the button
Seat 3: Shara.Vi ($12.29 in chips)
Seat 4: Pandakey ($176.72 in chips)
Pandakey: posts small blind $1
Shara.Vi: posts big blind $3
*** HOLE CARDS ***
Pandakey: folds
Uncalled bet ($2) returned to Shara.Vi
Shara.Vi collected $2 from pot
*** SUMMARY ***
Total pot $2 | Rake $0
Seat 3: Shara.Vi (big blind) collected ($2)
Seat 4: Pandakey (button) (small blind) folded before Flop


PokerStars Hand #145426367640:  Hold'em Limit ($3/$6 USD) - 2015/12/16 7:34:38 ET
Table 'Boreas' 6-max Seat #3 is the button
Seat 3: Shara.Vi ($21.29 in chips)
Seat 4: Pandakey ($168.08 in chips)
Shara.Vi: posts small blind $1
Pandakey: posts big blind $3
*** HOLE CARDS ***
Shara.Vi: raises $3 to $6
Pandakey: calls $3
*** FLOP *** [Kc Jd 5s]
Pandakey: checks
Shara.Vi: bets $3
Pandakey: raises $3 to $6
Shara.Vi: folds
Uncalled bet ($3) returned to Pandakey
Pandakey collected $17.64 from pot
Pandakey: doesn't show hand
*** SUMMARY ***
Total pot $18 | Rake $0.36
Board [Kc Jd 5s]
Seat 3: Shara.Vi (button) (small blind) folded on the Flop
Seat 4: Pandakey (big blind) collected ($17.64)


PokerStars Hand #145426365404:  Hold'em Limit ($3/$6 USD) - 2015/12/16 7:34:34 ET
Table 'Boreas' 6-max Seat #4 is the button
Seat 3: Shara.Vi ($20.29 in chips)
Seat 4: Pandakey ($169.08 in chips)
Pandakey: posts small blind $1
Shara.Vi: posts big blind $3
*** HOLE CARDS ***
Pandakey: folds
Uncalled bet ($2) returned to Shara.Vi
Shara.Vi collected $2 from pot
*** SUMMARY ***
Total pot $2 | Rake $0
Seat 3: Shara.Vi (big blind) collected ($2)
Seat 4: Pandakey (button) (small blind) folded before Flop


PokerStars Hand #145426357408:  Hold'em Limit ($3/$6 USD) - 2015/12/16 7:34:19 ET
Table 'Boreas' 6-max Seat #3 is the button
Seat 3: Shara.Vi ($26.29 in chips)
Seat 4: Pandakey ($163.32 in chips)
Shara.Vi: posts small blind $1
Pandakey: posts big blind $3
*** HOLE CARDS ***
Shara.Vi: calls $2
Pandakey: raises $3 to $6
Shara.Vi: calls $3
*** FLOP *** [9s Kc 2s]
Pandakey: bets $3
Shara.Vi: folds
Uncalled bet ($3) returned to Pandakey
Pandakey collected $11.76 from pot
Pandakey: doesn't show hand
*** SUMMARY ***
Total pot $12 | Rake $0.24
Board [9s Kc 2s]
Seat 3: Shara.Vi (button) (small blind) folded on the Flop
Seat 4: Pandakey (big blind) collected ($11.76)


PokerStars Hand #145426346498:  Hold'em Limit ($3/$6 USD) - 2015/12/16 7:33:59 ET
Table 'Boreas' 6-max Seat #4 is the button
Seat 3: Shara.Vi ($17.65 in chips)
Seat 4: Pandakey ($172.32 in chips)
Pandakey: posts small blind $1
Shara.Vi: posts big blind $3
*** HOLE CARDS ***
Pandakey: raises $3 to $6
Shara.Vi: raises $3 to $9
Pandakey: calls $3
*** FLOP *** [Jc Jh 9d]
Shara.Vi: bets $3
Pandakey: folds
Uncalled bet ($3) returned to Shara.Vi
Shara.Vi collected $17.64 from pot
*** SUMMARY ***
Total pot $18 | Rake $0.36
Board [Jc Jh 9d]
Seat 3: Shara.Vi (big blind) collected ($17.64)
Seat 4: Pandakey (button) (small blind) folded on the Flop


PokerStars Hand #145426405744:  Hold'em Limit ($3/$6 USD) - 2015/12/16 7:35:50 ET
Table 'Boreas' 6-max Seat #3 is the button
Seat 3: Shara.Vi ($20.93 in chips)
Seat 4: Pandakey ($167.60 in chips)
Shara.Vi: posts small blind $1
Pandakey: posts big blind $3
*** HOLE CARDS ***
Shara.Vi: raises $3 to $6
Pandakey: raises $3 to $9
Shara.Vi: raises $3 to $12
Betting is capped
Pandakey: calls $3
*** FLOP *** [Kh 9d 7c]
Pandakey: checks
Shara.Vi: bets $3
Pandakey: raises $3 to $6
Shara.Vi: raises $2.93 to $8.93 and is all-in
Pandakey: calls $2.93
*** TURN *** [Kh 9d 7c] [Ts]
*** RIVER *** [Kh 9d 7c Ts] [4s]
*** SHOW DOWN ***
Pandakey: shows [Ad Ah] (a pair of Aces)
Shara.Vi: shows [6c 6s] (a pair of Sixes)
Pandakey collected $41.36 from pot
*** SUMMARY ***
Total pot $41.86 | Rake $0.50
Board [Kh 9d 7c Ts 4s]
Seat 3: Shara.Vi (button) (small blind) showed [6c 6s] and lost with a pair of Sixes
Seat 4: Pandakey (big blind) showed [Ad Ah] and won ($41.36) with a pair of Aces


PokerStars Hand #145426403258:  Hold'em Limit ($3/$6 USD) - 2015/12/16 7:35:45 ET
Table 'Boreas' 6-max Seat #4 is the button
Seat 3: Shara.Vi ($19.93 in chips)
Seat 4: Pandakey ($168.60 in chips)
Pandakey: posts small blind $1
Shara.Vi: posts big blind $3
*** HOLE CARDS ***
Pandakey: folds
Uncalled bet ($2) returned to Shara.Vi
Shara.Vi collected $2 from pot
*** SUMMARY ***
Total pot $2 | Rake $0
Seat 3: Shara.Vi (big blind) collected ($2)
Seat 4: Pandakey (button) (small blind) folded before Flop


PokerStars Hand #145426398368:  Hold'em Limit ($3/$6 USD) - 2015/12/16 7:35:36 ET
Table 'Boreas' 6-max Seat #3 is the button
Seat 3: Shara.Vi ($20.93 in chips)
Seat 4: Pandakey ($167.60 in chips)
Shara.Vi: posts small blind $1
Pandakey: posts big blind $3
*** HOLE CARDS ***
Shara.Vi: folds
Uncalled bet ($2) returned to Pandakey
Pandakey collected $2 from pot
Pandakey: doesn't show hand
*** SUMMARY ***
Total pot $2 | Rake $0
Seat 3: Shara.Vi (button) (small blind) folded before Flop
Seat 4: Pandakey (big blind) collected ($2)


PokerStars Hand #145426396086:  Hold'em Limit ($3/$6 USD) - 2015/12/16 7:35:32 ET
Table 'Boreas' 6-max Seat #4 is the button
Seat 3: Shara.Vi ($19.93 in chips)
Seat 4: Pandakey ($168.60 in chips)
Pandakey: posts small blind $1
Shara.Vi: posts big blind $3
*** HOLE CARDS ***
Pandakey: folds
Uncalled bet ($2) returned to Shara.Vi
Shara.Vi collected $2 from pot
*** SUMMARY ***
Total pot $2 | Rake $0
Seat 3: Shara.Vi (big blind) collected ($2)
Seat 4: Pandakey (button) (small blind) folded before Flop


