PokerStars Hand #161697223904:  Hold'em Limit ($3/$6 USD) - 2016/11/20 12:48:20 ET
Table 'Borrelly III' 6-max Seat #5 is the button
Seat 1: assitoni ($72 in chips)
Seat 5: Zensor666 ($125.76 in chips)
Zensor666: posts small blind $1
assitoni: posts big blind $3
*** HOLE CARDS ***
Zensor666: folds
Uncalled bet ($2) returned to assitoni
assitoni collected $2 from pot
assitoni: doesn't show hand
*** SUMMARY ***
Total pot $2 | Rake $0
Seat 1: assitoni (big blind) collected ($2)
Seat 5: Zensor666 (button) (small blind) folded before Flop


PokerStars Hand #161697175180:  Hold'em Limit ($3/$6 USD) - 2016/11/20 12:47:32 ET
Table 'Borrelly III' 6-max Seat #1 is the button
Seat 1: assitoni ($72 in chips)
Seat 5: Zensor666 ($120 in chips)
assitoni: posts small blind $1
Zensor666: posts big blind $3
*** HOLE CARDS ***
assitoni: raises $3 to $6
Zensor666 is connected
Zensor666: calls $3
*** FLOP *** [Ks 9s 4h]
Zensor666: bets $3
assitoni: folds
Uncalled bet ($3) returned to Zensor666
Zensor666 collected $11.76 from pot
*** SUMMARY ***
Total pot $12 | Rake $0.24
Board [Ks 9s 4h]
Seat 1: assitoni (button) (small blind) folded on the Flop
Seat 5: Zensor666 (big blind) collected ($11.76)


PokerStars Hand #161697234210:  Hold'em Limit ($3/$6 USD) - 2016/11/20 12:48:31 ET
Table 'Borrelly III' 6-max Seat #1 is the button
Seat 1: assitoni ($73 in chips)
Seat 5: Zensor666 ($124.76 in chips)
assitoni: posts small blind $1
Zensor666: posts big blind $3
*** HOLE CARDS ***
assitoni: raises $3 to $6
Zensor666: folds
Uncalled bet ($3) returned to assitoni
assitoni collected $6 from pot
assitoni: doesn't show hand
*** SUMMARY ***
Total pot $6 | Rake $0
Seat 1: assitoni (button) (small blind) collected ($6)
Seat 5: Zensor666 (big blind) folded before Flop


PokerStars Hand #161697245222:  Hold'em Limit ($3/$6 USD) - 2016/11/20 12:48:41 ET
Table 'Borrelly III' 6-max Seat #5 is the button
Seat 1: assitoni ($76 in chips)
Seat 5: Zensor666 ($121.76 in chips)
Zensor666: posts small blind $1
assitoni: posts big blind $3
*** HOLE CARDS ***
perten joins the table at seat #2
Zensor666: folds
Uncalled bet ($2) returned to assitoni
assitoni collected $2 from pot
assitoni: doesn't show hand
*** SUMMARY ***
Total pot $2 | Rake $0
Seat 1: assitoni (big blind) collected ($2)
Seat 5: Zensor666 (button) (small blind) folded before Flop


PokerStars Hand #161697319151:  Hold'em Limit ($3/$6 USD) - 2016/11/20 12:49:54 ET
Table 'Borrelly III' 6-max Seat #5 is the button
Seat 2: perten ($37.26 in chips)
Seat 5: Zensor666 ($139.83 in chips)
Zensor666: posts small blind $1
assitoni: is sitting out
perten: posts big blind $3
*** HOLE CARDS ***
assitoni leaves the table
Zensor666: folds
Uncalled bet ($2) returned to perten
perten collected $2 from pot
perten: doesn't show hand
*** SUMMARY ***
Total pot $2 | Rake $0
Seat 2: perten (big blind) collected ($2)
Seat 5: Zensor666 (button) (small blind) folded before Flop


PokerStars Hand #161697326203:  Hold'em Limit ($3/$6 USD) - 2016/11/20 12:50:01 ET
Table 'Borrelly III' 6-max Seat #2 is the button
Seat 2: perten ($38.26 in chips)
Seat 5: Zensor666 ($138.83 in chips)
perten: posts small blind $1
Zensor666: posts big blind $3
*** HOLE CARDS ***
perten: raises $3 to $6
ivooo33 joins the table at seat #3
Zensor666: calls $3
*** FLOP *** [5d 2s Ah]
Zensor666: checks
perten: bets $3
Zensor666: calls $3
*** TURN *** [5d 2s Ah] [9h]
Zensor666: checks
perten: checks
*** RIVER *** [5d 2s Ah 9h] [4d]
Zensor666: bets $6
perten: folds
Uncalled bet ($6) returned to Zensor666
Zensor666 collected $17.64 from pot
*** SUMMARY ***
Total pot $18 | Rake $0.36
Board [5d 2s Ah 9h 4d]
Seat 2: perten (button) (small blind) folded on the River
Seat 5: Zensor666 (big blind) collected ($17.64)


PokerStars Hand #161697374687:  Hold'em Limit ($3/$6 USD) - 2016/11/20 12:50:49 ET
Table 'Borrelly III' 6-max Seat #5 is the button
Seat 2: perten ($29.26 in chips)
Seat 5: Zensor666 ($147.47 in chips)
Zensor666: posts small blind $1
perten: posts big blind $3
*** HOLE CARDS ***
Zensor666: folds
Uncalled bet ($2) returned to perten
perten collected $2 from pot
perten: doesn't show hand
*** SUMMARY ***
Total pot $2 | Rake $0
Seat 2: perten (big blind) collected ($2)
Seat 5: Zensor666 (button) (small blind) folded before Flop


PokerStars Hand #161703547460:  Hold'em Limit ($3/$6 USD) - 2016/11/20 14:32:52 ET
Table 'Borrelly III' 6-max Seat #2 is the button
Seat 2: The Thraex ($975.69 in chips)
Seat 4: grabaz ($353.76 in chips)
The Thraex: posts small blind $1
grabaz: posts big blind $3
*** HOLE CARDS ***
The Thraex: folds
Uncalled bet ($2) returned to grabaz
parnishka11 leaves the table
grabaz collected $2 from pot
grabaz: doesn't show hand
*** SUMMARY ***
Total pot $2 | Rake $0
Seat 2: The Thraex (button) (small blind) folded before Flop
Seat 4: grabaz (big blind) collected ($2)


PokerStars Hand #161703519630:  Hold'em Limit ($3/$6 USD) - 2016/11/20 14:32:25 ET
Table 'Borrelly III' 6-max Seat #4 is the button
Seat 2: The Thraex ($996.69 in chips)
Seat 4: grabaz ($333.26 in chips)
grabaz: posts small blind $1
sim5sim5: is sitting out
The Thraex: posts big blind $3
*** HOLE CARDS ***
grabaz: raises $3 to $6
parnishka11 joins the table at seat #5
The Thraex: calls $3
*** FLOP *** [Ac 6d 3d]
The Thraex: checks
grabaz: bets $3
The Thraex: calls $3
*** TURN *** [Ac 6d 3d] [Qd]
The Thraex: checks
grabaz: bets $6
The Thraex: calls $6
*** RIVER *** [Ac 6d 3d Qd] [Ah]
The Thraex: checks
grabaz: bets $6
The Thraex: calls $6
*** SHOW DOWN ***
grabaz: shows [Jd Jh] (two pair, Aces and Jacks)
The Thraex: mucks hand
grabaz collected $41.50 from pot
*** SUMMARY ***
Total pot $42 | Rake $0.50
Board [Ac 6d 3d Qd Ah]
Seat 2: The Thraex (big blind) mucked
Seat 4: grabaz (button) (small blind) showed [Jd Jh] and won ($41.50) with two pair, Aces and Jacks


PokerStars Hand #161703620439:  Hold'em Limit ($3/$6 USD) - 2016/11/20 14:34:02 ET
Table 'Borrelly III' 6-max Seat #2 is the button
Seat 2: The Thraex ($944.69 in chips)
Seat 4: grabaz ($384.26 in chips)
The Thraex: posts small blind $1
grabaz: posts big blind $3
*** HOLE CARDS ***
The Thraex: raises $3 to $6
grabaz: calls $3
*** FLOP *** [As Ac 6h]
grabaz: checks
The Thraex: bets $3
grabaz: calls $3
*** TURN *** [As Ac 6h] [6s]
grabaz: checks
The Thraex: checks
*** RIVER *** [As Ac 6h 6s] [6d]
grabaz: bets $6
The Thraex: calls $6
*** SHOW DOWN ***
grabaz: shows [3h Kd] (a full house, Sixes full of Aces)
The Thraex: shows [8d Qd] (a full house, Sixes full of Aces)
grabaz collected $14.75 from pot
The Thraex collected $14.75 from pot
*** SUMMARY ***
Total pot $30 | Rake $0.50
Board [As Ac 6h 6s 6d]
Seat 2: The Thraex (button) (small blind) showed [8d Qd] and won ($14.75) with a full house, Sixes full of Aces
Seat 4: grabaz (big blind) showed [3h Kd] and won ($14.75) with a full house, Sixes full of Aces


PokerStars Hand #161703553107:  Hold'em Limit ($3/$6 USD) - 2016/11/20 14:32:57 ET
Table 'Borrelly III' 6-max Seat #4 is the button
Seat 2: The Thraex ($974.69 in chips)
Seat 4: grabaz ($354.76 in chips)
grabaz: posts small blind $1
The Thraex: posts big blind $3
*** HOLE CARDS ***
grabaz: raises $3 to $6
The Thraex: raises $3 to $9
grabaz: calls $3
*** FLOP *** [9h Qc 7h]
The Thraex: bets $3
sim5sim5 leaves the table
grabaz: calls $3
*** TURN *** [9h Qc 7h] [8c]
The Thraex: bets $6
grabaz: raises $6 to $12
The Thraex: calls $6
*** RIVER *** [9h Qc 7h 8c] [Td]
The Thraex: bets $6
grabaz: calls $6
*** SHOW DOWN ***
The Thraex: shows [Th 7d] (two pair, Tens and Sevens)
grabaz: shows [Ts Jd] (a straight, Eight to Queen)
grabaz collected $59.50 from pot
*** SUMMARY ***
Total pot $60 | Rake $0.50
Board [9h Qc 7h 8c Td]
Seat 2: The Thraex (big blind) showed [Th 7d] and lost with two pair, Tens and Sevens
Seat 4: grabaz (button) (small blind) showed [Ts Jd] and won ($59.50) with a straight, Eight to Queen


PokerStars Hand #161703639215:  Hold'em Limit ($3/$6 USD) - 2016/11/20 14:34:20 ET
Table 'Borrelly III' 6-max Seat #4 is the button
Seat 2: The Thraex ($944.44 in chips)
Seat 4: grabaz ($384.01 in chips)
grabaz: posts small blind $1
The Thraex: posts big blind $3
*** HOLE CARDS ***
grabaz: raises $3 to $6
The Thraex: raises $3 to $9
grabaz: calls $3
*** FLOP *** [Ah 7s 4h]
The Thraex: bets $3
grabaz: calls $3
*** TURN *** [Ah 7s 4h] [6s]
The Thraex: bets $6
grabaz: calls $6
*** RIVER *** [Ah 7s 4h 6s] [Jd]
The Thraex: bets $6
grabaz: folds
Uncalled bet ($6) returned to The Thraex
The Thraex collected $35.50 from pot
The Thraex: doesn't show hand
*** SUMMARY ***
Total pot $36 | Rake $0.50
Board [Ah 7s 4h 6s Jd]
Seat 2: The Thraex (big blind) collected ($35.50)
Seat 4: grabaz (button) (small blind) folded on the River


