PokerStars Hand #146374630298:  Hold'em Limit ($3/$6 USD) - 2016/01/03 3:36:34 ET
Table 'Borrelly' 6-max Seat #1 is the button
Seat 1: Zeeon ($111.64 in chips)
Seat 3: WavesNight01 ($45.48 in chips)
Zeeon: posts small blind $1
WavesNight01: posts big blind $3
*** HOLE CARDS ***
Zeeon: raises $3 to $6
WavesNight01: calls $3
*** FLOP *** [Kh Qd 9d]
WavesNight01: checks
Zeeon: bets $3
WavesNight01: calls $3
*** TURN *** [Kh Qd 9d] [3s]
WavesNight01: checks
Zeeon: checks
*** RIVER *** [Kh Qd 9d 3s] [Jc]
WavesNight01: bets $6
Zeeon: folds
Uncalled bet ($6) returned to WavesNight01
WavesNight01 collected $17.64 from pot
WavesNight01: doesn't show hand
*** SUMMARY ***
Total pot $18 | Rake $0.36
Board [Kh Qd 9d 3s Jc]
Seat 1: Zeeon (button) (small blind) folded on the River
Seat 3: WavesNight01 (big blind) collected ($17.64)


PokerStars Hand #146374621990:  Hold'em Limit ($3/$6 USD) - 2016/01/03 3:36:12 ET
Table 'Borrelly' 6-max Seat #3 is the button
Seat 1: Zeeon ($103 in chips)
Seat 3: WavesNight01 ($54.48 in chips)
WavesNight01: posts small blind $1
Zeeon: posts big blind $3
*** HOLE CARDS ***
WavesNight01: raises $3 to $6
Zeeon: calls $3
*** FLOP *** [3d Js 4d]
Zeeon: checks
belik555 joins the table at seat #4
WavesNight01: bets $3
Zeeon: calls $3
*** TURN *** [3d Js 4d] [9c]
Zeeon: checks
WavesNight01: checks
*** RIVER *** [3d Js 4d 9c] [8c]
Zeeon: bets $6
WavesNight01: folds
Uncalled bet ($6) returned to Zeeon
Zeeon collected $17.64 from pot
*** SUMMARY ***
Total pot $18 | Rake $0.36
Board [3d Js 4d 9c 8c]
Seat 1: Zeeon (big blind) collected ($17.64)
Seat 3: WavesNight01 (button) (small blind) folded on the River


PokerStars Hand #146374784620:  Hold'em Limit ($3/$6 USD) - 2016/01/03 3:43:14 ET
Table 'Borrelly' 6-max Seat #1 is the button
Seat 1: Zeeon ($81.90 in chips)
Seat 4: belik555 ($119.19 in chips)
Zeeon: posts small blind $1
belik555: posts big blind $3
*** HOLE CARDS ***
Zeeon: raises $3 to $6
DirtyDouble2 leaves the table
belik555: calls $3
*** FLOP *** [2d 4h 9d]
belik555: checks
Zeeon: checks
*** TURN *** [2d 4h 9d] [3s]
belik555: bets $6
Zeeon: folds
Uncalled bet ($6) returned to belik555
belik555 collected $11.76 from pot
belik555: doesn't show hand
*** SUMMARY ***
Total pot $12 | Rake $0.24
Board [2d 4h 9d 3s]
Seat 1: Zeeon (button) (small blind) folded on the Turn
Seat 4: belik555 (big blind) collected ($11.76)


PokerStars Hand #146374800705:  Hold'em Limit ($3/$6 USD) - 2016/01/03 3:43:56 ET
Table 'Borrelly' 6-max Seat #1 is the button
Seat 1: Zeeon ($72.90 in chips)
Seat 4: belik555 ($127.95 in chips)
Zeeon: posts small blind $1
belik555: posts big blind $3
*** HOLE CARDS ***
Zeeon: folds
Uncalled bet ($2) returned to belik555
belik555 collected $2 from pot
belik555: doesn't show hand
*** SUMMARY ***
Total pot $2 | Rake $0
Seat 1: Zeeon (button) (small blind) folded before Flop
Seat 4: belik555 (big blind) collected ($2)


PokerStars Hand #146374795901:  Hold'em Limit ($3/$6 USD) - 2016/01/03 3:43:43 ET
Table 'Borrelly' 6-max Seat #4 is the button
Seat 1: Zeeon ($75.90 in chips)
Seat 4: belik555 ($124.95 in chips)
belik555: posts small blind $1
Zeeon: posts big blind $3
*** HOLE CARDS ***
belik555: raises $3 to $6
Zeeon: folds
Uncalled bet ($3) returned to belik555
belik555 collected $6 from pot
belik555: doesn't show hand
*** SUMMARY ***
Total pot $6 | Rake $0
Seat 1: Zeeon (big blind) folded before Flop
Seat 4: belik555 (button) (small blind) collected ($6)


PokerStars Hand #146374816493:  Hold'em Limit ($3/$6 USD) - 2016/01/03 3:44:36 ET
Table 'Borrelly' 6-max Seat #4 is the button
Seat 1: Zeeon ($85.40 in chips)
Seat 4: belik555 ($114.95 in chips)
belik555: posts small blind $1
Zeeon: posts big blind $3
*** HOLE CARDS ***
belik555: raises $3 to $6
Zeeon: calls $3
*** FLOP *** [3c Kh 3d]
Zeeon: checks
belik555: bets $3
Zeeon: folds
Uncalled bet ($3) returned to belik555
belik555 collected $11.76 from pot
belik555: doesn't show hand
*** SUMMARY ***
Total pot $12 | Rake $0.24
Board [3c Kh 3d]
Seat 1: Zeeon (big blind) folded on the Flop
Seat 4: belik555 (button) (small blind) collected ($11.76)


PokerStars Hand #146374812454:  Hold'em Limit ($3/$6 USD) - 2016/01/03 3:44:26 ET
Table 'Borrelly' 6-max Seat #1 is the button
Seat 1: Zeeon ($86.40 in chips)
Seat 4: belik555 ($113.95 in chips)
Zeeon: posts small blind $1
belik555: posts big blind $3
*** HOLE CARDS ***
Zeeon: folds
Uncalled bet ($2) returned to belik555
belik555 collected $2 from pot
belik555: doesn't show hand
*** SUMMARY ***
Total pot $2 | Rake $0
Seat 1: Zeeon (button) (small blind) folded before Flop
Seat 4: belik555 (big blind) collected ($2)


PokerStars Hand #146374803397:  Hold'em Limit ($3/$6 USD) - 2016/01/03 3:44:03 ET
Table 'Borrelly' 6-max Seat #4 is the button
Seat 1: Zeeon ($71.90 in chips)
Seat 4: belik555 ($128.95 in chips)
belik555: posts small blind $1
Zeeon: posts big blind $3
*** HOLE CARDS ***
belik555: raises $3 to $6
Zeeon: calls $3
*** FLOP *** [Kd 8d 7c]
Zeeon: bets $3
belik555: calls $3
*** TURN *** [Kd 8d 7c] [5d]
Zeeon: bets $6
belik555: calls $6
*** RIVER *** [Kd 8d 7c 5d] [Ah]
Zeeon: checks
belik555: checks
*** SHOW DOWN ***
Zeeon: shows [Kc Js] (a pair of Kings)
belik555: mucks hand
Zeeon collected $29.50 from pot
*** SUMMARY ***
Total pot $30 | Rake $0.50
Board [Kd 8d 7c 5d Ah]
Seat 1: Zeeon (big blind) showed [Kc Js] and won ($29.50) with a pair of Kings
Seat 4: belik555 (button) (small blind) mucked


PokerStars Hand #146374825944:  Hold'em Limit ($3/$6 USD) - 2016/01/03 3:45:00 ET
Table 'Borrelly' 6-max Seat #1 is the button
Seat 1: Zeeon ($75.40 in chips)
Seat 4: belik555 ($124.71 in chips)
Zeeon: posts small blind $1
belik555: posts big blind $3
*** HOLE CARDS ***
Zeeon: folds
Uncalled bet ($2) returned to belik555
belik555 collected $2 from pot
belik555: doesn't show hand
*** SUMMARY ***
Total pot $2 | Rake $0
Seat 1: Zeeon (button) (small blind) folded before Flop
Seat 4: belik555 (big blind) collected ($2)


PokerStars Hand #146374823678:  Hold'em Limit ($3/$6 USD) - 2016/01/03 3:44:55 ET
Table 'Borrelly' 6-max Seat #4 is the button
Seat 1: Zeeon ($78.40 in chips)
Seat 4: belik555 ($121.71 in chips)
belik555: posts small blind $1
Zeeon: posts big blind $3
*** HOLE CARDS ***
belik555: raises $3 to $6
Zeeon: folds
Uncalled bet ($3) returned to belik555
belik555 collected $6 from pot
belik555: doesn't show hand
*** SUMMARY ***
Total pot $6 | Rake $0
Seat 1: Zeeon (big blind) folded before Flop
Seat 4: belik555 (button) (small blind) collected ($6)


PokerStars Hand #146374821820:  Hold'em Limit ($3/$6 USD) - 2016/01/03 3:44:50 ET
Table 'Borrelly' 6-max Seat #1 is the button
Seat 1: Zeeon ($79.40 in chips)
Seat 4: belik555 ($120.71 in chips)
Zeeon: posts small blind $1
belik555: posts big blind $3
*** HOLE CARDS ***
Zeeon: folds
Uncalled bet ($2) returned to belik555
belik555 collected $2 from pot
belik555: doesn't show hand
*** SUMMARY ***
Total pot $2 | Rake $0
Seat 1: Zeeon (button) (small blind) folded before Flop
Seat 4: belik555 (big blind) collected ($2)


PokerStars Hand #146374829202:  Hold'em Limit ($3/$6 USD) - 2016/01/03 3:45:09 ET
Table 'Borrelly' 6-max Seat #4 is the button
Seat 1: Zeeon ($74.40 in chips)
Seat 4: belik555 ($125.71 in chips)
belik555: posts small blind $1
Zeeon: posts big blind $3
*** HOLE CARDS ***
belik555: raises $3 to $6
Zeeon: calls $3
*** FLOP *** [Jh 2s 8c]
Zeeon: checks
belik555: bets $3
Zeeon: calls $3
*** TURN *** [Jh 2s 8c] [Js]
Zeeon: bets $6
belik555: folds
Uncalled bet ($6) returned to Zeeon
Zeeon collected $17.64 from pot
*** SUMMARY ***
Total pot $18 | Rake $0.36
Board [Jh 2s 8c Js]
Seat 1: Zeeon (big blind) collected ($17.64)
Seat 4: belik555 (button) (small blind) folded on the Turn


PokerStars Hand #146374851591:  Hold'em Limit ($3/$6 USD) - 2016/01/03 3:46:06 ET
Table 'Borrelly' 6-max Seat #1 is the button
Seat 1: Zeeon ($68.04 in chips)
Seat 4: belik555 ($131.23 in chips)
Zeeon: posts small blind $1
belik555: posts big blind $3
*** HOLE CARDS ***
Zeeon: folds
Uncalled bet ($2) returned to belik555
belik555 collected $2 from pot
belik555: doesn't show hand
*** SUMMARY ***
Total pot $2 | Rake $0
Seat 1: Zeeon (button) (small blind) folded before Flop
Seat 4: belik555 (big blind) collected ($2)


PokerStars Hand #146374849668:  Hold'em Limit ($3/$6 USD) - 2016/01/03 3:46:01 ET
Table 'Borrelly' 6-max Seat #4 is the button
Seat 1: Zeeon ($71.04 in chips)
Seat 4: belik555 ($128.23 in chips)
belik555: posts small blind $1
Zeeon: posts big blind $3
*** HOLE CARDS ***
belik555: raises $3 to $6
Zeeon: folds
Uncalled bet ($3) returned to belik555
belik555 collected $6 from pot
belik555: doesn't show hand
*** SUMMARY ***
Total pot $6 | Rake $0
Seat 1: Zeeon (big blind) folded before Flop
Seat 4: belik555 (button) (small blind) collected ($6)


PokerStars Hand #146374847857:  Hold'em Limit ($3/$6 USD) - 2016/01/03 3:45:57 ET
Table 'Borrelly' 6-max Seat #1 is the button
Seat 1: Zeeon ($72.04 in chips)
Seat 4: belik555 ($127.23 in chips)
Zeeon: posts small blind $1
belik555: posts big blind $3
*** HOLE CARDS ***
Zeeon: folds
Uncalled bet ($2) returned to belik555
belik555 collected $2 from pot
belik555: doesn't show hand
*** SUMMARY ***
Total pot $2 | Rake $0
Seat 1: Zeeon (button) (small blind) folded before Flop
Seat 4: belik555 (big blind) collected ($2)


PokerStars Hand #146374845605:  Hold'em Limit ($3/$6 USD) - 2016/01/03 3:45:51 ET
Table 'Borrelly' 6-max Seat #4 is the button
Seat 1: Zeeon ($71.04 in chips)
Seat 4: belik555 ($128.23 in chips)
belik555: posts small blind $1
Zeeon: posts big blind $3
*** HOLE CARDS ***
belik555: folds
Uncalled bet ($2) returned to Zeeon
Zeeon collected $2 from pot
*** SUMMARY ***
Total pot $2 | Rake $0
Seat 1: Zeeon (big blind) collected ($2)
Seat 4: belik555 (button) (small blind) folded before Flop


PokerStars Hand #146374836511:  Hold'em Limit ($3/$6 USD) - 2016/01/03 3:45:27 ET
Table 'Borrelly' 6-max Seat #1 is the button
Seat 1: Zeeon ($83.04 in chips)
Seat 4: belik555 ($116.71 in chips)
Zeeon: posts small blind $1
belik555: posts big blind $3
*** HOLE CARDS ***
Zeeon: raises $3 to $6
belik555: raises $3 to $9
Zeeon: calls $3
*** FLOP *** [4c 3d 2s]
belik555: bets $3
Zeeon: calls $3
*** TURN *** [4c 3d 2s] [5c]
belik555: bets $6
Zeeon: folds
Uncalled bet ($6) returned to belik555
belik555 collected $23.52 from pot
belik555: doesn't show hand
*** SUMMARY ***
Total pot $24 | Rake $0.48
Board [4c 3d 2s 5c]
Seat 1: Zeeon (button) (small blind) folded on the Turn
Seat 4: belik555 (big blind) collected ($23.52)


PokerStars Hand #146374857865:  Hold'em Limit ($3/$6 USD) - 2016/01/03 3:46:22 ET
Table 'Borrelly' 6-max Seat #1 is the button
Seat 1: Zeeon ($61.04 in chips)
Seat 4: belik555 ($137.99 in chips)
Zeeon: posts small blind $1
belik555: posts big blind $3
*** HOLE CARDS ***
Zeeon: raises $3 to $6
belik555: raises $3 to $9
Zeeon: calls $3
*** FLOP *** [Qc 5s 7h]
belik555: bets $3
Zeeon: folds
Uncalled bet ($3) returned to belik555
belik555 collected $17.64 from pot
belik555: doesn't show hand
*** SUMMARY ***
Total pot $18 | Rake $0.36
Board [Qc 5s 7h]
Seat 1: Zeeon (button) (small blind) folded on the Flop
Seat 4: belik555 (big blind) collected ($17.64)


PokerStars Hand #146374871407:  Hold'em Limit ($3/$6 USD) - 2016/01/03 3:46:56 ET
Table 'Borrelly' 6-max Seat #1 is the button
Seat 1: Zeeon ($60.68 in chips)
Seat 4: belik555 ($137.63 in chips)
Zeeon: posts small blind $1
belik555: posts big blind $3
*** HOLE CARDS ***
Zeeon: folds
Uncalled bet ($2) returned to belik555
belik555 collected $2 from pot
belik555: doesn't show hand
*** SUMMARY ***
Total pot $2 | Rake $0
Seat 1: Zeeon (button) (small blind) folded before Flop
Seat 4: belik555 (big blind) collected ($2)


PokerStars Hand #146374862528:  Hold'em Limit ($3/$6 USD) - 2016/01/03 3:46:34 ET
Table 'Borrelly' 6-max Seat #4 is the button
Seat 1: Zeeon ($52.04 in chips)
Seat 4: belik555 ($146.63 in chips)
belik555: posts small blind $1
Zeeon: posts big blind $3
*** HOLE CARDS ***
belik555: raises $3 to $6
Zeeon: calls $3
*** FLOP *** [4s 5c 2c]
Zeeon: checks
belik555: bets $3
Zeeon: calls $3
*** TURN *** [4s 5c 2c] [Jd]
Zeeon: checks
belik555: checks
*** RIVER *** [4s 5c 2c Jd] [Jc]
Zeeon: bets $6
belik555: folds
Uncalled bet ($6) returned to Zeeon
Zeeon collected $17.64 from pot
*** SUMMARY ***
Total pot $18 | Rake $0.36
Board [4s 5c 2c Jd Jc]
Seat 1: Zeeon (big blind) collected ($17.64)
Seat 4: belik555 (button) (small blind) folded on the River


PokerStars Hand #146374853549:  Hold'em Limit ($3/$6 USD) - 2016/01/03 3:46:11 ET
Table 'Borrelly' 6-max Seat #4 is the button
Seat 1: Zeeon ($67.04 in chips)
Seat 4: belik555 ($132.23 in chips)
belik555: posts small blind $1
Zeeon: posts big blind $3
*** HOLE CARDS ***
belik555: raises $3 to $6
Zeeon: calls $3
*** FLOP *** [8c 3d Tc]
Zeeon: checks
belik555: bets $3
Zeeon: folds
Uncalled bet ($3) returned to belik555
belik555 collected $11.76 from pot
belik555: doesn't show hand
*** SUMMARY ***
Total pot $12 | Rake $0.24
Board [8c 3d Tc]
Seat 1: Zeeon (big blind) folded on the Flop
Seat 4: belik555 (button) (small blind) collected ($11.76)


PokerStars Hand #146374902413:  Hold'em Limit ($3/$6 USD) - 2016/01/03 3:47:47 ET
Table 'Borrelly' 6-max Seat #1 is the button
Seat 1: Zeeon ($31.68 in chips)
Seat 4: belik555 ($165.67 in chips)
Zeeon: posts small blind $1
belik555: posts big blind $3
*** HOLE CARDS ***
Zeeon: folds
Uncalled bet ($2) returned to belik555
belik555 collected $2 from pot
belik555: doesn't show hand
*** SUMMARY ***
Total pot $2 | Rake $0
Seat 1: Zeeon (button) (small blind) folded before Flop
Seat 4: belik555 (big blind) collected ($2)


PokerStars Hand #146374900072:  Hold'em Limit ($3/$6 USD) - 2016/01/03 3:47:42 ET
Table 'Borrelly' 6-max Seat #4 is the button
Seat 1: Zeeon ($34.68 in chips)
Seat 4: belik555 ($162.67 in chips)
belik555: posts small blind $1
Zeeon: posts big blind $3
*** HOLE CARDS ***
belik555: raises $3 to $6
Zeeon: folds
Uncalled bet ($3) returned to belik555
belik555 collected $6 from pot
belik555: doesn't show hand
*** SUMMARY ***
Total pot $6 | Rake $0
Seat 1: Zeeon (big blind) folded before Flop
Seat 4: belik555 (button) (small blind) collected ($6)


PokerStars Hand #146374898339:  Hold'em Limit ($3/$6 USD) - 2016/01/03 3:47:38 ET
Table 'Borrelly' 6-max Seat #1 is the button
Seat 1: Zeeon ($35.68 in chips)
Seat 4: belik555 ($161.67 in chips)
Zeeon: posts small blind $1
belik555: posts big blind $3
*** HOLE CARDS ***
Zeeon: folds
Uncalled bet ($2) returned to belik555
belik555 collected $2 from pot
belik555: doesn't show hand
*** SUMMARY ***
Total pot $2 | Rake $0
Seat 1: Zeeon (button) (small blind) folded before Flop
Seat 4: belik555 (big blind) collected ($2)


PokerStars Hand #146374882214:  Hold'em Limit ($3/$6 USD) - 2016/01/03 3:47:13 ET
Table 'Borrelly' 6-max Seat #1 is the button
Seat 1: Zeeon ($53.68 in chips)
Seat 4: belik555 ($144.39 in chips)
Zeeon: posts small blind $1
belik555: posts big blind $3
*** HOLE CARDS ***
Zeeon: raises $3 to $6
belik555: raises $3 to $9
Zeeon: calls $3
*** FLOP *** [Ac 8c 5s]
belik555: bets $3
Zeeon: folds
Uncalled bet ($3) returned to belik555
belik555 collected $17.64 from pot
belik555: doesn't show hand
*** SUMMARY ***
Total pot $18 | Rake $0.36
Board [Ac 8c 5s]
Seat 1: Zeeon (button) (small blind) folded on the Flop
Seat 4: belik555 (big blind) collected ($17.64)


PokerStars Hand #146374890117:  Hold'em Limit ($3/$6 USD) - 2016/01/03 3:47:24 ET
Table 'Borrelly' 6-max Seat #4 is the button
Seat 1: Zeeon ($44.68 in chips)
Seat 4: belik555 ($153.03 in chips)
belik555: posts small blind $1
Zeeon: posts big blind $3
*** HOLE CARDS ***
belik555: raises $3 to $6
Zeeon: calls $3
*** FLOP *** [9c Kc 4d]
Zeeon: checks
belik555: bets $3
Zeeon: calls $3
*** TURN *** [9c Kc 4d] [9h]
Zeeon: checks
belik555: bets $6
Zeeon: folds
Uncalled bet ($6) returned to belik555
belik555 collected $17.64 from pot
belik555: doesn't show hand
*** SUMMARY ***
Total pot $18 | Rake $0.36
Board [9c Kc 4d 9h]
Seat 1: Zeeon (big blind) folded on the Turn
Seat 4: belik555 (button) (small blind) collected ($17.64)


PokerStars Hand #146374906613:  Hold'em Limit ($3/$6 USD) - 2016/01/03 3:47:57 ET
Table 'Borrelly' 6-max Seat #1 is the button
Seat 1: Zeeon ($27.68 in chips)
Seat 4: belik555 ($169.67 in chips)
Zeeon: posts small blind $1
belik555: posts big blind $3
*** HOLE CARDS ***
Zeeon: raises $3 to $6
belik555: raises $3 to $9
Zeeon: calls $3
*** FLOP *** [Ah Qh 3c]
belik555: bets $3
Zeeon: folds
Uncalled bet ($3) returned to belik555
belik555 collected $17.64 from pot
belik555: doesn't show hand
*** SUMMARY ***
Total pot $18 | Rake $0.36
Board [Ah Qh 3c]
Seat 1: Zeeon (button) (small blind) folded on the Flop
Seat 4: belik555 (big blind) collected ($17.64)


PokerStars Hand #146374874026:  Hold'em Limit ($3/$6 USD) - 2016/01/03 3:47:03 ET
Table 'Borrelly' 6-max Seat #4 is the button
Seat 1: Zeeon ($59.68 in chips)
Seat 4: belik555 ($138.63 in chips)
belik555: posts small blind $1
Zeeon: posts big blind $3
*** HOLE CARDS ***
belik555: raises $3 to $6
Zeeon: calls $3
*** FLOP *** [5c As Qs]
Zeeon: checks
belik555: bets $3
Zeeon: folds
Uncalled bet ($3) returned to belik555
belik555 collected $11.76 from pot
belik555: doesn't show hand
*** SUMMARY ***
Total pot $12 | Rake $0.24
Board [5c As Qs]
Seat 1: Zeeon (big blind) folded on the Flop
Seat 4: belik555 (button) (small blind) collected ($11.76)


PokerStars Hand #146374929238:  Hold'em Limit ($3/$6 USD) - 2016/01/03 3:48:53 ET
Table 'Borrelly' 6-max Seat #4 is the button
Seat 1: Zeeon ($67.61 in chips)
Seat 4: belik555 ($193.83 in chips)
belik555: posts small blind $1
Zeeon: posts big blind $3
*** HOLE CARDS ***
ChawkDee joins the table at seat #6
belik555: raises $3 to $6
Zeeon: calls $3
*** FLOP *** [Qh 4c 4s]
Zeeon: checks
belik555: bets $3
Zeeon: folds
Uncalled bet ($3) returned to belik555
belik555 collected $11.76 from pot
belik555: doesn't show hand
*** SUMMARY ***
Total pot $12 | Rake $0.24
Board [Qh 4c 4s]
Seat 1: Zeeon (big blind) folded on the Flop
Seat 4: belik555 (button) (small blind) collected ($11.76)


PokerStars Hand #146374924188:  Hold'em Limit ($3/$6 USD) - 2016/01/03 3:48:40 ET
Table 'Borrelly' 6-max Seat #1 is the button
Seat 1: Zeeon ($3.68 in chips)
Seat 4: belik555 ($192.83 in chips)
Zeeon: posts small blind $1
belik555: posts big blind $3
*** HOLE CARDS ***
Zeeon: folds
Uncalled bet ($2) returned to belik555
belik555 collected $2 from pot
belik555: doesn't show hand
*** SUMMARY ***
Total pot $2 | Rake $0
Seat 1: Zeeon (button) (small blind) folded before Flop
Seat 4: belik555 (big blind) collected ($2)


PokerStars Hand #146374919658:  Hold'em Limit ($3/$6 USD) - 2016/01/03 3:48:29 ET
Table 'Borrelly' 6-max Seat #4 is the button
Seat 1: Zeeon ($9.68 in chips)
Seat 4: belik555 ($187.07 in chips)
belik555: posts small blind $1
Zeeon: posts big blind $3
*** HOLE CARDS ***
belik555: raises $3 to $6
Zeeon: calls $3
*** FLOP *** [As Qd 5s]
Zeeon: checks
belik555: bets $3
Zeeon: folds
Uncalled bet ($3) returned to belik555
belik555 collected $11.76 from pot
belik555: doesn't show hand
*** SUMMARY ***
Total pot $12 | Rake $0.24
Board [As Qd 5s]
Seat 1: Zeeon (big blind) folded on the Flop
Seat 4: belik555 (button) (small blind) collected ($11.76)


PokerStars Hand #146374913028:  Hold'em Limit ($3/$6 USD) - 2016/01/03 3:48:12 ET
Table 'Borrelly' 6-max Seat #1 is the button
Seat 1: Zeeon ($15.68 in chips)
Seat 4: belik555 ($181.31 in chips)
Zeeon: posts small blind $1
belik555: posts big blind $3
*** HOLE CARDS ***
Zeeon: raises $3 to $6
belik555: calls $3
*** FLOP *** [5d Ks 8h]
belik555: checks
Zeeon: checks
*** TURN *** [5d Ks 8h] [4h]
belik555: bets $6
Zeeon: folds
Uncalled bet ($6) returned to belik555
belik555 collected $11.76 from pot
belik555: doesn't show hand
*** SUMMARY ***
Total pot $12 | Rake $0.24
Board [5d Ks 8h 4h]
Seat 1: Zeeon (button) (small blind) folded on the Turn
Seat 4: belik555 (big blind) collected ($11.76)


PokerStars Hand #146374936499:  Hold'em Limit ($3/$6 USD) - 2016/01/03 3:49:11 ET
Table 'Borrelly' 6-max Seat #1 is the button
Seat 1: Zeeon ($61.61 in chips)
Seat 4: belik555 ($199.59 in chips)
Zeeon: posts small blind $1
belik555: posts big blind $3
*** HOLE CARDS ***
Zeeon: folds
Uncalled bet ($2) returned to belik555
belik555 collected $2 from pot
belik555: doesn't show hand
*** SUMMARY ***
Total pot $2 | Rake $0
Seat 1: Zeeon (button) (small blind) folded before Flop
Seat 4: belik555 (big blind) collected ($2)


PokerStars Hand #146376895240:  Hold'em Limit ($3/$6 USD) - 2016/01/03 5:01:12 ET
Table 'Borrelly' 6-max Seat #2 is the button
Seat 2: Jaha45 ($25.38 in chips)
Seat 3: DirtyDouble2 ($37.24 in chips)
Jaha45: posts small blind $1
DirtyDouble2: posts big blind $3
*** HOLE CARDS ***
Jaha45: folds
Uncalled bet ($2) returned to DirtyDouble2
DirtyDouble2 collected $2 from pot
Johnliu joins the table at seat #5
*** SUMMARY ***
Total pot $2 | Rake $0
Seat 2: Jaha45 (button) (small blind) folded before Flop
Seat 3: DirtyDouble2 (big blind) collected ($2)


PokerStars Hand #146376881192:  Hold'em Limit ($3/$6 USD) - 2016/01/03 5:00:42 ET
Table 'Borrelly' 6-max Seat #3 is the button
Seat 2: Jaha45 ($40.38 in chips)
Seat 3: DirtyDouble2 ($22.74 in chips)
DirtyDouble2: posts small blind $1
belik555: is sitting out
Jaha45: posts big blind $3
*** HOLE CARDS ***
DirtyDouble2: raises $3 to $6
belik555 leaves the table
Jaha45: calls $3
*** FLOP *** [7c Tc 9h]
Jaha45: checks
DirtyDouble2: bets $3
VolkovDmitri leaves the table
Jaha45: calls $3
*** TURN *** [7c Tc 9h] [7d]
Jaha45: checks
DirtyDouble2: bets $6
Jaha45: calls $6
*** RIVER *** [7c Tc 9h 7d] [6c]
Jaha45: checks
DirtyDouble2: checks
*** SHOW DOWN ***
Jaha45: shows [Kh Qc] (a pair of Sevens)
DirtyDouble2: shows [Ad Kc] (a pair of Sevens - Ace kicker)
DirtyDouble2 collected $29.50 from pot
*** SUMMARY ***
Total pot $30 | Rake $0.50
Board [7c Tc 9h 7d 6c]
Seat 2: Jaha45 (big blind) showed [Kh Qc] and lost with a pair of Sevens
Seat 3: DirtyDouble2 (button) (small blind) showed [Ad Kc] and won ($29.50) with a pair of Sevens


PokerStars Hand #146381289539:  Hold'em Limit ($3/$6 USD) - 2016/01/03 7:02:08 ET
Table 'Borrelly' 6-max Seat #1 is the button
Seat 1: belik555 ($107.36 in chips)
Seat 3: kaz2y5 ($74.01 in chips)
belik555: posts small blind $1
kaz2y5: posts big blind $3
*** HOLE CARDS ***
belik555: raises $3 to $6
kaz2y5: folds
Uncalled bet ($3) returned to belik555
belik555 collected $6 from pot
belik555: doesn't show hand
*** SUMMARY ***
Total pot $6 | Rake $0
Seat 1: belik555 (button) (small blind) collected ($6)
Seat 3: kaz2y5 (big blind) folded before Flop


PokerStars Hand #146381266941:  Hold'em Limit ($3/$6 USD) - 2016/01/03 7:01:34 ET
Table 'Borrelly' 6-max Seat #3 is the button
Seat 1: belik555 ($98.72 in chips)
Seat 3: kaz2y5 ($83.01 in chips)
kaz2y5: posts small blind $1
Johnliu: is sitting out
belik555: posts big blind $3
*** HOLE CARDS ***
kaz2y5: raises $3 to $6
Johnliu leaves the table
belik555: calls $3
*** FLOP *** [Td 2c 3d]
belik555: checks
kaz2y5: bets $3
belik555: calls $3
*** TURN *** [Td 2c 3d] [4d]
belik555: checks
kaz2y5: checks
*** RIVER *** [Td 2c 3d 4d] [8s]
belik555: bets $6
kaz2y5: folds
Uncalled bet ($6) returned to belik555
belik555 collected $17.64 from pot
belik555: doesn't show hand
*** SUMMARY ***
Total pot $18 | Rake $0.36
Board [Td 2c 3d 4d 8s]
Seat 1: belik555 (big blind) collected ($17.64)
Seat 3: kaz2y5 (button) (small blind) folded on the River


PokerStars Hand #146383458464:  Hold'em Limit ($3/$6 USD) - 2016/01/03 7:52:03 ET
Table 'Borrelly' 6-max Seat #1 is the button
Seat 1: artiZzt ($133.46 in chips)
Seat 6: kaithehai ($363.74 in chips)
artiZzt: posts small blind $1
Kajind: is sitting out
kaithehai: posts big blind $3
*** HOLE CARDS ***
artiZzt: raises $3 to $6
kaithehai: calls $3
*** FLOP *** [4h 5h 2s]
kaithehai: checks
Kajind leaves the table
artiZzt: checks
*** TURN *** [4h 5h 2s] [9d]
kaithehai: checks
artiZzt: bets $6
kaithehai: folds
Uncalled bet ($6) returned to artiZzt
artiZzt collected $11.76 from pot
artiZzt: doesn't show hand
*** SUMMARY ***
Total pot $12 | Rake $0.24
Board [4h 5h 2s 9d]
Seat 1: artiZzt (button) (small blind) collected ($11.76)
Seat 6: kaithehai (big blind) folded on the Turn


PokerStars Hand #146383482374:  Hold'em Limit ($3/$6 USD) - 2016/01/03 7:52:35 ET
Table 'Borrelly' 6-max Seat #6 is the button
Seat 1: artiZzt ($139.22 in chips)
Seat 6: kaithehai ($357.74 in chips)
kaithehai: posts small blind $1
artiZzt: posts big blind $3
*** HOLE CARDS ***
kaithehai: raises $3 to $6
artiZzt: folds
Uncalled bet ($3) returned to kaithehai
kaithehai collected $6 from pot
kaithehai: doesn't show hand
*** SUMMARY ***
Total pot $6 | Rake $0
Seat 1: artiZzt (big blind) folded before Flop
Seat 6: kaithehai (button) (small blind) collected ($6)


PokerStars Hand #146385416683:  Hold'em Limit ($3/$6 USD) - 2016/01/03 8:34:43 ET
Table 'Borrelly' 6-max Seat #1 is the button
Seat 1: WillemDuit ($59.76 in chips)
Seat 2: VolkovDmitri ($123 in chips)
WillemDuit: posts small blind $1
VolkovDmitri: posts big blind $3
*** HOLE CARDS ***
WillemDuit: folds
Uncalled bet ($2) returned to VolkovDmitri
VolkovDmitri collected $2 from pot
VolkovDmitri: doesn't show hand
*** SUMMARY ***
Total pot $2 | Rake $0
Seat 1: WillemDuit (button) (small blind) folded before Flop
Seat 2: VolkovDmitri (big blind) collected ($2)


PokerStars Hand #146385410795:  Hold'em Limit ($3/$6 USD) - 2016/01/03 8:34:35 ET
Table 'Borrelly' 6-max Seat #2 is the button
Seat 1: WillemDuit ($62.76 in chips)
Seat 2: VolkovDmitri ($120 in chips)
VolkovDmitri: posts small blind $1
WillemDuit: posts big blind $3
*** HOLE CARDS ***
VolkovDmitri: raises $3 to $6
WillemDuit: folds
Uncalled bet ($3) returned to VolkovDmitri
VolkovDmitri collected $6 from pot
VolkovDmitri: doesn't show hand
*** SUMMARY ***
Total pot $6 | Rake $0
Seat 1: WillemDuit (big blind) folded before Flop
Seat 2: VolkovDmitri (button) (small blind) collected ($6)


PokerStars Hand #146385393024:  Hold'em Limit ($3/$6 USD) - 2016/01/03 8:34:14 ET
Table 'Borrelly' 6-max Seat #1 is the button
Seat 1: WillemDuit ($48.26 in chips)
Seat 2: VolkovDmitri ($127 in chips)
WillemDuit: posts small blind $1
VolkovDmitri: posts big blind $3
*** HOLE CARDS ***
WillemDuit: raises $3 to $6
VolkovDmitri: calls $3
*** FLOP *** [Jc 8s 3h]
VolkovDmitri: checks
WillemDuit: bets $3
VolkovDmitri: calls $3
*** TURN *** [Jc 8s 3h] [5s]
VolkovDmitri: checks
WillemDuit: bets $6
VolkovDmitri: calls $6
*** RIVER *** [Jc 8s 3h 5s] [3d]
VolkovDmitri: checks
WillemDuit: bets $6
VolkovDmitri: folds
Uncalled bet ($6) returned to WillemDuit
WillemDuit collected $29.50 from pot
WillemDuit: doesn't show hand
*** SUMMARY ***
Total pot $30 | Rake $0.50
Board [Jc 8s 3h 5s 3d]
Seat 1: WillemDuit (button) (small blind) collected ($29.50)
Seat 2: VolkovDmitri (big blind) folded on the River


PokerStars Hand #146385451804:  Hold'em Limit ($3/$6 USD) - 2016/01/03 8:35:26 ET
Table 'Borrelly' 6-max Seat #2 is the button
Seat 1: WillemDuit ($69.26 in chips)
Seat 2: VolkovDmitri ($124 in chips)
VolkovDmitri: posts small blind $1
WillemDuit: posts big blind $3
*** HOLE CARDS ***
VolkovDmitri: raises $3 to $6
WillemDuit: calls $3
*** FLOP *** [2d 7s 8s]
WillemDuit: checks
VolkovDmitri: bets $3
WillemDuit: calls $3
*** TURN *** [2d 7s 8s] [Ah]
WillemDuit: checks
VolkovDmitri: bets $6
WillemDuit: calls $6
*** RIVER *** [2d 7s 8s Ah] [Kc]
WillemDuit: checks
VolkovDmitri: checks
*** SHOW DOWN ***
WillemDuit: shows [9h As] (a pair of Aces)
VolkovDmitri: mucks hand
WillemDuit collected $29.50 from pot
*** SUMMARY ***
Total pot $30 | Rake $0.50
Board [2d 7s 8s Ah Kc]
Seat 1: WillemDuit (big blind) showed [9h As] and won ($29.50) with a pair of Aces
Seat 2: VolkovDmitri (button) (small blind) mucked


PokerStars Hand #146385447456:  Hold'em Limit ($3/$6 USD) - 2016/01/03 8:35:21 ET
Table 'Borrelly' 6-max Seat #1 is the button
Seat 1: WillemDuit ($70.26 in chips)
Seat 2: VolkovDmitri ($123 in chips)
WillemDuit: posts small blind $1
VolkovDmitri: posts big blind $3
*** HOLE CARDS ***
WillemDuit: folds
Uncalled bet ($2) returned to VolkovDmitri
VolkovDmitri collected $2 from pot
VolkovDmitri: doesn't show hand
*** SUMMARY ***
Total pot $2 | Rake $0
Seat 1: WillemDuit (button) (small blind) folded before Flop
Seat 2: VolkovDmitri (big blind) collected ($2)


PokerStars Hand #146385442718:  Hold'em Limit ($3/$6 USD) - 2016/01/03 8:35:15 ET
Table 'Borrelly' 6-max Seat #2 is the button
Seat 1: WillemDuit ($73.26 in chips)
Seat 2: VolkovDmitri ($120 in chips)
VolkovDmitri: posts small blind $1
WillemDuit: posts big blind $3
*** HOLE CARDS ***
VolkovDmitri: raises $3 to $6
WillemDuit: folds
Uncalled bet ($3) returned to VolkovDmitri
VolkovDmitri collected $6 from pot
VolkovDmitri: doesn't show hand
*** SUMMARY ***
Total pot $6 | Rake $0
Seat 1: WillemDuit (big blind) folded before Flop
Seat 2: VolkovDmitri (button) (small blind) collected ($6)


PokerStars Hand #146385426729:  Hold'em Limit ($3/$6 USD) - 2016/01/03 8:34:55 ET
Table 'Borrelly' 6-max Seat #1 is the button
Seat 1: WillemDuit ($55.76 in chips)
Seat 2: VolkovDmitri ($127 in chips)
WillemDuit: posts small blind $1
VolkovDmitri: posts big blind $3
*** HOLE CARDS ***
WillemDuit: raises $3 to $6
VolkovDmitri: calls $3
*** FLOP *** [4s 2c 8s]
VolkovDmitri: checks
WillemDuit: checks
*** TURN *** [4s 2c 8s] [7s]
VolkovDmitri: bets $6
WillemDuit: calls $6
*** RIVER *** [4s 2c 8s 7s] [2s]
VolkovDmitri: checks
WillemDuit: bets $6
VolkovDmitri: calls $6
*** SHOW DOWN ***
WillemDuit: shows [6s Kd] (a flush, Eight high)
VolkovDmitri: mucks hand
WillemDuit collected $35.50 from pot
*** SUMMARY ***
Total pot $36 | Rake $0.50
Board [4s 2c 8s 7s 2s]
Seat 1: WillemDuit (button) (small blind) showed [6s Kd] and won ($35.50) with a flush, Eight high
Seat 2: VolkovDmitri (big blind) mucked


PokerStars Hand #146385422202:  Hold'em Limit ($3/$6 USD) - 2016/01/03 8:34:50 ET
Table 'Borrelly' 6-max Seat #2 is the button
Seat 1: WillemDuit ($58.76 in chips)
Seat 2: VolkovDmitri ($124 in chips)
VolkovDmitri: posts small blind $1
WillemDuit: posts big blind $3
*** HOLE CARDS ***
VolkovDmitri: raises $3 to $6
WillemDuit: folds
Uncalled bet ($3) returned to VolkovDmitri
VolkovDmitri collected $6 from pot
VolkovDmitri: doesn't show hand
*** SUMMARY ***
Total pot $6 | Rake $0
Seat 1: WillemDuit (big blind) folded before Flop
Seat 2: VolkovDmitri (button) (small blind) collected ($6)


PokerStars Hand #146385499630:  Hold'em Limit ($3/$6 USD) - 2016/01/03 8:36:25 ET
Table 'Borrelly' 6-max Seat #1 is the button
Seat 1: WillemDuit ($57.76 in chips)
Seat 2: VolkovDmitri ($145.50 in chips)
WillemDuit: posts small blind $1
VolkovDmitri: posts big blind $3
*** HOLE CARDS ***
WillemDuit: folds
Uncalled bet ($2) returned to VolkovDmitri
VolkovDmitri collected $2 from pot
VolkovDmitri: doesn't show hand
*** SUMMARY ***
Total pot $2 | Rake $0
Seat 1: WillemDuit (button) (small blind) folded before Flop
Seat 2: VolkovDmitri (big blind) collected ($2)


PokerStars Hand #146385483900:  Hold'em Limit ($3/$6 USD) - 2016/01/03 8:36:06 ET
Table 'Borrelly' 6-max Seat #2 is the button
Seat 1: WillemDuit ($78.76 in chips)
Seat 2: VolkovDmitri ($125 in chips)
VolkovDmitri: posts small blind $1
WillemDuit: posts big blind $3
*** HOLE CARDS ***
VolkovDmitri: raises $3 to $6
WillemDuit: calls $3
*** FLOP *** [Ks 8s 5c]
Bouloux joins the table at seat #4
WillemDuit: bets $3
VolkovDmitri: calls $3
*** TURN *** [Ks 8s 5c] [7h]
WillemDuit: bets $6
VolkovDmitri: calls $6
*** RIVER *** [Ks 8s 5c 7h] [Jd]
WillemDuit: bets $6
VolkovDmitri: calls $6
*** SHOW DOWN ***
WillemDuit: shows [3d 6d] (high card King)
VolkovDmitri: shows [7d Ac] (a pair of Sevens)
VolkovDmitri collected $41.50 from pot
*** SUMMARY ***
Total pot $42 | Rake $0.50
Board [Ks 8s 5c 7h Jd]
Seat 1: WillemDuit (big blind) showed [3d 6d] and lost with high card King
Seat 2: VolkovDmitri (button) (small blind) showed [7d Ac] and won ($41.50) with a pair of Sevens


PokerStars Hand #146385479798:  Hold'em Limit ($3/$6 USD) - 2016/01/03 8:36:01 ET
Table 'Borrelly' 6-max Seat #1 is the button
Seat 1: WillemDuit ($79.76 in chips)
Seat 2: VolkovDmitri ($124 in chips)
WillemDuit: posts small blind $1
VolkovDmitri: posts big blind $3
*** HOLE CARDS ***
WillemDuit: folds
Uncalled bet ($2) returned to VolkovDmitri
VolkovDmitri collected $2 from pot
VolkovDmitri: doesn't show hand
*** SUMMARY ***
Total pot $2 | Rake $0
Seat 1: WillemDuit (button) (small blind) folded before Flop
Seat 2: VolkovDmitri (big blind) collected ($2)


PokerStars Hand #146385474202:  Hold'em Limit ($3/$6 USD) - 2016/01/03 8:35:54 ET
Table 'Borrelly' 6-max Seat #2 is the button
Seat 1: WillemDuit ($82.76 in chips)
Seat 2: VolkovDmitri ($121 in chips)
VolkovDmitri: posts small blind $1
WillemDuit: posts big blind $3
*** HOLE CARDS ***
VolkovDmitri: raises $3 to $6
WillemDuit: folds
Uncalled bet ($3) returned to VolkovDmitri
VolkovDmitri collected $6 from pot
VolkovDmitri: doesn't show hand
*** SUMMARY ***
Total pot $6 | Rake $0
Seat 1: WillemDuit (big blind) folded before Flop
Seat 2: VolkovDmitri (button) (small blind) collected ($6)


PokerStars Hand #146385469631:  Hold'em Limit ($3/$6 USD) - 2016/01/03 8:35:48 ET
Table 'Borrelly' 6-max Seat #1 is the button
Seat 1: WillemDuit ($83.76 in chips)
Seat 2: VolkovDmitri ($120 in chips)
WillemDuit: posts small blind $1
VolkovDmitri: posts big blind $3
*** HOLE CARDS ***
WillemDuit: folds
Uncalled bet ($2) returned to VolkovDmitri
VolkovDmitri collected $2 from pot
VolkovDmitri: doesn't show hand
*** SUMMARY ***
Total pot $2 | Rake $0
Seat 1: WillemDuit (button) (small blind) folded before Flop
Seat 2: VolkovDmitri (big blind) collected ($2)


PokerStars Hand #146389954530:  Hold'em Limit ($3/$6 USD) - 2016/01/03 10:03:02 ET
Table 'Borrelly' 6-max Seat #6 is the button
Seat 5: tritratru ($180.55 in chips)
Seat 6: belik555 ($116.02 in chips)
belik555: posts small blind $1
VolkovDmitri: is sitting out
tritratru: posts big blind $3
*** HOLE CARDS ***
VolkovDmitri leaves the table
belik555: folds
Uncalled bet ($2) returned to tritratru
tritratru collected $2 from pot
*** SUMMARY ***
Total pot $2 | Rake $0
Seat 5: tritratru (big blind) collected ($2)
Seat 6: belik555 (button) (small blind) folded before Flop


PokerStars Hand #146389961710:  Hold'em Limit ($3/$6 USD) - 2016/01/03 10:03:10 ET
Table 'Borrelly' 6-max Seat #5 is the button
Seat 5: tritratru ($181.55 in chips)
Seat 6: belik555 ($115.02 in chips)
tritratru: posts small blind $1
belik555: posts big blind $3
*** HOLE CARDS ***
tritratru: raises $3 to $6
belik555: folds
Uncalled bet ($3) returned to tritratru
tritratru collected $6 from pot
*** SUMMARY ***
Total pot $6 | Rake $0
Seat 5: tritratru (button) (small blind) collected ($6)
Seat 6: belik555 (big blind) folded before Flop


