PokerStars Hand #155906743240:  Hold'em Limit ($3/$6 USD) - 2016/07/13 1:21:43 ET
Table 'Borrelly' 10-max Seat #6 is the button
Seat 6: Agrotait ($72 in chips)
Seat 7: Darts ($88.23 in chips)
Agrotait: posts small blind $1
Darts: posts big blind $3
*** HOLE CARDS ***
Agrotait: folds
Uncalled bet ($2) returned to Darts
Darts collected $2 from pot
Darts: doesn't show hand
*** SUMMARY ***
Total pot $2 | Rake $0
Seat 6: Agrotait (button) (small blind) folded before Flop
Seat 7: Darts (big blind) collected ($2)


PokerStars Hand #155906741997:  Hold'em Limit ($3/$6 USD) - 2016/07/13 1:21:37 ET
Table 'Borrelly' 10-max Seat #7 is the button
Seat 6: Agrotait ($71 in chips)
Seat 7: Darts ($89.23 in chips)
Darts: posts small blind $1
Agrotait: posts big blind $3
*** HOLE CARDS ***
Darts: folds
Uncalled bet ($2) returned to Agrotait
Agrotait collected $2 from pot
Agrotait: doesn't show hand
*** SUMMARY ***
Total pot $2 | Rake $0
Seat 6: Agrotait (big blind) collected ($2)
Seat 7: Darts (button) (small blind) folded before Flop


PokerStars Hand #155906740204:  Hold'em Limit ($3/$6 USD) - 2016/07/13 1:21:30 ET
Table 'Borrelly' 10-max Seat #6 is the button
Seat 6: Agrotait ($72 in chips)
Seat 7: Darts ($88.23 in chips)
Agrotait: posts small blind $1
Darts: posts big blind $3
*** HOLE CARDS ***
Agrotait: folds
Uncalled bet ($2) returned to Darts
Darts collected $2 from pot
Darts: doesn't show hand
*** SUMMARY ***
Total pot $2 | Rake $0
Seat 6: Agrotait (button) (small blind) folded before Flop
Seat 7: Darts (big blind) collected ($2)


PokerStars Hand #155906749316:  Hold'em Limit ($3/$6 USD) - 2016/07/13 1:22:09 ET
Table 'Borrelly' 10-max Seat #7 is the button
Seat 6: Agrotait ($71 in chips)
Seat 7: Darts ($89.23 in chips)
Darts: posts small blind $1
Agrotait: posts big blind $3
*** HOLE CARDS ***
Darts: raises $3 to $6
Agrotait: folds
Uncalled bet ($3) returned to Darts
Darts collected $6 from pot
Darts: doesn't show hand
*** SUMMARY ***
Total pot $6 | Rake $0
Seat 6: Agrotait (big blind) folded before Flop
Seat 7: Darts (button) (small blind) collected ($6)


PokerStars Hand #155906754084:  Hold'em Limit ($3/$6 USD) - 2016/07/13 1:22:30 ET
Table 'Borrelly' 10-max Seat #7 is the button
Seat 6: Agrotait ($71 in chips)
Seat 7: Darts ($89.23 in chips)
Darts: posts small blind $1
Agrotait: posts big blind $3
*** HOLE CARDS ***
Darts: raises $3 to $6
Agrotait: calls $3
*** FLOP *** [7s 5s 8h]
Agrotait: bets $3
Darts: raises $3 to $6
Agrotait: raises $3 to $9
Darts: calls $3
*** TURN *** [7s 5s 8h] [Jc]
Agrotait: bets $6
Darts: calls $6
*** RIVER *** [7s 5s 8h Jc] [Qh]
Agrotait: bets $6
Darts: calls $6
*** SHOW DOWN ***
Agrotait: shows [8d 7h] (two pair, Eights and Sevens)
Darts: mucks hand
Agrotait collected $53.50 from pot
*** SUMMARY ***
Total pot $54 | Rake $0.50
Board [7s 5s 8h Jc Qh]
Seat 6: Agrotait (big blind) showed [8d 7h] and won ($53.50) with two pair, Eights and Sevens
Seat 7: Darts (button) (small blind) mucked


PokerStars Hand #155906762168:  Hold'em Limit ($3/$6 USD) - 2016/07/13 1:23:04 ET
Table 'Borrelly' 10-max Seat #6 is the button
Seat 6: Agrotait ($97.50 in chips)
Seat 7: Darts ($62.23 in chips)
Agrotait: posts small blind $1
Darts: posts big blind $3
*** HOLE CARDS ***
Agrotait: raises $3 to $6
Darts: raises $3 to $9
Agrotait: raises $3 to $12
Betting is capped
Darts: calls $3
*** FLOP *** [4h Ts 2d]
Darts: checks
Agrotait: bets $3
Darts: calls $3
*** TURN *** [4h Ts 2d] [Td]
Darts: checks
Agrotait: bets $6
Darts: calls $6
*** RIVER *** [4h Ts 2d Td] [3d]
Darts: checks
Agrotait: bets $6
Darts: folds
Uncalled bet ($6) returned to Agrotait
Agrotait collected $41.50 from pot
Agrotait: doesn't show hand
*** SUMMARY ***
Total pot $42 | Rake $0.50
Board [4h Ts 2d Td 3d]
Seat 6: Agrotait (button) (small blind) collected ($41.50)
Seat 7: Darts (big blind) folded on the River


PokerStars Hand #155906776984:  Hold'em Limit ($3/$6 USD) - 2016/07/13 1:24:08 ET
Table 'Borrelly' 10-max Seat #6 is the button
Seat 6: Agrotait ($126.64 in chips)
Seat 7: Darts ($32.23 in chips)
Agrotait: posts small blind $1
Darts: posts big blind $3
*** HOLE CARDS ***
Agrotait: folds
Uncalled bet ($2) returned to Darts
Darts collected $2 from pot
Darts: doesn't show hand
*** SUMMARY ***
Total pot $2 | Rake $0
Seat 6: Agrotait (button) (small blind) folded before Flop
Seat 7: Darts (big blind) collected ($2)


PokerStars Hand #155906773440:  Hold'em Limit ($3/$6 USD) - 2016/07/13 1:23:53 ET
Table 'Borrelly' 10-max Seat #7 is the button
Seat 6: Agrotait ($118 in chips)
Seat 7: Darts ($41.23 in chips)
Darts: posts small blind $1
Agrotait: posts big blind $3
*** HOLE CARDS ***
Darts: raises $3 to $6
Agrotait: raises $3 to $9
Darts: calls $3
*** FLOP *** [9s 4d Kd]
Agrotait: bets $3
Darts: folds
Uncalled bet ($3) returned to Agrotait
Agrotait collected $17.64 from pot
Agrotait: doesn't show hand
*** SUMMARY ***
Total pot $18 | Rake $0.36
Board [9s 4d Kd]
Seat 6: Agrotait (big blind) collected ($17.64)
Seat 7: Darts (button) (small blind) folded on the Flop


PokerStars Hand #155906788979:  Hold'em Limit ($3/$6 USD) - 2016/07/13 1:25:00 ET
Table 'Borrelly' 10-max Seat #6 is the button
Seat 6: Agrotait ($146.14 in chips)
Seat 7: Darts ($12.23 in chips)
Agrotait: posts small blind $1
Darts: posts big blind $3
*** HOLE CARDS ***
Agrotait: raises $3 to $6
Darts: calls $3
*** FLOP *** [Th As Td]
Darts: checks
Agrotait: bets $3
Darts: raises $3 to $6
Agrotait: raises $3 to $9
Darts: calls $0.23 and is all-in
Uncalled bet ($2.77) returned to Agrotait
*** TURN *** [Th As Td] [8c]
*** RIVER *** [Th As Td 8c] [Qc]
*** SHOW DOWN ***
Darts: shows [Ah 2h] (two pair, Aces and Tens)
Agrotait: shows [Ts Qs] (a full house, Tens full of Queens)
Agrotait collected $23.97 from pot
*** SUMMARY ***
Total pot $24.46 | Rake $0.49
Board [Th As Td 8c Qc]
Seat 6: Agrotait (button) (small blind) showed [Ts Qs] and won ($23.97) with a full house, Tens full of Queens
Seat 7: Darts (big blind) showed [Ah 2h] and lost with two pair, Aces and Tens


PokerStars Hand #155913039505:  Hold'em Limit ($3/$6 USD) - 2016/07/13 7:18:44 ET
Table 'Borrelly' 10-max Seat #8 is the button
Seat 7: VolkovDmitri ($128.64 in chips)
Seat 8: ABATAPP ($111 in chips)
ABATAPP: posts small blind $1
VolkovDmitri: posts big blind $3
*** HOLE CARDS ***
ABATAPP: raises $3 to $6
VolkovDmitri: calls $3
*** FLOP *** [Jc 7d Qd]
VolkovDmitri: checks
ABATAPP: checks
*** TURN *** [Jc 7d Qd] [5s]
VolkovDmitri: bets $6
ABATAPP: calls $6
*** RIVER *** [Jc 7d Qd 5s] [8d]
VolkovDmitri: bets $6
ABATAPP: raises $6 to $12
VolkovDmitri: calls $6
*** SHOW DOWN ***
ABATAPP: shows [2d Jd] (a flush, Queen high)
VolkovDmitri: mucks hand
ABATAPP collected $47.50 from pot
*** SUMMARY ***
Total pot $48 | Rake $0.50
Board [Jc 7d Qd 5s 8d]
Seat 7: VolkovDmitri (big blind) mucked
Seat 8: ABATAPP (button) (small blind) showed [2d Jd] and won ($47.50) with a flush, Queen high


PokerStars Hand #155913024939:  Hold'em Limit ($3/$6 USD) - 2016/07/13 7:18:08 ET
Table 'Borrelly' 10-max Seat #7 is the button
Seat 7: VolkovDmitri ($120 in chips)
Seat 8: ABATAPP ($120 in chips)
VolkovDmitri: posts small blind $1
ABATAPP: posts big blind $3
*** HOLE CARDS ***
VolkovDmitri: raises $3 to $6
ABATAPP: calls $3
*** FLOP *** [7h Td 6d]
ABATAPP: checks
VolkovDmitri: bets $3
ABATAPP: calls $3
*** TURN *** [7h Td 6d] [2s]
ABATAPP: checks
VolkovDmitri: bets $6
ABATAPP: folds
Uncalled bet ($6) returned to VolkovDmitri
VolkovDmitri collected $17.64 from pot
VolkovDmitri: doesn't show hand
*** SUMMARY ***
Total pot $18 | Rake $0.36
Board [7h Td 6d 2s]
Seat 7: VolkovDmitri (button) (small blind) collected ($17.64)
Seat 8: ABATAPP (big blind) folded on the Turn


PokerStars Hand #155913055576:  Hold'em Limit ($3/$6 USD) - 2016/07/13 7:19:25 ET
Table 'Borrelly' 10-max Seat #7 is the button
Seat 7: VolkovDmitri ($120 in chips)
Seat 8: ABATAPP ($134.50 in chips)
VolkovDmitri: posts small blind $1
ABATAPP: posts big blind $3
*** HOLE CARDS ***
VolkovDmitri: raises $3 to $6
ABATAPP: calls $3
*** FLOP *** [9h Qh 2c]
ABATAPP: checks
VolkovDmitri: bets $3
ABATAPP: calls $3
*** TURN *** [9h Qh 2c] [4d]
ABATAPP: checks
VolkovDmitri: bets $6
ABATAPP: raises $6 to $12
VolkovDmitri: calls $6
*** RIVER *** [9h Qh 2c 4d] [Td]
ABATAPP: checks
VolkovDmitri: checks
*** SHOW DOWN ***
ABATAPP: shows [Ac 4c] (a pair of Fours)
VolkovDmitri: mucks hand
ABATAPP collected $41.50 from pot
*** SUMMARY ***
Total pot $42 | Rake $0.50
Board [9h Qh 2c 4d Td]
Seat 7: VolkovDmitri (button) (small blind) mucked
Seat 8: ABATAPP (big blind) showed [Ac 4c] and won ($41.50) with a pair of Fours


PokerStars Hand #155913072972:  Hold'em Limit ($3/$6 USD) - 2016/07/13 7:20:08 ET
Table 'Borrelly' 10-max Seat #8 is the button
Seat 7: VolkovDmitri ($120 in chips)
Seat 8: ABATAPP ($155 in chips)
ABATAPP: posts small blind $1
VolkovDmitri: posts big blind $3
*** HOLE CARDS ***
ABATAPP: raises $3 to $6
VolkovDmitri: raises $3 to $9
ABATAPP: calls $3
*** FLOP *** [9h 2s Ks]
VolkovDmitri: bets $3
ABATAPP: calls $3
*** TURN *** [9h 2s Ks] [3h]
VolkovDmitri: checks
ABATAPP: checks
*** RIVER *** [9h 2s Ks 3h] [2h]
VolkovDmitri: checks
ABATAPP: bets $6
VolkovDmitri: calls $6
*** SHOW DOWN ***
ABATAPP: shows [5s Kd] (two pair, Kings and Deuces)
VolkovDmitri: mucks hand
ABATAPP collected $35.50 from pot
*** SUMMARY ***
Total pot $36 | Rake $0.50
Board [9h 2s Ks 3h 2h]
Seat 7: VolkovDmitri (big blind) mucked
Seat 8: ABATAPP (button) (small blind) showed [5s Kd] and won ($35.50) with two pair, Kings and Deuces


