PokerStars Hand #163943474488:  Hold'em Limit ($3/$6 USD) - 2017/01/02 19:45:15 ET
Table 'Botein' 6-max Seat #3 is the button
Seat 3: Lucylove12 ($120.30 in chips)
Seat 5: GoliafUa ($125.50 in chips)
Lucylove12: posts small blind $1
GoliafUa: posts big blind $3
*** HOLE CARDS ***
barranqueiro joins the table at seat #1
Lucylove12: raises $3 to $6
GoliafUa: folds
Uncalled bet ($3) returned to Lucylove12
Lucylove12 collected $6 from pot
Lucylove12: doesn't show hand
*** SUMMARY ***
Total pot $6 | Rake $0
Seat 3: Lucylove12 (button) (small blind) collected ($6)
Seat 5: GoliafUa (big blind) folded before Flop


PokerStars Hand #163943461940:  Hold'em Limit ($3/$6 USD) - 2017/01/02 19:44:56 ET
Table 'Botein' 6-max Seat #5 is the button
Seat 3: Lucylove12 ($138.30 in chips)
Seat 5: GoliafUa ($108 in chips)
GoliafUa: posts small blind $1
Lucylove12: posts big blind $3
*** HOLE CARDS ***
GoliafUa: raises $3 to $6
Lucylove12: calls $3
*** FLOP *** [8s 5c 6d]
Lucylove12: checks
GoliafUa: bets $3
Lucylove12: raises $3 to $6
GoliafUa: calls $3
*** TURN *** [8s 5c 6d] [7s]
Lucylove12: bets $6
GoliafUa: raises $6 to $12
Lucylove12: folds
Uncalled bet ($6) returned to GoliafUa
GoliafUa collected $35.50 from pot
GoliafUa: doesn't show hand
*** SUMMARY ***
Total pot $36 | Rake $0.50
Board [8s 5c 6d 7s]
Seat 3: Lucylove12 (big blind) folded on the Turn
Seat 5: GoliafUa (button) (small blind) collected ($35.50)


PokerStars Hand #163943449003:  Hold'em Limit ($3/$6 USD) - 2017/01/02 19:44:37 ET
Table 'Botein' 6-max Seat #3 is the button
Seat 3: Lucylove12 ($126.78 in chips)
Seat 5: GoliafUa ($120 in chips)
Lucylove12: posts small blind $1
GoliafUa: posts big blind $3
*** HOLE CARDS ***
Lucylove12: raises $3 to $6
GoliafUa: calls $3
*** FLOP *** [8c 7s 5d]
GoliafUa: checks
Lucylove12: checks
*** TURN *** [8c 7s 5d] [4c]
GoliafUa: checks
Lucylove12: bets $6
GoliafUa: calls $6
*** RIVER *** [8c 7s 5d 4c] [Kh]
GoliafUa: checks
Lucylove12: checks
*** SHOW DOWN ***
GoliafUa: shows [9h Qs] (high card King)
Lucylove12: shows [Qd 4s] (a pair of Fours)
Lucylove12 collected $23.52 from pot
*** SUMMARY ***
Total pot $24 | Rake $0.48
Board [8c 7s 5d 4c Kh]
Seat 3: Lucylove12 (button) (small blind) showed [Qd 4s] and won ($23.52) with a pair of Fours
Seat 5: GoliafUa (big blind) showed [9h Qs] and lost with high card King


PokerStars Hand #163944296746:  Hold'em Limit ($3/$6 USD) - 2017/01/02 20:07:04 ET
Table 'Botein' 6-max Seat #2 is the button
Seat 1: Brama Br ($163.09 in chips)
Seat 2: RaisemyNut$ ($90 in chips)
RaisemyNut$: posts small blind $1
Zubasa07: is sitting out
Brama Br: posts big blind $3
*** HOLE CARDS ***
Zubasa07 leaves the table
RaisemyNut$: raises $3 to $6
Brama Br: folds
Uncalled bet ($3) returned to RaisemyNut$
RaisemyNut$ collected $6 from pot
RaisemyNut$: doesn't show hand
*** SUMMARY ***
Total pot $6 | Rake $0
Seat 1: Brama Br (big blind) folded before Flop
Seat 2: RaisemyNut$ (button) (small blind) collected ($6)


