PokerStars Hand #159645609639:  Hold'em Limit ($3/$6 USD) - 2016/10/08 12:01:52 ET
Table 'Botein' 6-max Seat #1 is the button
Seat 1: JSA53 ($82.88 in chips)
Seat 2: AzureCaper ($72 in chips)
JSA53: posts small blind $1
AzureCaper: posts big blind $3
*** HOLE CARDS ***
JSA53: raises $3 to $6
AzureCaper: folds
Uncalled bet ($3) returned to JSA53
JSA53 collected $6 from pot
JSA53: doesn't show hand
denn69 joins the table at seat #4
*** SUMMARY ***
Total pot $6 | Rake $0
Seat 1: JSA53 (button) (small blind) collected ($6)
Seat 2: AzureCaper (big blind) folded before Flop


PokerStars Hand #159645598662:  Hold'em Limit ($3/$6 USD) - 2016/10/08 12:01:36 ET
Table 'Botein' 6-max Seat #2 is the button
Seat 1: JSA53 ($56.38 in chips)
Seat 2: AzureCaper ($72 in chips)
AzureCaper: posts small blind $1
GoliafUa: is sitting out
JSA53: posts big blind $3
*** HOLE CARDS ***
AzureCaper: raises $3 to $6
JSA53: calls $3
*** FLOP *** [Kc 5d 2h]
JSA53: checks
AzureCaper: bets $3
JSA53: calls $3
*** TURN *** [Kc 5d 2h] [6d]
JSA53: checks
AzureCaper: bets $6
JSA53: raises $6 to $12
AzureCaper: calls $6
*** RIVER *** [Kc 5d 2h 6d] [Jc]
JSA53: bets $6
Mr.Buster joins the table at seat #3
AzureCaper: calls $6
*** SHOW DOWN ***
JSA53: shows [3d 4d] (a straight, Deuce to Six)
AzureCaper: mucks hand
JSA53 collected $53.50 from pot
*** SUMMARY ***
Total pot $54 | Rake $0.50
Board [Kc 5d 2h 6d Jc]
Seat 1: JSA53 (big blind) showed [3d 4d] and won ($53.50) with a straight, Deuce to Six
Seat 2: AzureCaper (button) (small blind) mucked


PokerStars Hand #159666582521:  Hold'em Limit ($3/$6 USD) - 2016/10/08 19:39:37 ET
Table 'Botein' 6-max Seat #1 is the button
Seat 1: RaisemyNut$ ($339.68 in chips)
Seat 3: Manipulera ($290.98 in chips)
RaisemyNut$: posts small blind $1
Manipulera: posts big blind $3
*** HOLE CARDS ***
RaisemyNut$: folds
Uncalled bet ($2) returned to Manipulera
Manipulera collected $2 from pot
Manipulera: doesn't show hand
*** SUMMARY ***
Total pot $2 | Rake $0
Seat 1: RaisemyNut$ (button) (small blind) folded before Flop
Seat 3: Manipulera (big blind) collected ($2)


PokerStars Hand #159666585737:  Hold'em Limit ($3/$6 USD) - 2016/10/08 19:39:43 ET
Table 'Botein' 6-max Seat #3 is the button
Seat 1: RaisemyNut$ ($338.68 in chips)
Seat 3: Manipulera ($291.98 in chips)
Manipulera: posts small blind $1
RaisemyNut$: posts big blind $3
*** HOLE CARDS ***
Manipulera: raises $3 to $6
RaisemyNut$: folds
Uncalled bet ($3) returned to Manipulera
Manipulera collected $6 from pot
Manipulera: doesn't show hand
*** SUMMARY ***
Total pot $6 | Rake $0
Seat 1: RaisemyNut$ (big blind) folded before Flop
Seat 3: Manipulera (button) (small blind) collected ($6)


PokerStars Hand #159666574837:  Hold'em Limit ($3/$6 USD) - 2016/10/08 19:39:23 ET
Table 'Botein' 6-max Seat #3 is the button
Seat 1: RaisemyNut$ ($345.68 in chips)
Seat 3: Manipulera ($285.22 in chips)
Manipulera: posts small blind $1
wobetting: is sitting out
RaisemyNut$: posts big blind $3
*** HOLE CARDS ***
Manipulera: raises $3 to $6
RaisemyNut$: calls $3
*** FLOP *** [Ac 3c Js]
RaisemyNut$: checks
Manipulera: bets $3
RaisemyNut$: folds
Uncalled bet ($3) returned to Manipulera
Manipulera collected $11.76 from pot
Manipulera: doesn't show hand
*** SUMMARY ***
Total pot $12 | Rake $0.24
Board [Ac 3c Js]
Seat 1: RaisemyNut$ (big blind) folded on the Flop
Seat 3: Manipulera (button) (small blind) collected ($11.76)


PokerStars Hand #159666607034:  Hold'em Limit ($3/$6 USD) - 2016/10/08 19:40:22 ET
Table 'Botein' 6-max Seat #1 is the button
Seat 1: RaisemyNut$ ($353.18 in chips)
Seat 3: Manipulera ($276.98 in chips)
RaisemyNut$: posts small blind $1
Manipulera: posts big blind $3
*** HOLE CARDS ***
RaisemyNut$: raises $3 to $6
Manipulera: raises $3 to $9
RaisemyNut$: calls $3
*** FLOP *** [7h Ks 8h]
Manipulera: bets $3
RaisemyNut$: calls $3
*** TURN *** [7h Ks 8h] [4d]
Manipulera: bets $6
RaisemyNut$: raises $6 to $12
Manipulera: calls $6
*** RIVER *** [7h Ks 8h 4d] [9s]
Manipulera: checks
RaisemyNut$: bets $6
Manipulera: calls $6
*** SHOW DOWN ***
RaisemyNut$: shows [6d 9h] (a pair of Nines)
Manipulera: shows [Td Kh] (a pair of Kings)
Manipulera collected $59.50 from pot
*** SUMMARY ***
Total pot $60 | Rake $0.50
Board [7h Ks 8h 4d 9s]
Seat 1: RaisemyNut$ (button) (small blind) showed [6d 9h] and lost with a pair of Nines
Seat 3: Manipulera (big blind) showed [Td Kh] and won ($59.50) with a pair of Kings


PokerStars Hand #159666603937:  Hold'em Limit ($3/$6 USD) - 2016/10/08 19:40:16 ET
Table 'Botein' 6-max Seat #3 is the button
Seat 1: RaisemyNut$ ($356.18 in chips)
Seat 3: Manipulera ($273.98 in chips)
Manipulera: posts small blind $1
RaisemyNut$: posts big blind $3
*** HOLE CARDS ***
Manipulera: raises $3 to $6
RaisemyNut$: folds
Uncalled bet ($3) returned to Manipulera
Manipulera collected $6 from pot
Manipulera: doesn't show hand
*** SUMMARY ***
Total pot $6 | Rake $0
Seat 1: RaisemyNut$ (big blind) folded before Flop
Seat 3: Manipulera (button) (small blind) collected ($6)


PokerStars Hand #159666590284:  Hold'em Limit ($3/$6 USD) - 2016/10/08 19:39:51 ET
Table 'Botein' 6-max Seat #1 is the button
Seat 1: RaisemyNut$ ($335.68 in chips)
Seat 3: Manipulera ($294.98 in chips)
wobetting leaves the table
RaisemyNut$: posts small blind $1
Manipulera: posts big blind $3
*** HOLE CARDS ***
RaisemyNut$: raises $3 to $6
Manipulera: raises $3 to $9
RaisemyNut$: raises $3 to $12
Betting is capped
Manipulera: calls $3
*** FLOP *** [As 9h 2c]
Manipulera: checks
RaisemyNut$: bets $3
Manipulera: calls $3
*** TURN *** [As 9h 2c] [6c]
Manipulera: checks
RaisemyNut$: bets $6
Manipulera: calls $6
*** RIVER *** [As 9h 2c 6c] [3s]
Manipulera: checks
RaisemyNut$: checks
*** SHOW DOWN ***
Manipulera: shows [5h 5s] (a pair of Fives)
RaisemyNut$: shows [Th Ts] (a pair of Tens)
RaisemyNut$ collected $41.50 from pot
*** SUMMARY ***
Total pot $42 | Rake $0.50
Board [As 9h 2c 6c 3s]
Seat 1: RaisemyNut$ (button) (small blind) showed [Th Ts] and won ($41.50) with a pair of Tens
Seat 3: Manipulera (big blind) showed [5h 5s] and lost with a pair of Fives


PokerStars Hand #159666646867:  Hold'em Limit ($3/$6 USD) - 2016/10/08 19:41:36 ET
Table 'Botein' 6-max Seat #1 is the button
Seat 1: RaisemyNut$ ($355.68 in chips)
Seat 3: Manipulera ($273.48 in chips)
RaisemyNut$: posts small blind $1
Manipulera: posts big blind $3
*** HOLE CARDS ***
RaisemyNut$: raises $3 to $6
Manipulera: raises $3 to $9
RaisemyNut$: calls $3
*** FLOP *** [2c Kh 9c]
Manipulera: bets $3
RaisemyNut$: calls $3
*** TURN *** [2c Kh 9c] [9s]
Manipulera: bets $6
RaisemyNut$: calls $6
*** RIVER *** [2c Kh 9c 9s] [8c]
Manipulera: checks
RaisemyNut$: bets $6
Manipulera: folds
Uncalled bet ($6) returned to RaisemyNut$
RaisemyNut$ collected $35.50 from pot
RaisemyNut$: doesn't show hand
Manipulera leaves the table
*** SUMMARY ***
Total pot $36 | Rake $0.50
Board [2c Kh 9c 9s 8c]
Seat 1: RaisemyNut$ (button) (small blind) collected ($35.50)
Seat 3: Manipulera (big blind) folded on the River


PokerStars Hand #159666625566:  Hold'em Limit ($3/$6 USD) - 2016/10/08 19:40:56 ET
Table 'Botein' 6-max Seat #3 is the button
Seat 1: RaisemyNut$ ($323.18 in chips)
Seat 3: Manipulera ($306.48 in chips)
Manipulera: posts small blind $1
RaisemyNut$: posts big blind $3
*** HOLE CARDS ***
Manipulera: raises $3 to $6
RaisemyNut$: calls $3
*** FLOP *** [9h Js Th]
RaisemyNut$: checks
Manipulera: bets $3
RaisemyNut$: raises $3 to $6
Manipulera: raises $3 to $9
RaisemyNut$: calls $3
*** TURN *** [9h Js Th] [3h]
RaisemyNut$: checks
Manipulera: bets $6
RaisemyNut$: raises $6 to $12
Manipulera: calls $6
*** RIVER *** [9h Js Th 3h] [Jh]
RaisemyNut$: bets $6
Manipulera: calls $6
*** SHOW DOWN ***
RaisemyNut$: shows [2h Kh] (a flush, King high)
Manipulera: mucks hand
RaisemyNut$ collected $65.50 from pot
*** SUMMARY ***
Total pot $66 | Rake $0.50
Board [9h Js Th 3h Jh]
Seat 1: RaisemyNut$ (big blind) showed [2h Kh] and won ($65.50) with a flush, King high
Seat 3: Manipulera (button) (small blind) mucked


