PokerStars Hand #145834171502:  Hold'em Limit ($3/$6 USD) - 2015/12/24 3:33:02 ET
Table 'Botha II' 2-max Seat #2 is the button
Seat 1: Zabmenas ($92.01 in chips)
Seat 2: krossguard ($286.11 in chips)
krossguard: posts small blind $1
Zabmenas: posts big blind $3
*** HOLE CARDS ***
krossguard: raises $3 to $6
Zabmenas: calls $3
*** FLOP *** [2h 8h Jc]
Zabmenas: checks
krossguard: bets $3
Zabmenas: calls $3
*** TURN *** [2h 8h Jc] [8c]
Zabmenas: checks
krossguard: checks
*** RIVER *** [2h 8h Jc 8c] [4h]
Zabmenas: bets $6
krossguard: folds
Uncalled bet ($6) returned to Zabmenas
Zabmenas collected $17.64 from pot
Zabmenas: doesn't show hand
*** SUMMARY ***
Total pot $18 | Rake $0.36
Board [2h 8h Jc 8c 4h]
Seat 1: Zabmenas (big blind) collected ($17.64)
Seat 2: krossguard (button) (small blind) folded on the River


PokerStars Hand #145834164798:  Hold'em Limit ($3/$6 USD) - 2015/12/24 3:32:43 ET
Table 'Botha II' 2-max Seat #1 is the button
Seat 1: Zabmenas ($83.37 in chips)
Seat 2: krossguard ($295.11 in chips)
Zabmenas: posts small blind $1
krossguard: posts big blind $3
*** HOLE CARDS ***
Zabmenas: raises $3 to $6
krossguard: calls $3
*** FLOP *** [5h 2c 4h]
krossguard: checks
Zabmenas: bets $3
krossguard: calls $3
*** TURN *** [5h 2c 4h] [As]
krossguard: checks
Zabmenas: bets $6
krossguard: folds
Uncalled bet ($6) returned to Zabmenas
Zabmenas collected $17.64 from pot
Zabmenas: doesn't show hand
*** SUMMARY ***
Total pot $18 | Rake $0.36
Board [5h 2c 4h As]
Seat 1: Zabmenas (button) (small blind) collected ($17.64)
Seat 2: krossguard (big blind) folded on the Turn


PokerStars Hand #145834152986:  Hold'em Limit ($3/$6 USD) - 2015/12/24 3:32:09 ET
Table 'Botha II' 2-max Seat #2 is the button
Seat 1: Zabmenas ($107.37 in chips)
Seat 2: krossguard ($271.61 in chips)
krossguard: posts small blind $1
Zabmenas: posts big blind $3
*** HOLE CARDS ***
krossguard: raises $3 to $6
Zabmenas: raises $3 to $9
krossguard: calls $3
*** FLOP *** [7d Jd Kh]
Zabmenas: bets $3
krossguard: calls $3
*** TURN *** [7d Jd Kh] [9s]
Zabmenas: bets $6
krossguard: calls $6
*** RIVER *** [7d Jd Kh 9s] [6s]
Zabmenas: bets $6
krossguard: calls $6
*** SHOW DOWN ***
Zabmenas: shows [Ah 9h] (a pair of Nines)
krossguard: shows [3s Js] (a pair of Jacks)
krossguard collected $47.50 from pot
*** SUMMARY ***
Total pot $48 | Rake $0.50
Board [7d Jd Kh 9s 6s]
Seat 1: Zabmenas (big blind) showed [Ah 9h] and lost with a pair of Nines
Seat 2: krossguard (button) (small blind) showed [3s Js] and won ($47.50) with a pair of Jacks


PokerStars Hand #145834193886:  Hold'em Limit ($3/$6 USD) - 2015/12/24 3:34:07 ET
Table 'Botha II' 2-max Seat #1 is the button
Seat 1: Zabmenas ($69.65 in chips)
Seat 2: krossguard ($307.61 in chips)
Zabmenas: posts small blind $1
krossguard: posts big blind $3
*** HOLE CARDS ***
Zabmenas: raises $3 to $6
krossguard: raises $3 to $9
Zabmenas: calls $3
*** FLOP *** [9d Qd Qc]
krossguard: bets $3
Zabmenas: calls $3
*** TURN *** [9d Qd Qc] [Kc]
krossguard: bets $6
Zabmenas: raises $6 to $12
krossguard: raises $6 to $18
Zabmenas: raises $6 to $24
Betting is capped
krossguard: calls $6
*** RIVER *** [9d Qd Qc Kc] [8d]
krossguard: checks
Zabmenas: bets $6
krossguard: calls $6
*** SHOW DOWN ***
Zabmenas: shows [Jd Tc] (a straight, Nine to King)
krossguard: mucks hand
Zabmenas collected $83.50 from pot
*** SUMMARY ***
Total pot $84 | Rake $0.50
Board [9d Qd Qc Kc 8d]
Seat 1: Zabmenas (button) (small blind) showed [Jd Tc] and won ($83.50) with a straight, Nine to King
Seat 2: krossguard (big blind) mucked


PokerStars Hand #145834191618:  Hold'em Limit ($3/$6 USD) - 2015/12/24 3:34:00 ET
Table 'Botha II' 2-max Seat #2 is the button
Seat 1: Zabmenas ($72.65 in chips)
Seat 2: krossguard ($304.61 in chips)
krossguard: posts small blind $1
Zabmenas: posts big blind $3
*** HOLE CARDS ***
krossguard: raises $3 to $6
Zabmenas: folds
Uncalled bet ($3) returned to krossguard
krossguard collected $6 from pot
krossguard: doesn't show hand
*** SUMMARY ***
Total pot $6 | Rake $0
Seat 1: Zabmenas (big blind) folded before Flop
Seat 2: krossguard (button) (small blind) collected ($6)


PokerStars Hand #145834180033:  Hold'em Limit ($3/$6 USD) - 2015/12/24 3:33:27 ET
Table 'Botha II' 2-max Seat #2 is the button
Seat 1: Zabmenas ($99.65 in chips)
Seat 2: krossguard ($278.11 in chips)
krossguard: posts small blind $1
Zabmenas: posts big blind $3
*** HOLE CARDS ***
krossguard: raises $3 to $6
Zabmenas: folds
Uncalled bet ($3) returned to krossguard
krossguard collected $6 from pot
krossguard: doesn't show hand
*** SUMMARY ***
Total pot $6 | Rake $0
Seat 1: Zabmenas (big blind) folded before Flop
Seat 2: krossguard (button) (small blind) collected ($6)


PokerStars Hand #145834178571:  Hold'em Limit ($3/$6 USD) - 2015/12/24 3:33:22 ET
Table 'Botha II' 2-max Seat #1 is the button
Seat 1: Zabmenas ($100.65 in chips)
Seat 2: krossguard ($277.11 in chips)
Zabmenas: posts small blind $1
krossguard: posts big blind $3
*** HOLE CARDS ***
Zabmenas: folds
Uncalled bet ($2) returned to krossguard
krossguard collected $2 from pot
krossguard: doesn't show hand
*** SUMMARY ***
Total pot $2 | Rake $0
Seat 1: Zabmenas (button) (small blind) folded before Flop
Seat 2: krossguard (big blind) collected ($2)


PokerStars Hand #145834213741:  Hold'em Limit ($3/$6 USD) - 2015/12/24 3:35:03 ET
Table 'Botha II' 2-max Seat #1 is the button
Seat 1: Zabmenas ($129.43 in chips)
Seat 2: krossguard ($246.61 in chips)
Zabmenas: posts small blind $1
krossguard: posts big blind $3
*** HOLE CARDS ***
Zabmenas: raises $3 to $6
krossguard: calls $3
*** FLOP *** [4s 4h 3d]
krossguard: checks
Zabmenas: bets $3
krossguard: calls $3
*** TURN *** [4s 4h 3d] [Js]
krossguard: checks
Zabmenas: bets $6
krossguard: folds
Uncalled bet ($6) returned to Zabmenas
Zabmenas collected $17.64 from pot
Zabmenas: doesn't show hand
*** SUMMARY ***
Total pot $18 | Rake $0.36
Board [4s 4h 3d Js]
Seat 1: Zabmenas (button) (small blind) collected ($17.64)
Seat 2: krossguard (big blind) folded on the Turn


PokerStars Hand #145834211864:  Hold'em Limit ($3/$6 USD) - 2015/12/24 3:34:58 ET
Table 'Botha II' 2-max Seat #2 is the button
Seat 1: Zabmenas ($128.43 in chips)
Seat 2: krossguard ($247.61 in chips)
krossguard: posts small blind $1
Zabmenas: posts big blind $3
*** HOLE CARDS ***
krossguard: folds
Uncalled bet ($2) returned to Zabmenas
Zabmenas collected $2 from pot
Zabmenas: doesn't show hand
*** SUMMARY ***
Total pot $2 | Rake $0
Seat 1: Zabmenas (big blind) collected ($2)
Seat 2: krossguard (button) (small blind) folded before Flop


PokerStars Hand #145834208157:  Hold'em Limit ($3/$6 USD) - 2015/12/24 3:34:47 ET
Table 'Botha II' 2-max Seat #1 is the button
Seat 1: Zabmenas ($122.67 in chips)
Seat 2: krossguard ($253.61 in chips)
Zabmenas: posts small blind $1
krossguard: posts big blind $3
*** HOLE CARDS ***
Zabmenas: raises $3 to $6
krossguard: calls $3
*** FLOP *** [3h Kh 8c]
krossguard: checks
Zabmenas: bets $3
krossguard: folds
Uncalled bet ($3) returned to Zabmenas
Zabmenas collected $11.76 from pot
Zabmenas: doesn't show hand
*** SUMMARY ***
Total pot $12 | Rake $0.24
Board [3h Kh 8c]
Seat 1: Zabmenas (button) (small blind) collected ($11.76)
Seat 2: krossguard (big blind) folded on the Flop


PokerStars Hand #145834199841:  Hold'em Limit ($3/$6 USD) - 2015/12/24 3:34:24 ET
Table 'Botha II' 2-max Seat #2 is the button
Seat 1: Zabmenas ($111.15 in chips)
Seat 2: krossguard ($265.61 in chips)
krossguard: posts small blind $1
Zabmenas: posts big blind $3
*** HOLE CARDS ***
krossguard: raises $3 to $6
Zabmenas: raises $3 to $9
krossguard: calls $3
*** FLOP *** [4c Kc 8h]
Zabmenas: bets $3
krossguard: calls $3
*** TURN *** [4c Kc 8h] [2c]
Zabmenas: bets $6
krossguard: folds
Uncalled bet ($6) returned to Zabmenas
Zabmenas collected $23.52 from pot
Zabmenas: doesn't show hand
*** SUMMARY ***
Total pot $24 | Rake $0.48
Board [4c Kc 8h 2c]
Seat 1: Zabmenas (big blind) collected ($23.52)
Seat 2: krossguard (button) (small blind) folded on the Turn


PokerStars Hand #145834237973:  Hold'em Limit ($3/$6 USD) - 2015/12/24 3:36:12 ET
Table 'Botha II' 2-max Seat #2 is the button
Seat 1: Zabmenas ($158.33 in chips)
Seat 2: krossguard ($216.61 in chips)
krossguard: posts small blind $1
Zabmenas: posts big blind $3
*** HOLE CARDS ***
krossguard: folds
Uncalled bet ($2) returned to Zabmenas
Zabmenas collected $2 from pot
Zabmenas: doesn't show hand
*** SUMMARY ***
Total pot $2 | Rake $0
Seat 1: Zabmenas (big blind) collected ($2)
Seat 2: krossguard (button) (small blind) folded before Flop


PokerStars Hand #145834229584:  Hold'em Limit ($3/$6 USD) - 2015/12/24 3:35:49 ET
Table 'Botha II' 2-max Seat #1 is the button
Seat 1: Zabmenas ($152.57 in chips)
Seat 2: krossguard ($222.61 in chips)
Zabmenas: posts small blind $1
krossguard: posts big blind $3
*** HOLE CARDS ***
Zabmenas: raises $3 to $6
krossguard: calls $3
*** FLOP *** [8h Td Ts]
krossguard: checks
Zabmenas: bets $3
krossguard: folds
Uncalled bet ($3) returned to Zabmenas
Zabmenas collected $11.76 from pot
Zabmenas: doesn't show hand
*** SUMMARY ***
Total pot $12 | Rake $0.24
Board [8h Td Ts]
Seat 1: Zabmenas (button) (small blind) collected ($11.76)
Seat 2: krossguard (big blind) folded on the Flop


PokerStars Hand #145834221195:  Hold'em Limit ($3/$6 USD) - 2015/12/24 3:35:24 ET
Table 'Botha II' 2-max Seat #2 is the button
Seat 1: Zabmenas ($138.07 in chips)
Seat 2: krossguard ($237.61 in chips)
krossguard: posts small blind $1
Zabmenas: posts big blind $3
*** HOLE CARDS ***
krossguard: raises $3 to $6
Zabmenas: calls $3
*** FLOP *** [Td 5h 8d]
Zabmenas: checks
krossguard: bets $3
Zabmenas: calls $3
*** TURN *** [Td 5h 8d] [9h]
Zabmenas: checks
krossguard: bets $6
Zabmenas: calls $6
*** RIVER *** [Td 5h 8d 9h] [Ah]
Zabmenas: checks
krossguard: checks
*** SHOW DOWN ***
Zabmenas: shows [Qh 5d] (a pair of Fives)
krossguard: mucks hand
Zabmenas collected $29.50 from pot
*** SUMMARY ***
Total pot $30 | Rake $0.50
Board [Td 5h 8d 9h Ah]
Seat 1: Zabmenas (big blind) showed [Qh 5d] and won ($29.50) with a pair of Fives
Seat 2: krossguard (button) (small blind) mucked


PokerStars Hand #145834245422:  Hold'em Limit ($3/$6 USD) - 2015/12/24 3:36:33 ET
Table 'Botha II' 2-max Seat #2 is the button
Seat 1: Zabmenas ($138.33 in chips)
Seat 2: krossguard ($236.11 in chips)
krossguard: posts small blind $1
Zabmenas: posts big blind $3
*** HOLE CARDS ***
krossguard: raises $3 to $6
Zabmenas: calls $3
*** FLOP *** [2d Jc 5s]
Zabmenas: checks
krossguard: bets $3
Zabmenas: calls $3
*** TURN *** [2d Jc 5s] [4h]
Zabmenas: checks
krossguard: bets $6
Zabmenas: calls $6
*** RIVER *** [2d Jc 5s 4h] [Js]
Zabmenas: checks
krossguard: checks
*** SHOW DOWN ***
Zabmenas: shows [8d 7s] (a pair of Jacks)
krossguard: shows [6c Kc] (a pair of Jacks - King kicker)
krossguard collected $29.50 from pot
*** SUMMARY ***
Total pot $30 | Rake $0.50
Board [2d Jc 5s 4h Js]
Seat 1: Zabmenas (big blind) showed [8d 7s] and lost with a pair of Jacks
Seat 2: krossguard (button) (small blind) showed [6c Kc] and won ($29.50) with a pair of Jacks


PokerStars Hand #145834239461:  Hold'em Limit ($3/$6 USD) - 2015/12/24 3:36:17 ET
Table 'Botha II' 2-max Seat #1 is the button
Seat 1: Zabmenas ($159.33 in chips)
Seat 2: krossguard ($215.61 in chips)
Zabmenas: posts small blind $1
krossguard: posts big blind $3
*** HOLE CARDS ***
Zabmenas: raises $3 to $6
krossguard: calls $3
*** FLOP *** [8s 9d 3c]
krossguard: checks
Zabmenas: bets $3
krossguard: calls $3
*** TURN *** [8s 9d 3c] [3d]
krossguard: checks
Zabmenas: bets $6
krossguard: raises $6 to $12
Zabmenas: calls $6
*** RIVER *** [8s 9d 3c 3d] [6s]
krossguard: bets $6
Zabmenas: folds
Uncalled bet ($6) returned to krossguard
krossguard collected $41.50 from pot
krossguard: doesn't show hand
*** SUMMARY ***
Total pot $42 | Rake $0.50
Board [8s 9d 3c 3d 6s]
Seat 1: Zabmenas (button) (small blind) folded on the River
Seat 2: krossguard (big blind) collected ($41.50)


PokerStars Hand #145834267027:  Hold'em Limit ($3/$6 USD) - 2015/12/24 3:37:35 ET
Table 'Botha II' 2-max Seat #2 is the button
Seat 1: Zabmenas ($105.33 in chips)
Seat 2: krossguard ($268.11 in chips)
krossguard: posts small blind $1
Zabmenas: posts big blind $3
*** HOLE CARDS ***
krossguard: raises $3 to $6
Zabmenas: raises $3 to $9
krossguard: calls $3
*** FLOP *** [6c Ah 8s]
Zabmenas: bets $3
krossguard: calls $3
*** TURN *** [6c Ah 8s] [5c]
Zabmenas: bets $6
krossguard: calls $6
*** RIVER *** [6c Ah 8s 5c] [7d]
Zabmenas: bets $6
krossguard: raises $6 to $12
Zabmenas: folds
Uncalled bet ($6) returned to krossguard
krossguard collected $47.50 from pot
krossguard: doesn't show hand
*** SUMMARY ***
Total pot $48 | Rake $0.50
Board [6c Ah 8s 5c 7d]
Seat 1: Zabmenas (big blind) folded on the River
Seat 2: krossguard (button) (small blind) collected ($47.50)


PokerStars Hand #145834254713:  Hold'em Limit ($3/$6 USD) - 2015/12/24 3:37:00 ET
Table 'Botha II' 2-max Seat #1 is the button
Seat 1: Zabmenas ($123.33 in chips)
Seat 2: krossguard ($250.61 in chips)
Zabmenas: posts small blind $1
krossguard: posts big blind $3
*** HOLE CARDS ***
Zabmenas: raises $3 to $6
krossguard: calls $3
*** FLOP *** [6s 9d 8h]
krossguard: checks
Zabmenas: bets $3
krossguard: raises $3 to $6
Zabmenas: calls $3
*** TURN *** [6s 9d 8h] [3s]
krossguard: bets $6
Zabmenas: calls $6
*** RIVER *** [6s 9d 8h 3s] [7d]
krossguard: bets $6
Zabmenas: folds
Uncalled bet ($6) returned to krossguard
krossguard collected $35.50 from pot
krossguard: doesn't show hand
*** SUMMARY ***
Total pot $36 | Rake $0.50
Board [6s 9d 8h 3s 7d]
Seat 1: Zabmenas (button) (small blind) folded on the River
Seat 2: krossguard (big blind) collected ($35.50)


