PokerStars Hand #150996571650:  Hold'em Limit ($3/$6 USD) - 2016/03/27 3:50:13 ET
Table 'Botha' 6-max Seat #1 is the button
Seat 1: Acidstorm200 ($32.66 in chips)
Seat 4: Agrotait ($72 in chips)
Acidstorm200: posts small blind $1
Agrotait: posts big blind $3
*** HOLE CARDS ***
Acidstorm200: folds
Uncalled bet ($2) returned to Agrotait
Agrotait collected $2 from pot
Agrotait: doesn't show hand
*** SUMMARY ***
Total pot $2 | Rake $0
Seat 1: Acidstorm200 (button) (small blind) folded before Flop
Seat 4: Agrotait (big blind) collected ($2)


PokerStars Hand #150996573984:  Hold'em Limit ($3/$6 USD) - 2016/03/27 3:50:20 ET
Table 'Botha' 6-max Seat #4 is the button
Seat 1: Acidstorm200 ($31.66 in chips)
Seat 4: Agrotait ($73 in chips)
Agrotait: posts small blind $1
Acidstorm200: posts big blind $3
*** HOLE CARDS ***
VolkovDmitri joins the table at seat #2
Agrotait: raises $3 to $6
Acidstorm200: calls $3
*** FLOP *** [Qh 7h 3h]
Acidstorm200: checks
Agrotait: bets $3
Acidstorm200: folds
Uncalled bet ($3) returned to Agrotait
Agrotait collected $11.76 from pot
Agrotait: doesn't show hand
*** SUMMARY ***
Total pot $12 | Rake $0.24
Board [Qh 7h 3h]
Seat 1: Acidstorm200 (big blind) folded on the Flop
Seat 4: Agrotait (button) (small blind) collected ($11.76)


PokerStars Hand #150996654742:  Hold'em Limit ($3/$6 USD) - 2016/03/27 3:54:20 ET
Table 'Botha' 6-max Seat #1 is the button
Seat 1: Acidstorm200 ($56.78 in chips)
Seat 2: VolkovDmitri ($120.75 in chips)
Acidstorm200: posts small blind $1
VolkovDmitri: posts big blind $3
*** HOLE CARDS ***
Acidstorm200: folds
Uncalled bet ($2) returned to VolkovDmitri
VolkovDmitri collected $2 from pot
VolkovDmitri: doesn't show hand
*** SUMMARY ***
Total pot $2 | Rake $0
Seat 1: Acidstorm200 (button) (small blind) folded before Flop
Seat 2: VolkovDmitri (big blind) collected ($2)


PokerStars Hand #150996635956:  Hold'em Limit ($3/$6 USD) - 2016/03/27 3:53:24 ET
Table 'Botha' 6-max Seat #2 is the button
Seat 1: Acidstorm200 ($57.03 in chips)
Seat 2: VolkovDmitri ($121 in chips)
VolkovDmitri: posts small blind $1
Agrotait: is sitting out
Acidstorm200: posts big blind $3
*** HOLE CARDS ***
Agrotait leaves the table
VolkovDmitri: raises $3 to $6
Acidstorm200: raises $3 to $9
VolkovDmitri: calls $3
*** FLOP *** [Ks 9d Qd]
Acidstorm200: bets $3
VolkovDmitri: calls $3
*** TURN *** [Ks 9d Qd] [Qh]
Acidstorm200: bets $6
VolkovDmitri: calls $6
*** RIVER *** [Ks 9d Qd Qh] [Ac]
Acidstorm200: bets $6
VolkovDmitri: calls $6
*** SHOW DOWN ***
Acidstorm200: shows [5h Ah] (two pair, Aces and Queens)
VolkovDmitri: shows [6d Ad] (two pair, Aces and Queens)
Acidstorm200 collected $23.75 from pot
VolkovDmitri collected $23.75 from pot
*** SUMMARY ***
Total pot $48 | Rake $0.50
Board [Ks 9d Qd Qh Ac]
Seat 1: Acidstorm200 (big blind) showed [5h Ah] and won ($23.75) with two pair, Aces and Queens
Seat 2: VolkovDmitri (button) (small blind) showed [6d Ad] and won ($23.75) with two pair, Aces and Queens


PokerStars Hand #150996668819:  Hold'em Limit ($3/$6 USD) - 2016/03/27 3:55:02 ET
Table 'Botha' 6-max Seat #2 is the button
Seat 1: Acidstorm200 ($84.28 in chips)
Seat 2: VolkovDmitri ($121 in chips)
VolkovDmitri: posts small blind $1
Acidstorm200: posts big blind $3
*** HOLE CARDS ***
VolkovDmitri: raises $3 to $6
Acidstorm200: folds
Uncalled bet ($3) returned to VolkovDmitri
VolkovDmitri collected $6 from pot
VolkovDmitri: doesn't show hand
*** SUMMARY ***
Total pot $6 | Rake $0
Seat 1: Acidstorm200 (big blind) folded before Flop
Seat 2: VolkovDmitri (button) (small blind) collected ($6)


PokerStars Hand #150996666806:  Hold'em Limit ($3/$6 USD) - 2016/03/27 3:54:56 ET
Table 'Botha' 6-max Seat #1 is the button
Seat 1: Acidstorm200 ($85.28 in chips)
Seat 2: VolkovDmitri ($120 in chips)
Acidstorm200: posts small blind $1
VolkovDmitri: posts big blind $3
*** HOLE CARDS ***
Acidstorm200: folds
Uncalled bet ($2) returned to VolkovDmitri
VolkovDmitri collected $2 from pot
VolkovDmitri: doesn't show hand
*** SUMMARY ***
Total pot $2 | Rake $0
Seat 1: Acidstorm200 (button) (small blind) folded before Flop
Seat 2: VolkovDmitri (big blind) collected ($2)


PokerStars Hand #150996656659:  Hold'em Limit ($3/$6 USD) - 2016/03/27 3:54:26 ET
Table 'Botha' 6-max Seat #2 is the button
Seat 1: Acidstorm200 ($55.78 in chips)
Seat 2: VolkovDmitri ($121.75 in chips)
VolkovDmitri: posts small blind $1
Acidstorm200: posts big blind $3
*** HOLE CARDS ***
VolkovDmitri: raises $3 to $6
Acidstorm200: raises $3 to $9
VolkovDmitri: calls $3
*** FLOP *** [Tc Ks 6s]
Acidstorm200: bets $3
VolkovDmitri: raises $3 to $6
Acidstorm200: raises $3 to $9
VolkovDmitri: calls $3
*** TURN *** [Tc Ks 6s] [Qc]
Acidstorm200: bets $6
VolkovDmitri: calls $6
*** RIVER *** [Tc Ks 6s Qc] [3d]
Acidstorm200: bets $6
VolkovDmitri: calls $6
*** SHOW DOWN ***
Acidstorm200: shows [Kh Th] (two pair, Kings and Tens)
VolkovDmitri: mucks hand
Acidstorm200 collected $59.50 from pot
*** SUMMARY ***
Total pot $60 | Rake $0.50
Board [Tc Ks 6s Qc 3d]
Seat 1: Acidstorm200 (big blind) showed [Kh Th] and won ($59.50) with two pair, Kings and Tens
Seat 2: VolkovDmitri (button) (small blind) mucked


PokerStars Hand #150996673697:  Hold'em Limit ($3/$6 USD) - 2016/03/27 3:55:18 ET
Table 'Botha' 6-max Seat #1 is the button
Seat 1: Acidstorm200 ($81.28 in chips)
Seat 2: VolkovDmitri ($124 in chips)
Acidstorm200: posts small blind $1
VolkovDmitri: posts big blind $3
*** HOLE CARDS ***
Acidstorm200: raises $3 to $6
VolkovDmitri: calls $3
*** FLOP *** [5h 8c Qd]
VolkovDmitri: checks
Acidstorm200: bets $3
VolkovDmitri: folds
Uncalled bet ($3) returned to Acidstorm200
Acidstorm200 collected $11.76 from pot
Acidstorm200: doesn't show hand
*** SUMMARY ***
Total pot $12 | Rake $0.24
Board [5h 8c Qd]
Seat 1: Acidstorm200 (button) (small blind) collected ($11.76)
Seat 2: VolkovDmitri (big blind) folded on the Flop


PokerStars Hand #150996681460:  Hold'em Limit ($3/$6 USD) - 2016/03/27 3:55:44 ET
Table 'Botha' 6-max Seat #1 is the button
Seat 1: Acidstorm200 ($84.04 in chips)
Seat 2: VolkovDmitri ($123 in chips)
Acidstorm200: posts small blind $1
VolkovDmitri: posts big blind $3
*** HOLE CARDS ***
Acidstorm200: folds
Uncalled bet ($2) returned to VolkovDmitri
Acidstorm200 leaves the table
VolkovDmitri collected $2 from pot
VolkovDmitri: doesn't show hand
*** SUMMARY ***
Total pot $2 | Rake $0
Seat 1: Acidstorm200 (button) (small blind) folded before Flop
Seat 2: VolkovDmitri (big blind) collected ($2)


PokerStars Hand #150996679853:  Hold'em Limit ($3/$6 USD) - 2016/03/27 3:55:39 ET
Table 'Botha' 6-max Seat #2 is the button
Seat 1: Acidstorm200 ($87.04 in chips)
Seat 2: VolkovDmitri ($120 in chips)
VolkovDmitri: posts small blind $1
Acidstorm200: posts big blind $3
*** HOLE CARDS ***
VolkovDmitri: raises $3 to $6
Acidstorm200: folds
Uncalled bet ($3) returned to VolkovDmitri
VolkovDmitri collected $6 from pot
VolkovDmitri: doesn't show hand
*** SUMMARY ***
Total pot $6 | Rake $0
Seat 1: Acidstorm200 (big blind) folded before Flop
Seat 2: VolkovDmitri (button) (small blind) collected ($6)


