PokerStars Hand #155168229331:  Hold'em Limit ($3/$6 USD) - 2016/06/25 2:46:53 ET
Table 'Botha' 6-max Seat #3 is the button
Seat 3: PrinceJak112 ($93.25 in chips)
Seat 4: VolkovDmitri ($120 in chips)
PrinceJak112: posts small blind $1
VolkovDmitri: posts big blind $3
*** HOLE CARDS ***
PrinceJak112: raises $3 to $6
LifeisagameX leaves the table
VolkovDmitri: calls $3
*** FLOP *** [8d 3c 4c]
VolkovDmitri: bets $3
PrinceJak112: raises $3 to $6
VolkovDmitri: calls $3
*** TURN *** [8d 3c 4c] [Jh]
VolkovDmitri: checks
Bastable86 joins the table at seat #6
PrinceJak112: bets $6
VolkovDmitri: calls $6
*** RIVER *** [8d 3c 4c Jh] [Js]
VolkovDmitri: checks
PrinceJak112: bets $6
VolkovDmitri: calls $6
*** SHOW DOWN ***
PrinceJak112: shows [Kc 8s] (two pair, Jacks and Eights)
VolkovDmitri: mucks hand
PrinceJak112 collected $47.50 from pot
*** SUMMARY ***
Total pot $48 | Rake $0.50
Board [8d 3c 4c Jh Js]
Seat 3: PrinceJak112 (button) (small blind) showed [Kc 8s] and won ($47.50) with two pair, Jacks and Eights
Seat 4: VolkovDmitri (big blind) mucked


PokerStars Hand #155168254407:  Hold'em Limit ($3/$6 USD) - 2016/06/25 2:48:29 ET
Table 'Botha' 6-max Seat #3 is the button
Seat 3: PrinceJak112 ($131.82 in chips)
Seat 4: VolkovDmitri ($120 in chips)
PrinceJak112: posts small blind $1
VolkovDmitri: posts big blind $3
*** HOLE CARDS ***
PrinceJak112: raises $3 to $6
VolkovDmitri: folds
Uncalled bet ($3) returned to PrinceJak112
PrinceJak112 collected $6 from pot
*** SUMMARY ***
Total pot $6 | Rake $0
Seat 3: PrinceJak112 (button) (small blind) collected ($6)
Seat 4: VolkovDmitri (big blind) folded before Flop


PokerStars Hand #155168256184:  Hold'em Limit ($3/$6 USD) - 2016/06/25 2:48:36 ET
Table 'Botha' 6-max Seat #4 is the button
Seat 3: PrinceJak112 ($134.82 in chips)
Seat 4: VolkovDmitri ($120 in chips)
VolkovDmitri: posts small blind $1
PrinceJak112: posts big blind $3
*** HOLE CARDS ***
VolkovDmitri: raises $3 to $6
PrinceJak112: calls $3
*** FLOP *** [7c 2c Js]
PrinceJak112: bets $3
VolkovDmitri: raises $3 to $6
PrinceJak112: calls $3
*** TURN *** [7c 2c Js] [Th]
PrinceJak112: checks
VolkovDmitri: bets $6
PrinceJak112: calls $6
*** RIVER *** [7c 2c Js Th] [3d]
PrinceJak112: checks
VolkovDmitri: bets $6
PrinceJak112: calls $6
*** SHOW DOWN ***
VolkovDmitri: shows [Kc Jh] (a pair of Jacks)
PrinceJak112: mucks hand
VolkovDmitri collected $47.50 from pot
*** SUMMARY ***
Total pot $48 | Rake $0.50
Board [7c 2c Js Th 3d]
Seat 3: PrinceJak112 (big blind) mucked
Seat 4: VolkovDmitri (button) (small blind) showed [Kc Jh] and won ($47.50) with a pair of Jacks


PokerStars Hand #155168264329:  Hold'em Limit ($3/$6 USD) - 2016/06/25 2:49:07 ET
Table 'Botha' 6-max Seat #3 is the button
Seat 3: PrinceJak112 ($110.82 in chips)
Seat 4: VolkovDmitri ($143.50 in chips)
PrinceJak112: posts small blind $1
VolkovDmitri: posts big blind $3
*** HOLE CARDS ***
PrinceJak112: raises $3 to $6
VolkovDmitri: calls $3
*** FLOP *** [8d Td Ts]
VolkovDmitri: checks
PrinceJak112: bets $3
VolkovDmitri: folds
Uncalled bet ($3) returned to PrinceJak112
PrinceJak112 collected $11.76 from pot
*** SUMMARY ***
Total pot $12 | Rake $0.24
Board [8d Td Ts]
Seat 3: PrinceJak112 (button) (small blind) collected ($11.76)
Seat 4: VolkovDmitri (big blind) folded on the Flop


PokerStars Hand #155168284401:  Hold'em Limit ($3/$6 USD) - 2016/06/25 2:50:25 ET
Table 'Botha' 6-max Seat #4 is the button
Seat 3: PrinceJak112 ($89.58 in chips)
Seat 4: VolkovDmitri ($164 in chips)
VolkovDmitri: posts small blind $1
PrinceJak112: posts big blind $3
*** HOLE CARDS ***
VolkovDmitri: raises $3 to $6
PrinceJak112: calls $3
*** FLOP *** [2d 8d 8h]
PrinceJak112: checks
VolkovDmitri: bets $3
PrinceJak112: calls $3
*** TURN *** [2d 8d 8h] [4h]
PrinceJak112: checks
VolkovDmitri: bets $6
PrinceJak112: raises $6 to $12
VolkovDmitri: calls $6
*** RIVER *** [2d 8d 8h 4h] [2s]
PrinceJak112: bets $6
VolkovDmitri: calls $6
*** SHOW DOWN ***
PrinceJak112: shows [3d 4c] (two pair, Eights and Fours)
VolkovDmitri: shows [Ac Ad] (two pair, Aces and Eights)
VolkovDmitri collected $53.50 from pot
*** SUMMARY ***
Total pot $54 | Rake $0.50
Board [2d 8d 8h 4h 2s]
Seat 3: PrinceJak112 (big blind) showed [3d 4c] and lost with two pair, Eights and Fours
Seat 4: VolkovDmitri (button) (small blind) showed [Ac Ad] and won ($53.50) with two pair, Aces and Eights


PokerStars Hand #155168277512:  Hold'em Limit ($3/$6 USD) - 2016/06/25 2:49:58 ET
Table 'Botha' 6-max Seat #3 is the button
Seat 3: PrinceJak112 ($113.58 in chips)
Seat 4: VolkovDmitri ($140.50 in chips)
PrinceJak112: posts small blind $1
VolkovDmitri: posts big blind $3
*** HOLE CARDS ***
PrinceJak112: raises $3 to $6
VolkovDmitri: raises $3 to $9
PrinceJak112: calls $3
*** FLOP *** [5h Qs 3h]
VolkovDmitri: bets $3
PrinceJak112: calls $3
*** TURN *** [5h Qs 3h] [Td]
VolkovDmitri: bets $6
PrinceJak112: calls $6
*** RIVER *** [5h Qs 3h Td] [8h]
VolkovDmitri: bets $6
PrinceJak112: calls $6
*** SHOW DOWN ***
VolkovDmitri: shows [9c 9d] (a pair of Nines)
PrinceJak112: mucks hand
VolkovDmitri collected $47.50 from pot
*** SUMMARY ***
Total pot $48 | Rake $0.50
Board [5h Qs 3h Td 8h]
Seat 3: PrinceJak112 (button) (small blind) mucked
Seat 4: VolkovDmitri (big blind) showed [9c 9d] and won ($47.50) with a pair of Nines


PokerStars Hand #155168275611:  Hold'em Limit ($3/$6 USD) - 2016/06/25 2:49:51 ET
Table 'Botha' 6-max Seat #4 is the button
Seat 3: PrinceJak112 ($116.58 in chips)
Seat 4: VolkovDmitri ($137.50 in chips)
VolkovDmitri: posts small blind $1
PrinceJak112: posts big blind $3
*** HOLE CARDS ***
VolkovDmitri: raises $3 to $6
PrinceJak112: folds
Uncalled bet ($3) returned to VolkovDmitri
VolkovDmitri collected $6 from pot
VolkovDmitri: doesn't show hand
*** SUMMARY ***
Total pot $6 | Rake $0
Seat 3: PrinceJak112 (big blind) folded before Flop
Seat 4: VolkovDmitri (button) (small blind) collected ($6)


PokerStars Hand #155168291050:  Hold'em Limit ($3/$6 USD) - 2016/06/25 2:50:51 ET
Table 'Botha' 6-max Seat #3 is the button
Seat 3: PrinceJak112 ($62.58 in chips)
Seat 4: VolkovDmitri ($190.50 in chips)
PrinceJak112: posts small blind $1
VolkovDmitri: posts big blind $3
*** HOLE CARDS ***
PrinceJak112: raises $3 to $6
VolkovDmitri: calls $3
*** FLOP *** [5s 4d 8c]
VolkovDmitri: checks
PrinceJak112: bets $3
VolkovDmitri: calls $3
*** TURN *** [5s 4d 8c] [Kc]
VolkovDmitri: checks
PrinceJak112: bets $6
VolkovDmitri: folds
Uncalled bet ($6) returned to PrinceJak112
PrinceJak112 collected $17.64 from pot
PrinceJak112: doesn't show hand
*** SUMMARY ***
Total pot $18 | Rake $0.36
Board [5s 4d 8c Kc]
Seat 3: PrinceJak112 (button) (small blind) collected ($17.64)
Seat 4: VolkovDmitri (big blind) folded on the Turn


PokerStars Hand #155168310589:  Hold'em Limit ($3/$6 USD) - 2016/06/25 2:52:06 ET
Table 'Botha' 6-max Seat #4 is the button
Seat 3: PrinceJak112 ($82.86 in chips)
Seat 4: VolkovDmitri ($169.50 in chips)
VolkovDmitri: posts small blind $1
PrinceJak112: posts big blind $3
*** HOLE CARDS ***
VolkovDmitri: raises $3 to $6
PrinceJak112: raises $3 to $9
VolkovDmitri: calls $3
*** FLOP *** [4s 9s 8s]
PrinceJak112: bets $3
VolkovDmitri: folds
Uncalled bet ($3) returned to PrinceJak112
PrinceJak112 collected $17.64 from pot
PrinceJak112: doesn't show hand
*** SUMMARY ***
Total pot $18 | Rake $0.36
Board [4s 9s 8s]
Seat 3: PrinceJak112 (big blind) collected ($17.64)
Seat 4: VolkovDmitri (button) (small blind) folded on the Flop


PokerStars Hand #155168308635:  Hold'em Limit ($3/$6 USD) - 2016/06/25 2:51:58 ET
Table 'Botha' 6-max Seat #3 is the button
Seat 3: PrinceJak112 ($79.86 in chips)
Seat 4: VolkovDmitri ($172.50 in chips)
PrinceJak112: posts small blind $1
VolkovDmitri: posts big blind $3
*** HOLE CARDS ***
PrinceJak112: raises $3 to $6
VolkovDmitri: folds
Uncalled bet ($3) returned to PrinceJak112
PrinceJak112 collected $6 from pot
PrinceJak112: doesn't show hand
*** SUMMARY ***
Total pot $6 | Rake $0
Seat 3: PrinceJak112 (button) (small blind) collected ($6)
Seat 4: VolkovDmitri (big blind) folded before Flop


PokerStars Hand #155168297759:  Hold'em Limit ($3/$6 USD) - 2016/06/25 2:51:17 ET
Table 'Botha' 6-max Seat #4 is the button
Seat 3: PrinceJak112 ($71.22 in chips)
Seat 4: VolkovDmitri ($181.50 in chips)
VolkovDmitri: posts small blind $1
PrinceJak112: posts big blind $3
*** HOLE CARDS ***
VolkovDmitri: raises $3 to $6
PrinceJak112: calls $3
*** FLOP *** [5h Js 2c]
PrinceJak112: checks
VolkovDmitri: bets $3
PrinceJak112: calls $3
*** TURN *** [5h Js 2c] [Ah]
PrinceJak112: checks
VolkovDmitri: checks
*** RIVER *** [5h Js 2c Ah] [3s]
PrinceJak112: checks
VolkovDmitri: checks
*** SHOW DOWN ***
PrinceJak112: shows [9h Qs] (high card Ace)
VolkovDmitri: mucks hand
PrinceJak112 collected $17.64 from pot
*** SUMMARY ***
Total pot $18 | Rake $0.36
Board [5h Js 2c Ah 3s]
Seat 3: PrinceJak112 (big blind) showed [9h Qs] and won ($17.64) with high card Ace
Seat 4: VolkovDmitri (button) (small blind) mucked


PokerStars Hand #155168328249:  Hold'em Limit ($3/$6 USD) - 2016/06/25 2:53:14 ET
Table 'Botha' 6-max Seat #4 is the button
Seat 3: PrinceJak112 ($121.76 in chips)
Seat 4: VolkovDmitri ($129.50 in chips)
VolkovDmitri: posts small blind $1
PrinceJak112: posts big blind $3
*** HOLE CARDS ***
VolkovDmitri: raises $3 to $6
PrinceJak112: calls $3
*** FLOP *** [6h 4c 5h]
PrinceJak112: checks
VolkovDmitri: bets $3
PrinceJak112: calls $3
*** TURN *** [6h 4c 5h] [Ah]
PrinceJak112: checks
VolkovDmitri: bets $6
PrinceJak112: calls $6
*** RIVER *** [6h 4c 5h Ah] [2c]
PrinceJak112: checks
VolkovDmitri: bets $6
PrinceJak112: calls $6
*** SHOW DOWN ***
VolkovDmitri: shows [As 4h] (two pair, Aces and Fours)
PrinceJak112: mucks hand
VolkovDmitri collected $41.50 from pot
*** SUMMARY ***
Total pot $42 | Rake $0.50
Board [6h 4c 5h Ah 2c]
Seat 3: PrinceJak112 (big blind) mucked
Seat 4: VolkovDmitri (button) (small blind) showed [As 4h] and won ($41.50) with two pair, Aces and Fours


PokerStars Hand #155168324943:  Hold'em Limit ($3/$6 USD) - 2016/06/25 2:53:01 ET
Table 'Botha' 6-max Seat #3 is the button
Seat 3: PrinceJak112 ($116 in chips)
Seat 4: VolkovDmitri ($135.50 in chips)
PrinceJak112: posts small blind $1
VolkovDmitri: posts big blind $3
*** HOLE CARDS ***
PrinceJak112: raises $3 to $6
VolkovDmitri: calls $3
*** FLOP *** [6h Ad 5h]
VolkovDmitri: checks
PrinceJak112: bets $3
VolkovDmitri: folds
Uncalled bet ($3) returned to PrinceJak112
PrinceJak112 collected $11.76 from pot
*** SUMMARY ***
Total pot $12 | Rake $0.24
Board [6h Ad 5h]
Seat 3: PrinceJak112 (button) (small blind) collected ($11.76)
Seat 4: VolkovDmitri (big blind) folded on the Flop


PokerStars Hand #155168323253:  Hold'em Limit ($3/$6 USD) - 2016/06/25 2:52:54 ET
Table 'Botha' 6-max Seat #4 is the button
Seat 3: PrinceJak112 ($115 in chips)
Seat 4: VolkovDmitri ($136.50 in chips)
VolkovDmitri: posts small blind $1
PrinceJak112: posts big blind $3
*** HOLE CARDS ***
VolkovDmitri: folds
Uncalled bet ($2) returned to PrinceJak112
PrinceJak112 collected $2 from pot
*** SUMMARY ***
Total pot $2 | Rake $0
Seat 3: PrinceJak112 (big blind) collected ($2)
Seat 4: VolkovDmitri (button) (small blind) folded before Flop


PokerStars Hand #155168315176:  Hold'em Limit ($3/$6 USD) - 2016/06/25 2:52:23 ET
Table 'Botha' 6-max Seat #3 is the button
Seat 3: PrinceJak112 ($91.50 in chips)
Seat 4: VolkovDmitri ($160.50 in chips)
PrinceJak112: posts small blind $1
VolkovDmitri: posts big blind $3
*** HOLE CARDS ***
PrinceJak112: raises $3 to $6
VolkovDmitri: calls $3
*** FLOP *** [Qd 5c 8c]
VolkovDmitri: checks
PrinceJak112: bets $3
VolkovDmitri: raises $3 to $6
PrinceJak112: calls $3
*** TURN *** [Qd 5c 8c] [8s]
VolkovDmitri: bets $6
PrinceJak112: calls $6
*** RIVER *** [Qd 5c 8c 8s] [Ah]
VolkovDmitri: checks
PrinceJak112: bets $6
VolkovDmitri: calls $6
*** SHOW DOWN ***
PrinceJak112: shows [Kd Jh] (a pair of Eights)
VolkovDmitri: mucks hand
PrinceJak112 collected $47.50 from pot
*** SUMMARY ***
Total pot $48 | Rake $0.50
Board [Qd 5c 8c 8s Ah]
Seat 3: PrinceJak112 (button) (small blind) showed [Kd Jh] and won ($47.50) with a pair of Eights
Seat 4: VolkovDmitri (big blind) mucked


PokerStars Hand #155168347327:  Hold'em Limit ($3/$6 USD) - 2016/06/25 2:54:27 ET
Table 'Botha' 6-max Seat #3 is the button
Seat 3: PrinceJak112 ($85.52 in chips)
Seat 4: VolkovDmitri ($164.50 in chips)
PrinceJak112: posts small blind $1
VolkovDmitri: posts big blind $3
*** HOLE CARDS ***
PrinceJak112: raises $3 to $6
VolkovDmitri: folds
Uncalled bet ($3) returned to PrinceJak112
PrinceJak112 collected $6 from pot
*** SUMMARY ***
Total pot $6 | Rake $0
Seat 3: PrinceJak112 (button) (small blind) collected ($6)
Seat 4: VolkovDmitri (big blind) folded before Flop


PokerStars Hand #155168343528:  Hold'em Limit ($3/$6 USD) - 2016/06/25 2:54:12 ET
Table 'Botha' 6-max Seat #4 is the button
Seat 3: PrinceJak112 ($79.76 in chips)
Seat 4: VolkovDmitri ($170.50 in chips)
VolkovDmitri: posts small blind $1
PrinceJak112: posts big blind $3
*** HOLE CARDS ***
VolkovDmitri: raises $3 to $6
PrinceJak112: calls $3
*** FLOP *** [Tc 4c 5c]
PrinceJak112: bets $3
VolkovDmitri: folds
Uncalled bet ($3) returned to PrinceJak112
PrinceJak112 collected $11.76 from pot
PrinceJak112: doesn't show hand
*** SUMMARY ***
Total pot $12 | Rake $0.24
Board [Tc 4c 5c]
Seat 3: PrinceJak112 (big blind) collected ($11.76)
Seat 4: VolkovDmitri (button) (small blind) folded on the Flop


PokerStars Hand #155168335330:  Hold'em Limit ($3/$6 USD) - 2016/06/25 2:53:41 ET
Table 'Botha' 6-max Seat #3 is the button
Seat 3: PrinceJak112 ($100.76 in chips)
Seat 4: VolkovDmitri ($150 in chips)
PrinceJak112: posts small blind $1
VolkovDmitri: posts big blind $3
*** HOLE CARDS ***
PrinceJak112: raises $3 to $6
VolkovDmitri: calls $3
*** FLOP *** [8h 3h Jd]
VolkovDmitri: bets $3
PrinceJak112: calls $3
*** TURN *** [8h 3h Jd] [Kd]
VolkovDmitri: checks
PrinceJak112: bets $6
VolkovDmitri: calls $6
*** RIVER *** [8h 3h Jd Kd] [Qd]
VolkovDmitri: bets $6
PrinceJak112: calls $6
*** SHOW DOWN ***
VolkovDmitri: shows [9c Qh] (a pair of Queens)
PrinceJak112: mucks hand
VolkovDmitri collected $41.50 from pot
*** SUMMARY ***
Total pot $42 | Rake $0.50
Board [8h 3h Jd Kd Qd]
Seat 3: PrinceJak112 (button) (small blind) mucked
Seat 4: VolkovDmitri (big blind) showed [9c Qh] and won ($41.50) with a pair of Queens


PokerStars Hand #155168352370:  Hold'em Limit ($3/$6 USD) - 2016/06/25 2:54:46 ET
Table 'Botha' 6-max Seat #4 is the button
Seat 3: PrinceJak112 ($88.52 in chips)
Seat 4: VolkovDmitri ($161.50 in chips)
VolkovDmitri: posts small blind $1
PrinceJak112: posts big blind $3
*** HOLE CARDS ***
VolkovDmitri: raises $3 to $6
PrinceJak112: calls $3
*** FLOP *** [Jh 2d Kd]
PrinceJak112: bets $3
VolkovDmitri: calls $3
*** TURN *** [Jh 2d Kd] [As]
PrinceJak112: bets $6
VolkovDmitri: raises $6 to $12
PrinceJak112: calls $6
*** RIVER *** [Jh 2d Kd As] [2h]
PrinceJak112: checks
VolkovDmitri: bets $6
PrinceJak112: folds
Uncalled bet ($6) returned to VolkovDmitri
VolkovDmitri collected $41.50 from pot
VolkovDmitri: doesn't show hand
*** SUMMARY ***
Total pot $42 | Rake $0.50
Board [Jh 2d Kd As 2h]
Seat 3: PrinceJak112 (big blind) folded on the River
Seat 4: VolkovDmitri (button) (small blind) collected ($41.50)


PokerStars Hand #155168375403:  Hold'em Limit ($3/$6 USD) - 2016/06/25 2:56:22 ET
Table 'Botha' 6-max Seat #3 is the button
Seat 3: PrinceJak112 ($90.66 in chips)
Seat 4: VolkovDmitri ($158 in chips)
PrinceJak112: posts small blind $1
VolkovDmitri: posts big blind $3
*** HOLE CARDS ***
PrinceJak112: raises $3 to $6
VolkovDmitri: calls $3
*** FLOP *** [2s Jd 7h]
VolkovDmitri: checks
PrinceJak112: checks
*** TURN *** [2s Jd 7h] [Qd]
VolkovDmitri: bets $6
PrinceJak112: raises $6 to $12
VolkovDmitri: calls $6
*** RIVER *** [2s Jd 7h Qd] [Kh]
VolkovDmitri: bets $6
PrinceJak112: raises $6 to $12
VolkovDmitri: calls $6
*** SHOW DOWN ***
PrinceJak112: shows [9h Tc] (a straight, Nine to King)
VolkovDmitri: mucks hand
PrinceJak112 collected $59.50 from pot
*** SUMMARY ***
Total pot $60 | Rake $0.50
Board [2s Jd 7h Qd Kh]
Seat 3: PrinceJak112 (button) (small blind) showed [9h Tc] and won ($59.50) with a straight, Nine to King
Seat 4: VolkovDmitri (big blind) mucked


PokerStars Hand #155168371270:  Hold'em Limit ($3/$6 USD) - 2016/06/25 2:56:05 ET
Table 'Botha' 6-max Seat #4 is the button
Seat 3: PrinceJak112 ($82.02 in chips)
Seat 4: VolkovDmitri ($167 in chips)
VolkovDmitri: posts small blind $1
PrinceJak112: posts big blind $3
*** HOLE CARDS ***
VolkovDmitri: raises $3 to $6
PrinceJak112: raises $3 to $9
VolkovDmitri: calls $3
*** FLOP *** [3c Kd 9c]
PrinceJak112: bets $3
VolkovDmitri: folds
Uncalled bet ($3) returned to PrinceJak112
PrinceJak112 collected $17.64 from pot
*** SUMMARY ***
Total pot $18 | Rake $0.36
Board [3c Kd 9c]
Seat 3: PrinceJak112 (big blind) collected ($17.64)
Seat 4: VolkovDmitri (button) (small blind) folded on the Flop


PokerStars Hand #155168363782:  Hold'em Limit ($3/$6 USD) - 2016/06/25 2:55:33 ET
Table 'Botha' 6-max Seat #3 is the button
Seat 3: PrinceJak112 ($67.52 in chips)
Seat 4: VolkovDmitri ($182 in chips)
PrinceJak112: posts small blind $1
VolkovDmitri: posts big blind $3
*** HOLE CARDS ***
PrinceJak112: raises $3 to $6
VolkovDmitri: raises $3 to $9
PrinceJak112: raises $3 to $12
Betting is capped
VolkovDmitri: calls $3
*** FLOP *** [4c 6c 5s]
VolkovDmitri: checks
PrinceJak112: bets $3
VolkovDmitri: calls $3
*** TURN *** [4c 6c 5s] [Qc]
VolkovDmitri: checks
PrinceJak112: bets $6
VolkovDmitri: folds
Uncalled bet ($6) returned to PrinceJak112
PrinceJak112 collected $29.50 from pot
*** SUMMARY ***
Total pot $30 | Rake $0.50
Board [4c 6c 5s Qc]
Seat 3: PrinceJak112 (button) (small blind) collected ($29.50)
Seat 4: VolkovDmitri (big blind) folded on the Turn


PokerStars Hand #155168389909:  Hold'em Limit ($3/$6 USD) - 2016/06/25 2:57:24 ET
Table 'Botha' 6-max Seat #3 is the button
Seat 3: PrinceJak112 ($111.16 in chips)
Seat 4: VolkovDmitri ($136.64 in chips)
PrinceJak112: posts small blind $1
VolkovDmitri: posts big blind $3
*** HOLE CARDS ***
PrinceJak112: raises $3 to $6
VolkovDmitri: folds
Uncalled bet ($3) returned to PrinceJak112
PrinceJak112 collected $6 from pot
*** SUMMARY ***
Total pot $6 | Rake $0
Seat 3: PrinceJak112 (button) (small blind) collected ($6)
Seat 4: VolkovDmitri (big blind) folded before Flop


PokerStars Hand #155168380568:  Hold'em Limit ($3/$6 USD) - 2016/06/25 2:56:44 ET
Table 'Botha' 6-max Seat #4 is the button
Seat 3: PrinceJak112 ($120.16 in chips)
Seat 4: VolkovDmitri ($128 in chips)
VolkovDmitri: posts small blind $1
PrinceJak112: posts big blind $3
*** HOLE CARDS ***
VolkovDmitri: raises $3 to $6
PrinceJak112: calls $3
*** FLOP *** [Tc 8d 5d]
PrinceJak112: checks
VolkovDmitri: bets $3
PrinceJak112: calls $3
*** TURN *** [Tc 8d 5d] [Jh]
PrinceJak112: checks
VolkovDmitri: checks
*** RIVER *** [Tc 8d 5d Jh] [Kd]
PrinceJak112: checks
VolkovDmitri: checks
*** SHOW DOWN ***
PrinceJak112: shows [6c 9s] (high card King)
VolkovDmitri: shows [Ad 7h] (high card Ace)
VolkovDmitri collected $17.64 from pot
*** SUMMARY ***
Total pot $18 | Rake $0.36
Board [Tc 8d 5d Jh Kd]
Seat 3: PrinceJak112 (big blind) showed [6c 9s] and lost with high card King
Seat 4: VolkovDmitri (button) (small blind) showed [Ad 7h] and won ($17.64) with high card Ace


PokerStars Hand #155168392244:  Hold'em Limit ($3/$6 USD) - 2016/06/25 2:57:34 ET
Table 'Botha' 6-max Seat #4 is the button
Seat 3: PrinceJak112 ($114.16 in chips)
Seat 4: VolkovDmitri ($133.64 in chips)
VolkovDmitri: posts small blind $1
PrinceJak112: posts big blind $3
*** HOLE CARDS ***
VolkovDmitri: raises $3 to $6
PrinceJak112: calls $3
*** FLOP *** [Ac 7d Jh]
PrinceJak112: checks
VolkovDmitri: bets $3
PrinceJak112: folds
Uncalled bet ($3) returned to VolkovDmitri
VolkovDmitri collected $11.76 from pot
*** SUMMARY ***
Total pot $12 | Rake $0.24
Board [Ac 7d Jh]
Seat 3: PrinceJak112 (big blind) folded on the Flop
Seat 4: VolkovDmitri (button) (small blind) collected ($11.76)


PokerStars Hand #155168395788:  Hold'em Limit ($3/$6 USD) - 2016/06/25 2:57:49 ET
Table 'Botha' 6-max Seat #3 is the button
Seat 3: PrinceJak112 ($108.16 in chips)
Seat 4: VolkovDmitri ($139.40 in chips)
PrinceJak112: posts small blind $1
VolkovDmitri: posts big blind $3
*** HOLE CARDS ***
PrinceJak112: raises $3 to $6
tnavi joins the table at seat #5
VolkovDmitri: calls $3
*** FLOP *** [8d As Ac]
VolkovDmitri: checks
PrinceJak112: bets $3
VolkovDmitri: raises $3 to $6
PrinceJak112: calls $3
*** TURN *** [8d As Ac] [2s]
VolkovDmitri: bets $6
PrinceJak112: raises $6 to $12
VolkovDmitri: calls $6
*** RIVER *** [8d As Ac 2s] [2c]
VolkovDmitri: checks
PrinceJak112: bets $6
VolkovDmitri: folds
Uncalled bet ($6) returned to PrinceJak112
PrinceJak112 collected $47.50 from pot
*** SUMMARY ***
Total pot $48 | Rake $0.50
Board [8d As Ac 2s 2c]
Seat 3: PrinceJak112 (button) (small blind) collected ($47.50)
Seat 4: VolkovDmitri (big blind) folded on the River


PokerStars Hand #155168406022:  Hold'em Limit ($3/$6 USD) - 2016/06/25 2:58:32 ET
Table 'Botha' 6-max Seat #4 is the button
Seat 3: PrinceJak112 ($131.66 in chips)
Seat 4: VolkovDmitri ($120 in chips)
VolkovDmitri: posts small blind $1
PrinceJak112: posts big blind $3
*** HOLE CARDS ***
VolkovDmitri: raises $3 to $6
PrinceJak112: calls $3
*** FLOP *** [3c 2c 2s]
PrinceJak112: checks
VolkovDmitri: bets $3
PrinceJak112: calls $3
*** TURN *** [3c 2c 2s] [Td]
PrinceJak112: checks
VolkovDmitri: checks
*** RIVER *** [3c 2c 2s Td] [Qh]
PrinceJak112: bets $6
VolkovDmitri: calls $6
*** SHOW DOWN ***
PrinceJak112: shows [Ts 9d] (two pair, Tens and Deuces)
VolkovDmitri: mucks hand
PrinceJak112 collected $29.50 from pot
*** SUMMARY ***
Total pot $30 | Rake $0.50
Board [3c 2c 2s Td Qh]
Seat 3: PrinceJak112 (big blind) showed [Ts 9d] and won ($29.50) with two pair, Tens and Deuces
Seat 4: VolkovDmitri (button) (small blind) mucked


PokerStars Hand #155168427358:  Hold'em Limit ($3/$6 USD) - 2016/06/25 3:00:02 ET
Table 'Botha' 6-max Seat #4 is the button
Seat 3: PrinceJak112 ($160.66 in chips)
Seat 4: VolkovDmitri ($120 in chips)
VolkovDmitri: posts small blind $1
PrinceJak112: posts big blind $3
*** HOLE CARDS ***
VolkovDmitri: raises $3 to $6
PrinceJak112: calls $3
*** FLOP *** [9s Jh 8s]
belik555 joins the table at seat #2
PrinceJak112: bets $3
VolkovDmitri: raises $3 to $6
PrinceJak112: calls $3
*** TURN *** [9s Jh 8s] [7h]
PrinceJak112: bets $6
VolkovDmitri: calls $6
*** RIVER *** [9s Jh 8s 7h] [Tc]
PrinceJak112: bets $6
VolkovDmitri: raises $6 to $12
PrinceJak112: calls $6
*** SHOW DOWN ***
VolkovDmitri: shows [Qs 9h] (a straight, Eight to Queen)
PrinceJak112: mucks hand
VolkovDmitri collected $59.50 from pot
*** SUMMARY ***
Total pot $60 | Rake $0.50
Board [9s Jh 8s 7h Tc]
Seat 3: PrinceJak112 (big blind) mucked
Seat 4: VolkovDmitri (button) (small blind) showed [Qs 9h] and won ($59.50) with a straight, Eight to Queen


PokerStars Hand #155168415676:  Hold'em Limit ($3/$6 USD) - 2016/06/25 2:59:13 ET
Table 'Botha' 6-max Seat #3 is the button
Seat 3: PrinceJak112 ($146.16 in chips)
Seat 4: VolkovDmitri ($120 in chips)
PrinceJak112: posts small blind $1
VolkovDmitri: posts big blind $3
*** HOLE CARDS ***
PrinceJak112: raises $3 to $6
VolkovDmitri: calls $3
*** FLOP *** [2s 4h Jh]
VolkovDmitri: checks
PrinceJak112: bets $3
VolkovDmitri: calls $3
*** TURN *** [2s 4h Jh] [3s]
VolkovDmitri: checks
PrinceJak112: bets $6
VolkovDmitri: calls $6
*** RIVER *** [2s 4h Jh 3s] [Ah]
VolkovDmitri: checks
PrinceJak112: bets $6
VolkovDmitri: folds
Uncalled bet ($6) returned to PrinceJak112
PrinceJak112 collected $29.50 from pot
PrinceJak112: doesn't show hand
*** SUMMARY ***
Total pot $30 | Rake $0.50
Board [2s 4h Jh 3s Ah]
Seat 3: PrinceJak112 (button) (small blind) collected ($29.50)
Seat 4: VolkovDmitri (big blind) folded on the River


PokerStars Hand #155168434899:  Hold'em Limit ($3/$6 USD) - 2016/06/25 3:00:33 ET
Table 'Botha' 6-max Seat #3 is the button
Seat 3: PrinceJak112 ($130.66 in chips)
Seat 4: VolkovDmitri ($149.50 in chips)
PrinceJak112: posts small blind $1
VolkovDmitri: posts big blind $3
*** HOLE CARDS ***
PrinceJak112: raises $3 to $6
VolkovDmitri: calls $3
*** FLOP *** [5c 3h Td]
VolkovDmitri: checks
PrinceJak112: bets $3
VolkovDmitri: calls $3
*** TURN *** [5c 3h Td] [6s]
VolkovDmitri: checks
PrinceJak112: bets $6
VolkovDmitri: calls $6
*** RIVER *** [5c 3h Td 6s] [6h]
VolkovDmitri: checks
PrinceJak112: bets $6
VolkovDmitri: folds
Uncalled bet ($6) returned to PrinceJak112
PrinceJak112 collected $29.50 from pot
*** SUMMARY ***
Total pot $30 | Rake $0.50
Board [5c 3h Td 6s 6h]
Seat 3: PrinceJak112 (button) (small blind) collected ($29.50)
Seat 4: VolkovDmitri (big blind) folded on the River


PokerStars Hand #155170626633:  Hold'em Limit ($3/$6 USD) - 2016/06/25 5:03:50 ET
Table 'Botha' 6-max Seat #6 is the button
Seat 3: RockKillerTY ($116 in chips)
Seat 6: Tryptamean ($60.35 in chips)
boony444 will be allowed to play after the button
Tryptamean: posts small blind $1
RockKillerTY: posts big blind $3
*** HOLE CARDS ***
Tryptamean: raises $3 to $6
RockKillerTY: calls $3
*** FLOP *** [Qs As Qh]
RockKillerTY: checks
Tryptamean: bets $3
SUPOKSU joins the table at seat #2
RockKillerTY: calls $3
*** TURN *** [Qs As Qh] [Qd]
RockKillerTY: bets $6
Tryptamean: calls $6
*** RIVER *** [Qs As Qh Qd] [7c]
RockKillerTY: bets $6
Tryptamean: calls $6
*** SHOW DOWN ***
RockKillerTY: shows [Ac 5s] (a full house, Queens full of Aces)
Tryptamean: mucks hand
RockKillerTY collected $41.50 from pot
*** SUMMARY ***
Total pot $42 | Rake $0.50
Board [Qs As Qh Qd 7c]
Seat 3: RockKillerTY (big blind) showed [Ac 5s] and won ($41.50) with a full house, Queens full of Aces
Seat 6: Tryptamean (button) (small blind) mucked


PokerStars Hand #155170641699:  Hold'em Limit ($3/$6 USD) - 2016/06/25 5:04:34 ET
Table 'Botha' 6-max Seat #3 is the button
Seat 3: RockKillerTY ($136.50 in chips)
Seat 6: Tryptamean ($120 in chips)
RockKillerTY: posts small blind $1
Tryptamean: posts big blind $3
*** HOLE CARDS ***
RockKillerTY: raises $3 to $6
Tryptamean: raises $3 to $9
VolkovDmitri leaves the table
RockKillerTY: calls $3
*** FLOP *** [7h 3s 7c]
Tryptamean: bets $3
RockKillerTY: calls $3
*** TURN *** [7h 3s 7c] [4h]
Tryptamean: bets $6
RockKillerTY: folds
Uncalled bet ($6) returned to Tryptamean
Tryptamean collected $23.52 from pot
Tryptamean: doesn't show hand
*** SUMMARY ***
Total pot $24 | Rake $0.48
Board [7h 3s 7c 4h]
Seat 3: RockKillerTY (button) (small blind) folded on the Turn
Seat 6: Tryptamean (big blind) collected ($23.52)


PokerStars Hand #155170671099:  Hold'em Limit ($3/$6 USD) - 2016/06/25 5:05:58 ET
Table 'Botha' 6-max Seat #5 is the button
Seat 5: boony444 ($67.90 in chips)
Seat 6: Tryptamean ($134.52 in chips)
boony444: posts small blind $1
Tryptamean: posts big blind $3
*** HOLE CARDS ***
boony444: raises $3 to $6
Tryptamean: calls $3
*** FLOP *** [3d 9c 4d]
Tryptamean: checks
boony444: bets $3
Tryptamean: calls $3
*** TURN *** [3d 9c 4d] [Qd]
Tryptamean: checks
boony444: bets $6
Tryptamean: calls $6
*** RIVER *** [3d 9c 4d Qd] [Tc]
Tryptamean: checks
boony444: checks
*** SHOW DOWN ***
Tryptamean: shows [7s Jd] (high card Queen)
boony444: shows [Js 4s] (a pair of Fours)
boony444 collected $29.50 from pot
*** SUMMARY ***
Total pot $30 | Rake $0.50
Board [3d 9c 4d Qd Tc]
Seat 5: boony444 (button) (small blind) showed [Js 4s] and won ($29.50) with a pair of Fours
Seat 6: Tryptamean (big blind) showed [7s Jd] and lost with high card Queen


PokerStars Hand #155171279682:  Hold'em Limit ($3/$6 USD) - 2016/06/25 5:33:47 ET
Table 'Botha' 6-max Seat #6 is the button
Seat 4: VolkovDmitri ($120 in chips)
Seat 6: Tryptamean ($66.68 in chips)
Tryptamean: posts small blind $1
boony444: is sitting out
RockKillerTY was removed from the table for failing to post
VolkovDmitri: posts big blind $3
*** HOLE CARDS ***
Tryptamean: raises $3 to $6
boony444 leaves the table
VolkovDmitri: calls $3
*** FLOP *** [7s 8h 2h]
VolkovDmitri: checks
Tryptamean: bets $3
VolkovDmitri: calls $3
*** TURN *** [7s 8h 2h] [6h]
VolkovDmitri: checks
Tryptamean: bets $6
VolkovDmitri: calls $6
*** RIVER *** [7s 8h 2h 6h] [Js]
VolkovDmitri: bets $6
Tryptamean: folds
Uncalled bet ($6) returned to VolkovDmitri
VolkovDmitri collected $29.50 from pot
VolkovDmitri: doesn't show hand
*** SUMMARY ***
Total pot $30 | Rake $0.50
Board [7s 8h 2h 6h Js]
Seat 4: VolkovDmitri (big blind) collected ($29.50)
Seat 6: Tryptamean (button) (small blind) folded on the River


PokerStars Hand #155171294692:  Hold'em Limit ($3/$6 USD) - 2016/06/25 5:34:28 ET
Table 'Botha' 6-max Seat #4 is the button
Seat 4: VolkovDmitri ($134.50 in chips)
Seat 6: Tryptamean ($51.68 in chips)
VolkovDmitri: posts small blind $1
Tryptamean: posts big blind $3
*** HOLE CARDS ***
VolkovDmitri: raises $3 to $6
Tryptamean: calls $3
*** FLOP *** [9h Qs 2h]
Tryptamean: checks
VolkovDmitri: bets $3
Tryptamean: folds
Uncalled bet ($3) returned to VolkovDmitri
VolkovDmitri collected $11.76 from pot
VolkovDmitri: doesn't show hand
*** SUMMARY ***
Total pot $12 | Rake $0.24
Board [9h Qs 2h]
Seat 4: VolkovDmitri (button) (small blind) collected ($11.76)
Seat 6: Tryptamean (big blind) folded on the Flop


PokerStars Hand #155171429709:  Hold'em Limit ($3/$6 USD) - 2016/06/25 5:40:37 ET
Table 'Botha' 6-max Seat #2 is the button
Seat 2: hooliganooo ($120 in chips)
Seat 3: Tryptamean ($120 in chips)
hooliganooo: posts small blind $1
Tryptamean: posts big blind $3
*** HOLE CARDS ***
TbIP-TbIP 88 leaves the table
hooliganooo: raises $3 to $6
Tryptamean: calls $3
*** FLOP *** [4s Qc 6s]
Tryptamean: checks
hooliganooo: checks
*** TURN *** [4s Qc 6s] [4h]
Tryptamean: bets $6
hooliganooo: calls $6
*** RIVER *** [4s Qc 6s 4h] [5d]
Tryptamean: bets $6
hooliganooo: calls $6
*** SHOW DOWN ***
Tryptamean: shows [6h Td] (two pair, Sixes and Fours)
hooliganooo: mucks hand
Tryptamean collected $35.50 from pot
*** SUMMARY ***
Total pot $36 | Rake $0.50
Board [4s Qc 6s 4h 5d]
Seat 2: hooliganooo (button) (small blind) mucked
Seat 3: Tryptamean (big blind) showed [6h Td] and won ($35.50) with two pair, Sixes and Fours


PokerStars Hand #155171436564:  Hold'em Limit ($3/$6 USD) - 2016/06/25 5:40:56 ET
Table 'Botha' 6-max Seat #3 is the button
Seat 2: hooliganooo ($102 in chips)
Seat 3: Tryptamean ($137.50 in chips)
Tryptamean: posts small blind $1
hooliganooo: posts big blind $3
*** HOLE CARDS ***
Tryptamean: raises $3 to $6
hooliganooo: raises $3 to $9
Tryptamean: calls $3
*** FLOP *** [3d 8d Td]
hooliganooo: bets $3
Tryptamean: calls $3
*** TURN *** [3d 8d Td] [5s]
hooliganooo: bets $6
Tryptamean: raises $6 to $12
hooliganooo: calls $6
*** RIVER *** [3d 8d Td 5s] [Jh]
hooliganooo: checks
Tryptamean: bets $6
hooliganooo: calls $6
*** SHOW DOWN ***
Tryptamean: shows [9h Jd] (a pair of Jacks)
hooliganooo: mucks hand
Tryptamean collected $59.50 from pot
*** SUMMARY ***
Total pot $60 | Rake $0.50
Board [3d 8d Td 5s Jh]
Seat 2: hooliganooo (big blind) mucked
Seat 3: Tryptamean (button) (small blind) showed [9h Jd] and won ($59.50) with a pair of Jacks


PokerStars Hand #155171443682:  Hold'em Limit ($3/$6 USD) - 2016/06/25 5:41:15 ET
Table 'Botha' 6-max Seat #2 is the button
Seat 2: hooliganooo ($72 in chips)
Seat 3: Tryptamean ($167 in chips)
hooliganooo: posts small blind $1
Tryptamean: posts big blind $3
*** HOLE CARDS ***
hooliganooo: folds
Uncalled bet ($2) returned to Tryptamean
Tryptamean collected $2 from pot
Tryptamean: doesn't show hand
*** SUMMARY ***
Total pot $2 | Rake $0
Seat 2: hooliganooo (button) (small blind) folded before Flop
Seat 3: Tryptamean (big blind) collected ($2)


PokerStars Hand #155171449641:  Hold'em Limit ($3/$6 USD) - 2016/06/25 5:41:31 ET
Table 'Botha' 6-max Seat #2 is the button
Seat 2: hooliganooo ($79.64 in chips)
Seat 3: Tryptamean ($159 in chips)
hooliganooo: posts small blind $1
Tryptamean: posts big blind $3
*** HOLE CARDS ***
hooliganooo: folds
Uncalled bet ($2) returned to Tryptamean
Tryptamean collected $2 from pot
Tryptamean: doesn't show hand
*** SUMMARY ***
Total pot $2 | Rake $0
Seat 2: hooliganooo (button) (small blind) folded before Flop
Seat 3: Tryptamean (big blind) collected ($2)


PokerStars Hand #155171445623:  Hold'em Limit ($3/$6 USD) - 2016/06/25 5:41:20 ET
Table 'Botha' 6-max Seat #3 is the button
Seat 2: hooliganooo ($71 in chips)
Seat 3: Tryptamean ($168 in chips)
Tryptamean: posts small blind $1
hooliganooo: posts big blind $3
*** HOLE CARDS ***
Tryptamean: raises $3 to $6
hooliganooo: calls $3
*** FLOP *** [Ad 2d Kh]
hooliganooo: checks
Tryptamean: bets $3
hooliganooo: raises $3 to $6
Tryptamean: folds
Uncalled bet ($3) returned to hooliganooo
hooliganooo collected $17.64 from pot
hooliganooo: doesn't show hand
*** SUMMARY ***
Total pot $18 | Rake $0.36
Board [Ad 2d Kh]
Seat 2: hooliganooo (big blind) collected ($17.64)
Seat 3: Tryptamean (button) (small blind) folded on the Flop


PokerStars Hand #155171451499:  Hold'em Limit ($3/$6 USD) - 2016/06/25 5:41:36 ET
Table 'Botha' 6-max Seat #3 is the button
Seat 2: hooliganooo ($78.64 in chips)
Seat 3: Tryptamean ($160 in chips)
Tryptamean: posts small blind $1
hooliganooo: posts big blind $3
*** HOLE CARDS ***
Tryptamean: raises $3 to $6
hooliganooo: calls $3
*** FLOP *** [4c 3c Tc]
hooliganooo: checks
Tryptamean: bets $3
hooliganooo: folds
Uncalled bet ($3) returned to Tryptamean
Tryptamean collected $11.76 from pot
Tryptamean: doesn't show hand
*** SUMMARY ***
Total pot $12 | Rake $0.24
Board [4c 3c Tc]
Seat 2: hooliganooo (big blind) folded on the Flop
Seat 3: Tryptamean (button) (small blind) collected ($11.76)


PokerStars Hand #155171456075:  Hold'em Limit ($3/$6 USD) - 2016/06/25 5:41:49 ET
Table 'Botha' 6-max Seat #2 is the button
Seat 2: hooliganooo ($72.64 in chips)
Seat 3: Tryptamean ($165.76 in chips)
hooliganooo: posts small blind $1
Tryptamean: posts big blind $3
*** HOLE CARDS ***
hooliganooo: raises $3 to $6
Tryptamean: calls $3
*** FLOP *** [9c Jh Jd]
Tryptamean: checks
hooliganooo: bets $3
Tryptamean: folds
Uncalled bet ($3) returned to hooliganooo
hooliganooo collected $11.76 from pot
hooliganooo: doesn't show hand
*** SUMMARY ***
Total pot $12 | Rake $0.24
Board [9c Jh Jd]
Seat 2: hooliganooo (button) (small blind) collected ($11.76)
Seat 3: Tryptamean (big blind) folded on the Flop


PokerStars Hand #155171459806:  Hold'em Limit ($3/$6 USD) - 2016/06/25 5:41:59 ET
Table 'Botha' 6-max Seat #3 is the button
Seat 2: hooliganooo ($78.40 in chips)
Seat 3: Tryptamean ($159.76 in chips)
Tryptamean: posts small blind $1
hooliganooo: posts big blind $3
*** HOLE CARDS ***
Tryptamean: folds
Uncalled bet ($2) returned to hooliganooo
hooliganooo collected $2 from pot
hooliganooo: doesn't show hand
*** SUMMARY ***
Total pot $2 | Rake $0
Seat 2: hooliganooo (big blind) collected ($2)
Seat 3: Tryptamean (button) (small blind) folded before Flop


PokerStars Hand #155171478814:  Hold'em Limit ($3/$6 USD) - 2016/06/25 5:42:50 ET
Table 'Botha' 6-max Seat #3 is the button
Seat 2: hooliganooo ($56.40 in chips)
Seat 3: Tryptamean ($181.26 in chips)
Tryptamean: posts small blind $1
hooliganooo: posts big blind $3
*** HOLE CARDS ***
Tryptamean: raises $3 to $6
hooliganooo: folds
Uncalled bet ($3) returned to Tryptamean
Tryptamean collected $6 from pot
Tryptamean: doesn't show hand
*** SUMMARY ***
Total pot $6 | Rake $0
Seat 2: hooliganooo (big blind) folded before Flop
Seat 3: Tryptamean (button) (small blind) collected ($6)


PokerStars Hand #155171475856:  Hold'em Limit ($3/$6 USD) - 2016/06/25 5:42:42 ET
Table 'Botha' 6-max Seat #2 is the button
Seat 2: hooliganooo ($53.40 in chips)
Seat 3: Tryptamean ($184.26 in chips)
hooliganooo: posts small blind $1
Tryptamean: posts big blind $3
*** HOLE CARDS ***
hooliganooo: raises $3 to $6
Tryptamean: folds
Uncalled bet ($3) returned to hooliganooo
hooliganooo collected $6 from pot
hooliganooo: doesn't show hand
*** SUMMARY ***
Total pot $6 | Rake $0
Seat 2: hooliganooo (button) (small blind) collected ($6)
Seat 3: Tryptamean (big blind) folded before Flop


PokerStars Hand #155171473562:  Hold'em Limit ($3/$6 USD) - 2016/06/25 5:42:36 ET
Table 'Botha' 6-max Seat #3 is the button
Seat 2: hooliganooo ($52.40 in chips)
Seat 3: Tryptamean ($185.26 in chips)
Tryptamean: posts small blind $1
hooliganooo: posts big blind $3
*** HOLE CARDS ***
Tryptamean: folds
Uncalled bet ($2) returned to hooliganooo
hooliganooo collected $2 from pot
hooliganooo: doesn't show hand
*** SUMMARY ***
Total pot $2 | Rake $0
Seat 2: hooliganooo (big blind) collected ($2)
Seat 3: Tryptamean (button) (small blind) folded before Flop


PokerStars Hand #155171463418:  Hold'em Limit ($3/$6 USD) - 2016/06/25 5:42:08 ET
Table 'Botha' 6-max Seat #2 is the button
Seat 2: hooliganooo ($79.40 in chips)
Seat 3: Tryptamean ($158.76 in chips)
hooliganooo: posts small blind $1
Tryptamean: posts big blind $3
*** HOLE CARDS ***
hooliganooo: raises $3 to $6
Tryptamean: raises $3 to $9
hooliganooo: raises $3 to $12
Betting is capped
Tryptamean: calls $3
*** FLOP *** [Qd Js Jd]
Tryptamean: checks
hooliganooo: bets $3
Tryptamean: calls $3
*** TURN *** [Qd Js Jd] [3c]
Tryptamean: checks
hooliganooo: bets $6
Tryptamean: calls $6
*** RIVER *** [Qd Js Jd 3c] [2h]
Tryptamean: checks
hooliganooo: bets $6
Tryptamean: calls $6
*** SHOW DOWN ***
hooliganooo: shows [5d Kd] (a pair of Jacks)
Tryptamean: shows [Ad 8c] (a pair of Jacks - Ace kicker)
Tryptamean collected $53.50 from pot
*** SUMMARY ***
Total pot $54 | Rake $0.50
Board [Qd Js Jd 3c 2h]
Seat 2: hooliganooo (button) (small blind) showed [5d Kd] and lost with a pair of Jacks
Seat 3: Tryptamean (big blind) showed [Ad 8c] and won ($53.50) with a pair of Jacks


PokerStars Hand #155171481357:  Hold'em Limit ($3/$6 USD) - 2016/06/25 5:42:57 ET
Table 'Botha' 6-max Seat #2 is the button
Seat 2: hooliganooo ($53.40 in chips)
Seat 3: Tryptamean ($184.26 in chips)
hooliganooo: posts small blind $1
Tryptamean: posts big blind $3
*** HOLE CARDS ***
hooliganooo: folds
Uncalled bet ($2) returned to Tryptamean
Tryptamean collected $2 from pot
Tryptamean: doesn't show hand
*** SUMMARY ***
Total pot $2 | Rake $0
Seat 2: hooliganooo (button) (small blind) folded before Flop
Seat 3: Tryptamean (big blind) collected ($2)


PokerStars Hand #155171483226:  Hold'em Limit ($3/$6 USD) - 2016/06/25 5:43:02 ET
Table 'Botha' 6-max Seat #3 is the button
Seat 2: hooliganooo ($52.40 in chips)
Seat 3: Tryptamean ($185.26 in chips)
Tryptamean: posts small blind $1
hooliganooo: posts big blind $3
*** HOLE CARDS ***
Tryptamean: raises $3 to $6
hooliganooo: calls $3
*** FLOP *** [6s 4c Kc]
hooliganooo: checks
Tryptamean: bets $3
hooliganooo: folds
Uncalled bet ($3) returned to Tryptamean
Tryptamean collected $11.76 from pot
Tryptamean: doesn't show hand
hooliganooo leaves the table
*** SUMMARY ***
Total pot $12 | Rake $0.24
Board [6s 4c Kc]
Seat 2: hooliganooo (big blind) folded on the Flop
Seat 3: Tryptamean (button) (small blind) collected ($11.76)


