PokerStars Hand #151371757737:  Hold'em Limit ($3/$6 USD) - 2016/04/03 12:22:02 ET
Table 'Botha II' 6-max Seat #4 is the button
Seat 4: MissEKAmouse ($152.85 in chips)
Seat 6: masterblstr8 ($52.31 in chips)
MissEKAmouse: posts small blind $1
biermann78: is sitting out
masterblstr8: posts big blind $3
*** HOLE CARDS ***
MissEKAmouse: raises $3 to $6
biermann78 leaves the table
masterblstr8: calls $3
*** FLOP *** [3c 9s 9d]
masterblstr8: checks
MissEKAmouse: checks
*** TURN *** [3c 9s 9d] [Qh]
masterblstr8: checks
MissEKAmouse: bets $6
masterblstr8: folds
Uncalled bet ($6) returned to MissEKAmouse
MissEKAmouse collected $11.76 from pot
MissEKAmouse: doesn't show hand
*** SUMMARY ***
Total pot $12 | Rake $0.24
Board [3c 9s 9d Qh]
Seat 4: MissEKAmouse (button) (small blind) collected ($11.76)
Seat 6: masterblstr8 (big blind) folded on the Turn


PokerStars Hand #151384484982:  Hold'em Limit ($3/$6 USD) - 2016/04/03 15:50:05 ET
Table 'Botha II' 6-max Seat #2 is the button
Seat 1: MissEKAmouse ($323.82 in chips)
Seat 2: pdsnr ($153.29 in chips)
pdsnr: posts small blind $1
MissEKAmouse: posts big blind $3
*** HOLE CARDS ***
hubschi leaves the table
pdsnr: folds
Uncalled bet ($2) returned to MissEKAmouse
MissEKAmouse collected $2 from pot
MissEKAmouse: doesn't show hand
*** SUMMARY ***
Total pot $2 | Rake $0
Seat 1: MissEKAmouse (big blind) collected ($2)
Seat 2: pdsnr (button) (small blind) folded before Flop


