PokerStars Hand #145048437240:  Hold'em Limit ($3/$6 USD) - 2015/12/08 18:33:38 ET
Table 'Boucolion' 2-max Seat #2 is the button
Seat 1: yur4ok ($93.28 in chips)
Seat 2: knysi ($10.68 in chips)
knysi: posts small blind $1
yur4ok: posts big blind $3
*** HOLE CARDS ***
knysi: folds
Uncalled bet ($2) returned to yur4ok
yur4ok collected $2 from pot
yur4ok: doesn't show hand
*** SUMMARY ***
Total pot $2 | Rake $0
Seat 1: yur4ok (big blind) collected ($2)
Seat 2: knysi (button) (small blind) folded before Flop


PokerStars Hand #145048426764:  Hold'em Limit ($3/$6 USD) - 2015/12/08 18:33:25 ET
Table 'Boucolion' 2-max Seat #1 is the button
Seat 1: yur4ok ($84.64 in chips)
Seat 2: knysi ($19.68 in chips)
yur4ok: posts small blind $1
knysi: posts big blind $3
*** HOLE CARDS ***
yur4ok: raises $3 to $6
knysi: calls $3
*** FLOP *** [8h Kc Jd]
knysi: checks
yur4ok: bets $3
knysi: calls $3
*** TURN *** [8h Kc Jd] [3d]
knysi: checks
yur4ok: bets $6
knysi: folds
Uncalled bet ($6) returned to yur4ok
yur4ok collected $17.64 from pot
yur4ok: doesn't show hand
*** SUMMARY ***
Total pot $18 | Rake $0.36
Board [8h Kc Jd 3d]
Seat 1: yur4ok (button) (small blind) collected ($17.64)
Seat 2: knysi (big blind) folded on the Turn


PokerStars Hand #145048440453:  Hold'em Limit ($3/$6 USD) - 2015/12/08 18:33:42 ET
Table 'Boucolion' 2-max Seat #1 is the button
Seat 1: yur4ok ($94.28 in chips)
Seat 2: knysi ($9.68 in chips)
yur4ok: posts small blind $1
knysi: posts big blind $3
*** HOLE CARDS ***
yur4ok: raises $3 to $6
knysi: calls $3
*** FLOP *** [9c Ah 3d]
knysi: checks
yur4ok: bets $3
knysi: raises $0.68 to $3.68 and is all-in
yur4ok: calls $0.68
*** TURN *** [9c Ah 3d] [7c]
*** RIVER *** [9c Ah 3d 7c] [6c]
*** SHOW DOWN ***
knysi: shows [2h Qd] (high card Ace)
yur4ok: shows [4s Td] (high card Ace - lower kicker)
knysi collected $18.97 from pot
*** SUMMARY ***
Total pot $19.36 | Rake $0.39
Board [9c Ah 3d 7c 6c]
Seat 1: yur4ok (button) (small blind) showed [4s Td] and lost with high card Ace
Seat 2: knysi (big blind) showed [2h Qd] and won ($18.97) with high card Ace


PokerStars Hand #145048451092:  Hold'em Limit ($3/$6 USD) - 2015/12/08 18:33:56 ET
Table 'Boucolion' 2-max Seat #2 is the button
Seat 1: yur4ok ($84.60 in chips)
Seat 2: knysi ($18.97 in chips)
knysi: posts small blind $1
yur4ok: posts big blind $3
*** HOLE CARDS ***
knysi: raises $3 to $6
yur4ok: folds
Uncalled bet ($3) returned to knysi
knysi collected $6 from pot
knysi: doesn't show hand
*** SUMMARY ***
Total pot $6 | Rake $0
Seat 1: yur4ok (big blind) folded before Flop
Seat 2: knysi (button) (small blind) collected ($6)


PokerStars Hand #145048455267:  Hold'em Limit ($3/$6 USD) - 2015/12/08 18:34:02 ET
Table 'Boucolion' 2-max Seat #1 is the button
Seat 1: yur4ok ($81.60 in chips)
Seat 2: knysi ($21.97 in chips)
yur4ok: posts small blind $1
knysi: posts big blind $3
*** HOLE CARDS ***
yur4ok: raises $3 to $6
knysi: calls $3
*** FLOP *** [7h Js 4s]
knysi: checks
yur4ok: bets $3
knysi: calls $3
*** TURN *** [7h Js 4s] [Jh]
knysi: checks
yur4ok: bets $6
knysi: calls $6
*** RIVER *** [7h Js 4s Jh] [5c]
knysi: checks
yur4ok: checks
*** SHOW DOWN ***
knysi: shows [Td Qs] (a pair of Jacks)
yur4ok: shows [Ah Kd] (a pair of Jacks - Ace kicker)
yur4ok collected $29.50 from pot
*** SUMMARY ***
Total pot $30 | Rake $0.50
Board [7h Js 4s Jh 5c]
Seat 1: yur4ok (button) (small blind) showed [Ah Kd] and won ($29.50) with a pair of Jacks
Seat 2: knysi (big blind) showed [Td Qs] and lost with a pair of Jacks


PokerStars Hand #145048464611:  Hold'em Limit ($3/$6 USD) - 2015/12/08 18:34:15 ET
Table 'Boucolion' 2-max Seat #2 is the button
Seat 1: yur4ok ($96.10 in chips)
Seat 2: knysi ($6.97 in chips)
knysi: posts small blind $1
yur4ok: posts big blind $3
*** HOLE CARDS ***
knysi: folds
Uncalled bet ($2) returned to yur4ok
yur4ok collected $2 from pot
yur4ok: doesn't show hand
*** SUMMARY ***
Total pot $2 | Rake $0
Seat 1: yur4ok (big blind) collected ($2)
Seat 2: knysi (button) (small blind) folded before Flop


PokerStars Hand #145048467983:  Hold'em Limit ($3/$6 USD) - 2015/12/08 18:34:19 ET
Table 'Boucolion' 2-max Seat #1 is the button
Seat 1: yur4ok ($97.10 in chips)
Seat 2: knysi ($5.97 in chips)
yur4ok: posts small blind $1
knysi: posts big blind $3
*** HOLE CARDS ***
yur4ok: raises $3 to $6
knysi: calls $2.97 and is all-in
Uncalled bet ($0.03) returned to yur4ok
*** FLOP *** [6h 4c 8s]
*** TURN *** [6h 4c 8s] [2h]
*** RIVER *** [6h 4c 8s 2h] [2d]
*** SHOW DOWN ***
knysi: shows [7d 9c] (a pair of Deuces)
yur4ok: shows [Ah Qh] (a pair of Deuces - Ace kicker)
yur4ok collected $11.70 from pot
*** SUMMARY ***
Total pot $11.94 | Rake $0.24
Board [6h 4c 8s 2h 2d]
Seat 1: yur4ok (button) (small blind) showed [Ah Qh] and won ($11.70) with a pair of Deuces
Seat 2: knysi (big blind) showed [7d 9c] and lost with a pair of Deuces


PokerStars Hand #145048496494:  Hold'em Limit ($3/$6 USD) - 2015/12/08 18:34:57 ET
Table 'Boucolion' 2-max Seat #2 is the button
Seat 1: yur4ok ($102.83 in chips)
Seat 2: knysi ($32.68 in chips)
knysi: posts small blind $1
yur4ok: posts big blind $3
*** HOLE CARDS ***
knysi: folds
Uncalled bet ($2) returned to yur4ok
yur4ok collected $2 from pot
yur4ok: doesn't show hand
*** SUMMARY ***
Total pot $2 | Rake $0
Seat 1: yur4ok (big blind) collected ($2)
Seat 2: knysi (button) (small blind) folded before Flop


PokerStars Hand #145048500755:  Hold'em Limit ($3/$6 USD) - 2015/12/08 18:35:03 ET
Table 'Boucolion' 2-max Seat #1 is the button
Seat 1: yur4ok ($103.83 in chips)
Seat 2: knysi ($31.68 in chips)
yur4ok: posts small blind $1
knysi: posts big blind $3
*** HOLE CARDS ***
yur4ok: raises $3 to $6
knysi: calls $3
*** FLOP *** [3s Kc 5c]
knysi: checks
yur4ok: bets $3
knysi: calls $3
*** TURN *** [3s Kc 5c] [Jh]
knysi: checks
yur4ok: bets $6
knysi: calls $6
*** RIVER *** [3s Kc 5c Jh] [2s]
knysi: checks
yur4ok: bets $6
knysi: calls $6
*** SHOW DOWN ***
yur4ok: shows [4h 6c] (a straight, Deuce to Six)
knysi: mucks hand
yur4ok collected $41.50 from pot
*** SUMMARY ***
Total pot $42 | Rake $0.50
Board [3s Kc 5c Jh 2s]
Seat 1: yur4ok (button) (small blind) showed [4h 6c] and won ($41.50) with a straight, Deuce to Six
Seat 2: knysi (big blind) mucked


PokerStars Hand #145048511677:  Hold'em Limit ($3/$6 USD) - 2015/12/08 18:35:17 ET
Table 'Boucolion' 2-max Seat #2 is the button
Seat 1: yur4ok ($124.33 in chips)
Seat 2: knysi ($10.68 in chips)
knysi: posts small blind $1
yur4ok: posts big blind $3
*** HOLE CARDS ***
knysi: raises $3 to $6
yur4ok: raises $3 to $9
knysi: raises $1.68 to $10.68 and is all-in
Betting is capped
yur4ok: calls $1.68
*** FLOP *** [Jc 2h Jd]
*** TURN *** [Jc 2h Jd] [Th]
*** RIVER *** [Jc 2h Jd Th] [Ks]
*** SHOW DOWN ***
yur4ok: shows [Kh Ac] (two pair, Kings and Jacks)
knysi: shows [4h Kc] (two pair, Kings and Jacks - lower kicker)
yur4ok collected $20.93 from pot
*** SUMMARY ***
Total pot $21.36 | Rake $0.43
Board [Jc 2h Jd Th Ks]
Seat 1: yur4ok (big blind) showed [Kh Ac] and won ($20.93) with two pair, Kings and Jacks
Seat 2: knysi (button) (small blind) showed [4h Kc] and lost with two pair, Kings and Jacks


PokerStars Hand #145048565554:  Hold'em Limit ($3/$6 USD) - 2015/12/08 18:36:29 ET
Table 'Boucolion' 2-max Seat #2 is the button
Seat 1: yur4ok ($145.84 in chips)
Seat 2: knysi ($20.32 in chips)
knysi: posts small blind $1
yur4ok: posts big blind $3
*** HOLE CARDS ***
knysi: raises $3 to $6
yur4ok: calls $3
*** FLOP *** [6d As Qc]
yur4ok: checks
knysi: checks
*** TURN *** [6d As Qc] [2h]
yur4ok: checks
knysi: checks
*** RIVER *** [6d As Qc 2h] [5d]
yur4ok: checks
knysi: checks
*** SHOW DOWN ***
yur4ok: shows [9c Ts] (high card Ace)
knysi: shows [Tc 9d] (high card Ace)
yur4ok collected $5.88 from pot
knysi collected $5.88 from pot
*** SUMMARY ***
Total pot $12 | Rake $0.24
Board [6d As Qc 2h 5d]
Seat 1: yur4ok (big blind) showed [9c Ts] and won ($5.88) with high card Ace
Seat 2: knysi (button) (small blind) showed [Tc 9d] and won ($5.88) with high card Ace


PokerStars Hand #145048556418:  Hold'em Limit ($3/$6 USD) - 2015/12/08 18:36:17 ET
Table 'Boucolion' 2-max Seat #1 is the button
Seat 1: yur4ok ($131.34 in chips)
Seat 2: knysi ($35.32 in chips)
yur4ok: posts small blind $1
knysi: posts big blind $3
*** HOLE CARDS ***
yur4ok: raises $3 to $6
knysi: calls $3
*** FLOP *** [3d 3s 4c]
knysi: checks
yur4ok: bets $3
knysi: calls $3
*** TURN *** [3d 3s 4c] [6h]
knysi: checks
yur4ok: bets $6
knysi: calls $6
*** RIVER *** [3d 3s 4c 6h] [2c]
knysi: checks
yur4ok: checks
*** SHOW DOWN ***
knysi: shows [Jd As] (a pair of Threes)
yur4ok: shows [4h Ts] (two pair, Fours and Threes)
yur4ok collected $29.50 from pot
*** SUMMARY ***
Total pot $30 | Rake $0.50
Board [3d 3s 4c 6h 2c]
Seat 1: yur4ok (button) (small blind) showed [4h Ts] and won ($29.50) with two pair, Fours and Threes
Seat 2: knysi (big blind) showed [Jd As] and lost with a pair of Threes


PokerStars Hand #145048548317:  Hold'em Limit ($3/$6 USD) - 2015/12/08 18:36:06 ET
Table 'Boucolion' 2-max Seat #2 is the button
Seat 1: yur4ok ($140.34 in chips)
Seat 2: knysi ($26.68 in chips)
knysi: posts small blind $1
yur4ok: posts big blind $3
*** HOLE CARDS ***
knysi: raises $3 to $6
yur4ok: calls $3
*** FLOP *** [3d 8c Jh]
yur4ok: checks
knysi: bets $3
yur4ok: calls $3
*** TURN *** [3d 8c Jh] [4h]
yur4ok: checks
knysi: bets $6
yur4ok: folds
Uncalled bet ($6) returned to knysi
knysi collected $17.64 from pot
knysi: doesn't show hand
*** SUMMARY ***
Total pot $18 | Rake $0.36
Board [3d 8c Jh 4h]
Seat 1: yur4ok (big blind) folded on the Turn
Seat 2: knysi (button) (small blind) collected ($17.64)


PokerStars Hand #145048541514:  Hold'em Limit ($3/$6 USD) - 2015/12/08 18:35:57 ET
Table 'Boucolion' 2-max Seat #1 is the button
Seat 1: yur4ok ($134.58 in chips)
Seat 2: knysi ($32.68 in chips)
yur4ok: posts small blind $1
knysi: posts big blind $3
*** HOLE CARDS ***
yur4ok: raises $3 to $6
knysi: calls $3
*** FLOP *** [Kd 9h Qc]
knysi: checks
yur4ok: bets $3
knysi: folds
Uncalled bet ($3) returned to yur4ok
yur4ok collected $11.76 from pot
yur4ok: doesn't show hand
*** SUMMARY ***
Total pot $12 | Rake $0.24
Board [Kd 9h Qc]
Seat 1: yur4ok (button) (small blind) collected ($11.76)
Seat 2: knysi (big blind) folded on the Flop


PokerStars Hand #145048581340:  Hold'em Limit ($3/$6 USD) - 2015/12/08 18:36:50 ET
Table 'Boucolion' 2-max Seat #2 is the button
Seat 1: yur4ok ($154.36 in chips)
Seat 2: knysi ($11.20 in chips)
knysi: posts small blind $1
yur4ok: posts big blind $3
*** HOLE CARDS ***
knysi: raises $3 to $6
yur4ok: raises $3 to $9
knysi: raises $2.20 to $11.20 and is all-in
Betting is capped
yur4ok: calls $2.20
*** FLOP *** [Qs Kd Jh]
*** TURN *** [Qs Kd Jh] [5s]
*** RIVER *** [Qs Kd Jh 5s] [9h]
*** SHOW DOWN ***
yur4ok: shows [Tc As] (a straight, Ten to Ace)
knysi: shows [2s 2c] (a pair of Deuces)
yur4ok collected $21.95 from pot
*** SUMMARY ***
Total pot $22.40 | Rake $0.45
Board [Qs Kd Jh 5s 9h]
Seat 1: yur4ok (big blind) showed [Tc As] and won ($21.95) with a straight, Ten to Ace
Seat 2: knysi (button) (small blind) showed [2s 2c] and lost with a pair of Deuces


PokerStars Hand #145048573252:  Hold'em Limit ($3/$6 USD) - 2015/12/08 18:36:39 ET
Table 'Boucolion' 2-max Seat #1 is the button
Seat 1: yur4ok ($145.72 in chips)
Seat 2: knysi ($20.20 in chips)
yur4ok: posts small blind $1
knysi: posts big blind $3
*** HOLE CARDS ***
yur4ok: raises $3 to $6
knysi: calls $3
*** FLOP *** [4s Ac 3d]
knysi: checks
yur4ok: bets $3
knysi: calls $3
*** TURN *** [4s Ac 3d] [8s]
knysi: checks
yur4ok: bets $6
knysi: folds
Uncalled bet ($6) returned to yur4ok
yur4ok collected $17.64 from pot
yur4ok: doesn't show hand
*** SUMMARY ***
Total pot $18 | Rake $0.36
Board [4s Ac 3d 8s]
Seat 1: yur4ok (button) (small blind) collected ($17.64)
Seat 2: knysi (big blind) folded on the Turn


PokerStars Hand #145048648141:  Hold'em Limit ($3/$6 USD) - 2015/12/08 18:38:20 ET
Table 'Boucolion' 2-max Seat #2 is the button
Seat 1: yur4ok ($137.75 in chips)
Seat 2: knysi ($58.68 in chips)
knysi: posts small blind $1
yur4ok: posts big blind $3
*** HOLE CARDS ***
knysi: folds
Uncalled bet ($2) returned to yur4ok
yur4ok collected $2 from pot
yur4ok: doesn't show hand
*** SUMMARY ***
Total pot $2 | Rake $0
Seat 1: yur4ok (big blind) collected ($2)
Seat 2: knysi (button) (small blind) folded before Flop


PokerStars Hand #145048639231:  Hold'em Limit ($3/$6 USD) - 2015/12/08 18:38:08 ET
Table 'Boucolion' 2-max Seat #1 is the button
Seat 1: yur4ok ($152.75 in chips)
Seat 2: knysi ($44.18 in chips)
yur4ok: posts small blind $1
knysi: posts big blind $3
*** HOLE CARDS ***
yur4ok: raises $3 to $6
knysi: calls $3
*** FLOP *** [7d 6s 3h]
knysi: checks
yur4ok: bets $3
knysi: calls $3
*** TURN *** [7d 6s 3h] [As]
knysi: checks
yur4ok: bets $6
knysi: raises $6 to $12
yur4ok: folds
Uncalled bet ($6) returned to knysi
knysi collected $29.50 from pot
knysi: doesn't show hand
*** SUMMARY ***
Total pot $30 | Rake $0.50
Board [7d 6s 3h As]
Seat 1: yur4ok (button) (small blind) folded on the Turn
Seat 2: knysi (big blind) collected ($29.50)


PokerStars Hand #145048633365:  Hold'em Limit ($3/$6 USD) - 2015/12/08 18:38:00 ET
Table 'Boucolion' 2-max Seat #2 is the button
Seat 1: yur4ok ($144.11 in chips)
Seat 2: knysi ($53.18 in chips)
knysi: posts small blind $1
yur4ok: posts big blind $3
*** HOLE CARDS ***
knysi: raises $3 to $6
yur4ok: raises $3 to $9
knysi: calls $3
*** FLOP *** [Qs 9h 2h]
yur4ok: bets $3
knysi: folds
Uncalled bet ($3) returned to yur4ok
yur4ok collected $17.64 from pot
yur4ok: doesn't show hand
*** SUMMARY ***
Total pot $18 | Rake $0.36
Board [Qs 9h 2h]
Seat 1: yur4ok (big blind) collected ($17.64)
Seat 2: knysi (button) (small blind) folded on the Flop


PokerStars Hand #145048621904:  Hold'em Limit ($3/$6 USD) - 2015/12/08 18:37:45 ET
Table 'Boucolion' 2-max Seat #1 is the button
Seat 1: yur4ok ($165.11 in chips)
Seat 2: knysi ($32.68 in chips)
yur4ok: posts small blind $1
knysi: posts big blind $3
*** HOLE CARDS ***
yur4ok: raises $3 to $6
knysi: calls $3
*** FLOP *** [Td 8s 4s]
knysi: checks
yur4ok: bets $3
knysi: calls $3
*** TURN *** [Td 8s 4s] [8d]
knysi: checks
yur4ok: checks
*** RIVER *** [Td 8s 4s 8d] [Ac]
knysi: bets $6
yur4ok: raises $6 to $12
knysi: calls $6
*** SHOW DOWN ***
yur4ok: shows [6s 5s] (a pair of Eights)
knysi: shows [Ah 2c] (two pair, Aces and Eights)
knysi collected $41.50 from pot
*** SUMMARY ***
Total pot $42 | Rake $0.50
Board [Td 8s 4s 8d Ac]
Seat 1: yur4ok (button) (small blind) showed [6s 5s] and lost with a pair of Eights
Seat 2: knysi (big blind) showed [Ah 2c] and won ($41.50) with two pair, Aces and Eights


PokerStars Hand #145048664270:  Hold'em Limit ($3/$6 USD) - 2015/12/08 18:38:41 ET
Table 'Boucolion' 2-max Seat #2 is the button
Seat 1: yur4ok ($111.75 in chips)
Seat 2: knysi ($84.18 in chips)
knysi: posts small blind $1
yur4ok: posts big blind $3
*** HOLE CARDS ***
knysi: folds
Uncalled bet ($2) returned to yur4ok
yur4ok collected $2 from pot
yur4ok: doesn't show hand
*** SUMMARY ***
Total pot $2 | Rake $0
Seat 1: yur4ok (big blind) collected ($2)
Seat 2: knysi (button) (small blind) folded before Flop


PokerStars Hand #145048651421:  Hold'em Limit ($3/$6 USD) - 2015/12/08 18:38:24 ET
Table 'Boucolion' 2-max Seat #1 is the button
Seat 1: yur4ok ($138.75 in chips)
Seat 2: knysi ($57.68 in chips)
yur4ok: posts small blind $1
knysi: posts big blind $3
*** HOLE CARDS ***
yur4ok: raises $3 to $6
knysi: calls $3
*** FLOP *** [Qs 3c 2s]
knysi: checks
yur4ok: bets $3
knysi: calls $3
*** TURN *** [Qs 3c 2s] [9s]
knysi: checks
yur4ok: bets $6
knysi: raises $6 to $12
yur4ok: calls $6
*** RIVER *** [Qs 3c 2s 9s] [5c]
knysi: bets $6
yur4ok: calls $6
*** SHOW DOWN ***
knysi: shows [3s Ts] (a flush, Queen high)
yur4ok: mucks hand
knysi collected $53.50 from pot
*** SUMMARY ***
Total pot $54 | Rake $0.50
Board [Qs 3c 2s 9s 5c]
Seat 1: yur4ok (button) (small blind) mucked
Seat 2: knysi (big blind) showed [3s Ts] and won ($53.50) with a flush, Queen high


PokerStars Hand #145048701936:  Hold'em Limit ($3/$6 USD) - 2015/12/08 18:39:31 ET
Table 'Boucolion' 2-max Seat #2 is the button
Seat 1: yur4ok ($118.39 in chips)
Seat 2: knysi ($76.94 in chips)
knysi: posts small blind $1
yur4ok: posts big blind $3
*** HOLE CARDS ***
knysi: raises $3 to $6
yur4ok: raises $3 to $9
knysi: calls $3
*** FLOP *** [Kd Ks 4s]
yur4ok: bets $3
knysi: calls $3
*** TURN *** [Kd Ks 4s] [8h]
yur4ok: checks
knysi: bets $6
yur4ok: folds
Uncalled bet ($6) returned to knysi
knysi collected $23.52 from pot
knysi: doesn't show hand
*** SUMMARY ***
Total pot $24 | Rake $0.48
Board [Kd Ks 4s 8h]
Seat 1: yur4ok (big blind) folded on the Turn
Seat 2: knysi (button) (small blind) collected ($23.52)


PokerStars Hand #145048698502:  Hold'em Limit ($3/$6 USD) - 2015/12/08 18:39:27 ET
Table 'Boucolion' 2-max Seat #1 is the button
Seat 1: yur4ok ($115.39 in chips)
Seat 2: knysi ($79.94 in chips)
yur4ok: posts small blind $1
knysi: posts big blind $3
*** HOLE CARDS ***
yur4ok: raises $3 to $6
knysi: folds
Uncalled bet ($3) returned to yur4ok
yur4ok collected $6 from pot
yur4ok: doesn't show hand
*** SUMMARY ***
Total pot $6 | Rake $0
Seat 1: yur4ok (button) (small blind) collected ($6)
Seat 2: knysi (big blind) folded before Flop


PokerStars Hand #145048694735:  Hold'em Limit ($3/$6 USD) - 2015/12/08 18:39:22 ET
Table 'Boucolion' 2-max Seat #2 is the button
Seat 1: yur4ok ($118.39 in chips)
Seat 2: knysi ($76.94 in chips)
knysi: posts small blind $1
yur4ok: posts big blind $3
*** HOLE CARDS ***
knysi: raises $3 to $6
yur4ok: folds
Uncalled bet ($3) returned to knysi
knysi collected $6 from pot
knysi: doesn't show hand
*** SUMMARY ***
Total pot $6 | Rake $0
Seat 1: yur4ok (big blind) folded before Flop
Seat 2: knysi (button) (small blind) collected ($6)


PokerStars Hand #145048691440:  Hold'em Limit ($3/$6 USD) - 2015/12/08 18:39:18 ET
Table 'Boucolion' 2-max Seat #1 is the button
Seat 1: yur4ok ($115.39 in chips)
Seat 2: knysi ($79.94 in chips)
yur4ok: posts small blind $1
knysi: posts big blind $3
*** HOLE CARDS ***
yur4ok: raises $3 to $6
knysi: folds
Uncalled bet ($3) returned to yur4ok
yur4ok collected $6 from pot
yur4ok: doesn't show hand
*** SUMMARY ***
Total pot $6 | Rake $0
Seat 1: yur4ok (button) (small blind) collected ($6)
Seat 2: knysi (big blind) folded before Flop


PokerStars Hand #145048679392:  Hold'em Limit ($3/$6 USD) - 2015/12/08 18:39:01 ET
Table 'Boucolion' 2-max Seat #2 is the button
Seat 1: yur4ok ($121.39 in chips)
Seat 2: knysi ($74.18 in chips)
knysi: posts small blind $1
yur4ok: posts big blind $3
*** HOLE CARDS ***
knysi: raises $3 to $6
yur4ok: calls $3
*** FLOP *** [6c Qs 2s]
yur4ok: checks
knysi: checks
*** TURN *** [6c Qs 2s] [3d]
yur4ok: checks
knysi: checks
*** RIVER *** [6c Qs 2s 3d] [Qh]
yur4ok: checks
knysi: bets $6
yur4ok: folds
Uncalled bet ($6) returned to knysi
knysi collected $11.76 from pot
knysi: doesn't show hand
*** SUMMARY ***
Total pot $12 | Rake $0.24
Board [6c Qs 2s 3d Qh]
Seat 1: yur4ok (big blind) folded on the River
Seat 2: knysi (button) (small blind) collected ($11.76)


PokerStars Hand #145048667474:  Hold'em Limit ($3/$6 USD) - 2015/12/08 18:38:45 ET
Table 'Boucolion' 2-max Seat #1 is the button
Seat 1: yur4ok ($112.75 in chips)
Seat 2: knysi ($83.18 in chips)
yur4ok: posts small blind $1
knysi: posts big blind $3
*** HOLE CARDS ***
yur4ok: raises $3 to $6
knysi: calls $3
*** FLOP *** [3c 5c Qd]
knysi: checks
yur4ok: bets $3
knysi: calls $3
*** TURN *** [3c 5c Qd] [6c]
knysi: checks
yur4ok: checks
*** RIVER *** [3c 5c Qd 6c] [2s]
knysi: checks
yur4ok: bets $6
knysi: folds
Uncalled bet ($6) returned to yur4ok
yur4ok collected $17.64 from pot
yur4ok: doesn't show hand
*** SUMMARY ***
Total pot $18 | Rake $0.36
Board [3c 5c Qd 6c 2s]
Seat 1: yur4ok (button) (small blind) collected ($17.64)
Seat 2: knysi (big blind) folded on the River


PokerStars Hand #145048746534:  Hold'em Limit ($3/$6 USD) - 2015/12/08 18:40:31 ET
Table 'Boucolion' 2-max Seat #1 is the button
Seat 1: yur4ok ($118.65 in chips)
Seat 2: knysi ($75.10 in chips)
yur4ok: posts small blind $1
knysi: posts big blind $3
*** HOLE CARDS ***
yur4ok: raises $3 to $6
knysi: calls $3
*** FLOP *** [Jd 7s 5h]
knysi: checks
yur4ok: bets $3
knysi: calls $3
*** TURN *** [Jd 7s 5h] [2s]
knysi: checks
yur4ok: checks
*** RIVER *** [Jd 7s 5h 2s] [Jc]
knysi: checks
yur4ok: checks
*** SHOW DOWN ***
knysi: shows [Kd 4h] (a pair of Jacks)
yur4ok: shows [9h Ah] (a pair of Jacks - Ace kicker)
yur4ok collected $17.64 from pot
*** SUMMARY ***
Total pot $18 | Rake $0.36
Board [Jd 7s 5h 2s Jc]
Seat 1: yur4ok (button) (small blind) showed [9h Ah] and won ($17.64) with a pair of Jacks
Seat 2: knysi (big blind) showed [Kd 4h] and lost with a pair of Jacks


PokerStars Hand #145048743252:  Hold'em Limit ($3/$6 USD) - 2015/12/08 18:40:27 ET
Table 'Boucolion' 2-max Seat #2 is the button
Seat 1: yur4ok ($117.65 in chips)
Seat 2: knysi ($76.10 in chips)
knysi: posts small blind $1
yur4ok: posts big blind $3
*** HOLE CARDS ***
knysi: folds
Uncalled bet ($2) returned to yur4ok
yur4ok collected $2 from pot
yur4ok: doesn't show hand
*** SUMMARY ***
Total pot $2 | Rake $0
Seat 1: yur4ok (big blind) collected ($2)
Seat 2: knysi (button) (small blind) folded before Flop


PokerStars Hand #145048733077:  Hold'em Limit ($3/$6 USD) - 2015/12/08 18:40:13 ET
Table 'Boucolion' 2-max Seat #1 is the button
Seat 1: yur4ok ($126.65 in chips)
Seat 2: knysi ($67.46 in chips)
yur4ok: posts small blind $1
knysi: posts big blind $3
*** HOLE CARDS ***
yur4ok: raises $3 to $6
knysi: calls $3
*** FLOP *** [9h 9s Tc]
knysi: checks
yur4ok: bets $3
knysi: calls $3
*** TURN *** [9h 9s Tc] [5h]
knysi: checks
yur4ok: checks
*** RIVER *** [9h 9s Tc 5h] [As]
knysi: bets $6
yur4ok: folds
Uncalled bet ($6) returned to knysi
knysi collected $17.64 from pot
knysi: doesn't show hand
*** SUMMARY ***
Total pot $18 | Rake $0.36
Board [9h 9s Tc 5h As]
Seat 1: yur4ok (button) (small blind) folded on the River
Seat 2: knysi (big blind) collected ($17.64)


PokerStars Hand #145048723598:  Hold'em Limit ($3/$6 USD) - 2015/12/08 18:40:00 ET
Table 'Boucolion' 2-max Seat #2 is the button
Seat 1: yur4ok ($120.89 in chips)
Seat 2: knysi ($73.46 in chips)
knysi: posts small blind $1
yur4ok: posts big blind $3
*** HOLE CARDS ***
knysi: raises $3 to $6
yur4ok: calls $3
*** FLOP *** [3d 6s Kc]
yur4ok: checks
knysi: checks
*** TURN *** [3d 6s Kc] [3c]
yur4ok: checks
knysi: checks
*** RIVER *** [3d 6s Kc 3c] [Ks]
yur4ok: bets $6
knysi: folds
Uncalled bet ($6) returned to yur4ok
yur4ok collected $11.76 from pot
yur4ok: doesn't show hand
*** SUMMARY ***
Total pot $12 | Rake $0.24
Board [3d 6s Kc 3c Ks]
Seat 1: yur4ok (big blind) collected ($11.76)
Seat 2: knysi (button) (small blind) folded on the River


PokerStars Hand #145048712414:  Hold'em Limit ($3/$6 USD) - 2015/12/08 18:39:45 ET
Table 'Boucolion' 2-max Seat #1 is the button
Seat 1: yur4ok ($106.39 in chips)
Seat 2: knysi ($88.46 in chips)
yur4ok: posts small blind $1
knysi: posts big blind $3
*** HOLE CARDS ***
yur4ok: raises $3 to $6
knysi: calls $3
*** FLOP *** [5d 9c 7h]
knysi: checks
yur4ok: bets $3
knysi: calls $3
*** TURN *** [5d 9c 7h] [8c]
knysi: checks
yur4ok: bets $6
knysi: calls $6
*** RIVER *** [5d 9c 7h 8c] [4d]
knysi: checks
yur4ok: bets $6
knysi: folds
Uncalled bet ($6) returned to yur4ok
yur4ok collected $29.50 from pot
yur4ok: doesn't show hand
*** SUMMARY ***
Total pot $30 | Rake $0.50
Board [5d 9c 7h 8c 4d]
Seat 1: yur4ok (button) (small blind) collected ($29.50)
Seat 2: knysi (big blind) folded on the River


PokerStars Hand #145048793720:  Hold'em Limit ($3/$6 USD) - 2015/12/08 18:41:35 ET
Table 'Boucolion' 2-max Seat #1 is the button
Seat 1: yur4ok ($136.57 in chips)
Seat 2: knysi ($55.62 in chips)
yur4ok: posts small blind $1
knysi: posts big blind $3
*** HOLE CARDS ***
yur4ok: raises $3 to $6
knysi: calls $3
*** FLOP *** [8d 7c 6c]
knysi: checks
yur4ok: bets $3
knysi: calls $3
*** TURN *** [8d 7c 6c] [6s]
knysi: checks
yur4ok: bets $6
knysi: raises $6 to $12
yur4ok: calls $6
*** RIVER *** [8d 7c 6c 6s] [5s]
knysi: bets $6
yur4ok: calls $6
*** SHOW DOWN ***
knysi: shows [6h 4c] (a straight, Four to Eight)
yur4ok: shows [9s 5c] (a straight, Five to Nine)
yur4ok collected $53.50 from pot
*** SUMMARY ***
Total pot $54 | Rake $0.50
Board [8d 7c 6c 6s 5s]
Seat 1: yur4ok (button) (small blind) showed [9s 5c] and won ($53.50) with a straight, Five to Nine
Seat 2: knysi (big blind) showed [6h 4c] and lost with a straight, Four to Eight


PokerStars Hand #145048790087:  Hold'em Limit ($3/$6 USD) - 2015/12/08 18:41:30 ET
Table 'Boucolion' 2-max Seat #2 is the button
Seat 1: yur4ok ($135.57 in chips)
Seat 2: knysi ($56.62 in chips)
knysi: posts small blind $1
yur4ok: posts big blind $3
*** HOLE CARDS ***
knysi: folds
Uncalled bet ($2) returned to yur4ok
yur4ok collected $2 from pot
yur4ok: doesn't show hand
*** SUMMARY ***
Total pot $2 | Rake $0
Seat 1: yur4ok (big blind) collected ($2)
Seat 2: knysi (button) (small blind) folded before Flop


PokerStars Hand #145048784139:  Hold'em Limit ($3/$6 USD) - 2015/12/08 18:41:22 ET
Table 'Boucolion' 2-max Seat #1 is the button
Seat 1: yur4ok ($129.81 in chips)
Seat 2: knysi ($62.62 in chips)
yur4ok: posts small blind $1
knysi: posts big blind $3
*** HOLE CARDS ***
yur4ok: raises $3 to $6
knysi: calls $3
*** FLOP *** [6c 8s Ah]
knysi: checks
yur4ok: bets $3
knysi: folds
Uncalled bet ($3) returned to yur4ok
yur4ok collected $11.76 from pot
yur4ok: doesn't show hand
*** SUMMARY ***
Total pot $12 | Rake $0.24
Board [6c 8s Ah]
Seat 1: yur4ok (button) (small blind) collected ($11.76)
Seat 2: knysi (big blind) folded on the Flop


PokerStars Hand #145048769543:  Hold'em Limit ($3/$6 USD) - 2015/12/08 18:41:02 ET
Table 'Boucolion' 2-max Seat #2 is the button
Seat 1: yur4ok ($141.81 in chips)
Seat 2: knysi ($51.10 in chips)
knysi: posts small blind $1
yur4ok: posts big blind $3
*** HOLE CARDS ***
knysi: raises $3 to $6
yur4ok: calls $3
*** FLOP *** [9c Kc 6s]
yur4ok: checks
knysi: checks
*** TURN *** [9c Kc 6s] [7s]
yur4ok: checks
knysi: checks
*** RIVER *** [9c Kc 6s 7s] [8c]
yur4ok: bets $6
knysi: raises $6 to $12
yur4ok: folds
Uncalled bet ($6) returned to knysi
knysi collected $23.52 from pot
knysi: doesn't show hand
*** SUMMARY ***
Total pot $24 | Rake $0.48
Board [9c Kc 6s 7s 8c]
Seat 1: yur4ok (big blind) folded on the River
Seat 2: knysi (button) (small blind) collected ($23.52)


PokerStars Hand #145048766305:  Hold'em Limit ($3/$6 USD) - 2015/12/08 18:40:58 ET
Table 'Boucolion' 2-max Seat #1 is the button
Seat 1: yur4ok ($138.81 in chips)
Seat 2: knysi ($54.10 in chips)
yur4ok: posts small blind $1
knysi: posts big blind $3
*** HOLE CARDS ***
yur4ok: raises $3 to $6
knysi: folds
Uncalled bet ($3) returned to yur4ok
yur4ok collected $6 from pot
yur4ok: doesn't show hand
*** SUMMARY ***
Total pot $6 | Rake $0
Seat 1: yur4ok (button) (small blind) collected ($6)
Seat 2: knysi (big blind) folded before Flop


PokerStars Hand #145048757379:  Hold'em Limit ($3/$6 USD) - 2015/12/08 18:40:46 ET
Table 'Boucolion' 2-max Seat #2 is the button
Seat 1: yur4ok ($127.29 in chips)
Seat 2: knysi ($66.10 in chips)
knysi: posts small blind $1
yur4ok: posts big blind $3
*** HOLE CARDS ***
knysi: raises $3 to $6
yur4ok: calls $3
*** FLOP *** [Tc 9s 6s]
yur4ok: checks
knysi: checks
*** TURN *** [Tc 9s 6s] [8s]
yur4ok: bets $6
knysi: calls $6
*** RIVER *** [Tc 9s 6s 8s] [3s]
yur4ok: checks
knysi: checks
*** SHOW DOWN ***
yur4ok: shows [Th 6c] (two pair, Tens and Sixes)
knysi: mucks hand
yur4ok collected $23.52 from pot
*** SUMMARY ***
Total pot $24 | Rake $0.48
Board [Tc 9s 6s 8s 3s]
Seat 1: yur4ok (big blind) showed [Th 6c] and won ($23.52) with two pair, Tens and Sixes
Seat 2: knysi (button) (small blind) mucked


PokerStars Hand #145048832685:  Hold'em Limit ($3/$6 USD) - 2015/12/08 18:42:28 ET
Table 'Boucolion' 2-max Seat #1 is the button
Seat 1: yur4ok ($174.35 in chips)
Seat 2: knysi ($16.38 in chips)
yur4ok: posts small blind $1
knysi: posts big blind $3
*** HOLE CARDS ***
yur4ok: folds
Uncalled bet ($2) returned to knysi
knysi collected $2 from pot
knysi: doesn't show hand
*** SUMMARY ***
Total pot $2 | Rake $0
Seat 1: yur4ok (button) (small blind) folded before Flop
Seat 2: knysi (big blind) collected ($2)


PokerStars Hand #145048824055:  Hold'em Limit ($3/$6 USD) - 2015/12/08 18:42:17 ET
Table 'Boucolion' 2-max Seat #2 is the button
Seat 1: yur4ok ($162.83 in chips)
Seat 2: knysi ($28.38 in chips)
knysi: posts small blind $1
yur4ok: posts big blind $3
*** HOLE CARDS ***
knysi: raises $3 to $6
yur4ok: calls $3
*** FLOP *** [2s Jc Qh]
yur4ok: checks
knysi: checks
*** TURN *** [2s Jc Qh] [7s]
yur4ok: bets $6
knysi: calls $6
*** RIVER *** [2s Jc Qh 7s] [4d]
yur4ok: bets $6
knysi: folds
Uncalled bet ($6) returned to yur4ok
yur4ok collected $23.52 from pot
yur4ok: doesn't show hand
*** SUMMARY ***
Total pot $24 | Rake $0.48
Board [2s Jc Qh 7s 4d]
Seat 1: yur4ok (big blind) collected ($23.52)
Seat 2: knysi (button) (small blind) folded on the River


PokerStars Hand #145048817800:  Hold'em Limit ($3/$6 USD) - 2015/12/08 18:42:08 ET
Table 'Boucolion' 2-max Seat #1 is the button
Seat 1: yur4ok ($157.07 in chips)
Seat 2: knysi ($34.38 in chips)
yur4ok: posts small blind $1
knysi: posts big blind $3
*** HOLE CARDS ***
yur4ok: raises $3 to $6
knysi: calls $3
*** FLOP *** [4s 9h Js]
knysi: checks
yur4ok: bets $3
knysi: folds
Uncalled bet ($3) returned to yur4ok
yur4ok collected $11.76 from pot
yur4ok: doesn't show hand
*** SUMMARY ***
Total pot $12 | Rake $0.24
Board [4s 9h Js]
Seat 1: yur4ok (button) (small blind) collected ($11.76)
Seat 2: knysi (big blind) folded on the Flop


PokerStars Hand #145048835622:  Hold'em Limit ($3/$6 USD) - 2015/12/08 18:42:32 ET
Table 'Boucolion' 2-max Seat #2 is the button
Seat 1: yur4ok ($173.35 in chips)
Seat 2: knysi ($17.38 in chips)
knysi: posts small blind $1
yur4ok: posts big blind $3
*** HOLE CARDS ***
knysi: raises $3 to $6
yur4ok: calls $3
*** FLOP *** [3h 9s 5h]
yur4ok: checks
knysi: bets $3
yur4ok: raises $3 to $6
knysi: raises $3 to $9
yur4ok: raises $3 to $12
Betting is capped
knysi: calls $2.38 and is all-in
Uncalled bet ($0.62) returned to yur4ok
*** TURN *** [3h 9s 5h] [Jc]
*** RIVER *** [3h 9s 5h Jc] [4h]
*** SHOW DOWN ***
yur4ok: shows [Qh 2h] (a flush, Queen high)
knysi: shows [Ah 9d] (a pair of Nines)
yur4ok collected $34.26 from pot
*** SUMMARY ***
Total pot $34.76 | Rake $0.50
Board [3h 9s 5h Jc 4h]
Seat 1: yur4ok (big blind) showed [Qh 2h] and won ($34.26) with a flush, Queen high
Seat 2: knysi (button) (small blind) showed [Ah 9d] and lost with a pair of Nines


