PokerStars Hand #168551778928:  Hold'em Limit ($3/$6 USD) - 2017/04/04 1:52:02 ET
Table 'Boucolion' 6-max Seat #3 is the button
Seat 3: hairy1961 ($50 in chips)
Seat 4: MTails ($120 in chips)
hairy1961: posts small blind $1
MTails: posts big blind $3
*** HOLE CARDS ***
hairy1961: folds
Uncalled bet ($2) returned to MTails
MTails collected $2 from pot
MTails: doesn't show hand
*** SUMMARY ***
Total pot $2 | Rake $0
Seat 3: hairy1961 (button) (small blind) folded before Flop
Seat 4: MTails (big blind) collected ($2)


PokerStars Hand #168551781061:  Hold'em Limit ($3/$6 USD) - 2017/04/04 1:52:10 ET
Table 'Boucolion' 6-max Seat #4 is the button
Seat 3: hairy1961 ($49 in chips)
Seat 4: MTails ($121 in chips)
MTails: posts small blind $1
hairy1961: posts big blind $3
*** HOLE CARDS ***
MTails: folds
Uncalled bet ($2) returned to hairy1961
hairy1961 collected $2 from pot
*** SUMMARY ***
Total pot $2 | Rake $0
Seat 3: hairy1961 (big blind) collected ($2)
Seat 4: MTails (button) (small blind) folded before Flop


PokerStars Hand #168551782376:  Hold'em Limit ($3/$6 USD) - 2017/04/04 1:52:16 ET
Table 'Boucolion' 6-max Seat #3 is the button
Seat 3: hairy1961 ($50 in chips)
Seat 4: MTails ($120 in chips)
hairy1961: posts small blind $1
MTails: posts big blind $3
*** HOLE CARDS ***
hairy1961: raises $3 to $6
MTails: calls $3
*** FLOP *** [5h 6h Jh]
vladal 888 joins the table at seat #6
MTails: checks
hairy1961: bets $3
MTails: raises $3 to $6
hairy1961: raises $3 to $9
MTails: calls $3
*** TURN *** [5h 6h Jh] [6c]
MTails: checks
hairy1961: bets $6
MTails: calls $6
*** RIVER *** [5h 6h Jh 6c] [As]
MTails: checks
hairy1961: bets $6
MTails: folds
Uncalled bet ($6) returned to hairy1961
hairy1961 collected $41.50 from pot
*** SUMMARY ***
Total pot $42 | Rake $0.50
Board [5h 6h Jh 6c As]
Seat 3: hairy1961 (button) (small blind) collected ($41.50)
Seat 4: MTails (big blind) folded on the River


PokerStars Hand #168551803681:  Hold'em Limit ($3/$6 USD) - 2017/04/04 1:53:37 ET
Table 'Boucolion' 6-max Seat #4 is the button
Seat 3: hairy1961 ($54.50 in chips)
Seat 4: MTails ($142.39 in chips)
MTails: posts small blind $1
hairy1961: posts big blind $3
*** HOLE CARDS ***
MTails: raises $3 to $6
hairy1961: folds
Uncalled bet ($3) returned to MTails
MTails collected $6 from pot
*** SUMMARY ***
Total pot $6 | Rake $0
Seat 3: hairy1961 (big blind) folded before Flop
Seat 4: MTails (button) (small blind) collected ($6)


PokerStars Hand #168551805247:  Hold'em Limit ($3/$6 USD) - 2017/04/04 1:53:43 ET
Table 'Boucolion' 6-max Seat #3 is the button
Seat 3: hairy1961 ($51.50 in chips)
Seat 4: MTails ($145.39 in chips)
hairy1961: posts small blind $1
MTails: posts big blind $3
*** HOLE CARDS ***
hairy1961: raises $3 to $6
MTails: calls $3
*** FLOP *** [7s 2d Qc]
MTails: checks
hairy1961: bets $3
MTails: calls $3
*** TURN *** [7s 2d Qc] [8c]
MTails: checks
hairy1961: bets $6
MTails: folds
Uncalled bet ($6) returned to hairy1961
hairy1961 collected $17.64 from pot
vladal 888 joins the table at seat #6
*** SUMMARY ***
Total pot $18 | Rake $0.36
Board [7s 2d Qc 8c]
Seat 3: hairy1961 (button) (small blind) collected ($17.64)
Seat 4: MTails (big blind) folded on the Turn


PokerStars Hand #168551802171:  Hold'em Limit ($3/$6 USD) - 2017/04/04 1:53:31 ET
Table 'Boucolion' 6-max Seat #3 is the button
Seat 3: hairy1961 ($55.50 in chips)
Seat 4: MTails ($141.39 in chips)
hairy1961: posts small blind $1
MTails: posts big blind $3
*** HOLE CARDS ***
vladal 888 leaves the table
hairy1961: folds
Uncalled bet ($2) returned to MTails
MTails collected $2 from pot
*** SUMMARY ***
Total pot $2 | Rake $0
Seat 3: hairy1961 (button) (small blind) folded before Flop
Seat 4: MTails (big blind) collected ($2)


PokerStars Hand #168552092996:  Hold'em Limit ($3/$6 USD) - 2017/04/04 2:12:29 ET
Table 'Boucolion' 6-max Seat #1 is the button
Seat 1: HAL9QQQ ($170.04 in chips)
Seat 6: vladal 888 ($15.96 in chips)
HAL9QQQ: posts small blind $1
vladal 888: posts big blind $3
*** HOLE CARDS ***
icedteablack leaves the table
HAL9QQQ: folds
Uncalled bet ($2) returned to vladal 888
vladal 888 collected $2 from pot
*** SUMMARY ***
Total pot $2 | Rake $0
Seat 1: HAL9QQQ (button) (small blind) folded before Flop
Seat 6: vladal 888 (big blind) collected ($2)


