PokerStars Hand #163493173905:  Hold'em Limit ($3/$6 USD) - 2016/12/25 9:48:36 ET
Table 'Boucolion III' 6-max Seat #6 is the button
Seat 1: LifeisagameX ($84 in chips)
Seat 6: humlefar ($37.66 in chips)
humlefar: posts small blind $1
LifeisagameX: posts big blind $3
*** HOLE CARDS ***
humlefar: folds
Uncalled bet ($2) returned to LifeisagameX
LifeisagameX collected $2 from pot
LifeisagameX: doesn't show hand
*** SUMMARY ***
Total pot $2 | Rake $0
Seat 1: LifeisagameX (big blind) collected ($2)
Seat 6: humlefar (button) (small blind) folded before Flop


PokerStars Hand #163493179980:  Hold'em Limit ($3/$6 USD) - 2016/12/25 9:48:45 ET
Table 'Boucolion III' 6-max Seat #1 is the button
Seat 1: LifeisagameX ($85 in chips)
Seat 6: humlefar ($36.66 in chips)
vitamin168 joins the table at seat #3
LifeisagameX: posts small blind $1
humlefar: posts big blind $3
*** HOLE CARDS ***
LifeisagameX: raises $3 to $6
humlefar: calls $3
*** FLOP *** [7h 6c Qs]
humlefar: bets $3
LifeisagameX: raises $3 to $6
humlefar: calls $3
*** TURN *** [7h 6c Qs] [4h]
humlefar: checks
LifeisagameX: bets $6
humlefar: raises $6 to $12
LifeisagameX: raises $6 to $18
humlefar: raises $6 to $24
Betting is capped
LifeisagameX: calls $6
*** RIVER *** [7h 6c Qs 4h] [Jc]
humlefar: bets $0.66 and is all-in
LifeisagameX: calls $0.66
*** SHOW DOWN ***
humlefar: shows [6d 4c] (two pair, Sixes and Fours)
LifeisagameX: shows [5s 8c] (a straight, Four to Eight)
LifeisagameX collected $72.82 from pot
*** SUMMARY ***
Total pot $73.32 | Rake $0.50
Board [7h 6c Qs 4h Jc]
Seat 1: LifeisagameX (button) (small blind) showed [5s 8c] and won ($72.82) with a straight, Four to Eight
Seat 6: humlefar (big blind) showed [6d 4c] and lost with two pair, Sixes and Fours


PokerStars Hand #163493246004:  Hold'em Limit ($3/$6 USD) - 2016/12/25 9:50:23 ET
Table 'Boucolion III' 6-max Seat #1 is the button
Seat 1: LifeisagameX ($106.16 in chips)
Seat 3: vitamin168 ($58.03 in chips)
LifeisagameX: posts small blind $1
vitamin168: posts big blind $3
*** HOLE CARDS ***
LifeisagameX: raises $3 to $6
vitamin168: folds
Uncalled bet ($3) returned to LifeisagameX
LifeisagameX collected $6 from pot
LifeisagameX: doesn't show hand
*** SUMMARY ***
Total pot $6 | Rake $0
Seat 1: LifeisagameX (button) (small blind) collected ($6)
Seat 3: vitamin168 (big blind) folded before Flop


PokerStars Hand #163493211240:  Hold'em Limit ($3/$6 USD) - 2016/12/25 9:49:32 ET
Table 'Boucolion III' 6-max Seat #3 is the button
Seat 1: LifeisagameX ($121.16 in chips)
Seat 3: vitamin168 ($43.53 in chips)
vitamin168: posts small blind $1
LifeisagameX: posts big blind $3
*** HOLE CARDS ***
vitamin168: raises $3 to $6
LifeisagameX: calls $3
*** FLOP *** [Qc Kh Td]
LifeisagameX: checks
vitamin168: bets $3
LifeisagameX: calls $3
*** TURN *** [Qc Kh Td] [3s]
LifeisagameX: checks
vitamin168: checks
*** RIVER *** [Qc Kh Td 3s] [8s]
LifeisagameX: bets $6
vitamin168: calls $6
*** SHOW DOWN ***
LifeisagameX: shows [9d 4h] (high card King)
vitamin168: shows [Ts Jd] (a pair of Tens)
vitamin168 collected $29.50 from pot
*** SUMMARY ***
Total pot $30 | Rake $0.50
Board [Qc Kh Td 3s 8s]
Seat 1: LifeisagameX (big blind) showed [9d 4h] and lost with high card King
Seat 3: vitamin168 (button) (small blind) showed [Ts Jd] and won ($29.50) with a pair of Tens


PokerStars Hand #163493251079:  Hold'em Limit ($3/$6 USD) - 2016/12/25 9:50:31 ET
Table 'Boucolion III' 6-max Seat #3 is the button
Seat 1: LifeisagameX ($109.16 in chips)
Seat 3: vitamin168 ($55.03 in chips)
vitamin168: posts small blind $1
LifeisagameX: posts big blind $3
*** HOLE CARDS ***
vitamin168: folds
Uncalled bet ($2) returned to LifeisagameX
LifeisagameX collected $2 from pot
LifeisagameX: doesn't show hand
*** SUMMARY ***
Total pot $2 | Rake $0
Seat 1: LifeisagameX (big blind) collected ($2)
Seat 3: vitamin168 (button) (small blind) folded before Flop


PokerStars Hand #163493254575:  Hold'em Limit ($3/$6 USD) - 2016/12/25 9:50:36 ET
Table 'Boucolion III' 6-max Seat #1 is the button
Seat 1: LifeisagameX ($110.16 in chips)
Seat 3: vitamin168 ($54.03 in chips)
LifeisagameX: posts small blind $1
vitamin168: posts big blind $3
*** HOLE CARDS ***
LifeisagameX: raises $3 to $6
vitamin168: calls $3
*** FLOP *** [Th 8h 3s]
vitamin168: checks
pjootor joins the table at seat #5
LifeisagameX: bets $3
vitamin168: raises $3 to $6
LifeisagameX: folds
Uncalled bet ($3) returned to vitamin168
vitamin168 collected $17.64 from pot
vitamin168: doesn't show hand
*** SUMMARY ***
Total pot $18 | Rake $0.36
Board [Th 8h 3s]
Seat 1: LifeisagameX (button) (small blind) folded on the Flop
Seat 3: vitamin168 (big blind) collected ($17.64)


PokerStars Hand #163493713096:  Hold'em Limit ($3/$6 USD) - 2016/12/25 10:02:37 ET
Table 'Boucolion III' 6-max Seat #5 is the button
Seat 5: Krazy90 ($134.50 in chips)
Seat 6: humlefar ($197.70 in chips)
Krazy90: posts small blind $1
Hannibal2211 joins the table at seat #4
humlefar: posts big blind $3
*** HOLE CARDS ***
parnishka11 leaves the table
Krazy90: calls $2
humlefar: checks
*** FLOP *** [5s 3s 4d]
humlefar: bets $3
Krazy90: calls $3
*** TURN *** [5s 3s 4d] [8h]
humlefar: bets $6
Krazy90: calls $6
*** RIVER *** [5s 3s 4d 8h] [Ad]
humlefar: bets $6
Krazy90: calls $6
*** SHOW DOWN ***
humlefar: shows [5d 2c] (a straight, Ace to Five)
Krazy90: mucks hand
humlefar collected $35.50 from pot
*** SUMMARY ***
Total pot $36 | Rake $0.50
Board [5s 3s 4d 8h Ad]
Seat 5: Krazy90 (button) (small blind) mucked
Seat 6: humlefar (big blind) showed [5d 2c] and won ($35.50) with a straight, Ace to Five


PokerStars Hand #163493702599:  Hold'em Limit ($3/$6 USD) - 2016/12/25 10:02:21 ET
Table 'Boucolion III' 6-max Seat #6 is the button
Seat 5: Krazy90 ($120 in chips)
Seat 6: humlefar ($212.70 in chips)
humlefar: posts small blind $1
tamnt10549 was removed from the table for failing to post
Krazy90: posts big blind $3
*** HOLE CARDS ***
humlefar: raises $3 to $6
Krazy90: calls $3
*** FLOP *** [8c Jc 7d]
Krazy90: checks
humlefar: bets $3
Krazy90: calls $3
*** TURN *** [8c Jc 7d] [6c]
vestimokrec leaves the table
Krazy90: checks
humlefar: checks
*** RIVER *** [8c Jc 7d 6c] [7h]
Krazy90: bets $6
humlefar: calls $6
*** SHOW DOWN ***
Krazy90: shows [7s Ts] (three of a kind, Sevens)
humlefar: mucks hand
Krazy90 collected $29.50 from pot
*** SUMMARY ***
Total pot $30 | Rake $0.50
Board [8c Jc 7d 6c 7h]
Seat 5: Krazy90 (big blind) showed [7s Ts] and won ($29.50) with three of a kind, Sevens
Seat 6: humlefar (button) (small blind) mucked


PokerStars Hand #163495966991:  Hold'em Limit ($3/$6 USD) - 2016/12/25 10:54:56 ET
Table 'Boucolion III' 6-max Seat #6 is the button
Seat 5: Krazy90 ($222.41 in chips)
Seat 6: marhae ($250.67 in chips)
marhae: posts small blind $1
Krazy90: posts big blind $3
*** HOLE CARDS ***
marhae: folds
Uncalled bet ($2) returned to Krazy90
Krazy90 collected $2 from pot
Krazy90: doesn't show hand
vestimokrec leaves the table
Koraseg leaves the table
*** SUMMARY ***
Total pot $2 | Rake $0
Seat 5: Krazy90 (big blind) collected ($2)
Seat 6: marhae (button) (small blind) folded before Flop


