PokerStars Hand #163590773431:  Hold'em Limit ($3/$6 USD) - 2016/12/27 2:19:22 ET
Table 'Boucolion' 6-max Seat #1 is the button
Seat 1: ToDaFelt ($120 in chips)
Seat 3: diva345 ($30 in chips)
ToDaFelt: posts small blind $1
diva345: posts big blind $3
*** HOLE CARDS ***
ToDaFelt: raises $3 to $6
diva345: calls $3
*** FLOP *** [Qd 7h 3d]
diva345: checks
ToDaFelt: bets $3
diva345: folds
Uncalled bet ($3) returned to ToDaFelt
ToDaFelt collected $11.76 from pot
ToDaFelt: doesn't show hand
*** SUMMARY ***
Total pot $12 | Rake $0.24
Board [Qd 7h 3d]
Seat 1: ToDaFelt (button) (small blind) collected ($11.76)
Seat 3: diva345 (big blind) folded on the Flop


PokerStars Hand #163590788101:  Hold'em Limit ($3/$6 USD) - 2016/12/27 2:20:14 ET
Table 'Boucolion' 6-max Seat #3 is the button
Seat 1: ToDaFelt ($125.76 in chips)
Seat 3: diva345 ($24 in chips)
diva345: posts small blind $1
ToDaFelt: posts big blind $3
*** HOLE CARDS ***
diva345: calls $2
ToDaFelt: raises $3 to $6
diva345: calls $3
*** FLOP *** [Ad 6d As]
ToDaFelt: bets $3
diva345: folds
Uncalled bet ($3) returned to ToDaFelt
ToDaFelt collected $11.76 from pot
ToDaFelt: doesn't show hand
*** SUMMARY ***
Total pot $12 | Rake $0.24
Board [Ad 6d As]
Seat 1: ToDaFelt (big blind) collected ($11.76)
Seat 3: diva345 (button) (small blind) folded on the Flop


PokerStars Hand #163590785019:  Hold'em Limit ($3/$6 USD) - 2016/12/27 2:20:03 ET
Table 'Boucolion' 6-max Seat #1 is the button
Seat 1: ToDaFelt ($126.76 in chips)
Seat 3: diva345 ($23 in chips)
ToDaFelt: posts small blind $1
diva345: posts big blind $3
*** HOLE CARDS ***
ToDaFelt: folds
Uncalled bet ($2) returned to diva345
diva345 collected $2 from pot
diva345: doesn't show hand
*** SUMMARY ***
Total pot $2 | Rake $0
Seat 1: ToDaFelt (button) (small blind) folded before Flop
Seat 3: diva345 (big blind) collected ($2)


PokerStars Hand #163590783414:  Hold'em Limit ($3/$6 USD) - 2016/12/27 2:19:58 ET
Table 'Boucolion' 6-max Seat #3 is the button
Seat 1: ToDaFelt ($125.76 in chips)
Seat 3: diva345 ($24 in chips)
diva345: posts small blind $1
ToDaFelt: posts big blind $3
*** HOLE CARDS ***
diva345: folds
Uncalled bet ($2) returned to ToDaFelt
ToDaFelt collected $2 from pot
ToDaFelt: doesn't show hand
*** SUMMARY ***
Total pot $2 | Rake $0
Seat 1: ToDaFelt (big blind) collected ($2)
Seat 3: diva345 (button) (small blind) folded before Flop


PokerStars Hand #163590795161:  Hold'em Limit ($3/$6 USD) - 2016/12/27 2:20:40 ET
Table 'Boucolion' 6-max Seat #1 is the button
Seat 1: ToDaFelt ($131.52 in chips)
Seat 3: diva345 ($18 in chips)
ToDaFelt: posts small blind $1
diva345: posts big blind $3
*** HOLE CARDS ***
ToDaFelt: raises $3 to $6
diva345: calls $3
*** FLOP *** [Ks 3c 9h]
diva345: checks
ToDaFelt: bets $3
diva345: folds
Uncalled bet ($3) returned to ToDaFelt
ToDaFelt collected $11.76 from pot
ToDaFelt: doesn't show hand
*** SUMMARY ***
Total pot $12 | Rake $0.24
Board [Ks 3c 9h]
Seat 1: ToDaFelt (button) (small blind) collected ($11.76)
Seat 3: diva345 (big blind) folded on the Flop


PokerStars Hand #163590802898:  Hold'em Limit ($3/$6 USD) - 2016/12/27 2:21:07 ET
Table 'Boucolion' 6-max Seat #3 is the button
Seat 1: ToDaFelt ($137.28 in chips)
Seat 3: diva345 ($12 in chips)
diva345: posts small blind $1
ToDaFelt: posts big blind $3
*** HOLE CARDS ***
diva345: calls $2
TbIP-TbIP 88 joins the table at seat #4
ToDaFelt: raises $3 to $6
diva345: raises $3 to $9
TbIP-TbIP 88 leaves the table
ToDaFelt: calls $3
*** FLOP *** [Td 9s 5d]
ToDaFelt: bets $3
diva345: calls $3 and is all-in
*** TURN *** [Td 9s 5d] [Ah]
*** RIVER *** [Td 9s 5d Ah] [Ts]
*** SHOW DOWN ***
ToDaFelt: shows [8h 7s] (a pair of Tens)
diva345: shows [Kc Ac] (two pair, Aces and Tens)
diva345 collected $23.52 from pot
*** SUMMARY ***
Total pot $24 | Rake $0.48
Board [Td 9s 5d Ah Ts]
Seat 1: ToDaFelt (big blind) showed [8h 7s] and lost with a pair of Tens
Seat 3: diva345 (button) (small blind) showed [Kc Ac] and won ($23.52) with two pair, Aces and Tens


PokerStars Hand #163590811763:  Hold'em Limit ($3/$6 USD) - 2016/12/27 2:21:39 ET
Table 'Boucolion' 6-max Seat #1 is the button
Seat 1: ToDaFelt ($125.28 in chips)
Seat 3: diva345 ($23.52 in chips)
ToDaFelt: posts small blind $1
diva345: posts big blind $3
*** HOLE CARDS ***
ToDaFelt: raises $3 to $6
diva345: calls $3
*** FLOP *** [4s Jh 5s]
diva345: checks
ToDaFelt: bets $3
diva345: calls $3
*** TURN *** [4s Jh 5s] [Ts]
diva345: checks
ToDaFelt: bets $6
diva345: calls $6
*** RIVER *** [4s Jh 5s Ts] [3d]
diva345: checks
ToDaFelt: bets $6
diva345: calls $6
*** SHOW DOWN ***
ToDaFelt: shows [5h As] (a pair of Fives)
diva345: mucks hand
ToDaFelt collected $41.50 from pot
*** SUMMARY ***
Total pot $42 | Rake $0.50
Board [4s Jh 5s Ts 3d]
Seat 1: ToDaFelt (button) (small blind) showed [5h As] and won ($41.50) with a pair of Fives
Seat 3: diva345 (big blind) mucked


