PokerStars Hand #150084382480:  Hold'em Limit ($3/$6 USD) - 2016/03/09 11:04:35 ET
Table 'Boucolion' 6-max Seat #2 is the button
Seat 2: Hadart ($168.59 in chips)
Seat 3: aless284 ($116 in chips)
Hadart: posts small blind $1
aless284: posts big blind $3
*** HOLE CARDS ***
Hadart: folds
Uncalled bet ($2) returned to aless284
Actionni13 leaves the table
aless284 collected $2 from pot
aless284: doesn't show hand
*** SUMMARY ***
Total pot $2 | Rake $0
Seat 2: Hadart (button) (small blind) folded before Flop
Seat 3: aless284 (big blind) collected ($2)


PokerStars Hand #150084374131:  Hold'em Limit ($3/$6 USD) - 2016/03/09 11:04:24 ET
Table 'Boucolion' 6-max Seat #3 is the button
Seat 2: Hadart ($167.59 in chips)
Seat 3: aless284 ($117 in chips)
aless284: posts small blind $1
Actionni13: is sitting out
B_loJkl: is sitting out
Hadart: posts big blind $3
*** HOLE CARDS ***
aless284: folds
Uncalled bet ($2) returned to Hadart
Hadart collected $2 from pot
Hadart: doesn't show hand
*** SUMMARY ***
Total pot $2 | Rake $0
Seat 2: Hadart (big blind) collected ($2)
Seat 3: aless284 (button) (small blind) folded before Flop


PokerStars Hand #150084563023:  Hold'em Limit ($3/$6 USD) - 2016/03/09 11:08:35 ET
Table 'Boucolion' 6-max Seat #3 is the button
Seat 3: aless284 ($117 in chips)
Seat 6: 19woody58 ($49.42 in chips)
aless284: posts small blind $1
19woody58: posts big blind $3
*** HOLE CARDS ***
aless284: folds
Uncalled bet ($2) returned to 19woody58
Ale4o joins the table at seat #1
19woody58 collected $2 from pot
*** SUMMARY ***
Total pot $2 | Rake $0
Seat 3: aless284 (button) (small blind) folded before Flop
Seat 6: 19woody58 (big blind) collected ($2)


PokerStars Hand #150084744113:  Hold'em Limit ($3/$6 USD) - 2016/03/09 11:12:35 ET
Table 'Boucolion' 6-max Seat #5 is the button
Seat 3: aless284 ($132.65 in chips)
Seat 5: SWFAZ ($137.62 in chips)
SWFAZ: posts small blind $1
aless284: posts big blind $3
*** HOLE CARDS ***
TopDJTex leaves the table
SWFAZ: raises $3 to $6
aless284: calls $3
*** FLOP *** [6d 5d 3c]
aless284: checks
SWFAZ: bets $3
aless284: raises $3 to $6
SWFAZ: calls $3
*** TURN *** [6d 5d 3c] [Ts]
aless284: bets $6
SWFAZ: raises $6 to $12
aless284: calls $6
*** RIVER *** [6d 5d 3c Ts] [2c]
aless284: checks
SWFAZ: bets $6
aless284: folds
Uncalled bet ($6) returned to SWFAZ
SWFAZ collected $47.50 from pot
SWFAZ: doesn't show hand
*** SUMMARY ***
Total pot $48 | Rake $0.50
Board [6d 5d 3c Ts 2c]
Seat 3: aless284 (big blind) folded on the River
Seat 5: SWFAZ (button) (small blind) collected ($47.50)


