PokerStars Hand #170287158157:  Hold'em Limit ($3/$6 USD) - 2017/05/11 17:50:39 ET
Table 'Bouzareah' 6-max Seat #2 is the button
Seat 1: Jeelsy ($65.83 in chips)
Seat 2: TinaTurner72 ($117 in chips)
TinaTurner72: posts small blind $1
Jeelsy: posts big blind $3
*** HOLE CARDS ***
TinaTurner72: folds
Uncalled bet ($2) returned to Jeelsy
Jeelsy collected $2 from pot
Jeelsy: doesn't show hand
*** SUMMARY ***
Total pot $2 | Rake $0
Seat 1: Jeelsy (big blind) collected ($2)
Seat 2: TinaTurner72 (button) (small blind) folded before Flop


PokerStars Hand #170287141078:  Hold'em Limit ($3/$6 USD) - 2017/05/11 17:50:17 ET
Table 'Bouzareah' 6-max Seat #1 is the button
Seat 1: Jeelsy ($62.83 in chips)
Seat 2: TinaTurner72 ($120 in chips)
Jeelsy: posts small blind $1
TinaTurner72: posts big blind $3
*** HOLE CARDS ***
Jeelsy: raises $3 to $6
TinaTurner72: folds
Uncalled bet ($3) returned to Jeelsy
Jeelsy collected $6 from pot
Jeelsy: doesn't show hand
*** SUMMARY ***
Total pot $6 | Rake $0
Seat 1: Jeelsy (button) (small blind) collected ($6)
Seat 2: TinaTurner72 (big blind) folded before Flop


PokerStars Hand #170287201321:  Hold'em Limit ($3/$6 USD) - 2017/05/11 17:51:32 ET
Table 'Bouzareah' 6-max Seat #1 is the button
Seat 1: Jeelsy ($98.83 in chips)
Seat 2: TinaTurner72 ($83 in chips)
Jeelsy: posts small blind $1
TinaTurner72: posts big blind $3
*** HOLE CARDS ***
Jeelsy: raises $3 to $6
TinaTurner72: calls $3
*** FLOP *** [5h Js Jd]
TinaTurner72: checks
Jeelsy: checks
*** TURN *** [5h Js Jd] [3s]
TinaTurner72: checks
Jeelsy: checks
*** RIVER *** [5h Js Jd 3s] [Th]
TinaTurner72: bets $6
Jeelsy: folds
Uncalled bet ($6) returned to TinaTurner72
TinaTurner72 collected $11.76 from pot
TinaTurner72: doesn't show hand
*** SUMMARY ***
Total pot $12 | Rake $0.24
Board [5h Js Jd 3s Th]
Seat 1: Jeelsy (button) (small blind) folded on the River
Seat 2: TinaTurner72 (big blind) collected ($11.76)


PokerStars Hand #170287181123:  Hold'em Limit ($3/$6 USD) - 2017/05/11 17:51:07 ET
Table 'Bouzareah' 6-max Seat #2 is the button
Seat 1: Jeelsy ($81.33 in chips)
Seat 2: TinaTurner72 ($101 in chips)
TinaTurner72: posts small blind $1
Jeelsy: posts big blind $3
*** HOLE CARDS ***
TinaTurner72: raises $3 to $6
Jeelsy: calls $3
*** FLOP *** [3c 4c 8h]
Jeelsy: checks
TinaTurner72: checks
*** TURN *** [3c 4c 8h] [2d]
Jeelsy: bets $6
TinaTurner72: calls $6
*** RIVER *** [3c 4c 8h 2d] [Kc]
Jeelsy: bets $6
TinaTurner72: calls $6
*** SHOW DOWN ***
Jeelsy: shows [Kh 2h] (two pair, Kings and Deuces)
TinaTurner72: mucks hand
Jeelsy collected $35.50 from pot
*** SUMMARY ***
Total pot $36 | Rake $0.50
Board [3c 4c 8h 2d Kc]
Seat 1: Jeelsy (big blind) showed [Kh 2h] and won ($35.50) with two pair, Kings and Deuces
Seat 2: TinaTurner72 (button) (small blind) mucked


PokerStars Hand #170287162830:  Hold'em Limit ($3/$6 USD) - 2017/05/11 17:50:44 ET
Table 'Bouzareah' 6-max Seat #1 is the button
Seat 1: Jeelsy ($66.83 in chips)
Seat 2: TinaTurner72 ($116 in chips)
Jeelsy: posts small blind $1
TinaTurner72: posts big blind $3
*** HOLE CARDS ***
Jeelsy: raises $3 to $6
TinaTurner72: calls $3
*** FLOP *** [5s 8d 3s]
TinaTurner72: checks
Jeelsy: bets $3
TinaTurner72: calls $3
*** TURN *** [5s 8d 3s] [4c]
TinaTurner72: checks
Jeelsy: bets $6
TinaTurner72: calls $6
*** RIVER *** [5s 8d 3s 4c] [Ks]
TinaTurner72: checks
Jeelsy: checks
*** SHOW DOWN ***
TinaTurner72: shows [As 7h] (high card Ace)
Jeelsy: shows [6h 5c] (a pair of Fives)
Jeelsy collected $29.50 from pot
*** SUMMARY ***
Total pot $30 | Rake $0.50
Board [5s 8d 3s 4c Ks]
Seat 1: Jeelsy (button) (small blind) showed [6h 5c] and won ($29.50) with a pair of Fives
Seat 2: TinaTurner72 (big blind) showed [As 7h] and lost with high card Ace


PokerStars Hand #170287249047:  Hold'em Limit ($3/$6 USD) - 2017/05/11 17:52:31 ET
Table 'Bouzareah' 6-max Seat #1 is the button
Seat 1: Jeelsy ($113.33 in chips)
Seat 2: TinaTurner72 ($67.76 in chips)
Jeelsy: posts small blind $1
TinaTurner72: posts big blind $3
*** HOLE CARDS ***
Jeelsy: raises $3 to $6
TinaTurner72: calls $3
*** FLOP *** [Jd 2c 7c]
TinaTurner72: checks
Jeelsy: bets $3
TinaTurner72: calls $3
*** TURN *** [Jd 2c 7c] [Js]
TinaTurner72: checks
Jeelsy: bets $6
TinaTurner72: calls $6
*** RIVER *** [Jd 2c 7c Js] [3s]
TinaTurner72: checks
Jeelsy: checks
*** SHOW DOWN ***
TinaTurner72: shows [As 3h] (two pair, Jacks and Threes)
Jeelsy: mucks hand
TinaTurner72 collected $29.50 from pot
*** SUMMARY ***
Total pot $30 | Rake $0.50
Board [Jd 2c 7c Js 3s]
Seat 1: Jeelsy (button) (small blind) mucked
Seat 2: TinaTurner72 (big blind) showed [As 3h] and won ($29.50) with two pair, Jacks and Threes


PokerStars Hand #170287222419:  Hold'em Limit ($3/$6 USD) - 2017/05/11 17:51:58 ET
Table 'Bouzareah' 6-max Seat #2 is the button
Seat 1: Jeelsy ($92.83 in chips)
Seat 2: TinaTurner72 ($88.76 in chips)
TinaTurner72: posts small blind $1
Jeelsy: posts big blind $3
*** HOLE CARDS ***
TinaTurner72: raises $3 to $6
Jeelsy: calls $3
*** FLOP *** [7s 3d 6d]
Jeelsy: checks
TinaTurner72: bets $3
Jeelsy: calls $3
*** TURN *** [7s 3d 6d] [8d]
Jeelsy: checks
TinaTurner72: bets $6
Jeelsy: calls $6
*** RIVER *** [7s 3d 6d 8d] [Kh]
Jeelsy: bets $6
TinaTurner72: calls $6
*** SHOW DOWN ***
Jeelsy: shows [Kd 7c] (two pair, Kings and Sevens)
TinaTurner72: mucks hand
Jeelsy collected $41.50 from pot
*** SUMMARY ***
Total pot $42 | Rake $0.50
Board [7s 3d 6d 8d Kh]
Seat 1: Jeelsy (big blind) showed [Kd 7c] and won ($41.50) with two pair, Kings and Sevens
Seat 2: TinaTurner72 (button) (small blind) mucked


PokerStars Hand #170287298374:  Hold'em Limit ($3/$6 USD) - 2017/05/11 17:53:32 ET
Table 'Bouzareah' 6-max Seat #1 is the button
Seat 1: Jeelsy ($87.33 in chips)
Seat 2: TinaTurner72 ($92.78 in chips)
Jeelsy: posts small blind $1
TinaTurner72: posts big blind $3
*** HOLE CARDS ***
Jeelsy: raises $3 to $6
TinaTurner72: calls $3
*** FLOP *** [8c 8h 7d]
TinaTurner72: checks
Jeelsy: checks
*** TURN *** [8c 8h 7d] [2c]
TinaTurner72: bets $6
Jeelsy: folds
Uncalled bet ($6) returned to TinaTurner72
TinaTurner72 collected $11.76 from pot
TinaTurner72: doesn't show hand
*** SUMMARY ***
Total pot $12 | Rake $0.24
Board [8c 8h 7d 2c]
Seat 1: Jeelsy (button) (small blind) folded on the Turn
Seat 2: TinaTurner72 (big blind) collected ($11.76)


PokerStars Hand #170287294291:  Hold'em Limit ($3/$6 USD) - 2017/05/11 17:53:27 ET
Table 'Bouzareah' 6-max Seat #2 is the button
Seat 1: Jeelsy ($86.33 in chips)
Seat 2: TinaTurner72 ($93.78 in chips)
TinaTurner72: posts small blind $1
Jeelsy: posts big blind $3
*** HOLE CARDS ***
TinaTurner72: folds
Uncalled bet ($2) returned to Jeelsy
Jeelsy collected $2 from pot
Jeelsy: doesn't show hand
*** SUMMARY ***
Total pot $2 | Rake $0
Seat 1: Jeelsy (big blind) collected ($2)
Seat 2: TinaTurner72 (button) (small blind) folded before Flop


PokerStars Hand #170287280090:  Hold'em Limit ($3/$6 USD) - 2017/05/11 17:53:10 ET
Table 'Bouzareah' 6-max Seat #1 is the button
Seat 1: Jeelsy ($92.33 in chips)
Seat 2: TinaTurner72 ($88.02 in chips)
Jeelsy: posts small blind $1
TinaTurner72: posts big blind $3
*** HOLE CARDS ***
Jeelsy: raises $3 to $6
TinaTurner72: calls $3
*** FLOP *** [7d 4d Qd]
TinaTurner72: checks
Jeelsy: checks
*** TURN *** [7d 4d Qd] [7s]
TinaTurner72: bets $6
Jeelsy: folds
Uncalled bet ($6) returned to TinaTurner72
TinaTurner72 collected $11.76 from pot
TinaTurner72: doesn't show hand
*** SUMMARY ***
Total pot $12 | Rake $0.24
Board [7d 4d Qd 7s]
Seat 1: Jeelsy (button) (small blind) folded on the Turn
Seat 2: TinaTurner72 (big blind) collected ($11.76)


PokerStars Hand #170287270047:  Hold'em Limit ($3/$6 USD) - 2017/05/11 17:52:57 ET
Table 'Bouzareah' 6-max Seat #2 is the button
Seat 1: Jeelsy ($98.33 in chips)
Seat 2: TinaTurner72 ($82.26 in chips)
TinaTurner72: posts small blind $1
Jeelsy: posts big blind $3
*** HOLE CARDS ***
TinaTurner72: raises $3 to $6
Jeelsy: calls $3
*** FLOP *** [6c 6d Qh]
Jeelsy: checks
TinaTurner72: bets $3
Jeelsy: folds
Uncalled bet ($3) returned to TinaTurner72
TinaTurner72 collected $11.76 from pot
TinaTurner72: doesn't show hand
*** SUMMARY ***
Total pot $12 | Rake $0.24
Board [6c 6d Qh]
Seat 1: Jeelsy (big blind) folded on the Flop
Seat 2: TinaTurner72 (button) (small blind) collected ($11.76)


PokerStars Hand #170287355921:  Hold'em Limit ($3/$6 USD) - 2017/05/11 17:54:44 ET
Table 'Bouzareah' 6-max Seat #1 is the button
Seat 1: Jeelsy ($45.33 in chips)
Seat 2: TinaTurner72 ($133.54 in chips)
Jeelsy: posts small blind $1
TinaTurner72: posts big blind $3
*** HOLE CARDS ***
Jeelsy: raises $3 to $6
TinaTurner72: folds
Uncalled bet ($3) returned to Jeelsy
Jeelsy collected $6 from pot
*** SUMMARY ***
Total pot $6 | Rake $0
Seat 1: Jeelsy (button) (small blind) collected ($6)
Seat 2: TinaTurner72 (big blind) folded before Flop


PokerStars Hand #170287339077:  Hold'em Limit ($3/$6 USD) - 2017/05/11 17:54:23 ET
Table 'Bouzareah' 6-max Seat #2 is the button
Seat 1: Jeelsy ($69.33 in chips)
Seat 2: TinaTurner72 ($110.04 in chips)
TinaTurner72: posts small blind $1
Jeelsy: posts big blind $3
*** HOLE CARDS ***
TinaTurner72: raises $3 to $6
Jeelsy: raises $3 to $9
TinaTurner72: calls $3
*** FLOP *** [6c 3h 6s]
Jeelsy: bets $3
TinaTurner72: calls $3
*** TURN *** [6c 3h 6s] [4s]
Jeelsy: bets $6
TinaTurner72: raises $6 to $12
Jeelsy: calls $6
*** RIVER *** [6c 3h 6s 4s] [2d]
Jeelsy: checks
TinaTurner72: checks
*** SHOW DOWN ***
Jeelsy: shows [Ac 7c] (a pair of Sixes)
TinaTurner72: shows [4h 7h] (two pair, Sixes and Fours)
TinaTurner72 collected $47.50 from pot
*** SUMMARY ***
Total pot $48 | Rake $0.50
Board [6c 3h 6s 4s 2d]
Seat 1: Jeelsy (big blind) showed [Ac 7c] and lost with a pair of Sixes
Seat 2: TinaTurner72 (button) (small blind) showed [4h 7h] and won ($47.50) with two pair, Sixes and Fours


PokerStars Hand #170287333635:  Hold'em Limit ($3/$6 USD) - 2017/05/11 17:54:16 ET
Table 'Bouzareah' 6-max Seat #1 is the button
Seat 1: Jeelsy ($66.33 in chips)
Seat 2: TinaTurner72 ($113.04 in chips)
Jeelsy: posts small blind $1
TinaTurner72: posts big blind $3
*** HOLE CARDS ***
Jeelsy: raises $3 to $6
TinaTurner72: folds
Uncalled bet ($3) returned to Jeelsy
Jeelsy collected $6 from pot
Jeelsy: doesn't show hand
*** SUMMARY ***
Total pot $6 | Rake $0
Seat 1: Jeelsy (button) (small blind) collected ($6)
Seat 2: TinaTurner72 (big blind) folded before Flop


PokerStars Hand #170287312322:  Hold'em Limit ($3/$6 USD) - 2017/05/11 17:53:49 ET
Table 'Bouzareah' 6-max Seat #2 is the button
Seat 1: Jeelsy ($81.33 in chips)
Seat 2: TinaTurner72 ($98.54 in chips)
TinaTurner72: posts small blind $1
Jeelsy: posts big blind $3
*** HOLE CARDS ***
TinaTurner72: raises $3 to $6
Jeelsy: calls $3
*** FLOP *** [8d 4d 4c]
Jeelsy: bets $3
TinaTurner72: calls $3
*** TURN *** [8d 4d 4c] [2c]
Jeelsy: bets $6
TinaTurner72: raises $6 to $12
Jeelsy: folds
Uncalled bet ($6) returned to TinaTurner72
TinaTurner72 collected $29.50 from pot
TinaTurner72: doesn't show hand
*** SUMMARY ***
Total pot $30 | Rake $0.50
Board [8d 4d 4c 2c]
Seat 1: Jeelsy (big blind) folded on the Turn
Seat 2: TinaTurner72 (button) (small blind) collected ($29.50)


PokerStars Hand #170287386953:  Hold'em Limit ($3/$6 USD) - 2017/05/11 17:55:26 ET
Table 'Bouzareah' 6-max Seat #1 is the button
Seat 1: Jeelsy ($18.33 in chips)
Seat 2: TinaTurner72 ($160.04 in chips)
Jeelsy: posts small blind $1
TinaTurner72: posts big blind $3
*** HOLE CARDS ***
Jeelsy: raises $3 to $6
Allegro75 leaves the table
TinaTurner72: calls $3
*** FLOP *** [2d 6c 8d]
TinaTurner72: checks
Jeelsy: checks
*** TURN *** [2d 6c 8d] [Jh]
TinaTurner72: bets $6
Jeelsy: calls $6
*** RIVER *** [2d 6c 8d Jh] [Ad]
TinaTurner72: checks
Jeelsy: checks
*** SHOW DOWN ***
TinaTurner72: shows [6h Kc] (a pair of Sixes)
Jeelsy: mucks hand
TinaTurner72 collected $23.52 from pot
*** SUMMARY ***
Total pot $24 | Rake $0.48
Board [2d 6c 8d Jh Ad]
Seat 1: Jeelsy (button) (small blind) mucked
Seat 2: TinaTurner72 (big blind) showed [6h Kc] and won ($23.52) with a pair of Sixes


PokerStars Hand #170287364126:  Hold'em Limit ($3/$6 USD) - 2017/05/11 17:54:54 ET
Table 'Bouzareah' 6-max Seat #2 is the button
Seat 1: Jeelsy ($48.33 in chips)
Seat 2: TinaTurner72 ($130.54 in chips)
TinaTurner72: posts small blind $1
Jeelsy: posts big blind $3
*** HOLE CARDS ***
TinaTurner72: raises $3 to $6
Jeelsy: raises $3 to $9
TinaTurner72: calls $3
*** FLOP *** [2s 9s 9h]
Jeelsy: bets $3
TinaTurner72: calls $3
*** TURN *** [2s 9s 9h] [8h]
Jeelsy: bets $6
TinaTurner72: raises $6 to $12
Jeelsy: calls $6
*** RIVER *** [2s 9s 9h 8h] [7h]
Jeelsy: checks
TinaTurner72: bets $6
Allegro75 joins the table at seat #3
Jeelsy: calls $6
*** SHOW DOWN ***
TinaTurner72: shows [9c 8d] (a full house, Nines full of Eights)
Jeelsy: mucks hand
TinaTurner72 collected $59.50 from pot
*** SUMMARY ***
Total pot $60 | Rake $0.50
Board [2s 9s 9h 8h 7h]
Seat 1: Jeelsy (big blind) mucked
Seat 2: TinaTurner72 (button) (small blind) showed [9c 8d] and won ($59.50) with a full house, Nines full of Eights


PokerStars Hand #170287409125:  Hold'em Limit ($3/$6 USD) - 2017/05/11 17:56:00 ET
Table 'Bouzareah' 6-max Seat #1 is the button
Seat 1: Jeelsy ($3.33 in chips)
Seat 2: TinaTurner72 ($174.56 in chips)
Jeelsy: posts small blind $1
TinaTurner72: posts big blind $3
*** HOLE CARDS ***
Jeelsy: raises $0.33 to $3.33 and is all-in
TinaTurner72: calls $0.33
*** FLOP *** [Ts 6c Th]
*** TURN *** [Ts 6c Th] [5d]
*** RIVER *** [Ts 6c Th 5d] [Kh]
*** SHOW DOWN ***
TinaTurner72: shows [5h 7h] (two pair, Tens and Fives)
Jeelsy: shows [4d 2h] (a pair of Tens)
TinaTurner72 collected $6.53 from pot
*** SUMMARY ***
Total pot $6.66 | Rake $0.13
Board [Ts 6c Th 5d Kh]
Seat 1: Jeelsy (button) (small blind) showed [4d 2h] and lost with a pair of Tens
Seat 2: TinaTurner72 (big blind) showed [5h 7h] and won ($6.53) with two pair, Tens and Fives


PokerStars Hand #170287402917:  Hold'em Limit ($3/$6 USD) - 2017/05/11 17:55:50 ET
Table 'Bouzareah' 6-max Seat #2 is the button
Seat 1: Jeelsy ($6.33 in chips)
Seat 2: TinaTurner72 ($171.56 in chips)
TinaTurner72: posts small blind $1
Jeelsy: posts big blind $3
*** HOLE CARDS ***
TinaTurner72: raises $3 to $6
Jeelsy: folds
Uncalled bet ($3) returned to TinaTurner72
TinaTurner72 collected $6 from pot
TinaTurner72: doesn't show hand
*** SUMMARY ***
Total pot $6 | Rake $0
Seat 1: Jeelsy (big blind) folded before Flop
Seat 2: TinaTurner72 (button) (small blind) collected ($6)


PokerStars Hand #170287457602:  Hold'em Limit ($3/$6 USD) - 2017/05/11 17:57:15 ET
Table 'Bouzareah' 6-max Seat #1 is the button
Seat 1: Jeelsy ($86.33 in chips)
Seat 2: TinaTurner72 ($153.76 in chips)
Jeelsy: posts small blind $1
TinaTurner72: posts big blind $3
*** HOLE CARDS ***
Jeelsy: raises $3 to $6
TinaTurner72: calls $3
*** FLOP *** [Ts 8h 5c]
TinaTurner72: checks
Jeelsy: checks
*** TURN *** [Ts 8h 5c] [4h]
TinaTurner72: checks
Jeelsy: bets $6
TinaTurner72: folds
Uncalled bet ($6) returned to Jeelsy
Jeelsy collected $11.76 from pot
*** SUMMARY ***
Total pot $12 | Rake $0.24
Board [Ts 8h 5c 4h]
Seat 1: Jeelsy (button) (small blind) collected ($11.76)
Seat 2: TinaTurner72 (big blind) folded on the Turn


PokerStars Hand #170287440428:  Hold'em Limit ($3/$6 USD) - 2017/05/11 17:56:48 ET
Table 'Bouzareah' 6-max Seat #2 is the button
Seat 1: Jeelsy ($62.83 in chips)
Seat 2: TinaTurner72 ($177.76 in chips)
TinaTurner72: posts small blind $1
Jeelsy: posts big blind $3
*** HOLE CARDS ***
TinaTurner72: raises $3 to $6
Jeelsy: raises $3 to $9
TinaTurner72: calls $3
*** FLOP *** [5s 8d 7d]
Jeelsy: bets $3
TinaTurner72: calls $3
*** TURN *** [5s 8d 7d] [Ks]
Jeelsy: checks
TinaTurner72: bets $6
Jeelsy: calls $6
*** RIVER *** [5s 8d 7d Ks] [Th]
Jeelsy: bets $6
TinaTurner72: calls $6
*** SHOW DOWN ***
Jeelsy: shows [Js Td] (a pair of Tens)
TinaTurner72: mucks hand
Jeelsy collected $47.50 from pot
*** SUMMARY ***
Total pot $48 | Rake $0.50
Board [5s 8d 7d Ks Th]
Seat 1: Jeelsy (big blind) showed [Js Td] and won ($47.50) with a pair of Tens
Seat 2: TinaTurner72 (button) (small blind) mucked


PokerStars Hand #170287509897:  Hold'em Limit ($3/$6 USD) - 2017/05/11 17:58:34 ET
Table 'Bouzareah' 6-max Seat #2 is the button
Seat 1: Jeelsy ($85.61 in chips)
Seat 2: TinaTurner72 ($153.26 in chips)
TinaTurner72: posts small blind $1
Jeelsy: posts big blind $3
*** HOLE CARDS ***
TinaTurner72: raises $3 to $6
Jeelsy: calls $3
*** FLOP *** [2s 6h Kd]
Jeelsy: checks
TinaTurner72: bets $3
Jeelsy: calls $3
*** TURN *** [2s 6h Kd] [6s]
Jeelsy: checks
TinaTurner72: bets $6
Jeelsy: folds
Uncalled bet ($6) returned to TinaTurner72
TinaTurner72 collected $17.64 from pot
TinaTurner72: doesn't show hand
*** SUMMARY ***
Total pot $18 | Rake $0.36
Board [2s 6h Kd 6s]
Seat 1: Jeelsy (big blind) folded on the Turn
Seat 2: TinaTurner72 (button) (small blind) collected ($17.64)


PokerStars Hand #170287491459:  Hold'em Limit ($3/$6 USD) - 2017/05/11 17:58:06 ET
Table 'Bouzareah' 6-max Seat #1 is the button
Seat 1: Jeelsy ($74.09 in chips)
Seat 2: TinaTurner72 ($165.26 in chips)
Jeelsy: posts small blind $1
TinaTurner72: posts big blind $3
*** HOLE CARDS ***
Jeelsy: raises $3 to $6
TinaTurner72: raises $3 to $9
Jeelsy: calls $3
*** FLOP *** [6c Ad 3d]
TinaTurner72: bets $3
Jeelsy: calls $3
*** TURN *** [6c Ad 3d] [3s]
TinaTurner72: checks
Jeelsy: bets $6
TinaTurner72: folds
Uncalled bet ($6) returned to Jeelsy
Jeelsy collected $23.52 from pot
Jeelsy: doesn't show hand
*** SUMMARY ***
Total pot $24 | Rake $0.48
Board [6c Ad 3d 3s]
Seat 1: Jeelsy (button) (small blind) collected ($23.52)
Seat 2: TinaTurner72 (big blind) folded on the Turn


PokerStars Hand #170287473645:  Hold'em Limit ($3/$6 USD) - 2017/05/11 17:57:39 ET
Table 'Bouzareah' 6-max Seat #2 is the button
Seat 1: Jeelsy ($92.09 in chips)
Seat 2: TinaTurner72 ($147.76 in chips)
TinaTurner72: posts small blind $1
Jeelsy: posts big blind $3
*** HOLE CARDS ***
TinaTurner72: raises $3 to $6
Jeelsy: raises $3 to $9
TinaTurner72: calls $3
*** FLOP *** [4c 6h Ah]
Jeelsy: bets $3
TinaTurner72: calls $3
*** TURN *** [4c 6h Ah] [3s]
Jeelsy: bets $6
TinaTurner72: raises $6 to $12
Jeelsy: folds
Uncalled bet ($6) returned to TinaTurner72
TinaTurner72 collected $35.50 from pot
TinaTurner72: doesn't show hand
*** SUMMARY ***
Total pot $36 | Rake $0.50
Board [4c 6h Ah 3s]
Seat 1: Jeelsy (big blind) folded on the Turn
Seat 2: TinaTurner72 (button) (small blind) collected ($35.50)


PokerStars Hand #170287541382:  Hold'em Limit ($3/$6 USD) - 2017/05/11 17:59:23 ET
Table 'Bouzareah' 6-max Seat #1 is the button
Seat 1: Jeelsy ($70.61 in chips)
Seat 2: TinaTurner72 ($167.54 in chips)
Jeelsy: posts small blind $1
TinaTurner72: posts big blind $3
*** HOLE CARDS ***
Jeelsy: raises $3 to $6
TinaTurner72: raises $3 to $9
Jeelsy: calls $3
*** FLOP *** [3d 3c 6s]
TinaTurner72: bets $3
Jeelsy: calls $3
*** TURN *** [3d 3c 6s] [Js]
TinaTurner72: checks
Jeelsy: bets $6
TinaTurner72: calls $6
*** RIVER *** [3d 3c 6s Js] [Qd]
TinaTurner72: bets $6
Jeelsy: calls $6
*** SHOW DOWN ***
TinaTurner72: shows [Kh Qh] (two pair, Queens and Threes)
Jeelsy: mucks hand
TinaTurner72 collected $47.50 from pot
*** SUMMARY ***
Total pot $48 | Rake $0.50
Board [3d 3c 6s Js Qd]
Seat 1: Jeelsy (button) (small blind) mucked
Seat 2: TinaTurner72 (big blind) showed [Kh Qh] and won ($47.50) with two pair, Queens and Threes


PokerStars Hand #170287527012:  Hold'em Limit ($3/$6 USD) - 2017/05/11 17:59:00 ET
Table 'Bouzareah' 6-max Seat #2 is the button
Seat 1: Jeelsy ($79.61 in chips)
Seat 2: TinaTurner72 ($158.90 in chips)
TinaTurner72: posts small blind $1
Jeelsy: posts big blind $3
*** HOLE CARDS ***
TinaTurner72: raises $3 to $6
Jeelsy: calls $3
*** FLOP *** [4h 5c 7s]
Jeelsy: checks
TinaTurner72: bets $3
Jeelsy: calls $3
*** TURN *** [4h 5c 7s] [Ks]
Jeelsy: checks
TinaTurner72: checks
*** RIVER *** [4h 5c 7s Ks] [2h]
Jeelsy: checks
TinaTurner72: checks
*** SHOW DOWN ***
Jeelsy: shows [9d 6s] (high card King)
TinaTurner72: shows [8c Ah] (high card Ace)
TinaTurner72 collected $17.64 from pot
*** SUMMARY ***
Total pot $18 | Rake $0.36
Board [4h 5c 7s Ks 2h]
Seat 1: Jeelsy (big blind) showed [9d 6s] and lost with high card King
Seat 2: TinaTurner72 (button) (small blind) showed [8c Ah] and won ($17.64) with high card Ace


PokerStars Hand #170287522868:  Hold'em Limit ($3/$6 USD) - 2017/05/11 17:58:54 ET
Table 'Bouzareah' 6-max Seat #1 is the button
Seat 1: Jeelsy ($76.61 in chips)
Seat 2: TinaTurner72 ($161.90 in chips)
Jeelsy: posts small blind $1
TinaTurner72: posts big blind $3
*** HOLE CARDS ***
Jeelsy: raises $3 to $6
TinaTurner72: folds
Uncalled bet ($3) returned to Jeelsy
Jeelsy collected $6 from pot
Jeelsy: doesn't show hand
*** SUMMARY ***
Total pot $6 | Rake $0
Seat 1: Jeelsy (button) (small blind) collected ($6)
Seat 2: TinaTurner72 (big blind) folded before Flop


PokerStars Hand #170287584322:  Hold'em Limit ($3/$6 USD) - 2017/05/11 18:00:28 ET
Table 'Bouzareah' 6-max Seat #1 is the button
Seat 1: Jeelsy ($14.61 in chips)
Seat 2: TinaTurner72 ($222.06 in chips)
Jeelsy: posts small blind $1
TinaTurner72: posts big blind $3
*** HOLE CARDS ***
Jeelsy: raises $3 to $6
TinaTurner72: calls $3
*** FLOP *** [5d 9s Td]
TinaTurner72: checks
Jeelsy: bets $3
TinaTurner72: raises $3 to $6
Jeelsy: raises $2.61 to $8.61 and is all-in
TinaTurner72: calls $2.61
*** TURN *** [5d 9s Td] [Kc]
*** RIVER *** [5d 9s Td Kc] [6s]
*** SHOW DOWN ***
TinaTurner72: shows [Jc Tc] (a pair of Tens)
Jeelsy: shows [Ad 9d] (a pair of Nines)
TinaTurner72 collected $28.72 from pot
*** SUMMARY ***
Total pot $29.22 | Rake $0.50
Board [5d 9s Td Kc 6s]
Seat 1: Jeelsy (button) (small blind) showed [Ad 9d] and lost with a pair of Nines
Seat 2: TinaTurner72 (big blind) showed [Jc Tc] and won ($28.72) with a pair of Tens


PokerStars Hand #170287580919:  Hold'em Limit ($3/$6 USD) - 2017/05/11 18:00:23 ET
Table 'Bouzareah' 6-max Seat #2 is the button
Seat 1: Jeelsy ($13.61 in chips)
Seat 2: TinaTurner72 ($223.06 in chips)
TinaTurner72: posts small blind $1
Jeelsy: posts big blind $3
*** HOLE CARDS ***
TinaTurner72: folds
Uncalled bet ($2) returned to Jeelsy
Jeelsy collected $2 from pot
Jeelsy: doesn't show hand
*** SUMMARY ***
Total pot $2 | Rake $0
Seat 1: Jeelsy (big blind) collected ($2)
Seat 2: TinaTurner72 (button) (small blind) folded before Flop


PokerStars Hand #170287567723:  Hold'em Limit ($3/$6 USD) - 2017/05/11 18:00:03 ET
Table 'Bouzareah' 6-max Seat #1 is the button
Seat 1: Jeelsy ($34.61 in chips)
Seat 2: TinaTurner72 ($202.56 in chips)
Jeelsy: posts small blind $1
TinaTurner72: posts big blind $3
*** HOLE CARDS ***
Jeelsy: raises $3 to $6
TinaTurner72: calls $3
*** FLOP *** [As 2d 5d]
TinaTurner72: checks
Jeelsy: bets $3
TinaTurner72: calls $3
*** TURN *** [As 2d 5d] [Qs]
TinaTurner72: bets $6
Jeelsy: calls $6
*** RIVER *** [As 2d 5d Qs] [5c]
TinaTurner72: bets $6
Jeelsy: calls $6
*** SHOW DOWN ***
TinaTurner72: shows [Ad 7h] (two pair, Aces and Fives)
Jeelsy: mucks hand
TinaTurner72 collected $41.50 from pot
*** SUMMARY ***
Total pot $42 | Rake $0.50
Board [As 2d 5d Qs 5c]
Seat 1: Jeelsy (button) (small blind) mucked
Seat 2: TinaTurner72 (big blind) showed [Ad 7h] and won ($41.50) with two pair, Aces and Fives


PokerStars Hand #170287555451:  Hold'em Limit ($3/$6 USD) - 2017/05/11 17:59:44 ET
Table 'Bouzareah' 6-max Seat #2 is the button
Seat 1: Jeelsy ($46.61 in chips)
Seat 2: TinaTurner72 ($191.04 in chips)
TinaTurner72: posts small blind $1
Jeelsy: posts big blind $3
*** HOLE CARDS ***
TinaTurner72: raises $3 to $6
Jeelsy: raises $3 to $9
TinaTurner72: calls $3
*** FLOP *** [Kd 5d 5h]
Jeelsy: bets $3
TinaTurner72: calls $3
*** TURN *** [Kd 5d 5h] [2h]
Jeelsy: checks
TinaTurner72: bets $6
Jeelsy: folds
Uncalled bet ($6) returned to TinaTurner72
TinaTurner72 collected $23.52 from pot
TinaTurner72: doesn't show hand
*** SUMMARY ***
Total pot $24 | Rake $0.48
Board [Kd 5d 5h 2h]
Seat 1: Jeelsy (big blind) folded on the Turn
Seat 2: TinaTurner72 (button) (small blind) collected ($23.52)


