PokerStars Hand #166056605878:  Hold'em Limit ($3/$6 USD) - 2017/02/11 15:31:21 ET
Table 'Bouzareah III' 6-max Seat #3 is the button
Seat 1: 130000000000 ($21.52 in chips)
Seat 3: grabaz ($240.91 in chips)
grabaz: posts small blind $1
130000000000: posts big blind $3
*** HOLE CARDS ***
grabaz: raises $3 to $6
130000000000: calls $3
*** FLOP *** [Jh 6c 3h]
130000000000: bets $3
grabaz: folds
Uncalled bet ($3) returned to 130000000000
130000000000 collected $11.76 from pot
*** SUMMARY ***
Total pot $12 | Rake $0.24
Board [Jh 6c 3h]
Seat 1: 130000000000 (big blind) collected ($11.76)
Seat 3: grabaz (button) (small blind) folded on the Flop


PokerStars Hand #166056583595:  Hold'em Limit ($3/$6 USD) - 2017/02/11 15:30:58 ET
Table 'Bouzareah III' 6-max Seat #1 is the button
Seat 1: 130000000000 ($18.64 in chips)
Seat 3: grabaz ($243.91 in chips)
130000000000: posts small blind $1
belik555: is sitting out
grabaz: posts big blind $3
*** HOLE CARDS ***
130000000000: calls $2
grabaz: checks
*** FLOP *** [Qh 7c Qd]
grabaz: checks
130000000000: bets $3
grabaz: folds
Uncalled bet ($3) returned to 130000000000
130000000000 collected $5.88 from pot
*** SUMMARY ***
Total pot $6 | Rake $0.12
Board [Qh 7c Qd]
Seat 1: 130000000000 (button) (small blind) collected ($5.88)
Seat 3: grabaz (big blind) folded on the Flop


PokerStars Hand #166056669689:  Hold'em Limit ($3/$6 USD) - 2017/02/11 15:32:27 ET
Table 'Bouzareah III' 6-max Seat #2 is the button
Seat 2: belik555 ($121.46 in chips)
Seat 3: grabaz ($228.91 in chips)
belik555: posts small blind $1
grabaz: posts big blind $3
*** HOLE CARDS ***
belik555: folds
Uncalled bet ($2) returned to grabaz
grabaz collected $2 from pot
grabaz: doesn't show hand
*** SUMMARY ***
Total pot $2 | Rake $0
Seat 2: belik555 (button) (small blind) folded before Flop
Seat 3: grabaz (big blind) collected ($2)


