PokerStars Hand #147084927746:  Hold'em Limit ($3/$6 USD) - 2016/01/15 12:27:48 ET
Table 'Bouzareah II' 6-max Seat #3 is the button
Seat 3: Sunny1022 ($302.17 in chips)
Seat 4: kolaz03 ($81.64 in chips)
Sunny1022: posts small blind $1
kolaz03: posts big blind $3
*** HOLE CARDS ***
Sunny1022: folds
Uncalled bet ($2) returned to kolaz03
kolaz03 collected $2 from pot
kolaz03: doesn't show hand
*** SUMMARY ***
Total pot $2 | Rake $0
Seat 3: Sunny1022 (button) (small blind) folded before Flop
Seat 4: kolaz03 (big blind) collected ($2)


PokerStars Hand #147084937698:  Hold'em Limit ($3/$6 USD) - 2016/01/15 12:27:59 ET
Table 'Bouzareah II' 6-max Seat #4 is the button
Seat 3: Sunny1022 ($301.17 in chips)
Seat 4: kolaz03 ($82.64 in chips)
kolaz03: posts small blind $1
Sunny1022: posts big blind $3
*** HOLE CARDS ***
kolaz03: raises $3 to $6
Sunny1022: calls $3
*** FLOP *** [3h Ks As]
Sunny1022: checks
kolaz03: bets $3
Sunny1022: calls $3
*** TURN *** [3h Ks As] [9h]
Sunny1022: checks
kolaz03: bets $6
Sunny1022: folds
Uncalled bet ($6) returned to kolaz03
kolaz03 collected $17.64 from pot
kolaz03: doesn't show hand
*** SUMMARY ***
Total pot $18 | Rake $0.36
Board [3h Ks As 9h]
Seat 3: Sunny1022 (big blind) folded on the Turn
Seat 4: kolaz03 (button) (small blind) collected ($17.64)


PokerStars Hand #147085656585:  Hold'em Limit ($3/$6 USD) - 2016/01/15 12:41:14 ET
Table 'Bouzareah II' 6-max Seat #5 is the button
Seat 4: Mordnilap ($92.50 in chips)
Seat 5: perten ($99 in chips)
perten: posts small blind $1
Mordnilap: posts big blind $3
*** HOLE CARDS ***
perten: calls $2
Mordnilap: raises $3 to $6
perten: calls $3
*** FLOP *** [8s 2h Ah]
Mordnilap: bets $3
perten: folds
Uncalled bet ($3) returned to Mordnilap
Mordnilap collected $11.76 from pot
Mordnilap: doesn't show hand
*** SUMMARY ***
Total pot $12 | Rake $0.24
Board [8s 2h Ah]
Seat 4: Mordnilap (big blind) collected ($11.76)
Seat 5: perten (button) (small blind) folded on the Flop


PokerStars Hand #147085635652:  Hold'em Limit ($3/$6 USD) - 2016/01/15 12:40:50 ET
Table 'Bouzareah II' 6-max Seat #4 is the button
Seat 4: Mordnilap ($72 in chips)
Seat 5: perten ($120 in chips)
Mordnilap: posts small blind $1
perten: posts big blind $3
*** HOLE CARDS ***
Mordnilap: raises $3 to $6
perten: calls $3
*** FLOP *** [4s 3d 8s]
perten: checks
Mordnilap: bets $3
perten: calls $3
*** TURN *** [4s 3d 8s] [9c]
perten: checks
Mordnilap: bets $6
perten: calls $6
*** RIVER *** [4s 3d 8s 9c] [2h]
perten: checks
Mordnilap: bets $6
perten: calls $6
*** SHOW DOWN ***
Mordnilap: shows [5h 9d] (a pair of Nines)
perten: mucks hand
Mordnilap collected $41.50 from pot
*** SUMMARY ***
Total pot $42 | Rake $0.50
Board [4s 3d 8s 9c 2h]
Seat 4: Mordnilap (button) (small blind) showed [5h 9d] and won ($41.50) with a pair of Nines
Seat 5: perten (big blind) mucked


PokerStars Hand #147085714184:  Hold'em Limit ($3/$6 USD) - 2016/01/15 12:42:16 ET
Table 'Bouzareah II' 6-max Seat #5 is the button
Seat 4: Mordnilap ($118.40 in chips)
Seat 5: perten ($71.76 in chips)
perten: posts small blind $1
Mordnilap: posts big blind $3
*** HOLE CARDS ***
perten: raises $3 to $6
Mordnilap: calls $3
*** FLOP *** [9h 3d 2c]
Mordnilap: checks
perten: bets $3
Mordnilap: raises $3 to $6
perten: folds
Uncalled bet ($3) returned to Mordnilap
Mordnilap collected $17.64 from pot
Mordnilap: doesn't show hand
*** SUMMARY ***
Total pot $18 | Rake $0.36
Board [9h 3d 2c]
Seat 4: Mordnilap (big blind) collected ($17.64)
Seat 5: perten (button) (small blind) folded on the Flop


PokerStars Hand #147085702556:  Hold'em Limit ($3/$6 USD) - 2016/01/15 12:42:03 ET
Table 'Bouzareah II' 6-max Seat #4 is the button
Seat 4: Mordnilap ($109.76 in chips)
Seat 5: perten ($80.76 in chips)
Mordnilap: posts small blind $1
perten: posts big blind $3
*** HOLE CARDS ***
Mordnilap: raises $3 to $6
perten: calls $3
*** FLOP *** [7h 4c Ks]
perten: checks
Mordnilap: bets $3
perten: calls $3
*** TURN *** [7h 4c Ks] [8c]
perten: checks
Mordnilap: bets $6
perten: folds
Uncalled bet ($6) returned to Mordnilap
Mordnilap collected $17.64 from pot
Mordnilap: doesn't show hand
*** SUMMARY ***
Total pot $18 | Rake $0.36
Board [7h 4c Ks 8c]
Seat 4: Mordnilap (button) (small blind) collected ($17.64)
Seat 5: perten (big blind) folded on the Turn


PokerStars Hand #147085692159:  Hold'em Limit ($3/$6 USD) - 2016/01/15 12:41:53 ET
Table 'Bouzareah II' 6-max Seat #5 is the button
Seat 4: Mordnilap ($115.76 in chips)
Seat 5: perten ($75 in chips)
perten: posts small blind $1
Mordnilap: posts big blind $3
*** HOLE CARDS ***
perten: raises $3 to $6
Mordnilap: calls $3
*** FLOP *** [9s 7h Ks]
Mordnilap: checks
perten: bets $3
Mordnilap: folds
Uncalled bet ($3) returned to perten
perten collected $11.76 from pot
perten: doesn't show hand
*** SUMMARY ***
Total pot $12 | Rake $0.24
Board [9s 7h Ks]
Seat 4: Mordnilap (big blind) folded on the Flop
Seat 5: perten (button) (small blind) collected ($11.76)


PokerStars Hand #147085669141:  Hold'em Limit ($3/$6 USD) - 2016/01/15 12:41:27 ET
Table 'Bouzareah II' 6-max Seat #4 is the button
Seat 4: Mordnilap ($98.26 in chips)
Seat 5: perten ($93 in chips)
Mordnilap: posts small blind $1
perten: posts big blind $3
*** HOLE CARDS ***
Mordnilap: raises $3 to $6
perten: raises $3 to $9
Mordnilap: calls $3
*** FLOP *** [Ac As 3s]
perten: bets $3
Mordnilap: calls $3
*** TURN *** [Ac As 3s] [Jd]
perten: bets $6
Mordnilap: raises $6 to $12
perten: folds
Uncalled bet ($6) returned to Mordnilap
Mordnilap collected $35.50 from pot
Mordnilap: doesn't show hand
*** SUMMARY ***
Total pot $36 | Rake $0.50
Board [Ac As 3s Jd]
Seat 4: Mordnilap (button) (small blind) collected ($35.50)
Seat 5: perten (big blind) folded on the Turn


PokerStars Hand #147085762716:  Hold'em Limit ($3/$6 USD) - 2016/01/15 12:43:09 ET
Table 'Bouzareah II' 6-max Seat #4 is the button
Seat 4: Mordnilap ($117.80 in chips)
Seat 5: perten ($71.26 in chips)
Mordnilap: posts small blind $1
perten: posts big blind $3
*** HOLE CARDS ***
Mordnilap: folds
Uncalled bet ($2) returned to perten
perten collected $2 from pot
perten: doesn't show hand
*** SUMMARY ***
Total pot $2 | Rake $0
Seat 4: Mordnilap (button) (small blind) folded before Flop
Seat 5: perten (big blind) collected ($2)


PokerStars Hand #147085743958:  Hold'em Limit ($3/$6 USD) - 2016/01/15 12:42:49 ET
Table 'Bouzareah II' 6-max Seat #5 is the button
Seat 4: Mordnilap ($132.80 in chips)
Seat 5: perten ($56.76 in chips)
perten: posts small blind $1
Mordnilap: posts big blind $3
*** HOLE CARDS ***
perten: raises $3 to $6
Mordnilap: calls $3
*** FLOP *** [4d Ad Js]
Mordnilap: checks
perten: bets $3
Mordnilap: calls $3
*** TURN *** [4d Ad Js] [Jc]
Mordnilap: checks
perten: checks
*** RIVER *** [4d Ad Js Jc] [8h]
Mordnilap: bets $6
perten: calls $6
*** SHOW DOWN ***
Mordnilap: shows [Tc 4h] (two pair, Jacks and Fours)
perten: shows [6c 6h] (two pair, Jacks and Sixes)
perten collected $29.50 from pot
*** SUMMARY ***
Total pot $30 | Rake $0.50
Board [4d Ad Js Jc 8h]
Seat 4: Mordnilap (big blind) showed [Tc 4h] and lost with two pair, Jacks and Fours
Seat 5: perten (button) (small blind) showed [6c 6h] and won ($29.50) with two pair, Jacks and Sixes


PokerStars Hand #147085724437:  Hold'em Limit ($3/$6 USD) - 2016/01/15 12:42:27 ET
Table 'Bouzareah II' 6-max Seat #4 is the button
Seat 4: Mordnilap ($127.04 in chips)
Seat 5: perten ($62.76 in chips)
Mordnilap: posts small blind $1
perten: posts big blind $3
*** HOLE CARDS ***
Mordnilap: raises $3 to $6
perten: calls $3
*** FLOP *** [3s 5d Tc]
perten: checks
Mordnilap: bets $3
perten: folds
Uncalled bet ($3) returned to Mordnilap
Mordnilap collected $11.76 from pot
Mordnilap: doesn't show hand
*** SUMMARY ***
Total pot $12 | Rake $0.24
Board [3s 5d Tc]
Seat 4: Mordnilap (button) (small blind) collected ($11.76)
Seat 5: perten (big blind) folded on the Flop


PokerStars Hand #147085822791:  Hold'em Limit ($3/$6 USD) - 2016/01/15 12:44:15 ET
Table 'Bouzareah II' 6-max Seat #5 is the button
Seat 4: Mordnilap ($144.05 in chips)
Seat 5: perten ($44.01 in chips)
perten: posts small blind $1
Mordnilap: posts big blind $3
*** HOLE CARDS ***
perten: folds
Uncalled bet ($2) returned to Mordnilap
Mordnilap collected $2 from pot
Mordnilap: doesn't show hand
*** SUMMARY ***
Total pot $2 | Rake $0
Seat 4: Mordnilap (big blind) collected ($2)
Seat 5: perten (button) (small blind) folded before Flop


PokerStars Hand #147085801097:  Hold'em Limit ($3/$6 USD) - 2016/01/15 12:43:51 ET
Table 'Bouzareah II' 6-max Seat #4 is the button
Seat 4: Mordnilap ($144.30 in chips)
Seat 5: perten ($44.26 in chips)
Mordnilap: posts small blind $1
perten: posts big blind $3
*** HOLE CARDS ***
Mordnilap: raises $3 to $6
perten: raises $3 to $9
Mordnilap: calls $3
*** FLOP *** [5c Ac 2d]
perten: bets $3
Mordnilap: calls $3
*** TURN *** [5c Ac 2d] [5h]
perten: bets $6
Mordnilap: raises $6 to $12
perten: calls $6
*** RIVER *** [5c Ac 2d 5h] [7s]
perten: checks
Mordnilap: checks
*** SHOW DOWN ***
perten: shows [7c 6c] (two pair, Sevens and Fives)
Mordnilap: shows [7h 4h] (two pair, Sevens and Fives)
perten collected $23.75 from pot
Mordnilap collected $23.75 from pot
*** SUMMARY ***
Total pot $48 | Rake $0.50
Board [5c Ac 2d 5h 7s]
Seat 4: Mordnilap (button) (small blind) showed [7h 4h] and won ($23.75) with two pair, Sevens and Fives
Seat 5: perten (big blind) showed [7c 6c] and won ($23.75) with two pair, Sevens and Fives


PokerStars Hand #147085796439:  Hold'em Limit ($3/$6 USD) - 2016/01/15 12:43:46 ET
Table 'Bouzareah II' 6-max Seat #5 is the button
Seat 4: Mordnilap ($143.30 in chips)
Seat 5: perten ($45.26 in chips)
perten: posts small blind $1
Mordnilap: posts big blind $3
*** HOLE CARDS ***
perten: folds
Uncalled bet ($2) returned to Mordnilap
Mordnilap collected $2 from pot
Mordnilap: doesn't show hand
*** SUMMARY ***
Total pot $2 | Rake $0
Seat 4: Mordnilap (big blind) collected ($2)
Seat 5: perten (button) (small blind) folded before Flop


PokerStars Hand #147085791314:  Hold'em Limit ($3/$6 USD) - 2016/01/15 12:43:40 ET
Table 'Bouzareah II' 6-max Seat #4 is the button
Seat 4: Mordnilap ($140.30 in chips)
Seat 5: perten ($48.26 in chips)
Mordnilap: posts small blind $1
perten: posts big blind $3
*** HOLE CARDS ***
Mordnilap: raises $3 to $6
perten: folds
Uncalled bet ($3) returned to Mordnilap
Mordnilap collected $6 from pot
Mordnilap: doesn't show hand
*** SUMMARY ***
Total pot $6 | Rake $0
Seat 4: Mordnilap (button) (small blind) collected ($6)
Seat 5: perten (big blind) folded before Flop


PokerStars Hand #147085770039:  Hold'em Limit ($3/$6 USD) - 2016/01/15 12:43:17 ET
Table 'Bouzareah II' 6-max Seat #5 is the button
Seat 4: Mordnilap ($116.80 in chips)
Seat 5: perten ($72.26 in chips)
perten: posts small blind $1
Mordnilap: posts big blind $3
*** HOLE CARDS ***
perten: raises $3 to $6
Mordnilap: calls $3
*** FLOP *** [9s Qh 5c]
Mordnilap: checks
perten: bets $3
Mordnilap: raises $3 to $6
perten: calls $3
*** TURN *** [9s Qh 5c] [2s]
Mordnilap: bets $6
perten: calls $6
*** RIVER *** [9s Qh 5c 2s] [Tc]
Mordnilap: bets $6
perten: calls $6
*** SHOW DOWN ***
Mordnilap: shows [9h 2h] (two pair, Nines and Deuces)
perten: mucks hand
Mordnilap collected $47.50 from pot
*** SUMMARY ***
Total pot $48 | Rake $0.50
Board [9s Qh 5c 2s Tc]
Seat 4: Mordnilap (big blind) showed [9h 2h] and won ($47.50) with two pair, Nines and Deuces
Seat 5: perten (button) (small blind) mucked


PokerStars Hand #147085873609:  Hold'em Limit ($3/$6 USD) - 2016/01/15 12:45:10 ET
Table 'Bouzareah II' 6-max Seat #4 is the button
Seat 4: Mordnilap ($115.05 in chips)
Seat 5: perten ($72.27 in chips)
Mordnilap: posts small blind $1
perten: posts big blind $3
*** HOLE CARDS ***
Mordnilap: raises $3 to $6
perten: calls $3
*** FLOP *** [9h 4h Td]
perten: checks
Mordnilap: bets $3
perten: folds
Uncalled bet ($3) returned to Mordnilap
Mordnilap collected $11.76 from pot
Mordnilap: doesn't show hand
*** SUMMARY ***
Total pot $12 | Rake $0.24
Board [9h 4h Td]
Seat 4: Mordnilap (button) (small blind) collected ($11.76)
Seat 5: perten (big blind) folded on the Flop


PokerStars Hand #147085848774:  Hold'em Limit ($3/$6 USD) - 2016/01/15 12:44:43 ET
Table 'Bouzareah II' 6-max Seat #5 is the button
Seat 4: Mordnilap ($121.05 in chips)
Seat 5: perten ($66.51 in chips)
perten: posts small blind $1
Mordnilap: posts big blind $3
*** HOLE CARDS ***
perten: raises $3 to $6
Mordnilap: calls $3
*** FLOP *** [9h Qc 5h]
Mordnilap: checks
perten: checks
*** TURN *** [9h Qc 5h] [4c]
Mordnilap: checks
perten: checks
*** RIVER *** [9h Qc 5h 4c] [8d]
Mordnilap: checks
perten: checks
*** SHOW DOWN ***
Mordnilap: shows [6c Td] (high card Queen)
perten: shows [Jd Kd] (high card King)
perten collected $11.76 from pot
*** SUMMARY ***
Total pot $12 | Rake $0.24
Board [9h Qc 5h 4c 8d]
Seat 4: Mordnilap (big blind) showed [6c Td] and lost with high card Queen
Seat 5: perten (button) (small blind) showed [Jd Kd] and won ($11.76) with high card King


PokerStars Hand #147085827467:  Hold'em Limit ($3/$6 USD) - 2016/01/15 12:44:20 ET
Table 'Bouzareah II' 6-max Seat #4 is the button
Seat 4: Mordnilap ($145.05 in chips)
Seat 5: perten ($43.01 in chips)
Mordnilap: posts small blind $1
perten: posts big blind $3
*** HOLE CARDS ***
Mordnilap: raises $3 to $6
perten: raises $3 to $9
Mordnilap: calls $3
*** FLOP *** [5h 4s 7d]
perten: bets $3
Mordnilap: calls $3
*** TURN *** [5h 4s 7d] [Kc]
perten: bets $6
Mordnilap: calls $6
*** RIVER *** [5h 4s 7d Kc] [Tc]
perten: bets $6
Mordnilap: calls $6
*** SHOW DOWN ***
perten: shows [Kd Ac] (a pair of Kings)
Mordnilap: mucks hand
perten collected $47.50 from pot
*** SUMMARY ***
Total pot $48 | Rake $0.50
Board [5h 4s 7d Kc Tc]
Seat 4: Mordnilap (button) (small blind) mucked
Seat 5: perten (big blind) showed [Kd Ac] and won ($47.50) with a pair of Kings


PokerStars Hand #147085920961:  Hold'em Limit ($3/$6 USD) - 2016/01/15 12:46:01 ET
Table 'Bouzareah II' 6-max Seat #4 is the button
Seat 4: Mordnilap ($99.81 in chips)
Seat 5: perten ($86.77 in chips)
Mordnilap: posts small blind $1
perten: posts big blind $3
*** HOLE CARDS ***
Mordnilap: raises $3 to $6
perten: raises $3 to $9
Mordnilap: calls $3
*** FLOP *** [2d 9h Th]
perten: bets $3
Mordnilap: calls $3
*** TURN *** [2d 9h Th] [7c]
perten: bets $6
Mordnilap: calls $6
*** RIVER *** [2d 9h Th 7c] [Jh]
perten: checks
Mordnilap: checks
*** SHOW DOWN ***
perten: shows [Td Ah] (a pair of Tens)
Mordnilap: mucks hand
perten collected $35.50 from pot
*** SUMMARY ***
Total pot $36 | Rake $0.50
Board [2d 9h Th 7c Jh]
Seat 4: Mordnilap (button) (small blind) mucked
Seat 5: perten (big blind) showed [Td Ah] and won ($35.50) with a pair of Tens


PokerStars Hand #147085955721:  Hold'em Limit ($3/$6 USD) - 2016/01/15 12:46:39 ET
Table 'Bouzareah II' 6-max Seat #4 is the button
Seat 4: Mordnilap ($93.33 in chips)
Seat 5: perten ($92.27 in chips)
Mordnilap: posts small blind $1
perten: posts big blind $3
*** HOLE CARDS ***
Mordnilap: raises $3 to $6
perten: folds
Uncalled bet ($3) returned to Mordnilap
Mordnilap collected $6 from pot
Mordnilap: doesn't show hand
*** SUMMARY ***
Total pot $6 | Rake $0
Seat 4: Mordnilap (button) (small blind) collected ($6)
Seat 5: perten (big blind) folded before Flop


PokerStars Hand #147085940178:  Hold'em Limit ($3/$6 USD) - 2016/01/15 12:46:22 ET
Table 'Bouzareah II' 6-max Seat #5 is the button
Seat 4: Mordnilap ($81.81 in chips)
Seat 5: perten ($104.27 in chips)
perten: posts small blind $1
Mordnilap: posts big blind $3
*** HOLE CARDS ***
perten: raises $3 to $6
Mordnilap: calls $3
*** FLOP *** [2c 9s 2s]
Mordnilap: checks
perten: bets $3
Mordnilap: raises $3 to $6
perten: calls $3
*** TURN *** [2c 9s 2s] [Tc]
Mordnilap: bets $6
perten: folds
Uncalled bet ($6) returned to Mordnilap
Mordnilap collected $23.52 from pot
Mordnilap: doesn't show hand
*** SUMMARY ***
Total pot $24 | Rake $0.48
Board [2c 9s 2s Tc]
Seat 4: Mordnilap (big blind) collected ($23.52)
Seat 5: perten (button) (small blind) folded on the Turn


PokerStars Hand #147085893236:  Hold'em Limit ($3/$6 USD) - 2016/01/15 12:45:31 ET
Table 'Bouzareah II' 6-max Seat #5 is the button
Seat 4: Mordnilap ($120.81 in chips)
Seat 5: perten ($66.27 in chips)
perten: posts small blind $1
Mordnilap: posts big blind $3
*** HOLE CARDS ***
perten: raises $3 to $6
Mordnilap: calls $3
*** FLOP *** [7s 6s 6d]
Mordnilap: checks
perten: bets $3
Mordnilap: calls $3
*** TURN *** [7s 6s 6d] [3s]
Mordnilap: checks
perten: bets $6
Mordnilap: calls $6
*** RIVER *** [7s 6s 6d 3s] [Jd]
Mordnilap: checks
perten: bets $6
Mordnilap: calls $6
*** SHOW DOWN ***
perten: shows [6h Ac] (three of a kind, Sixes)
Mordnilap: mucks hand
perten collected $41.50 from pot
*** SUMMARY ***
Total pot $42 | Rake $0.50
Board [7s 6s 6d 3s Jd]
Seat 4: Mordnilap (big blind) mucked
Seat 5: perten (button) (small blind) showed [6h Ac] and won ($41.50) with three of a kind, Sixes


PokerStars Hand #147085960821:  Hold'em Limit ($3/$6 USD) - 2016/01/15 12:46:44 ET
Table 'Bouzareah II' 6-max Seat #5 is the button
Seat 4: Mordnilap ($96.33 in chips)
Seat 5: perten ($89.27 in chips)
perten: posts small blind $1
Mordnilap: posts big blind $3
*** HOLE CARDS ***
perten: raises $3 to $6
Mordnilap: calls $3
*** FLOP *** [9c 3s Qd]
Mordnilap: checks
perten: bets $3
Mordnilap: raises $3 to $6
perten: calls $3
*** TURN *** [9c 3s Qd] [4d]
Mordnilap: bets $6
perten: folds
Uncalled bet ($6) returned to Mordnilap
Mordnilap collected $23.52 from pot
Mordnilap: doesn't show hand
*** SUMMARY ***
Total pot $24 | Rake $0.48
Board [9c 3s Qd 4d]
Seat 4: Mordnilap (big blind) collected ($23.52)
Seat 5: perten (button) (small blind) folded on the Turn


PokerStars Hand #147085980003:  Hold'em Limit ($3/$6 USD) - 2016/01/15 12:47:04 ET
Table 'Bouzareah II' 6-max Seat #4 is the button
Seat 4: Mordnilap ($107.85 in chips)
Seat 5: perten ($77.27 in chips)
Mordnilap: posts small blind $1
perten: posts big blind $3
*** HOLE CARDS ***
ucenicul joins the table at seat #6
Mordnilap: raises $3 to $6
perten: calls $3
*** FLOP *** [2s 4c 7s]
perten: bets $3
Mordnilap: calls $3
*** TURN *** [2s 4c 7s] [3c]
perten: bets $6
Mordnilap: calls $6
*** RIVER *** [2s 4c 7s 3c] [Jc]
perten: bets $6
Mordnilap: calls $6
*** SHOW DOWN ***
perten: shows [2c 6c] (a flush, Jack high)
Mordnilap: mucks hand
perten collected $41.50 from pot
*** SUMMARY ***
Total pot $42 | Rake $0.50
Board [2s 4c 7s 3c Jc]
Seat 4: Mordnilap (button) (small blind) mucked
Seat 5: perten (big blind) showed [2c 6c] and won ($41.50) with a flush, Jack high


PokerStars Hand #147086714415:  Hold'em Limit ($3/$6 USD) - 2016/01/15 13:00:40 ET
Table 'Bouzareah II' 6-max Seat #2 is the button
Seat 2: bodo1444 ($169.20 in chips)
Seat 6: ucenicul ($79.59 in chips)
bodo1444: posts small blind $1
ucenicul: posts big blind $3
*** HOLE CARDS ***
bodo1444: folds
Uncalled bet ($2) returned to ucenicul
ucenicul collected $2 from pot
ucenicul: doesn't show hand
*** SUMMARY ***
Total pot $2 | Rake $0
Seat 2: bodo1444 (button) (small blind) folded before Flop
Seat 6: ucenicul (big blind) collected ($2)


PokerStars Hand #147086709703:  Hold'em Limit ($3/$6 USD) - 2016/01/15 13:00:34 ET
Table 'Bouzareah II' 6-max Seat #6 is the button
Seat 2: bodo1444 ($168.20 in chips)
Seat 6: ucenicul ($80.59 in chips)
ucenicul: posts small blind $1
bodo1444: posts big blind $3
*** HOLE CARDS ***
ucenicul: folds
Uncalled bet ($2) returned to bodo1444
gussi5 leaves the table
bodo1444 collected $2 from pot
bodo1444: doesn't show hand
*** SUMMARY ***
Total pot $2 | Rake $0
Seat 2: bodo1444 (big blind) collected ($2)
Seat 6: ucenicul (button) (small blind) folded before Flop


