PokerStars Hand #174123201396:  Hold'em Limit ($3/$6 USD) - 2017/08/09 13:56:06 ET
Table 'Bouzareah' 6-max Seat #3 is the button
Seat 3: hairy1961 ($50 in chips)
Seat 5: krytalex ($120 in chips)
hairy1961: posts small blind $1
krytalex: posts big blind $3
*** HOLE CARDS ***
vestimokrec joins the table at seat #4
hairy1961: calls $2
krytalex: raises $3 to $6
hairy1961: calls $3
*** FLOP *** [2h 7s Td]
krytalex: bets $3
hairy1961: calls $3
*** TURN *** [2h 7s Td] [8s]
Pelurile joins the table at seat #6
krytalex: bets $6
hairy1961: calls $6
*** RIVER *** [2h 7s Td 8s] [8d]
krytalex: bets $6
hairy1961: raises $6 to $12
krytalex: calls $6
*** SHOW DOWN ***
hairy1961: shows [Qd 6d] (a pair of Eights)
krytalex: shows [Ts 9c] (two pair, Tens and Eights)
krytalex collected $53.50 from pot
*** SUMMARY ***
Total pot $54 | Rake $0.50
Board [2h 7s Td 8s 8d]
Seat 3: hairy1961 (button) (small blind) showed [Qd 6d] and lost with a pair of Eights
Seat 5: krytalex (big blind) showed [Ts 9c] and won ($53.50) with two pair, Tens and Eights


PokerStars Hand #174126987738:  Hold'em Limit ($3/$6 USD) - 2017/08/09 15:26:06 ET
Table 'Bouzareah' 6-max Seat #2 is the button
Seat 2: aleks_4ym ($182.12 in chips)
Seat 5: krytalex ($83.25 in chips)
aleks_4ym: posts small blind $1
tgif2010: is sitting out
krytalex: posts big blind $3
*** HOLE CARDS ***
aleks_4ym: raises $3 to $6
vestimokrec leaves the table
krytalex: calls $3
*** FLOP *** [6d Ac Js]
krytalex: checks
aleks_4ym: bets $3
krytalex: folds
Uncalled bet ($3) returned to aleks_4ym
aleks_4ym collected $11.76 from pot
aleks_4ym: doesn't show hand
*** SUMMARY ***
Total pot $12 | Rake $0.24
Board [6d Ac Js]
Seat 2: aleks_4ym (button) (small blind) collected ($11.76)
Seat 5: krytalex (big blind) folded on the Flop


PokerStars Hand #174135423599:  Hold'em Limit ($3/$6 USD) - 2017/08/09 18:41:08 ET
Table 'Bouzareah' 6-max Seat #5 is the button
Seat 3: Great_Kang ($165.88 in chips)
Seat 5: krytalex ($81.43 in chips)
krytalex: posts small blind $1
Luanto 14: is sitting out
Great_Kang: posts big blind $3
*** HOLE CARDS ***
krytalex: raises $3 to $6
Great_Kang: calls $3
*** FLOP *** [Qh Ah 8d]
Great_Kang: checks
krytalex: bets $3
Great_Kang: folds
Uncalled bet ($3) returned to krytalex
krytalex collected $11.76 from pot
*** SUMMARY ***
Total pot $12 | Rake $0.24
Board [Qh Ah 8d]
Seat 3: Great_Kang (big blind) folded on the Flop
Seat 5: krytalex (button) (small blind) collected ($11.76)


PokerStars Hand #174135441896:  Hold'em Limit ($3/$6 USD) - 2017/08/09 18:41:38 ET
Table 'Bouzareah' 6-max Seat #3 is the button
Seat 3: Great_Kang ($159.88 in chips)
Seat 5: krytalex ($87.19 in chips)
Great_Kang: posts small blind $1
krytalex: posts big blind $3
*** HOLE CARDS ***
Great_Kang: raises $3 to $6
krytalex: calls $3
*** FLOP *** [8s 9c 7d]
krytalex: checks
Great_Kang: bets $3
krytalex has timed out
krytalex: folds
Uncalled bet ($3) returned to Great_Kang
Great_Kang collected $11.76 from pot
Great_Kang: doesn't show hand
*** SUMMARY ***
Total pot $12 | Rake $0.24
Board [8s 9c 7d]
Seat 3: Great_Kang (button) (small blind) collected ($11.76)
Seat 5: krytalex (big blind) folded on the Flop


