PokerStars Hand #159775940499:  Hold'em Limit ($3/$6 USD) - 2016/10/11 6:38:23 ET
Table 'Bowell' 6-max Seat #6 is the button
Seat 5: TinaTurner72 ($120 in chips)
Seat 6: crybaby000 ($120 in chips)
crybaby000: posts small blind $1
TinaTurner72: posts big blind $3
*** HOLE CARDS ***
crybaby000: calls $2
TinaTurner72: raises $3 to $6
crybaby000: calls $3
*** FLOP *** [8s 9s Js]
TinaTurner72: checks
crybaby000: checks
*** TURN *** [8s 9s Js] [3d]
TinaTurner72: checks
crybaby000: bets $6
Psynto joins the table at seat #1
TinaTurner72: folds
Uncalled bet ($6) returned to crybaby000
crybaby000 collected $11.76 from pot
crybaby000: doesn't show hand
*** SUMMARY ***
Total pot $12 | Rake $0.24
Board [8s 9s Js 3d]
Seat 5: TinaTurner72 (big blind) folded on the Turn
Seat 6: crybaby000 (button) (small blind) collected ($11.76)


PokerStars Hand #159775955594:  Hold'em Limit ($3/$6 USD) - 2016/10/11 6:38:58 ET
Table 'Bowell' 6-max Seat #5 is the button
Seat 5: TinaTurner72 ($114 in chips)
Seat 6: crybaby000 ($125.76 in chips)
TinaTurner72: posts small blind $1
crybaby000: posts big blind $3
*** HOLE CARDS ***
TinaTurner72: raises $3 to $6
crybaby000: calls $3
*** FLOP *** [4h Js 3c]
crybaby000: checks
TinaTurner72: bets $3
crybaby000: raises $3 to $6
TinaTurner72: calls $3
*** TURN *** [4h Js 3c] [Ks]
crybaby000: checks
TinaTurner72: checks
*** RIVER *** [4h Js 3c Ks] [Jh]
crybaby000: bets $6
Hannibal2211 joins the table at seat #2
TinaTurner72: folds
Uncalled bet ($6) returned to crybaby000
crybaby000 collected $23.52 from pot
crybaby000: doesn't show hand
*** SUMMARY ***
Total pot $24 | Rake $0.48
Board [4h Js 3c Ks Jh]
Seat 5: TinaTurner72 (button) (small blind) folded on the River
Seat 6: crybaby000 (big blind) collected ($23.52)


PokerStars Hand #159775994589:  Hold'em Limit ($3/$6 USD) - 2016/10/11 6:40:28 ET
Table 'Bowell' 6-max Seat #1 is the button
Seat 1: Psynto ($73 in chips)
Seat 6: crybaby000 ($132.28 in chips)
Psynto: posts small blind $1
Hannibal2211: is sitting out
crybaby000: posts big blind $3
*** HOLE CARDS ***
Psynto: raises $3 to $6
crybaby000: raises $3 to $9
Psynto: calls $3
*** FLOP *** [2s 9c Js]
crybaby000: checks
Psynto: checks
*** TURN *** [2s 9c Js] [5d]
crybaby000: bets $6
Psynto: folds
Uncalled bet ($6) returned to crybaby000
crybaby000 collected $17.64 from pot
crybaby000: doesn't show hand
*** SUMMARY ***
Total pot $18 | Rake $0.36
Board [2s 9c Js 5d]
Seat 1: Psynto (button) (small blind) folded on the Turn
Seat 6: crybaby000 (big blind) collected ($17.64)


PokerStars Hand #159776005008:  Hold'em Limit ($3/$6 USD) - 2016/10/11 6:40:53 ET
Table 'Bowell' 6-max Seat #6 is the button
Seat 1: Psynto ($72 in chips)
Seat 6: crybaby000 ($140.92 in chips)
crybaby000: posts small blind $1
Psynto: posts big blind $3
*** HOLE CARDS ***
crybaby000: raises $3 to $6
Psynto: raises $3 to $9
crybaby000: calls $3
*** FLOP *** [Ks Jd Tc]
Psynto: bets $3
crybaby000: calls $3
*** TURN *** [Ks Jd Tc] [5c]
Psynto: bets $6
crybaby000: calls $6
*** RIVER *** [Ks Jd Tc 5c] [4s]
Psynto: checks
crybaby000: checks
*** SHOW DOWN ***
Psynto: shows [7d 7s] (a pair of Sevens)
crybaby000: mucks hand
Psynto collected $35.50 from pot
*** SUMMARY ***
Total pot $36 | Rake $0.50
Board [Ks Jd Tc 5c 4s]
Seat 1: Psynto (big blind) showed [7d 7s] and won ($35.50) with a pair of Sevens
Seat 6: crybaby000 (button) (small blind) mucked


PokerStars Hand #159779383354:  Hold'em Limit ($3/$6 USD) - 2016/10/11 8:39:59 ET
Table 'Bowell' 6-max Seat #5 is the button
Seat 1: bangolfaren ($267.04 in chips)
Seat 5: Hi Im Alexey ($78.43 in chips)
Hi Im Alexey: posts small blind $1
vestimokrec: is sitting out
bangolfaren: posts big blind $3
*** HOLE CARDS ***
vestimokrec leaves the table
Hi Im Alexey: raises $3 to $6
bangolfaren: raises $3 to $9
Hi Im Alexey: calls $3
*** FLOP *** [Js 7d Kc]
bangolfaren: bets $3
Hi Im Alexey: calls $3
*** TURN *** [Js 7d Kc] [4c]
bangolfaren: checks
Hi Im Alexey: bets $6
bangolfaren: calls $6
*** RIVER *** [Js 7d Kc 4c] [3d]
bangolfaren: checks
Hi Im Alexey: bets $6
bangolfaren: calls $6
*** SHOW DOWN ***
Hi Im Alexey: shows [7h 9c] (a pair of Sevens)
bangolfaren: shows [8s 8c] (a pair of Eights)
bangolfaren collected $47.50 from pot
*** SUMMARY ***
Total pot $48 | Rake $0.50
Board [Js 7d Kc 4c 3d]
Seat 1: bangolfaren (big blind) showed [8s 8c] and won ($47.50) with a pair of Eights
Seat 5: Hi Im Alexey (button) (small blind) showed [7h 9c] and lost with a pair of Sevens


