PokerStars Hand #159618355229:  Hold'em Limit ($3/$6 USD) - 2016/10/07 18:36:35 ET
Table 'Bowell II' 6-max Seat #2 is the button
Seat 2: remeks ($697.83 in chips)
Seat 3: Chessnok ($206.64 in chips)
remeks: posts small blind $1
Chessnok: posts big blind $3
*** HOLE CARDS ***
remeks: folds
Uncalled bet ($2) returned to Chessnok
Chessnok collected $2 from pot
Chessnok: doesn't show hand
*** SUMMARY ***
Total pot $2 | Rake $0
Seat 2: remeks (button) (small blind) folded before Flop
Seat 3: Chessnok (big blind) collected ($2)


PokerStars Hand #159618359693:  Hold'em Limit ($3/$6 USD) - 2016/10/07 18:36:42 ET
Table 'Bowell II' 6-max Seat #3 is the button
Seat 2: remeks ($696.83 in chips)
Seat 3: Chessnok ($207.64 in chips)
Chessnok: posts small blind $1
remeks: posts big blind $3
*** HOLE CARDS ***
Chessnok: raises $3 to $6
remeks: calls $3
*** FLOP *** [Td 4s 8c]
remeks: checks
Chessnok: bets $3
remeks: raises $3 to $6
Chessnok: calls $3
*** TURN *** [Td 4s 8c] [Js]
remeks: checks
Chessnok: checks
*** RIVER *** [Td 4s 8c Js] [3c]
remeks: bets $6
Chessnok: calls $6
*** SHOW DOWN ***
remeks: shows [2c Ah] (high card Ace)
Chessnok: shows [Kd 4h] (a pair of Fours)
Chessnok collected $35.50 from pot
*** SUMMARY ***
Total pot $36 | Rake $0.50
Board [Td 4s 8c Js 3c]
Seat 2: remeks (big blind) showed [2c Ah] and lost with high card Ace
Seat 3: Chessnok (button) (small blind) showed [Kd 4h] and won ($35.50) with a pair of Fours


PokerStars Hand #159618352106:  Hold'em Limit ($3/$6 USD) - 2016/10/07 18:36:31 ET
Table 'Bowell II' 6-max Seat #3 is the button
Seat 2: remeks ($700.83 in chips)
Seat 3: Chessnok ($203.64 in chips)
Chessnok: posts small blind $1
remeks: posts big blind $3
*** HOLE CARDS ***
Chessnok: raises $3 to $6
remeks: folds
Uncalled bet ($3) returned to Chessnok
Chessnok collected $6 from pot
Chessnok: doesn't show hand
*** SUMMARY ***
Total pot $6 | Rake $0
Seat 2: remeks (big blind) folded before Flop
Seat 3: Chessnok (button) (small blind) collected ($6)


PokerStars Hand #159618386299:  Hold'em Limit ($3/$6 USD) - 2016/10/07 18:37:21 ET
Table 'Bowell II' 6-max Seat #3 is the button
Seat 2: remeks ($654.83 in chips)
Seat 3: Chessnok ($248.64 in chips)
Chessnok: posts small blind $1
remeks: posts big blind $3
*** HOLE CARDS ***
Chessnok: folds
Uncalled bet ($2) returned to remeks
remeks collected $2 from pot
remeks: doesn't show hand
Siwy56 joins the table at seat #1
*** SUMMARY ***
Total pot $2 | Rake $0
Seat 2: remeks (big blind) collected ($2)
Seat 3: Chessnok (button) (small blind) folded before Flop


PokerStars Hand #159618372543:  Hold'em Limit ($3/$6 USD) - 2016/10/07 18:37:01 ET
Table 'Bowell II' 6-max Seat #2 is the button
Seat 2: remeks ($678.83 in chips)
Seat 3: Chessnok ($225.14 in chips)
remeks: posts small blind $1
Chessnok: posts big blind $3
*** HOLE CARDS ***
remeks: raises $3 to $6
Chessnok: raises $3 to $9
remeks: calls $3
*** FLOP *** [3h 2s Tc]
Chessnok: bets $3
remeks: raises $3 to $6
Chessnok: raises $3 to $9
remeks: calls $3
*** TURN *** [3h 2s Tc] [9d]
Chessnok: bets $6
remeks: calls $6
*** RIVER *** [3h 2s Tc 9d] [As]
Chessnok: checks
remeks: checks
*** SHOW DOWN ***
Chessnok: shows [Ks Kh] (a pair of Kings)
remeks: mucks hand
Chessnok collected $47.50 from pot
*** SUMMARY ***
Total pot $48 | Rake $0.50
Board [3h 2s Tc 9d As]
Seat 2: remeks (button) (small blind) mucked
Seat 3: Chessnok (big blind) showed [Ks Kh] and won ($47.50) with a pair of Kings


PokerStars Hand #159618389002:  Hold'em Limit ($3/$6 USD) - 2016/10/07 18:37:26 ET
Table 'Bowell II' 6-max Seat #2 is the button
Seat 2: remeks ($655.83 in chips)
Seat 3: Chessnok ($247.64 in chips)
remeks: posts small blind $1
Chessnok: posts big blind $3
*** HOLE CARDS ***
remeks: raises $3 to $6
Chessnok: folds
Uncalled bet ($3) returned to remeks
remeks collected $6 from pot
remeks: doesn't show hand
*** SUMMARY ***
Total pot $6 | Rake $0
Seat 2: remeks (button) (small blind) collected ($6)
Seat 3: Chessnok (big blind) folded before Flop


PokerStars Hand #159618754104:  Hold'em Limit ($3/$6 USD) - 2016/10/07 18:46:26 ET
Table 'Bowell II' 6-max Seat #4 is the button
Seat 2: remeks ($659.23 in chips)
Seat 4: ToDaFelt ($161.34 in chips)
ToDaFelt: posts small blind $1
remeks: posts big blind $3
*** HOLE CARDS ***
ToDaFelt: raises $3 to $6
remeks: calls $3
*** FLOP *** [Kc As Kh]
remeks: checks
ToDaFelt: bets $3
remeks: folds
Uncalled bet ($3) returned to ToDaFelt
ToDaFelt collected $11.76 from pot
ToDaFelt: doesn't show hand
*** SUMMARY ***
Total pot $12 | Rake $0.24
Board [Kc As Kh]
Seat 2: remeks (big blind) folded on the Flop
Seat 4: ToDaFelt (button) (small blind) collected ($11.76)


PokerStars Hand #159618763473:  Hold'em Limit ($3/$6 USD) - 2016/10/07 18:46:39 ET
Table 'Bowell II' 6-max Seat #2 is the button
Seat 2: remeks ($653.23 in chips)
Seat 4: ToDaFelt ($167.10 in chips)
remeks: posts small blind $1
ToDaFelt: posts big blind $3
*** HOLE CARDS ***
remeks: raises $3 to $6
ToDaFelt: calls $3
*** FLOP *** [8s 5c 5d]
ToDaFelt: checks
remeks: bets $3
ToDaFelt: raises $3 to $6
remeks: calls $3
*** TURN *** [8s 5c 5d] [7h]
ToDaFelt: bets $6
remeks: calls $6
*** RIVER *** [8s 5c 5d 7h] [As]
ToDaFelt: checks
remeks: checks
*** SHOW DOWN ***
ToDaFelt: shows [2h 5h] (three of a kind, Fives)
remeks: mucks hand
ToDaFelt collected $35.50 from pot
*** SUMMARY ***
Total pot $36 | Rake $0.50
Board [8s 5c 5d 7h As]
Seat 2: remeks (button) (small blind) mucked
Seat 4: ToDaFelt (big blind) showed [2h 5h] and won ($35.50) with three of a kind, Fives


PokerStars Hand #159618729820:  Hold'em Limit ($3/$6 USD) - 2016/10/07 18:45:51 ET
Table 'Bowell II' 6-max Seat #2 is the button
Seat 2: remeks ($635.73 in chips)
Seat 4: ToDaFelt ($185.34 in chips)
remeks: posts small blind $1
Chessnok: is sitting out
ToDaFelt: posts big blind $3
*** HOLE CARDS ***
remeks: raises $3 to $6
Chessnok leaves the table
ToDaFelt: calls $3
*** FLOP *** [Qh 3h 5s]
ToDaFelt: checks
remeks: bets $3
ToDaFelt: raises $3 to $6
remeks: calls $3
*** TURN *** [Qh 3h 5s] [6h]
ToDaFelt: bets $6
remeks: calls $6
*** RIVER *** [Qh 3h 5s 6h] [Kd]
ToDaFelt: bets $6
remeks: calls $6
*** SHOW DOWN ***
ToDaFelt: shows [Tc 8h] (high card King)
remeks: shows [5d 8d] (a pair of Fives)
remeks collected $47.50 from pot
*** SUMMARY ***
Total pot $48 | Rake $0.50
Board [Qh 3h 5s 6h Kd]
Seat 2: remeks (button) (small blind) showed [5d 8d] and won ($47.50) with a pair of Fives
Seat 4: ToDaFelt (big blind) showed [Tc 8h] and lost with high card King


PokerStars Hand #159618800638:  Hold'em Limit ($3/$6 USD) - 2016/10/07 18:47:32 ET
Table 'Bowell II' 6-max Seat #4 is the button
Seat 2: remeks ($631.98 in chips)
Seat 4: ToDaFelt ($187.35 in chips)
ToDaFelt: posts small blind $1
remeks: posts big blind $3
*** HOLE CARDS ***
ToDaFelt: raises $3 to $6
remeks: raises $3 to $9
ToDaFelt: calls $3
*** FLOP *** [7c 5d Td]
remeks: bets $3
ToDaFelt: raises $3 to $6
remeks: calls $3
*** TURN *** [7c 5d Td] [Qs]
remeks: checks
ToDaFelt: bets $6
remeks: calls $6
*** RIVER *** [7c 5d Td Qs] [2h]
remeks: checks
ToDaFelt: bets $6
remeks: calls $6
*** SHOW DOWN ***
ToDaFelt: shows [5h Tc] (two pair, Tens and Fives)
remeks: mucks hand
ToDaFelt collected $53.50 from pot
*** SUMMARY ***
Total pot $54 | Rake $0.50
Board [7c 5d Td Qs 2h]
Seat 2: remeks (big blind) mucked
Seat 4: ToDaFelt (button) (small blind) showed [5h Tc] and won ($53.50) with two pair, Tens and Fives


PokerStars Hand #159618788588:  Hold'em Limit ($3/$6 USD) - 2016/10/07 18:47:15 ET
Table 'Bowell II' 6-max Seat #2 is the button
Seat 2: remeks ($632.23 in chips)
Seat 4: ToDaFelt ($187.60 in chips)
remeks: posts small blind $1
ToDaFelt: posts big blind $3
*** HOLE CARDS ***
remeks: calls $2
ToDaFelt: checks
*** FLOP *** [3s 6h Kc]
ToDaFelt: bets $3
remeks: calls $3
*** TURN *** [3s 6h Kc] [7h]
ToDaFelt: bets $6
remeks: calls $6
*** RIVER *** [3s 6h Kc 7h] [3d]
ToDaFelt: bets $6
remeks: raises $6 to $12
ToDaFelt: calls $6
*** SHOW DOWN ***
remeks: shows [Kd 5h] (two pair, Kings and Threes)
ToDaFelt: shows [5d Kh] (two pair, Kings and Threes)
ToDaFelt collected $23.75 from pot
remeks collected $23.75 from pot
*** SUMMARY ***
Total pot $48 | Rake $0.50
Board [3s 6h Kc 7h 3d]
Seat 2: remeks (button) (small blind) showed [Kd 5h] and won ($23.75) with two pair, Kings and Threes
Seat 4: ToDaFelt (big blind) showed [5d Kh] and won ($23.75) with two pair, Kings and Threes


PokerStars Hand #159618784573:  Hold'em Limit ($3/$6 USD) - 2016/10/07 18:47:09 ET
Table 'Bowell II' 6-max Seat #4 is the button
Seat 2: remeks ($635.23 in chips)
Seat 4: ToDaFelt ($184.60 in chips)
ToDaFelt: posts small blind $1
remeks: posts big blind $3
*** HOLE CARDS ***
ToDaFelt: raises $3 to $6
remeks: folds
Uncalled bet ($3) returned to ToDaFelt
ToDaFelt collected $6 from pot
ToDaFelt: doesn't show hand
*** SUMMARY ***
Total pot $6 | Rake $0
Seat 2: remeks (big blind) folded before Flop
Seat 4: ToDaFelt (button) (small blind) collected ($6)


PokerStars Hand #159618832030:  Hold'em Limit ($3/$6 USD) - 2016/10/07 18:48:17 ET
Table 'Bowell II' 6-max Seat #4 is the button
Seat 2: remeks ($574.98 in chips)
Seat 4: ToDaFelt ($243.35 in chips)
ToDaFelt: posts small blind $1
remeks: posts big blind $3
*** HOLE CARDS ***
ToDaFelt: raises $3 to $6
remeks: calls $3
*** FLOP *** [9h Kd 6d]
remeks: checks
ToDaFelt: bets $3
remeks: folds
Uncalled bet ($3) returned to ToDaFelt
Zooshark joins the table at seat #3
ToDaFelt collected $11.76 from pot
ToDaFelt: doesn't show hand
*** SUMMARY ***
Total pot $12 | Rake $0.24
Board [9h Kd 6d]
Seat 2: remeks (big blind) folded on the Flop
Seat 4: ToDaFelt (button) (small blind) collected ($11.76)


PokerStars Hand #159618815149:  Hold'em Limit ($3/$6 USD) - 2016/10/07 18:47:53 ET
Table 'Bowell II' 6-max Seat #2 is the button
Seat 2: remeks ($604.98 in chips)
Seat 4: ToDaFelt ($213.85 in chips)
remeks: posts small blind $1
ToDaFelt: posts big blind $3
*** HOLE CARDS ***
remeks: raises $3 to $6
ToDaFelt: raises $3 to $9
remeks: raises $3 to $12
Betting is capped
ToDaFelt: calls $3
*** FLOP *** [Ac 7h Qs]
ToDaFelt: bets $3
remeks: raises $3 to $6
ToDaFelt: calls $3
*** TURN *** [Ac 7h Qs] [3s]
ToDaFelt: checks
remeks: bets $6
ToDaFelt: calls $6
*** RIVER *** [Ac 7h Qs 3s] [2h]
ToDaFelt: checks
remeks: bets $6
ToDaFelt: calls $6
*** SHOW DOWN ***
remeks: shows [Qh 8s] (a pair of Queens)
ToDaFelt: shows [Ah 8d] (a pair of Aces)
ToDaFelt collected $59.50 from pot
*** SUMMARY ***
Total pot $60 | Rake $0.50
Board [Ac 7h Qs 3s 2h]
Seat 2: remeks (button) (small blind) showed [Qh 8s] and lost with a pair of Queens
Seat 4: ToDaFelt (big blind) showed [Ah 8d] and won ($59.50) with a pair of Aces


PokerStars Hand #159618886031:  Hold'em Limit ($3/$6 USD) - 2016/10/07 18:49:36 ET
Table 'Bowell II' 6-max Seat #3 is the button
Seat 3: Zooshark ($88 in chips)
Seat 4: ToDaFelt ($280.25 in chips)
Zooshark: posts small blind $1
ToDaFelt: posts big blind $3
*** HOLE CARDS ***
Zooshark: folds
Uncalled bet ($2) returned to ToDaFelt
ToDaFelt collected $2 from pot
ToDaFelt: doesn't show hand
*** SUMMARY ***
Total pot $2 | Rake $0
Seat 3: Zooshark (button) (small blind) folded before Flop
Seat 4: ToDaFelt (big blind) collected ($2)


PokerStars Hand #159618868815:  Hold'em Limit ($3/$6 USD) - 2016/10/07 18:49:11 ET
Table 'Bowell II' 6-max Seat #4 is the button
Seat 3: Zooshark ($94 in chips)
Seat 4: ToDaFelt ($274.49 in chips)
ToDaFelt: posts small blind $1
Zooshark: posts big blind $3
*** HOLE CARDS ***
ToDaFelt: raises $3 to $6
Zooshark: calls $3
*** FLOP *** [7c 4s Ts]
Zooshark: checks
ToDaFelt: bets $3
Zooshark: folds
Uncalled bet ($3) returned to ToDaFelt
ToDaFelt collected $11.76 from pot
ToDaFelt: doesn't show hand
*** SUMMARY ***
Total pot $12 | Rake $0.24
Board [7c 4s Ts]
Seat 3: Zooshark (big blind) folded on the Flop
Seat 4: ToDaFelt (button) (small blind) collected ($11.76)


PokerStars Hand #159618910519:  Hold'em Limit ($3/$6 USD) - 2016/10/07 18:50:11 ET
Table 'Bowell II' 6-max Seat #3 is the button
Seat 3: Zooshark ($60 in chips)
Seat 4: ToDaFelt ($307.75 in chips)
Zooshark: posts small blind $1
ToDaFelt: posts big blind $3
*** HOLE CARDS ***
Zooshark: raises $3 to $6
ToDaFelt: calls $3
*** FLOP *** [7c Jd 3h]
ToDaFelt: checks
Zooshark: bets $3
ToDaFelt: calls $3
*** TURN *** [7c Jd 3h] [2s]
ToDaFelt: checks
Zooshark: bets $6
ToDaFelt: raises $6 to $12
Zooshark: calls $6
*** RIVER *** [7c Jd 3h 2s] [Kd]
ToDaFelt: bets $6
Zooshark: calls $6
*** SHOW DOWN ***
ToDaFelt: shows [5s 4d] (high card King)
Zooshark: shows [9h Jc] (a pair of Jacks)
Zooshark collected $53.50 from pot
*** SUMMARY ***
Total pot $54 | Rake $0.50
Board [7c Jd 3h 2s Kd]
Seat 3: Zooshark (button) (small blind) showed [9h Jc] and won ($53.50) with a pair of Jacks
Seat 4: ToDaFelt (big blind) showed [5s 4d] and lost with high card King


PokerStars Hand #159618889841:  Hold'em Limit ($3/$6 USD) - 2016/10/07 18:49:41 ET
Table 'Bowell II' 6-max Seat #4 is the button
Seat 3: Zooshark ($87 in chips)
Seat 4: ToDaFelt ($281.25 in chips)
ToDaFelt: posts small blind $1
Zooshark: posts big blind $3
*** HOLE CARDS ***
ToDaFelt: raises $3 to $6
Zooshark: calls $3
*** FLOP *** [7h 4c 5d]
Zooshark: bets $3
ToDaFelt: calls $3
*** TURN *** [7h 4c 5d] [3s]
Zooshark: bets $6
ToDaFelt: raises $6 to $12
Zooshark: calls $6
*** RIVER *** [7h 4c 5d 3s] [Ad]
Zooshark: checks
ToDaFelt: bets $6
Zooshark: calls $6
*** SHOW DOWN ***
ToDaFelt: shows [9s 6s] (a straight, Three to Seven)
Zooshark: mucks hand
ToDaFelt collected $53.50 from pot
*** SUMMARY ***
Total pot $54 | Rake $0.50
Board [7h 4c 5d 3s Ad]
Seat 3: Zooshark (big blind) mucked
Seat 4: ToDaFelt (button) (small blind) showed [9s 6s] and won ($53.50) with a straight, Three to Seven


PokerStars Hand #159618931216:  Hold'em Limit ($3/$6 USD) - 2016/10/07 18:50:42 ET
Table 'Bowell II' 6-max Seat #4 is the button
Seat 3: Zooshark ($86.50 in chips)
Seat 4: ToDaFelt ($280.75 in chips)
ToDaFelt: posts small blind $1
Zooshark: posts big blind $3
*** HOLE CARDS ***
ToDaFelt: raises $3 to $6
vovojc joins the table at seat #5
Zooshark: calls $3
*** FLOP *** [2c 7d 8s]
Zooshark: checks
ToDaFelt: bets $3
Zooshark: raises $3 to $6
ToDaFelt: calls $3
*** TURN *** [2c 7d 8s] [9s]
Zooshark: bets $6
ToDaFelt: raises $6 to $12
Zooshark: calls $6
*** RIVER *** [2c 7d 8s 9s] [Ts]
Zooshark: checks
ToDaFelt: checks
*** SHOW DOWN ***
Zooshark: shows [Qh 8d] (a pair of Eights)
ToDaFelt: shows [9d 5h] (a pair of Nines)
ToDaFelt collected $47.50 from pot
*** SUMMARY ***
Total pot $48 | Rake $0.50
Board [2c 7d 8s 9s Ts]
Seat 3: Zooshark (big blind) showed [Qh 8d] and lost with a pair of Eights
Seat 4: ToDaFelt (button) (small blind) showed [9d 5h] and won ($47.50) with a pair of Nines


PokerStars Hand #159618951878:  Hold'em Limit ($3/$6 USD) - 2016/10/07 18:51:12 ET
Table 'Bowell II' 6-max Seat #3 is the button
Seat 3: Zooshark ($62.50 in chips)
Seat 4: ToDaFelt ($304.25 in chips)
Zooshark: posts small blind $1
ToDaFelt: posts big blind $3
*** HOLE CARDS ***
Zooshark: raises $3 to $6
ToDaFelt: calls $3
*** FLOP *** [7d Js 3d]
ToDaFelt: checks
Zooshark: bets $3
ToDaFelt: raises $3 to $6
Zooshark: calls $3
*** TURN *** [7d Js 3d] [4d]
ToDaFelt: bets $6
Zooshark: calls $6
*** RIVER *** [7d Js 3d 4d] [Ac]
ToDaFelt: bets $6
fsreibnitz joins the table at seat #2
Zooshark: calls $6
*** SHOW DOWN ***
ToDaFelt: shows [9c 7c] (a pair of Sevens)
Zooshark: shows [7s Kc] (a pair of Sevens - Ace+King kicker)
Zooshark collected $47.50 from pot
*** SUMMARY ***
Total pot $48 | Rake $0.50
Board [7d Js 3d 4d Ac]
Seat 3: Zooshark (button) (small blind) showed [7s Kc] and won ($47.50) with a pair of Sevens
Seat 4: ToDaFelt (big blind) showed [9c 7c] and lost with a pair of Sevens


