PokerStars Hand #150410969122:  Hold'em Limit ($3/$6 USD) - 2016/03/15 17:27:51 ET
Table 'Boyce' 6-max Seat #5 is the button
Seat 3: mateuniooo30 ($107 in chips)
Seat 5: Pandakey ($132.52 in chips)
Pandakey: posts small blind $1
mateuniooo30: posts big blind $3
*** HOLE CARDS ***
Pandakey: folds
Uncalled bet ($2) returned to mateuniooo30
mateuniooo30 collected $2 from pot
mateuniooo30: doesn't show hand
*** SUMMARY ***
Total pot $2 | Rake $0
Seat 3: mateuniooo30 (big blind) collected ($2)
Seat 5: Pandakey (button) (small blind) folded before Flop


PokerStars Hand #150410962010:  Hold'em Limit ($3/$6 USD) - 2016/03/15 17:27:45 ET
Table 'Boyce' 6-max Seat #3 is the button
Seat 3: mateuniooo30 ($108 in chips)
Seat 5: Pandakey ($131.52 in chips)
mateuniooo30: posts small blind $1
Pandakey: posts big blind $3
*** HOLE CARDS ***
mateuniooo30: folds
Uncalled bet ($2) returned to Pandakey
Pandakey collected $2 from pot
Pandakey: doesn't show hand
*** SUMMARY ***
Total pot $2 | Rake $0
Seat 3: mateuniooo30 (button) (small blind) folded before Flop
Seat 5: Pandakey (big blind) collected ($2)


PokerStars Hand #150410931496:  Hold'em Limit ($3/$6 USD) - 2016/03/15 17:27:18 ET
Table 'Boyce' 6-max Seat #5 is the button
Seat 3: mateuniooo30 ($117 in chips)
Seat 5: Pandakey ($122.88 in chips)
Pandakey: posts small blind $1
mateuniooo30: posts big blind $3
*** HOLE CARDS ***
Pandakey: raises $3 to $6
mateuniooo30: calls $3
*** FLOP *** [4h Th Tc]
mateuniooo30: checks
Pandakey: bets $3
mateuniooo30: calls $3
*** TURN *** [4h Th Tc] [Ts]
mateuniooo30: checks
Pandakey: checks
*** RIVER *** [4h Th Tc Ts] [Ah]
mateuniooo30: checks
Pandakey: checks
*** SHOW DOWN ***
mateuniooo30: shows [7c 5c] (three of a kind, Tens)
Pandakey: shows [6s Qs] (three of a kind, Tens - Ace+Queen kicker)
Pandakey collected $17.64 from pot
*** SUMMARY ***
Total pot $18 | Rake $0.36
Board [4h Th Tc Ts Ah]
Seat 3: mateuniooo30 (big blind) showed [7c 5c] and lost with three of a kind, Tens
Seat 5: Pandakey (button) (small blind) showed [6s Qs] and won ($17.64) with three of a kind, Tens


PokerStars Hand #150411016697:  Hold'em Limit ($3/$6 USD) - 2016/03/15 17:28:35 ET
Table 'Boyce' 6-max Seat #3 is the button
Seat 3: mateuniooo30 ($107.76 in chips)
Seat 5: Pandakey ($131.28 in chips)
mateuniooo30: posts small blind $1
Pandakey: posts big blind $3
*** HOLE CARDS ***
mateuniooo30: folds
Uncalled bet ($2) returned to Pandakey
Pandakey collected $2 from pot
Pandakey: doesn't show hand
*** SUMMARY ***
Total pot $2 | Rake $0
Seat 3: mateuniooo30 (button) (small blind) folded before Flop
Seat 5: Pandakey (big blind) collected ($2)


PokerStars Hand #150410994168:  Hold'em Limit ($3/$6 USD) - 2016/03/15 17:28:14 ET
Table 'Boyce' 6-max Seat #5 is the button
Seat 3: mateuniooo30 ($113.76 in chips)
Seat 5: Pandakey ($125.52 in chips)
Pandakey: posts small blind $1
mateuniooo30: posts big blind $3
*** HOLE CARDS ***
Pandakey: raises $3 to $6
mateuniooo30: calls $3
*** FLOP *** [9d Ac Jc]
mateuniooo30: checks
Pandakey: checks
*** TURN *** [9d Ac Jc] [Th]
mateuniooo30: checks
Pandakey: checks
*** RIVER *** [9d Ac Jc Th] [Ts]
mateuniooo30: checks
Pandakey: bets $6
mateuniooo30: folds
Uncalled bet ($6) returned to Pandakey
Pandakey collected $11.76 from pot
Pandakey: doesn't show hand
*** SUMMARY ***
Total pot $12 | Rake $0.24
Board [9d Ac Jc Th Ts]
Seat 3: mateuniooo30 (big blind) folded on the River
Seat 5: Pandakey (button) (small blind) collected ($11.76)


PokerStars Hand #150410974729:  Hold'em Limit ($3/$6 USD) - 2016/03/15 17:27:56 ET
Table 'Boyce' 6-max Seat #3 is the button
Seat 3: mateuniooo30 ($108 in chips)
Seat 5: Pandakey ($131.52 in chips)
mateuniooo30: posts small blind $1
Pandakey: posts big blind $3
*** HOLE CARDS ***
mateuniooo30: raises $3 to $6
Pandakey: calls $3
*** FLOP *** [5h Qc 5d]
Pandakey: checks
mateuniooo30: checks
*** TURN *** [5h Qc 5d] [2s]
Pandakey: checks
mateuniooo30: bets $6
Pandakey: folds
Uncalled bet ($6) returned to mateuniooo30
mateuniooo30 collected $11.76 from pot
mateuniooo30: doesn't show hand
*** SUMMARY ***
Total pot $12 | Rake $0.24
Board [5h Qc 5d 2s]
Seat 3: mateuniooo30 (button) (small blind) collected ($11.76)
Seat 5: Pandakey (big blind) folded on the Turn


PokerStars Hand #150411095261:  Hold'em Limit ($3/$6 USD) - 2016/03/15 17:29:51 ET
Table 'Boyce' 6-max Seat #5 is the button
Seat 3: mateuniooo30 ($120.26 in chips)
Seat 5: Pandakey ($118.28 in chips)
Pandakey: posts small blind $1
mateuniooo30: posts big blind $3
*** HOLE CARDS ***
Pandakey: raises $3 to $6
mateuniooo30: calls $3
*** FLOP *** [Ts Td Kc]
mateuniooo30: checks
Pandakey: checks
*** TURN *** [Ts Td Kc] [4c]
mateuniooo30: checks
Pandakey: bets $6
mateuniooo30: folds
Uncalled bet ($6) returned to Pandakey
Pandakey collected $11.76 from pot
Pandakey: doesn't show hand
*** SUMMARY ***
Total pot $12 | Rake $0.24
Board [Ts Td Kc 4c]
Seat 3: mateuniooo30 (big blind) folded on the Turn
Seat 5: Pandakey (button) (small blind) collected ($11.76)


PokerStars Hand #150411089773:  Hold'em Limit ($3/$6 USD) - 2016/03/15 17:29:46 ET
Table 'Boyce' 6-max Seat #3 is the button
Seat 3: mateuniooo30 ($117.26 in chips)
Seat 5: Pandakey ($121.28 in chips)
mateuniooo30: posts small blind $1
Pandakey: posts big blind $3
*** HOLE CARDS ***
mateuniooo30: raises $3 to $6
Pandakey: folds
Uncalled bet ($3) returned to mateuniooo30
mateuniooo30 collected $6 from pot
mateuniooo30: doesn't show hand
*** SUMMARY ***
Total pot $6 | Rake $0
Seat 3: mateuniooo30 (button) (small blind) collected ($6)
Seat 5: Pandakey (big blind) folded before Flop


PokerStars Hand #150411084031:  Hold'em Limit ($3/$6 USD) - 2016/03/15 17:29:40 ET
Table 'Boyce' 6-max Seat #5 is the button
Seat 3: mateuniooo30 ($120.26 in chips)
Seat 5: Pandakey ($118.28 in chips)
Pandakey: posts small blind $1
mateuniooo30: posts big blind $3
*** HOLE CARDS ***
Pandakey: raises $3 to $6
mateuniooo30: folds
Uncalled bet ($3) returned to Pandakey
Pandakey collected $6 from pot
Pandakey: doesn't show hand
*** SUMMARY ***
Total pot $6 | Rake $0
Seat 3: mateuniooo30 (big blind) folded before Flop
Seat 5: Pandakey (button) (small blind) collected ($6)


PokerStars Hand #150411079536:  Hold'em Limit ($3/$6 USD) - 2016/03/15 17:29:36 ET
Table 'Boyce' 6-max Seat #3 is the button
Seat 3: mateuniooo30 ($121.26 in chips)
Seat 5: Pandakey ($117.28 in chips)
mateuniooo30: posts small blind $1
Pandakey: posts big blind $3
*** HOLE CARDS ***
mateuniooo30: folds
Uncalled bet ($2) returned to Pandakey
Pandakey collected $2 from pot
Pandakey: doesn't show hand
*** SUMMARY ***
Total pot $2 | Rake $0
Seat 3: mateuniooo30 (button) (small blind) folded before Flop
Seat 5: Pandakey (big blind) collected ($2)


PokerStars Hand #150411073180:  Hold'em Limit ($3/$6 USD) - 2016/03/15 17:29:29 ET
Table 'Boyce' 6-max Seat #5 is the button
Seat 3: mateuniooo30 ($124.26 in chips)
Seat 5: Pandakey ($114.28 in chips)
Pandakey: posts small blind $1
mateuniooo30: posts big blind $3
*** HOLE CARDS ***
Pandakey: raises $3 to $6
mateuniooo30: folds
Uncalled bet ($3) returned to Pandakey
Pandakey collected $6 from pot
Pandakey: doesn't show hand
*** SUMMARY ***
Total pot $6 | Rake $0
Seat 3: mateuniooo30 (big blind) folded before Flop
Seat 5: Pandakey (button) (small blind) collected ($6)


PokerStars Hand #150411067502:  Hold'em Limit ($3/$6 USD) - 2016/03/15 17:29:24 ET
Table 'Boyce' 6-max Seat #3 is the button
Seat 3: mateuniooo30 ($121.26 in chips)
Seat 5: Pandakey ($117.28 in chips)
mateuniooo30: posts small blind $1
Pandakey: posts big blind $3
*** HOLE CARDS ***
mateuniooo30: raises $3 to $6
Pandakey: folds
Uncalled bet ($3) returned to mateuniooo30
mateuniooo30 collected $6 from pot
mateuniooo30: doesn't show hand
*** SUMMARY ***
Total pot $6 | Rake $0
Seat 3: mateuniooo30 (button) (small blind) collected ($6)
Seat 5: Pandakey (big blind) folded before Flop


PokerStars Hand #150411061974:  Hold'em Limit ($3/$6 USD) - 2016/03/15 17:29:19 ET
Table 'Boyce' 6-max Seat #5 is the button
Seat 3: mateuniooo30 ($120.26 in chips)
Seat 5: Pandakey ($118.28 in chips)
Pandakey: posts small blind $1
mateuniooo30: posts big blind $3
*** HOLE CARDS ***
Pandakey: folds
Uncalled bet ($2) returned to mateuniooo30
mateuniooo30 collected $2 from pot
mateuniooo30: doesn't show hand
*** SUMMARY ***
Total pot $2 | Rake $0
Seat 3: mateuniooo30 (big blind) collected ($2)
Seat 5: Pandakey (button) (small blind) folded before Flop


PokerStars Hand #150411057061:  Hold'em Limit ($3/$6 USD) - 2016/03/15 17:29:14 ET
Table 'Boyce' 6-max Seat #3 is the button
Seat 3: mateuniooo30 ($121.26 in chips)
Seat 5: Pandakey ($117.28 in chips)
mateuniooo30: posts small blind $1
Pandakey: posts big blind $3
*** HOLE CARDS ***
mateuniooo30: folds
Uncalled bet ($2) returned to Pandakey
Pandakey collected $2 from pot
Pandakey: doesn't show hand
*** SUMMARY ***
Total pot $2 | Rake $0
Seat 3: mateuniooo30 (button) (small blind) folded before Flop
Seat 5: Pandakey (big blind) collected ($2)


PokerStars Hand #150411021487:  Hold'em Limit ($3/$6 USD) - 2016/03/15 17:28:40 ET
Table 'Boyce' 6-max Seat #5 is the button
Seat 3: mateuniooo30 ($106.76 in chips)
Seat 5: Pandakey ($132.28 in chips)
Pandakey: posts small blind $1
mateuniooo30: posts big blind $3
*** HOLE CARDS ***
Pandakey: raises $3 to $6
mateuniooo30: calls $3
*** FLOP *** [Ks 9d 5h]
mateuniooo30: checks
Pandakey: bets $3
mateuniooo30: calls $3
*** TURN *** [Ks 9d 5h] [As]
mateuniooo30: checks
Pandakey: checks
*** RIVER *** [Ks 9d 5h As] [4c]
mateuniooo30: bets $6
Pandakey: calls $6
*** SHOW DOWN ***
mateuniooo30: shows [Kc 2s] (a pair of Kings)
Pandakey: mucks hand
mateuniooo30 collected $29.50 from pot
*** SUMMARY ***
Total pot $30 | Rake $0.50
Board [Ks 9d 5h As 4c]
Seat 3: mateuniooo30 (big blind) showed [Kc 2s] and won ($29.50) with a pair of Kings
Seat 5: Pandakey (button) (small blind) mucked


PokerStars Hand #150411165627:  Hold'em Limit ($3/$6 USD) - 2016/03/15 17:31:02 ET
Table 'Boyce' 6-max Seat #3 is the button
Seat 3: mateuniooo30 ($135.40 in chips)
Seat 5: Pandakey ($102.04 in chips)
mateuniooo30: posts small blind $1
Pandakey: posts big blind $3
*** HOLE CARDS ***
mateuniooo30: folds
Uncalled bet ($2) returned to Pandakey
Pandakey collected $2 from pot
Pandakey: doesn't show hand
*** SUMMARY ***
Total pot $2 | Rake $0
Seat 3: mateuniooo30 (button) (small blind) folded before Flop
Seat 5: Pandakey (big blind) collected ($2)


PokerStars Hand #150411133704:  Hold'em Limit ($3/$6 USD) - 2016/03/15 17:30:30 ET
Table 'Boyce' 6-max Seat #5 is the button
Seat 3: mateuniooo30 ($120.90 in chips)
Seat 5: Pandakey ($117.04 in chips)
Pandakey: posts small blind $1
mateuniooo30: posts big blind $3
*** HOLE CARDS ***
Pandakey: raises $3 to $6
mateuniooo30: calls $3
*** FLOP *** [2c 4s Qh]
mateuniooo30: checks
Pandakey: bets $3
mateuniooo30: calls $3
*** TURN *** [2c 4s Qh] [Kd]
mateuniooo30: checks
Pandakey: checks
*** RIVER *** [2c 4s Qh Kd] [Kc]
mateuniooo30: bets $6
Pandakey: calls $6
*** SHOW DOWN ***
mateuniooo30: shows [Kh 2h] (a full house, Kings full of Deuces)
Pandakey: mucks hand
mateuniooo30 collected $29.50 from pot
*** SUMMARY ***
Total pot $30 | Rake $0.50
Board [2c 4s Qh Kd Kc]
Seat 3: mateuniooo30 (big blind) showed [Kh 2h] and won ($29.50) with a full house, Kings full of Deuces
Seat 5: Pandakey (button) (small blind) mucked


PokerStars Hand #150411129503:  Hold'em Limit ($3/$6 USD) - 2016/03/15 17:30:25 ET
Table 'Boyce' 6-max Seat #3 is the button
Seat 3: mateuniooo30 ($121.90 in chips)
Seat 5: Pandakey ($116.04 in chips)
mateuniooo30: posts small blind $1
Pandakey: posts big blind $3
*** HOLE CARDS ***
mateuniooo30: folds
Uncalled bet ($2) returned to Pandakey
Pandakey collected $2 from pot
Pandakey: doesn't show hand
*** SUMMARY ***
Total pot $2 | Rake $0
Seat 3: mateuniooo30 (button) (small blind) folded before Flop
Seat 5: Pandakey (big blind) collected ($2)


PokerStars Hand #150411117511:  Hold'em Limit ($3/$6 USD) - 2016/03/15 17:30:13 ET
Table 'Boyce' 6-max Seat #5 is the button
Seat 3: mateuniooo30 ($113.26 in chips)
Seat 5: Pandakey ($125.04 in chips)
Pandakey: posts small blind $1
mateuniooo30: posts big blind $3
*** HOLE CARDS ***
Pandakey: raises $3 to $6
mateuniooo30: raises $3 to $9
Pandakey: calls $3
*** FLOP *** [3s 4h Qs]
mateuniooo30: bets $3
Pandakey: folds
Uncalled bet ($3) returned to mateuniooo30
mateuniooo30 collected $17.64 from pot
mateuniooo30: doesn't show hand
*** SUMMARY ***
Total pot $18 | Rake $0.36
Board [3s 4h Qs]
Seat 3: mateuniooo30 (big blind) collected ($17.64)
Seat 5: Pandakey (button) (small blind) folded on the Flop


PokerStars Hand #150411112787:  Hold'em Limit ($3/$6 USD) - 2016/03/15 17:30:09 ET
Table 'Boyce' 6-max Seat #3 is the button
Seat 3: mateuniooo30 ($114.26 in chips)
Seat 5: Pandakey ($124.04 in chips)
mateuniooo30: posts small blind $1
Pandakey: posts big blind $3
*** HOLE CARDS ***
mateuniooo30: folds
Uncalled bet ($2) returned to Pandakey
Pandakey collected $2 from pot
Pandakey: doesn't show hand
*** SUMMARY ***
Total pot $2 | Rake $0
Seat 3: mateuniooo30 (button) (small blind) folded before Flop
Seat 5: Pandakey (big blind) collected ($2)


PokerStars Hand #150411226328:  Hold'em Limit ($3/$6 USD) - 2016/03/15 17:32:03 ET
Table 'Boyce' 6-max Seat #5 is the button
Seat 3: mateuniooo30 ($165.28 in chips)
Seat 5: Pandakey ($71.04 in chips)
Pandakey: posts small blind $1
mateuniooo30: posts big blind $3
*** HOLE CARDS ***
Pandakey: folds
Uncalled bet ($2) returned to mateuniooo30
mateuniooo30 collected $2 from pot
mateuniooo30: doesn't show hand
*** SUMMARY ***
Total pot $2 | Rake $0
Seat 3: mateuniooo30 (big blind) collected ($2)
Seat 5: Pandakey (button) (small blind) folded before Flop


PokerStars Hand #150411214258:  Hold'em Limit ($3/$6 USD) - 2016/03/15 17:31:51 ET
Table 'Boyce' 6-max Seat #3 is the button
Seat 3: mateuniooo30 ($162.40 in chips)
Seat 5: Pandakey ($74.04 in chips)
mateuniooo30: posts small blind $1
Pandakey: posts big blind $3
*** HOLE CARDS ***
mateuniooo30: calls $2
Pandakey: checks
*** FLOP *** [4s 6s 3d]
Pandakey: checks
mateuniooo30: bets $3
Pandakey: folds
Uncalled bet ($3) returned to mateuniooo30
mateuniooo30 collected $5.88 from pot
mateuniooo30: doesn't show hand
*** SUMMARY ***
Total pot $6 | Rake $0.12
Board [4s 6s 3d]
Seat 3: mateuniooo30 (button) (small blind) collected ($5.88)
Seat 5: Pandakey (big blind) folded on the Flop


PokerStars Hand #150411197293:  Hold'em Limit ($3/$6 USD) - 2016/03/15 17:31:34 ET
Table 'Boyce' 6-max Seat #5 is the button
Seat 3: mateuniooo30 ($147.90 in chips)
Seat 5: Pandakey ($89.04 in chips)
Pandakey: posts small blind $1
mateuniooo30: posts big blind $3
*** HOLE CARDS ***
Pandakey: raises $3 to $6
mateuniooo30: calls $3
*** FLOP *** [Jh 8d 5s]
mateuniooo30: checks
Pandakey: bets $3
mateuniooo30: calls $3
*** TURN *** [Jh 8d 5s] [9h]
mateuniooo30: checks
Pandakey: checks
*** RIVER *** [Jh 8d 5s 9h] [5h]
mateuniooo30: bets $6
Pandakey: calls $6
*** SHOW DOWN ***
mateuniooo30: shows [Tc 7s] (a straight, Seven to Jack)
Pandakey: mucks hand
mateuniooo30 collected $29.50 from pot
*** SUMMARY ***
Total pot $30 | Rake $0.50
Board [Jh 8d 5s 9h 5h]
Seat 3: mateuniooo30 (big blind) showed [Tc 7s] and won ($29.50) with a straight, Seven to Jack
Seat 5: Pandakey (button) (small blind) mucked


PokerStars Hand #150411192787:  Hold'em Limit ($3/$6 USD) - 2016/03/15 17:31:30 ET
Table 'Boyce' 6-max Seat #3 is the button
Seat 3: mateuniooo30 ($148.90 in chips)
Seat 5: Pandakey ($88.04 in chips)
mateuniooo30: posts small blind $1
Pandakey: posts big blind $3
*** HOLE CARDS ***
mateuniooo30: folds
Uncalled bet ($2) returned to Pandakey
Pandakey collected $2 from pot
Pandakey: doesn't show hand
*** SUMMARY ***
Total pot $2 | Rake $0
Seat 3: mateuniooo30 (button) (small blind) folded before Flop
Seat 5: Pandakey (big blind) collected ($2)


PokerStars Hand #150411169973:  Hold'em Limit ($3/$6 USD) - 2016/03/15 17:31:06 ET
Table 'Boyce' 6-max Seat #5 is the button
Seat 3: mateuniooo30 ($134.40 in chips)
Seat 5: Pandakey ($103.04 in chips)
Pandakey: posts small blind $1
mateuniooo30: posts big blind $3
*** HOLE CARDS ***
Pandakey: raises $3 to $6
mateuniooo30: calls $3
*** FLOP *** [Td 7c 9h]
mateuniooo30: checks
Pandakey: bets $3
mateuniooo30: calls $3
*** TURN *** [Td 7c 9h] [8d]
mateuniooo30: checks
Pandakey: checks
*** RIVER *** [Td 7c 9h 8d] [4h]
mateuniooo30: bets $6
Pandakey: calls $6
*** SHOW DOWN ***
mateuniooo30: shows [6d 4s] (a straight, Six to Ten)
Pandakey: mucks hand
mateuniooo30 collected $29.50 from pot
*** SUMMARY ***
Total pot $30 | Rake $0.50
Board [Td 7c 9h 8d 4h]
Seat 3: mateuniooo30 (big blind) showed [6d 4s] and won ($29.50) with a straight, Six to Ten
Seat 5: Pandakey (button) (small blind) mucked


PokerStars Hand #150411262845:  Hold'em Limit ($3/$6 USD) - 2016/03/15 17:32:41 ET
Table 'Boyce' 6-max Seat #3 is the button
Seat 3: mateuniooo30 ($149.28 in chips)
Seat 5: Pandakey ($86.54 in chips)
mateuniooo30: posts small blind $1
Pandakey: posts big blind $3
*** HOLE CARDS ***
mateuniooo30: folds
Uncalled bet ($2) returned to Pandakey
Pandakey collected $2 from pot
Pandakey: doesn't show hand
*** SUMMARY ***
Total pot $2 | Rake $0
Seat 3: mateuniooo30 (button) (small blind) folded before Flop
Seat 5: Pandakey (big blind) collected ($2)


PokerStars Hand #150411258747:  Hold'em Limit ($3/$6 USD) - 2016/03/15 17:32:37 ET
Table 'Boyce' 6-max Seat #5 is the button
Seat 3: mateuniooo30 ($148.28 in chips)
Seat 5: Pandakey ($87.54 in chips)
Pandakey: posts small blind $1
mateuniooo30: posts big blind $3
*** HOLE CARDS ***
Pandakey: folds
Uncalled bet ($2) returned to mateuniooo30
mateuniooo30 collected $2 from pot
whats money joins the table at seat #2
mateuniooo30: doesn't show hand
*** SUMMARY ***
Total pot $2 | Rake $0
Seat 3: mateuniooo30 (big blind) collected ($2)
Seat 5: Pandakey (button) (small blind) folded before Flop


PokerStars Hand #150411231388:  Hold'em Limit ($3/$6 USD) - 2016/03/15 17:32:09 ET
Table 'Boyce' 6-max Seat #3 is the button
Seat 3: mateuniooo30 ($166.28 in chips)
Seat 5: Pandakey ($70.04 in chips)
mateuniooo30: posts small blind $1
Pandakey: posts big blind $3
*** HOLE CARDS ***
mateuniooo30: raises $3 to $6
Pandakey: raises $3 to $9
mateuniooo30: calls $3
*** FLOP *** [8d Ad 8c]
Pandakey: bets $3
mateuniooo30: calls $3
*** TURN *** [8d Ad 8c] [6c]
Pandakey: bets $6
mateuniooo30: calls $6
*** RIVER *** [8d Ad 8c 6c] [Td]
Pandakey: checks
mateuniooo30: checks
*** SHOW DOWN ***
Pandakey: shows [Qs Ts] (two pair, Tens and Eights)
mateuniooo30: mucks hand
Pandakey collected $35.50 from pot
*** SUMMARY ***
Total pot $36 | Rake $0.50
Board [8d Ad 8c 6c Td]
Seat 3: mateuniooo30 (button) (small blind) mucked
Seat 5: Pandakey (big blind) showed [Qs Ts] and won ($35.50) with two pair, Tens and Eights


PokerStars Hand #150411839311:  Hold'em Limit ($3/$6 USD) - 2016/03/15 17:42:48 ET
Table 'Boyce' 6-max Seat #3 is the button
Seat 3: mateuniooo30 ($706.02 in chips)
Seat 5: Pandakey ($50.63 in chips)
mateuniooo30: posts small blind $1
Pandakey: posts big blind $3
*** HOLE CARDS ***
mateuniooo30: folds
Uncalled bet ($2) returned to Pandakey
Pandakey collected $2 from pot
Pandakey: doesn't show hand
*** SUMMARY ***
Total pot $2 | Rake $0
Seat 3: mateuniooo30 (button) (small blind) folded before Flop
Seat 5: Pandakey (big blind) collected ($2)


PokerStars Hand #150411822822:  Hold'em Limit ($3/$6 USD) - 2016/03/15 17:42:30 ET
Table 'Boyce' 6-max Seat #5 is the button
Seat 3: mateuniooo30 ($694.50 in chips)
Seat 5: Pandakey ($62.63 in chips)
Pandakey: posts small blind $1
mateuniooo30: posts big blind $3
*** HOLE CARDS ***
Pandakey: raises $3 to $6
mateuniooo30: raises $3 to $9
Pandakey: calls $3
*** FLOP *** [Jh 6h 5h]
mateuniooo30: bets $3
Pandakey: calls $3
*** TURN *** [Jh 6h 5h] [Th]
mateuniooo30: bets $6
Pandakey: folds
Uncalled bet ($6) returned to mateuniooo30
mateuniooo30 collected $23.52 from pot
mateuniooo30: doesn't show hand
*** SUMMARY ***
Total pot $24 | Rake $0.48
Board [Jh 6h 5h Th]
Seat 3: mateuniooo30 (big blind) collected ($23.52)
Seat 5: Pandakey (button) (small blind) folded on the Turn


PokerStars Hand #150414399810:  Hold'em Limit ($3/$6 USD) - 2016/03/15 18:32:01 ET
Table 'Boyce' 6-max Seat #4 is the button
Seat 2: whats money ($214.38 in chips)
Seat 4: krytalex ($176.81 in chips)
krytalex: posts small blind $1
MARIBORO8 was removed from the table for failing to post
whats money: posts big blind $3
*** HOLE CARDS ***
krytalex: raises $3 to $6
whats money: raises $3 to $9
krytalex: calls $3
*** FLOP *** [5s 9c 7d]
whats money: bets $3
krytalex: calls $3
*** TURN *** [5s 9c 7d] [5c]
whats money: bets $6
krytalex: calls $6
*** RIVER *** [5s 9c 7d 5c] [Qh]
whats money: bets $6
krytalex: folds
Uncalled bet ($6) returned to whats money
whats money collected $35.50 from pot
*** SUMMARY ***
Total pot $36 | Rake $0.50
Board [5s 9c 7d 5c Qh]
Seat 2: whats money (big blind) collected ($35.50)
Seat 4: krytalex (button) (small blind) folded on the River


PokerStars Hand #150414433342:  Hold'em Limit ($3/$6 USD) - 2016/03/15 18:32:43 ET
Table 'Boyce' 6-max Seat #2 is the button
Seat 2: whats money ($243.38 in chips)
Seat 4: krytalex ($146.81 in chips)
whats money: posts small blind $1
krytalex: posts big blind $3
*** HOLE CARDS ***
whats money: raises $3 to $6
krytalex: folds
Uncalled bet ($3) returned to whats money
whats money collected $6 from pot
*** SUMMARY ***
Total pot $6 | Rake $0
Seat 2: whats money (button) (small blind) collected ($6)
Seat 4: krytalex (big blind) folded before Flop


PokerStars Hand #150414429130:  Hold'em Limit ($3/$6 USD) - 2016/03/15 18:32:38 ET
Table 'Boyce' 6-max Seat #4 is the button
Seat 2: whats money ($246.38 in chips)
Seat 4: krytalex ($143.81 in chips)
krytalex: posts small blind $1
whats money: posts big blind $3
*** HOLE CARDS ***
krytalex: raises $3 to $6
whats money: folds
Uncalled bet ($3) returned to krytalex
krytalex collected $6 from pot
*** SUMMARY ***
Total pot $6 | Rake $0
Seat 2: whats money (big blind) folded before Flop
Seat 4: krytalex (button) (small blind) collected ($6)


PokerStars Hand #150414412697:  Hold'em Limit ($3/$6 USD) - 2016/03/15 18:32:17 ET
Table 'Boyce' 6-max Seat #2 is the button
Seat 2: whats money ($231.88 in chips)
Seat 4: krytalex ($158.81 in chips)
whats money: posts small blind $1
krytalex: posts big blind $3
*** HOLE CARDS ***
whats money: calls $2
krytalex: raises $3 to $6
whats money: calls $3
*** FLOP *** [6s As 5c]
krytalex: bets $3
whats money: calls $3
*** TURN *** [6s As 5c] [2c]
krytalex: bets $6
whats money: calls $6
*** RIVER *** [6s As 5c 2c] [8d]
krytalex: checks
whats money: bets $6
krytalex: folds
Uncalled bet ($6) returned to whats money
whats money collected $29.50 from pot
*** SUMMARY ***
Total pot $30 | Rake $0.50
Board [6s As 5c 2c 8d]
Seat 2: whats money (button) (small blind) collected ($29.50)
Seat 4: krytalex (big blind) folded on the River


PokerStars Hand #150414494467:  Hold'em Limit ($3/$6 USD) - 2016/03/15 18:33:58 ET
Table 'Boyce' 6-max Seat #4 is the button
Seat 2: whats money ($253.88 in chips)
Seat 4: krytalex ($135.31 in chips)
krytalex: posts small blind $1
whats money: posts big blind $3
*** HOLE CARDS ***
krytalex: raises $3 to $6
whats money: calls $3
*** FLOP *** [Jh Qd 8s]
whats money: checks
krytalex: bets $3
whats money: folds
Uncalled bet ($3) returned to krytalex
krytalex collected $11.76 from pot
*** SUMMARY ***
Total pot $12 | Rake $0.24
Board [Jh Qd 8s]
Seat 2: whats money (big blind) folded on the Flop
Seat 4: krytalex (button) (small blind) collected ($11.76)


PokerStars Hand #150414504287:  Hold'em Limit ($3/$6 USD) - 2016/03/15 18:34:10 ET
Table 'Boyce' 6-max Seat #2 is the button
Seat 2: whats money ($247.88 in chips)
Seat 4: krytalex ($141.07 in chips)
whats money: posts small blind $1
krytalex: posts big blind $3
*** HOLE CARDS ***
whats money: calls $2
krytalex: checks
*** FLOP *** [9d Qd 7s]
krytalex: checks
whats money: bets $3
krytalex: folds
Uncalled bet ($3) returned to whats money
whats money collected $5.88 from pot
whats money: doesn't show hand
*** SUMMARY ***
Total pot $6 | Rake $0.12
Board [9d Qd 7s]
Seat 2: whats money (button) (small blind) collected ($5.88)
Seat 4: krytalex (big blind) folded on the Flop


PokerStars Hand #150414543826:  Hold'em Limit ($3/$6 USD) - 2016/03/15 18:34:57 ET
Table 'Boyce' 6-max Seat #2 is the button
Seat 2: whats money ($265.26 in chips)
Seat 4: krytalex ($123.07 in chips)
whats money: posts small blind $1
krytalex: posts big blind $3
*** HOLE CARDS ***
whats money: folds
Uncalled bet ($2) returned to krytalex
krytalex collected $2 from pot
*** SUMMARY ***
Total pot $2 | Rake $0
Seat 2: whats money (button) (small blind) folded before Flop
Seat 4: krytalex (big blind) collected ($2)


PokerStars Hand #150414518053:  Hold'em Limit ($3/$6 USD) - 2016/03/15 18:34:26 ET
Table 'Boyce' 6-max Seat #4 is the button
Seat 2: whats money ($250.76 in chips)
Seat 4: krytalex ($138.07 in chips)
krytalex: posts small blind $1
whats money: posts big blind $3
*** HOLE CARDS ***
krytalex: raises $3 to $6
whats money: calls $3
*** FLOP *** [4s Tc 3h]
whats money: checks
krytalex: bets $3
whats money: calls $3
*** TURN *** [4s Tc 3h] [6h]
whats money: checks
krytalex: checks
*** RIVER *** [4s Tc 3h 6h] [3d]
whats money: bets $6
krytalex: calls $6
*** SHOW DOWN ***
whats money: shows [Ts 8c] (two pair, Tens and Threes)
krytalex: mucks hand
whats money collected $29.50 from pot
*** SUMMARY ***
Total pot $30 | Rake $0.50
Board [4s Tc 3h 6h 3d]
Seat 2: whats money (big blind) showed [Ts 8c] and won ($29.50) with two pair, Tens and Threes
Seat 4: krytalex (button) (small blind) mucked


PokerStars Hand #150414553970:  Hold'em Limit ($3/$6 USD) - 2016/03/15 18:35:09 ET
Table 'Boyce' 6-max Seat #2 is the button
Seat 2: whats money ($265.26 in chips)
Seat 4: krytalex ($123.07 in chips)
whats money: posts small blind $1
krytalex: posts big blind $3
*** HOLE CARDS ***
whats money: folds
Uncalled bet ($2) returned to krytalex
krytalex collected $2 from pot
*** SUMMARY ***
Total pot $2 | Rake $0
Seat 2: whats money (button) (small blind) folded before Flop
Seat 4: krytalex (big blind) collected ($2)


PokerStars Hand #150414549319:  Hold'em Limit ($3/$6 USD) - 2016/03/15 18:35:03 ET
Table 'Boyce' 6-max Seat #4 is the button
Seat 2: whats money ($264.26 in chips)
Seat 4: krytalex ($124.07 in chips)
krytalex: posts small blind $1
whats money: posts big blind $3
*** HOLE CARDS ***
krytalex: folds
Uncalled bet ($2) returned to whats money
whats money collected $2 from pot
whats money: doesn't show hand
*** SUMMARY ***
Total pot $2 | Rake $0
Seat 2: whats money (big blind) collected ($2)
Seat 4: krytalex (button) (small blind) folded before Flop


PokerStars Hand #150414558650:  Hold'em Limit ($3/$6 USD) - 2016/03/15 18:35:14 ET
Table 'Boyce' 6-max Seat #4 is the button
Seat 2: whats money ($264.26 in chips)
Seat 4: krytalex ($124.07 in chips)
krytalex: posts small blind $1
whats money: posts big blind $3
*** HOLE CARDS ***
krytalex: raises $3 to $6
whats money: folds
Uncalled bet ($3) returned to krytalex
krytalex collected $6 from pot
*** SUMMARY ***
Total pot $6 | Rake $0
Seat 2: whats money (big blind) folded before Flop
Seat 4: krytalex (button) (small blind) collected ($6)


PokerStars Hand #150414564686:  Hold'em Limit ($3/$6 USD) - 2016/03/15 18:35:21 ET
Table 'Boyce' 6-max Seat #2 is the button
Seat 2: whats money ($261.26 in chips)
Seat 4: krytalex ($127.07 in chips)
whats money: posts small blind $1
krytalex: posts big blind $3
*** HOLE CARDS ***
whats money: raises $3 to $6
krytalex: raises $3 to $9
whats money: calls $3
*** FLOP *** [2s Ts 2d]
krytalex: bets $3
whats money: calls $3
*** TURN *** [2s Ts 2d] [4s]
krytalex: bets $6
whats money: calls $6
*** RIVER *** [2s Ts 2d 4s] [Kc]
krytalex: bets $6
whats money: raises $6 to $12
krytalex: raises $6 to $18
whats money: calls $6
*** SHOW DOWN ***
krytalex: shows [As Ah] (two pair, Aces and Deuces)
whats money: mucks hand
krytalex collected $71.50 from pot
*** SUMMARY ***
Total pot $72 | Rake $0.50
Board [2s Ts 2d 4s Kc]
Seat 2: whats money (button) (small blind) mucked
Seat 4: krytalex (big blind) showed [As Ah] and won ($71.50) with two pair, Aces and Deuces


PokerStars Hand #150414581596:  Hold'em Limit ($3/$6 USD) - 2016/03/15 18:35:41 ET
Table 'Boyce' 6-max Seat #4 is the button
Seat 2: whats money ($225.26 in chips)
Seat 4: krytalex ($162.57 in chips)
krytalex: posts small blind $1
whats money: posts big blind $3
*** HOLE CARDS ***
krytalex: folds
Uncalled bet ($2) returned to whats money
whats money collected $2 from pot
whats money: doesn't show hand
*** SUMMARY ***
Total pot $2 | Rake $0
Seat 2: whats money (big blind) collected ($2)
Seat 4: krytalex (button) (small blind) folded before Flop


PokerStars Hand #150414463805:  Hold'em Limit ($3/$6 USD) - 2016/03/15 18:33:21 ET
Table 'Boyce' 6-max Seat #2 is the button
Seat 2: whats money ($281.88 in chips)
Seat 4: krytalex ($107.81 in chips)
whats money: posts small blind $1
krytalex: posts big blind $3
*** HOLE CARDS ***
whats money: folds
Uncalled bet ($2) returned to krytalex
krytalex collected $2 from pot
*** SUMMARY ***
Total pot $2 | Rake $0
Seat 2: whats money (button) (small blind) folded before Flop
Seat 4: krytalex (big blind) collected ($2)


PokerStars Hand #150414438136:  Hold'em Limit ($3/$6 USD) - 2016/03/15 18:32:49 ET
Table 'Boyce' 6-max Seat #4 is the button
Seat 2: whats money ($246.38 in chips)
Seat 4: krytalex ($143.81 in chips)
krytalex: posts small blind $1
whats money: posts big blind $3
*** HOLE CARDS ***
krytalex: raises $3 to $6
whats money: calls $3
*** FLOP *** [2h Kc Kh]
whats money: checks
krytalex: bets $3
whats money: raises $3 to $6
krytalex: calls $3
*** TURN *** [2h Kc Kh] [Qs]
whats money: checks
krytalex: bets $6
whats money: raises $6 to $12
krytalex: raises $6 to $18
whats money: raises $6 to $24
Betting is capped
krytalex: calls $6
*** RIVER *** [2h Kc Kh Qs] [4d]
whats money: bets $6
krytalex: folds
Uncalled bet ($6) returned to whats money
whats money collected $71.50 from pot
whats money: shows [2c]
*** SUMMARY ***
Total pot $72 | Rake $0.50
Board [2h Kc Kh Qs 4d]
Seat 2: whats money (big blind) collected ($71.50)
Seat 4: krytalex (button) (small blind) folded on the River


PokerStars Hand #150414467542:  Hold'em Limit ($3/$6 USD) - 2016/03/15 18:33:25 ET
Table 'Boyce' 6-max Seat #4 is the button
Seat 2: whats money ($280.88 in chips)
Seat 4: krytalex ($108.81 in chips)
krytalex: posts small blind $1
whats money: posts big blind $3
*** HOLE CARDS ***
krytalex: raises $3 to $6
whats money: calls $3
*** FLOP *** [Qd 3h Th]
whats money: checks
krytalex: bets $3
whats money: raises $3 to $6
krytalex: calls $3
*** TURN *** [Qd 3h Th] [Td]
whats money: bets $6
krytalex: raises $6 to $12
whats money: calls $6
*** RIVER *** [Qd 3h Th Td] [6d]
whats money: checks
krytalex: bets $6
whats money: calls $6
*** SHOW DOWN ***
krytalex: shows [7d Qh] (two pair, Queens and Tens)
whats money: shows [Qs 3c] (two pair, Queens and Tens - lower kicker)
krytalex collected $59.50 from pot
*** SUMMARY ***
Total pot $60 | Rake $0.50
Board [Qd 3h Th Td 6d]
Seat 2: whats money (big blind) showed [Qs 3c] and lost with two pair, Queens and Tens
Seat 4: krytalex (button) (small blind) showed [7d Qh] and won ($59.50) with two pair, Queens and Tens


PokerStars Hand #150414587235:  Hold'em Limit ($3/$6 USD) - 2016/03/15 18:35:47 ET
Table 'Boyce' 6-max Seat #2 is the button
Seat 2: whats money ($226.26 in chips)
Seat 4: krytalex ($161.57 in chips)
whats money: posts small blind $1
krytalex: posts big blind $3
*** HOLE CARDS ***
whats money: raises $3 to $6
krytalex: calls $3
*** FLOP *** [2d As 4c]
krytalex: checks
whats money: bets $3
krytalex: calls $3
*** TURN *** [2d As 4c] [7h]
krytalex: checks
whats money: checks
*** RIVER *** [2d As 4c 7h] [Ad]
krytalex: checks
whats money: checks
*** SHOW DOWN ***
krytalex: shows [5s Jh] (a pair of Aces)
whats money: mucks hand
krytalex collected $17.64 from pot
*** SUMMARY ***
Total pot $18 | Rake $0.36
Board [2d As 4c 7h Ad]
Seat 2: whats money (button) (small blind) mucked
Seat 4: krytalex (big blind) showed [5s Jh] and won ($17.64) with a pair of Aces


PokerStars Hand #150414611625:  Hold'em Limit ($3/$6 USD) - 2016/03/15 18:36:16 ET
Table 'Boyce' 6-max Seat #4 is the button
Seat 2: whats money ($217.26 in chips)
Seat 4: krytalex ($170.21 in chips)
krytalex: posts small blind $1
whats money: posts big blind $3
*** HOLE CARDS ***
krytalex: raises $3 to $6
whats money: folds
Uncalled bet ($3) returned to krytalex
krytalex collected $6 from pot
*** SUMMARY ***
Total pot $6 | Rake $0
Seat 2: whats money (big blind) folded before Flop
Seat 4: krytalex (button) (small blind) collected ($6)


PokerStars Hand #150414659394:  Hold'em Limit ($3/$6 USD) - 2016/03/15 18:37:12 ET
Table 'Boyce' 6-max Seat #4 is the button
Seat 2: whats money ($208.26 in chips)
Seat 4: krytalex ($178.97 in chips)
krytalex: posts small blind $1
whats money: posts big blind $3
*** HOLE CARDS ***
krytalex: folds
Uncalled bet ($2) returned to whats money
whats money collected $2 from pot
*** SUMMARY ***
Total pot $2 | Rake $0
Seat 2: whats money (big blind) collected ($2)
Seat 4: krytalex (button) (small blind) folded before Flop


PokerStars Hand #150414623174:  Hold'em Limit ($3/$6 USD) - 2016/03/15 18:36:29 ET
Table 'Boyce' 6-max Seat #2 is the button
Seat 2: whats money ($214.26 in chips)
Seat 4: krytalex ($173.21 in chips)
whats money: posts small blind $1
krytalex: posts big blind $3
*** HOLE CARDS ***
whats money: raises $3 to $6
krytalex: calls $3
*** FLOP *** [7h 3s 2h]
krytalex: checks
whats money: checks
*** TURN *** [7h 3s 2h] [Jh]
krytalex: bets $6
whats money: folds
Uncalled bet ($6) returned to krytalex
krytalex collected $11.76 from pot
*** SUMMARY ***
Total pot $12 | Rake $0.24
Board [7h 3s 2h Jh]
Seat 2: whats money (button) (small blind) folded on the Turn
Seat 4: krytalex (big blind) collected ($11.76)


PokerStars Hand #150414681660:  Hold'em Limit ($3/$6 USD) - 2016/03/15 18:37:38 ET
Table 'Boyce' 6-max Seat #4 is the button
Seat 2: whats money ($215.02 in chips)
Seat 4: krytalex ($171.97 in chips)
krytalex: posts small blind $1
whats money: posts big blind $3
*** HOLE CARDS ***
krytalex: raises $3 to $6
whats money: folds
Uncalled bet ($3) returned to krytalex
krytalex collected $6 from pot
*** SUMMARY ***
Total pot $6 | Rake $0
Seat 2: whats money (big blind) folded before Flop
Seat 4: krytalex (button) (small blind) collected ($6)


PokerStars Hand #150414663531:  Hold'em Limit ($3/$6 USD) - 2016/03/15 18:37:17 ET
Table 'Boyce' 6-max Seat #2 is the button
Seat 2: whats money ($209.26 in chips)
Seat 4: krytalex ($177.97 in chips)
whats money: posts small blind $1
krytalex: posts big blind $3
*** HOLE CARDS ***
whats money: raises $3 to $6
krytalex: calls $3
*** FLOP *** [8c Qs 7d]
krytalex: checks
whats money: bets $3
krytalex: folds
Uncalled bet ($3) returned to whats money
whats money collected $11.76 from pot
*** SUMMARY ***
Total pot $12 | Rake $0.24
Board [8c Qs 7d]
Seat 2: whats money (button) (small blind) collected ($11.76)
Seat 4: krytalex (big blind) folded on the Flop


PokerStars Hand #150414708317:  Hold'em Limit ($3/$6 USD) - 2016/03/15 18:38:10 ET
Table 'Boyce' 6-max Seat #4 is the button
Seat 2: whats money ($217.78 in chips)
Seat 4: krytalex ($168.97 in chips)
krytalex: posts small blind $1
whats money: posts big blind $3
*** HOLE CARDS ***
krytalex: folds
Uncalled bet ($2) returned to whats money
whats money collected $2 from pot
whats money: doesn't show hand
*** SUMMARY ***
Total pot $2 | Rake $0
Seat 2: whats money (big blind) collected ($2)
Seat 4: krytalex (button) (small blind) folded before Flop


PokerStars Hand #150414686163:  Hold'em Limit ($3/$6 USD) - 2016/03/15 18:37:43 ET
Table 'Boyce' 6-max Seat #2 is the button
Seat 2: whats money ($212.02 in chips)
Seat 4: krytalex ($174.97 in chips)
whats money: posts small blind $1
krytalex: posts big blind $3
*** HOLE CARDS ***
whats money: calls $2
krytalex: checks
*** FLOP *** [9h Tc 5c]
krytalex: checks
whats money: bets $3
krytalex: calls $3
*** TURN *** [9h Tc 5c] [6d]
krytalex: checks
whats money: bets $6
krytalex: folds
Uncalled bet ($6) returned to whats money
whats money collected $11.76 from pot
whats money: shows [9d]
*** SUMMARY ***
Total pot $12 | Rake $0.24
Board [9h Tc 5c 6d]
Seat 2: whats money (button) (small blind) collected ($11.76)
Seat 4: krytalex (big blind) folded on the Turn


PokerStars Hand #150414724855:  Hold'em Limit ($3/$6 USD) - 2016/03/15 18:38:29 ET
Table 'Boyce' 6-max Seat #4 is the button
Seat 2: whats money ($221.66 in chips)
Seat 4: krytalex ($164.97 in chips)
krytalex: posts small blind $1
whats money: posts big blind $3
*** HOLE CARDS ***
krytalex: folds
Uncalled bet ($2) returned to whats money
whats money collected $2 from pot
*** SUMMARY ***
Total pot $2 | Rake $0
Seat 2: whats money (big blind) collected ($2)
Seat 4: krytalex (button) (small blind) folded before Flop


PokerStars Hand #150414712684:  Hold'em Limit ($3/$6 USD) - 2016/03/15 18:38:15 ET
Table 'Boyce' 6-max Seat #2 is the button
Seat 2: whats money ($218.78 in chips)
Seat 4: krytalex ($167.97 in chips)
whats money: posts small blind $1
krytalex: posts big blind $3
*** HOLE CARDS ***
whats money: calls $2
krytalex: checks
*** FLOP *** [Ad 2d Qd]
krytalex: checks
whats money: checks
*** TURN *** [Ad 2d Qd] [8d]
krytalex: checks
whats money: bets $6
krytalex: folds
Uncalled bet ($6) returned to whats money
whats money collected $5.88 from pot
whats money: shows [5d]
*** SUMMARY ***
Total pot $6 | Rake $0.12
Board [Ad 2d Qd 8d]
Seat 2: whats money (button) (small blind) collected ($5.88)
Seat 4: krytalex (big blind) folded on the Turn


PokerStars Hand #150414729028:  Hold'em Limit ($3/$6 USD) - 2016/03/15 18:38:34 ET
Table 'Boyce' 6-max Seat #2 is the button
Seat 2: whats money ($222.66 in chips)
Seat 4: krytalex ($163.97 in chips)
whats money: posts small blind $1
krytalex: posts big blind $3
*** HOLE CARDS ***
whats money: folds
Uncalled bet ($2) returned to krytalex
krytalex collected $2 from pot
*** SUMMARY ***
Total pot $2 | Rake $0
Seat 2: whats money (button) (small blind) folded before Flop
Seat 4: krytalex (big blind) collected ($2)


PokerStars Hand #150414732781:  Hold'em Limit ($3/$6 USD) - 2016/03/15 18:38:39 ET
Table 'Boyce' 6-max Seat #4 is the button
Seat 2: whats money ($221.66 in chips)
Seat 4: krytalex ($164.97 in chips)
krytalex: posts small blind $1
whats money: posts big blind $3
*** HOLE CARDS ***
krytalex: raises $3 to $6
whats money: raises $3 to $9
krytalex: calls $3
*** FLOP *** [4d Qc 8d]
whats money: bets $3
krytalex: calls $3
*** TURN *** [4d Qc 8d] [Ad]
whats money: checks
krytalex: checks
*** RIVER *** [4d Qc 8d Ad] [7d]
whats money: checks
krytalex: bets $6
whats money: calls $6
*** SHOW DOWN ***
krytalex: shows [7h 8c] (two pair, Eights and Sevens)
whats money: mucks hand
krytalex collected $35.50 from pot
*** SUMMARY ***
Total pot $36 | Rake $0.50
Board [4d Qc 8d Ad 7d]
Seat 2: whats money (big blind) mucked
Seat 4: krytalex (button) (small blind) showed [7h 8c] and won ($35.50) with two pair, Eights and Sevens


PokerStars Hand #150414789895:  Hold'em Limit ($3/$6 USD) - 2016/03/15 18:39:46 ET
Table 'Boyce' 6-max Seat #2 is the button
Seat 2: whats money ($173.66 in chips)
Seat 4: krytalex ($211.97 in chips)
whats money: posts small blind $1
krytalex: posts big blind $3
*** HOLE CARDS ***
whats money: folds
Uncalled bet ($2) returned to krytalex
krytalex collected $2 from pot
*** SUMMARY ***
Total pot $2 | Rake $0
Seat 2: whats money (button) (small blind) folded before Flop
Seat 4: krytalex (big blind) collected ($2)


PokerStars Hand #150414784228:  Hold'em Limit ($3/$6 USD) - 2016/03/15 18:39:39 ET
Table 'Boyce' 6-max Seat #4 is the button
Seat 2: whats money ($176.66 in chips)
Seat 4: krytalex ($208.97 in chips)
krytalex: posts small blind $1
whats money: posts big blind $3
*** HOLE CARDS ***
krytalex: raises $3 to $6
whats money: folds
Uncalled bet ($3) returned to krytalex
krytalex collected $6 from pot
*** SUMMARY ***
Total pot $6 | Rake $0
Seat 2: whats money (big blind) folded before Flop
Seat 4: krytalex (button) (small blind) collected ($6)


PokerStars Hand #150414754551:  Hold'em Limit ($3/$6 USD) - 2016/03/15 18:39:04 ET
Table 'Boyce' 6-max Seat #2 is the button
Seat 2: whats money ($203.66 in chips)
Seat 4: krytalex ($182.47 in chips)
whats money: posts small blind $1
krytalex: posts big blind $3
*** HOLE CARDS ***
whats money: raises $3 to $6
krytalex: calls $3
*** FLOP *** [Ts Kd Kc]
krytalex: checks
whats money: bets $3
krytalex: raises $3 to $6
whats money: raises $3 to $9
krytalex: calls $3
*** TURN *** [Ts Kd Kc] [6d]
krytalex: checks
whats money: bets $6
krytalex: raises $6 to $12
whats money: calls $6
*** RIVER *** [Ts Kd Kc 6d] [Th]
krytalex: bets $6
whats money: folds
Uncalled bet ($6) returned to krytalex
krytalex collected $53.50 from pot
*** SUMMARY ***
Total pot $54 | Rake $0.50
Board [Ts Kd Kc 6d Th]
Seat 2: whats money (button) (small blind) folded on the River
Seat 4: krytalex (big blind) collected ($53.50)


PokerStars Hand #150414815369:  Hold'em Limit ($3/$6 USD) - 2016/03/15 18:40:16 ET
Table 'Boyce' 6-max Seat #4 is the button
Seat 2: whats money ($195.16 in chips)
Seat 4: krytalex ($189.97 in chips)
krytalex: posts small blind $1
whats money: posts big blind $3
*** HOLE CARDS ***
krytalex: folds
Uncalled bet ($2) returned to whats money
whats money collected $2 from pot
*** SUMMARY ***
Total pot $2 | Rake $0
Seat 2: whats money (big blind) collected ($2)
Seat 4: krytalex (button) (small blind) folded before Flop


PokerStars Hand #150414809957:  Hold'em Limit ($3/$6 USD) - 2016/03/15 18:40:10 ET
Table 'Boyce' 6-max Seat #2 is the button
Seat 2: whats money ($196.16 in chips)
Seat 4: krytalex ($188.97 in chips)
whats money: posts small blind $1
krytalex: posts big blind $3
*** HOLE CARDS ***
whats money: folds
Uncalled bet ($2) returned to krytalex
krytalex collected $2 from pot
*** SUMMARY ***
Total pot $2 | Rake $0
Seat 2: whats money (button) (small blind) folded before Flop
Seat 4: krytalex (big blind) collected ($2)


PokerStars Hand #150414794063:  Hold'em Limit ($3/$6 USD) - 2016/03/15 18:39:51 ET
Table 'Boyce' 6-max Seat #4 is the button
Seat 2: whats money ($172.66 in chips)
Seat 4: krytalex ($212.97 in chips)
krytalex: posts small blind $1
whats money: posts big blind $3
*** HOLE CARDS ***
krytalex: raises $3 to $6
whats money: raises $3 to $9
krytalex: calls $3
*** FLOP *** [7h 5d 9s]
whats money: bets $3
krytalex: calls $3
*** TURN *** [7h 5d 9s] [2c]
whats money: bets $6
krytalex: calls $6
*** RIVER *** [7h 5d 9s 2c] [Kd]
whats money: bets $6
krytalex: calls $6
*** SHOW DOWN ***
whats money: shows [Jd Jc] (a pair of Jacks)
krytalex: mucks hand
whats money collected $47.50 from pot
*** SUMMARY ***
Total pot $48 | Rake $0.50
Board [7h 5d 9s 2c Kd]
Seat 2: whats money (big blind) showed [Jd Jc] and won ($47.50) with a pair of Jacks
Seat 4: krytalex (button) (small blind) mucked


PokerStars Hand #150415892580:  Hold'em Limit ($3/$6 USD) - 2016/03/15 19:03:03 ET
Table 'Boyce' 6-max Seat #3 is the button
Seat 3: tutones87 ($58 in chips)
Seat 5: Pandakey ($120 in chips)
tutones87: posts small blind $1
Pandakey: posts big blind $3
*** HOLE CARDS ***
tutones87: raises $3 to $6
Pandakey: calls $3
*** FLOP *** [5h 3h 4s]
Pandakey: checks
tutones87: bets $3
Pandakey: raises $3 to $6
tutones87: calls $3
*** TURN *** [5h 3h 4s] [2s]
Pandakey: checks
tutones87: checks
*** RIVER *** [5h 3h 4s 2s] [Ad]
Pandakey: checks
tutones87: bets $6
Pandakey: folds
Uncalled bet ($6) returned to tutones87
tutones87 collected $23.52 from pot
tutones87: doesn't show hand
love481 joins the table at seat #6
*** SUMMARY ***
Total pot $24 | Rake $0.48
Board [5h 3h 4s 2s Ad]
Seat 3: tutones87 (button) (small blind) collected ($23.52)
Seat 5: Pandakey (big blind) folded on the River


PokerStars Hand #150416097860:  Hold'em Limit ($3/$6 USD) - 2016/03/15 19:07:19 ET
Table 'Boyce' 6-max Seat #6 is the button
Seat 5: Pandakey ($60.72 in chips)
Seat 6: love481 ($31.58 in chips)
love481: posts small blind $1
Pandakey: posts big blind $3
*** HOLE CARDS ***
love481: folds
Uncalled bet ($2) returned to Pandakey
Pandakey collected $2 from pot
Pandakey: doesn't show hand
*** SUMMARY ***
Total pot $2 | Rake $0
Seat 5: Pandakey (big blind) collected ($2)
Seat 6: love481 (button) (small blind) folded before Flop


