PokerStars Hand #145116106864:  Hold'em Limit ($3/$6 USD) - 2015/12/10 7:03:16 ET
Table 'Boyce' 6-max Seat #2 is the button
Seat 2: parnishka11 ($52 in chips)
Seat 6: Lillafisen ($102.69 in chips)
parnishka11: posts small blind $1
TbIP-TbIP 88: is sitting out
B_loJkl: is sitting out
Lillafisen: posts big blind $3
*** HOLE CARDS ***
parnishka11: raises $3 to $6
Lillafisen: calls $3
*** FLOP *** [6c 5s Td]
Lillafisen: checks
parnishka11: bets $3
Lillafisen: calls $3
*** TURN *** [6c 5s Td] [9c]
Lillafisen: checks
hauilen joins the table at seat #3
parnishka11: bets $6
Lillafisen: calls $6
*** RIVER *** [6c 5s Td 9c] [As]
Lillafisen: checks
parnishka11: bets $6
Lillafisen: calls $6
*** SHOW DOWN ***
parnishka11: shows [Ah Kh] (a pair of Aces)
Lillafisen: mucks hand
parnishka11 collected $41.50 from pot
*** SUMMARY ***
Total pot $42 | Rake $0.50
Board [6c 5s Td 9c As]
Seat 2: parnishka11 (button) (small blind) showed [Ah Kh] and won ($41.50) with a pair of Aces
Seat 6: Lillafisen (big blind) mucked


PokerStars Hand #145116122366:  Hold'em Limit ($3/$6 USD) - 2015/12/10 7:03:46 ET
Table 'Boyce' 6-max Seat #6 is the button
Seat 2: parnishka11 ($72.50 in chips)
Seat 6: Lillafisen ($81.69 in chips)
Lillafisen: posts small blind $1
parnishka11: posts big blind $3
*** HOLE CARDS ***
HAL9QQQ joins the table at seat #1
Lillafisen: folds
Uncalled bet ($2) returned to parnishka11
parnishka11 collected $2 from pot
parnishka11: doesn't show hand
*** SUMMARY ***
Total pot $2 | Rake $0
Seat 2: parnishka11 (big blind) collected ($2)
Seat 6: Lillafisen (button) (small blind) folded before Flop


PokerStars Hand #145119504075:  Hold'em Limit ($3/$6 USD) - 2015/12/10 8:44:33 ET
Table 'Boyce' 6-max Seat #2 is the button
Seat 2: julenchu ($82.38 in chips)
Seat 6: TheU10 ($138.14 in chips)
julenchu: posts small blind $1
assitoni: is sitting out
B_loJkl: is sitting out
TheU10: posts big blind $3
*** HOLE CARDS ***
julenchu: raises $3 to $6
B_loJkl leaves the table
TheU10: calls $3
*** FLOP *** [Jh Ad 8h]
TheU10: checks
assitoni leaves the table
julenchu: bets $3
TheU10: folds
Uncalled bet ($3) returned to julenchu
julenchu collected $11.76 from pot
julenchu: doesn't show hand
*** SUMMARY ***
Total pot $12 | Rake $0.24
Board [Jh Ad 8h]
Seat 2: julenchu (button) (small blind) collected ($11.76)
Seat 6: TheU10 (big blind) folded on the Flop


PokerStars Hand #145119515043:  Hold'em Limit ($3/$6 USD) - 2015/12/10 8:44:50 ET
Table 'Boyce' 6-max Seat #6 is the button
Seat 2: julenchu ($88.14 in chips)
Seat 6: TheU10 ($132.14 in chips)
TheU10: posts small blind $1
julenchu: posts big blind $3
*** HOLE CARDS ***
kolaz03 joins the table at seat #3
TheU10: raises $3 to $6
kolaz03 leaves the table
julenchu: folds
Uncalled bet ($3) returned to TheU10
TheU10 collected $6 from pot
TheU10: doesn't show hand
*** SUMMARY ***
Total pot $6 | Rake $0
Seat 2: julenchu (big blind) folded before Flop
Seat 6: TheU10 (button) (small blind) collected ($6)


PokerStars Hand #145120541129:  Hold'em Limit ($3/$6 USD) - 2015/12/10 9:12:06 ET
Table 'Boyce' 6-max Seat #4 is the button
Seat 2: julenchu ($70 in chips)
Seat 4: TinaTurner72 ($252.64 in chips)
TinaTurner72: posts small blind $1
Karpik09: is sitting out
donjuanmt: is sitting out
julenchu: posts big blind $3
*** HOLE CARDS ***
TinaTurner72: raises $3 to $6
donjuanmt leaves the table
Karpik09 leaves the table
julenchu: calls $3
*** FLOP *** [Qd 7c 3c]
julenchu: checks
TinaTurner72: bets $3
julenchu: calls $3
*** TURN *** [Qd 7c 3c] [6s]
julenchu: checks
TinaTurner72: bets $6
julenchu: calls $6
*** RIVER *** [Qd 7c 3c 6s] [7d]
julenchu: checks
TinaTurner72: bets $6
julenchu: calls $6
*** SHOW DOWN ***
TinaTurner72: shows [7h 8s] (three of a kind, Sevens)
julenchu: mucks hand
TinaTurner72 collected $41.50 from pot
*** SUMMARY ***
Total pot $42 | Rake $0.50
Board [Qd 7c 3c 6s 7d]
Seat 2: julenchu (big blind) mucked
Seat 4: TinaTurner72 (button) (small blind) showed [7h 8s] and won ($41.50) with three of a kind, Sevens


