PokerStars Hand #148471231452:  Hold'em Limit ($3/$6 USD) - 2016/02/08 16:51:18 ET
Table 'Boyce' 2-max Seat #1 is the button
Seat 1: Azrarn ($125.76 in chips)
Seat 2: knysi ($33.12 in chips)
Azrarn: posts small blind $1
knysi: posts big blind $3
*** HOLE CARDS ***
Azrarn: raises $3 to $6
knysi: calls $3
*** FLOP *** [7s 9s 2c]
knysi: checks
Azrarn: bets $3
knysi: calls $3
*** TURN *** [7s 9s 2c] [Ad]
knysi: checks
Azrarn: checks
*** RIVER *** [7s 9s 2c Ad] [8d]
knysi: bets $6
Azrarn: calls $6
*** SHOW DOWN ***
knysi: shows [2d 3c] (a pair of Deuces)
Azrarn: shows [8c Kd] (a pair of Eights)
Azrarn collected $29.50 from pot
*** SUMMARY ***
Total pot $30 | Rake $0.50
Board [7s 9s 2c Ad 8d]
Seat 1: Azrarn (button) (small blind) showed [8c Kd] and won ($29.50) with a pair of Eights
Seat 2: knysi (big blind) showed [2d 3c] and lost with a pair of Deuces


PokerStars Hand #148471293100:  Hold'em Limit ($3/$6 USD) - 2016/02/08 16:52:08 ET
Table 'Boyce' 2-max Seat #2 is the button
Seat 1: Azrarn ($140.26 in chips)
Seat 2: knysi ($18.12 in chips)
knysi: posts small blind $1
Azrarn: posts big blind $3
*** HOLE CARDS ***
knysi: raises $3 to $6
Azrarn: folds
Uncalled bet ($3) returned to knysi
knysi collected $6 from pot
knysi: doesn't show hand
*** SUMMARY ***
Total pot $6 | Rake $0
Seat 1: Azrarn (big blind) folded before Flop
Seat 2: knysi (button) (small blind) collected ($6)


PokerStars Hand #148471308801:  Hold'em Limit ($3/$6 USD) - 2016/02/08 16:52:21 ET
Table 'Boyce' 2-max Seat #1 is the button
Seat 1: Azrarn ($137.26 in chips)
Seat 2: knysi ($21.12 in chips)
Azrarn: posts small blind $1
knysi: posts big blind $3
*** HOLE CARDS ***
Azrarn: raises $3 to $6
knysi: calls $3
*** FLOP *** [Qh Qc 8d]
knysi: checks
Azrarn: bets $3
knysi: folds
Uncalled bet ($3) returned to Azrarn
Azrarn collected $11.76 from pot
Azrarn: doesn't show hand
*** SUMMARY ***
Total pot $12 | Rake $0.24
Board [Qh Qc 8d]
Seat 1: Azrarn (button) (small blind) collected ($11.76)
Seat 2: knysi (big blind) folded on the Flop


PokerStars Hand #148471330177:  Hold'em Limit ($3/$6 USD) - 2016/02/08 16:52:38 ET
Table 'Boyce' 2-max Seat #2 is the button
Seat 1: Azrarn ($143.02 in chips)
Seat 2: knysi ($15.12 in chips)
knysi: posts small blind $1
Azrarn: posts big blind $3
*** HOLE CARDS ***
knysi: raises $3 to $6
Azrarn: calls $3
*** FLOP *** [5s Kc Tc]
Azrarn: checks
knysi: checks
*** TURN *** [5s Kc Tc] [7c]
Azrarn: checks
knysi: bets $6
Azrarn: folds
Uncalled bet ($6) returned to knysi
knysi collected $11.76 from pot
knysi: doesn't show hand
*** SUMMARY ***
Total pot $12 | Rake $0.24
Board [5s Kc Tc 7c]
Seat 1: Azrarn (big blind) folded on the Turn
Seat 2: knysi (button) (small blind) collected ($11.76)


PokerStars Hand #148471388565:  Hold'em Limit ($3/$6 USD) - 2016/02/08 16:53:26 ET
Table 'Boyce' 2-max Seat #2 is the button
Seat 1: Azrarn ($142.78 in chips)
Seat 2: knysi ($14.88 in chips)
knysi: posts small blind $1
Azrarn: posts big blind $3
*** HOLE CARDS ***
knysi: folds
Uncalled bet ($2) returned to Azrarn
Azrarn collected $2 from pot
Azrarn: doesn't show hand
*** SUMMARY ***
Total pot $2 | Rake $0
Seat 1: Azrarn (big blind) collected ($2)
Seat 2: knysi (button) (small blind) folded before Flop


PokerStars Hand #148471370174:  Hold'em Limit ($3/$6 USD) - 2016/02/08 16:53:11 ET
Table 'Boyce' 2-max Seat #1 is the button
Seat 1: Azrarn ($137.02 in chips)
Seat 2: knysi ($20.88 in chips)
Azrarn: posts small blind $1
knysi: posts big blind $3
*** HOLE CARDS ***
Azrarn: raises $3 to $6
knysi: calls $3
*** FLOP *** [6d Ks 3d]
knysi: checks
Azrarn: bets $3
knysi: folds
Uncalled bet ($3) returned to Azrarn
Azrarn collected $11.76 from pot
Azrarn: doesn't show hand
*** SUMMARY ***
Total pot $12 | Rake $0.24
Board [6d Ks 3d]
Seat 1: Azrarn (button) (small blind) collected ($11.76)
Seat 2: knysi (big blind) folded on the Flop


PokerStars Hand #148471395598:  Hold'em Limit ($3/$6 USD) - 2016/02/08 16:53:32 ET
Table 'Boyce' 2-max Seat #1 is the button
Seat 1: Azrarn ($143.78 in chips)
Seat 2: knysi ($13.88 in chips)
Azrarn: posts small blind $1
knysi: posts big blind $3
*** HOLE CARDS ***
Azrarn: raises $3 to $6
knysi: calls $3
*** FLOP *** [7c Js 9d]
knysi: checks
Azrarn: bets $3
knysi: calls $3
*** TURN *** [7c Js 9d] [Ad]
knysi: checks
Azrarn: bets $6
knysi: calls $4.88 and is all-in
Uncalled bet ($1.12) returned to Azrarn
*** RIVER *** [7c Js 9d Ad] [6c]
*** SHOW DOWN ***
knysi: shows [7s Kh] (a pair of Sevens)
Azrarn: shows [Qh Ks] (high card Ace)
knysi collected $27.26 from pot
*** SUMMARY ***
Total pot $27.76 | Rake $0.50
Board [7c Js 9d Ad 6c]
Seat 1: Azrarn (button) (small blind) showed [Qh Ks] and lost with high card Ace
Seat 2: knysi (big blind) showed [7s Kh] and won ($27.26) with a pair of Sevens


PokerStars Hand #148471502574:  Hold'em Limit ($3/$6 USD) - 2016/02/08 16:55:07 ET
Table 'Boyce' 2-max Seat #1 is the button
Seat 1: Azrarn ($141.42 in chips)
Seat 2: knysi ($15.26 in chips)
Azrarn: posts small blind $1
knysi: posts big blind $3
*** HOLE CARDS ***
Azrarn: raises $3 to $6
knysi: folds
Uncalled bet ($3) returned to Azrarn
Azrarn collected $6 from pot
Azrarn: doesn't show hand
*** SUMMARY ***
Total pot $6 | Rake $0
Seat 1: Azrarn (button) (small blind) collected ($6)
Seat 2: knysi (big blind) folded before Flop


PokerStars Hand #148471441383:  Hold'em Limit ($3/$6 USD) - 2016/02/08 16:54:11 ET
Table 'Boyce' 2-max Seat #2 is the button
Seat 1: Azrarn ($129.90 in chips)
Seat 2: knysi ($27.26 in chips)
knysi: posts small blind $1
Azrarn: posts big blind $3
*** HOLE CARDS ***
knysi: raises $3 to $6
Azrarn: raises $3 to $9
knysi: calls $3
*** FLOP *** [8s 3c 2h]
Azrarn: bets $3
knysi: calls $3
*** TURN *** [8s 3c 2h] [Qc]
Azrarn: bets $6
knysi: folds
Uncalled bet ($6) returned to Azrarn
Azrarn collected $23.52 from pot
Azrarn: doesn't show hand
*** SUMMARY ***
Total pot $24 | Rake $0.48
Board [8s 3c 2h Qc]
Seat 1: Azrarn (big blind) collected ($23.52)
Seat 2: knysi (button) (small blind) folded on the Turn


PokerStars Hand #148471507096:  Hold'em Limit ($3/$6 USD) - 2016/02/08 16:55:13 ET
Table 'Boyce' 2-max Seat #2 is the button
Seat 1: Azrarn ($144.42 in chips)
Seat 2: knysi ($12.26 in chips)
knysi: posts small blind $1
Azrarn: posts big blind $3
*** HOLE CARDS ***
knysi: folds
Uncalled bet ($2) returned to Azrarn
Azrarn collected $2 from pot
Azrarn: doesn't show hand
*** SUMMARY ***
Total pot $2 | Rake $0
Seat 1: Azrarn (big blind) collected ($2)
Seat 2: knysi (button) (small blind) folded before Flop


PokerStars Hand #148471511516:  Hold'em Limit ($3/$6 USD) - 2016/02/08 16:55:18 ET
Table 'Boyce' 2-max Seat #1 is the button
Seat 1: Azrarn ($145.42 in chips)
Seat 2: knysi ($11.26 in chips)
Azrarn: posts small blind $1
knysi: posts big blind $3
*** HOLE CARDS ***
Azrarn: folds
Uncalled bet ($2) returned to knysi
knysi collected $2 from pot
knysi: doesn't show hand
*** SUMMARY ***
Total pot $2 | Rake $0
Seat 1: Azrarn (button) (small blind) folded before Flop
Seat 2: knysi (big blind) collected ($2)


PokerStars Hand #148471525201:  Hold'em Limit ($3/$6 USD) - 2016/02/08 16:55:35 ET
Table 'Boyce' 2-max Seat #2 is the button
Seat 1: Azrarn ($144.42 in chips)
Seat 2: knysi ($12.26 in chips)
knysi: posts small blind $1
Azrarn: posts big blind $3
*** HOLE CARDS ***
knysi: raises $3 to $6
Azrarn: folds
Uncalled bet ($3) returned to knysi
knysi collected $6 from pot
knysi: doesn't show hand
*** SUMMARY ***
Total pot $6 | Rake $0
Seat 1: Azrarn (big blind) folded before Flop
Seat 2: knysi (button) (small blind) collected ($6)


PokerStars Hand #148471531199:  Hold'em Limit ($3/$6 USD) - 2016/02/08 16:55:42 ET
Table 'Boyce' 2-max Seat #1 is the button
Seat 1: Azrarn ($141.42 in chips)
Seat 2: knysi ($15.26 in chips)
Azrarn: posts small blind $1
knysi: posts big blind $3
*** HOLE CARDS ***
Azrarn: raises $3 to $6
knysi: calls $3
*** FLOP *** [4s Qd Js]
knysi: checks
Azrarn: bets $3
knysi: calls $3
*** TURN *** [4s Qd Js] [7s]
knysi: checks
Azrarn: bets $6
knysi: raises $0.26 to $6.26 and is all-in
Azrarn: calls $0.26
*** RIVER *** [4s Qd Js 7s] [6c]
*** SHOW DOWN ***
knysi: shows [5c Ah] (high card Ace)
Azrarn: shows [9h Jh] (a pair of Jacks)
Azrarn collected $30.02 from pot
*** SUMMARY ***
Total pot $30.52 | Rake $0.50
Board [4s Qd Js 7s 6c]
Seat 1: Azrarn (button) (small blind) showed [9h Jh] and won ($30.02) with a pair of Jacks
Seat 2: knysi (big blind) showed [5c Ah] and lost with high card Ace


PokerStars Hand #148471598210:  Hold'em Limit ($3/$6 USD) - 2016/02/08 16:57:03 ET
Table 'Boyce' 2-max Seat #2 is the button
Seat 1: Azrarn ($156.18 in chips)
Seat 2: knysi ($33.58 in chips)
knysi: posts small blind $1
Azrarn: posts big blind $3
*** HOLE CARDS ***
knysi: raises $3 to $6
Azrarn: calls $3
*** FLOP *** [6s Tc 9c]
Azrarn: checks
knysi: bets $3
Azrarn: raises $3 to $6
knysi: calls $3
*** TURN *** [6s Tc 9c] [8c]
Azrarn: checks
knysi: checks
*** RIVER *** [6s Tc 9c 8c] [Ks]
Azrarn: checks
knysi: bets $6
Azrarn: calls $6
*** SHOW DOWN ***
knysi: shows [9d Kd] (two pair, Kings and Nines)
Azrarn: mucks hand
knysi collected $35.50 from pot
*** SUMMARY ***
Total pot $36 | Rake $0.50
Board [6s Tc 9c 8c Ks]
Seat 1: Azrarn (big blind) mucked
Seat 2: knysi (button) (small blind) showed [9d Kd] and won ($35.50) with two pair, Kings and Nines


PokerStars Hand #148471704357:  Hold'em Limit ($3/$6 USD) - 2016/02/08 16:58:57 ET
Table 'Boyce' 2-max Seat #1 is the button
Seat 1: Azrarn ($118.18 in chips)
Seat 2: knysi ($70.58 in chips)
Azrarn: posts small blind $1
knysi: posts big blind $3
*** HOLE CARDS ***
Azrarn: raises $3 to $6
knysi: calls $3
*** FLOP *** [9s Ac 9h]
knysi: checks
Azrarn: bets $3
knysi: calls $3
*** TURN *** [9s Ac 9h] [3h]
knysi: checks
Azrarn: checks
*** RIVER *** [9s Ac 9h 3h] [8c]
knysi: bets $6
Azrarn: folds
Uncalled bet ($6) returned to knysi
knysi collected $17.64 from pot
knysi: doesn't show hand
*** SUMMARY ***
Total pot $18 | Rake $0.36
Board [9s Ac 9h 3h 8c]
Seat 1: Azrarn (button) (small blind) folded on the River
Seat 2: knysi (big blind) collected ($17.64)


PokerStars Hand #148471700334:  Hold'em Limit ($3/$6 USD) - 2016/02/08 16:58:52 ET
Table 'Boyce' 2-max Seat #2 is the button
Seat 1: Azrarn ($117.18 in chips)
Seat 2: knysi ($71.58 in chips)
knysi: posts small blind $1
Azrarn: posts big blind $3
*** HOLE CARDS ***
knysi: folds
Uncalled bet ($2) returned to Azrarn
Azrarn collected $2 from pot
Azrarn: doesn't show hand
*** SUMMARY ***
Total pot $2 | Rake $0
Seat 1: Azrarn (big blind) collected ($2)
Seat 2: knysi (button) (small blind) folded before Flop


PokerStars Hand #148471628131:  Hold'em Limit ($3/$6 USD) - 2016/02/08 16:57:39 ET
Table 'Boyce' 2-max Seat #1 is the button
Seat 1: Azrarn ($138.18 in chips)
Seat 2: knysi ($51.08 in chips)
Azrarn: posts small blind $1
knysi: posts big blind $3
*** HOLE CARDS ***
Azrarn: raises $3 to $6
knysi: calls $3
*** FLOP *** [2h Qh 9s]
knysi: checks
Azrarn: bets $3
knysi: calls $3
*** TURN *** [2h Qh 9s] [8h]
knysi: checks
Azrarn: bets $6
knysi: calls $6
*** RIVER *** [2h Qh 9s 8h] [Qs]
knysi: checks
Azrarn: bets $6
knysi: raises $6 to $12
Azrarn: folds
Uncalled bet ($6) returned to knysi
knysi collected $41.50 from pot
knysi: doesn't show hand
*** SUMMARY ***
Total pot $42 | Rake $0.50
Board [2h Qh 9s 8h Qs]
Seat 1: Azrarn (button) (small blind) folded on the River
Seat 2: knysi (big blind) collected ($41.50)


PokerStars Hand #148471791156:  Hold'em Limit ($3/$6 USD) - 2016/02/08 17:00:39 ET
Table 'Boyce' 2-max Seat #2 is the button
Seat 1: Azrarn ($123.58 in chips)
Seat 2: knysi ($64.22 in chips)
knysi: posts small blind $1
Azrarn: posts big blind $3
*** HOLE CARDS ***
knysi: folds
Uncalled bet ($2) returned to Azrarn
Azrarn collected $2 from pot
Azrarn: doesn't show hand
*** SUMMARY ***
Total pot $2 | Rake $0
Seat 1: Azrarn (big blind) collected ($2)
Seat 2: knysi (button) (small blind) folded before Flop


PokerStars Hand #148471758056:  Hold'em Limit ($3/$6 USD) - 2016/02/08 17:00:01 ET
Table 'Boyce' 2-max Seat #1 is the button
Seat 1: Azrarn ($114.94 in chips)
Seat 2: knysi ($73.22 in chips)
Azrarn: posts small blind $1
knysi: posts big blind $3
*** HOLE CARDS ***
Azrarn: raises $3 to $6
knysi: calls $3
*** FLOP *** [Qs Jh 7h]
knysi: checks
Azrarn: bets $3
knysi: calls $3
*** TURN *** [Qs Jh 7h] [8s]
knysi: checks
Azrarn: checks
*** RIVER *** [Qs Jh 7h 8s] [5h]
knysi: checks
Azrarn: checks
*** SHOW DOWN ***
knysi: shows [2d Kc] (high card King)
Azrarn: shows [Td 7s] (a pair of Sevens)
Azrarn collected $17.64 from pot
*** SUMMARY ***
Total pot $18 | Rake $0.36
Board [Qs Jh 7h 8s 5h]
Seat 1: Azrarn (button) (small blind) showed [Td 7s] and won ($17.64) with a pair of Sevens
Seat 2: knysi (big blind) showed [2d Kc] and lost with high card King


PokerStars Hand #148471737700:  Hold'em Limit ($3/$6 USD) - 2016/02/08 16:59:36 ET
Table 'Boyce' 2-max Seat #2 is the button
Seat 1: Azrarn ($109.18 in chips)
Seat 2: knysi ($79.22 in chips)
knysi: posts small blind $1
Azrarn: posts big blind $3
*** HOLE CARDS ***
knysi: raises $3 to $6
Azrarn: calls $3
*** FLOP *** [Qd Tc Jd]
Azrarn: checks
knysi: checks
*** TURN *** [Qd Tc Jd] [Ks]
Azrarn: checks
knysi: checks
*** RIVER *** [Qd Tc Jd Ks] [8d]
Azrarn: bets $6
knysi: folds
Uncalled bet ($6) returned to Azrarn
Azrarn collected $11.76 from pot
Azrarn: doesn't show hand
*** SUMMARY ***
Total pot $12 | Rake $0.24
Board [Qd Tc Jd Ks 8d]
Seat 1: Azrarn (big blind) collected ($11.76)
Seat 2: knysi (button) (small blind) folded on the River


PokerStars Hand #148471844787:  Hold'em Limit ($3/$6 USD) - 2016/02/08 17:01:35 ET
Table 'Boyce' 2-max Seat #2 is the button
Seat 1: Azrarn ($109.58 in chips)
Seat 2: knysi ($77.72 in chips)
knysi: posts small blind $1
Azrarn: posts big blind $3
*** HOLE CARDS ***
knysi: folds
Uncalled bet ($2) returned to Azrarn
Azrarn collected $2 from pot
Azrarn: doesn't show hand
*** SUMMARY ***
Total pot $2 | Rake $0
Seat 1: Azrarn (big blind) collected ($2)
Seat 2: knysi (button) (small blind) folded before Flop


PokerStars Hand #148471794964:  Hold'em Limit ($3/$6 USD) - 2016/02/08 17:00:43 ET
Table 'Boyce' 2-max Seat #1 is the button
Seat 1: Azrarn ($124.58 in chips)
Seat 2: knysi ($63.22 in chips)
Azrarn: posts small blind $1
knysi: posts big blind $3
*** HOLE CARDS ***
Azrarn: raises $3 to $6
knysi: calls $3
*** FLOP *** [3s 3h Ac]
knysi: checks
Azrarn: bets $3
knysi: calls $3
*** TURN *** [3s 3h Ac] [8h]
knysi: checks
Azrarn: checks
*** RIVER *** [3s 3h Ac 8h] [2d]
knysi: bets $6
Azrarn: calls $6
*** SHOW DOWN ***
knysi: shows [Qc Qh] (two pair, Queens and Threes)
Azrarn: mucks hand
knysi collected $29.50 from pot
*** SUMMARY ***
Total pot $30 | Rake $0.50
Board [3s 3h Ac 8h 2d]
Seat 1: Azrarn (button) (small blind) mucked
Seat 2: knysi (big blind) showed [Qc Qh] and won ($29.50) with two pair, Queens and Threes


PokerStars Hand #148471849343:  Hold'em Limit ($3/$6 USD) - 2016/02/08 17:01:40 ET
Table 'Boyce' 2-max Seat #1 is the button
Seat 1: Azrarn ($110.58 in chips)
Seat 2: knysi ($76.72 in chips)
Azrarn: posts small blind $1
knysi: posts big blind $3
*** HOLE CARDS ***
Azrarn: raises $3 to $6
knysi: calls $3
*** FLOP *** [Ac 8s 2c]
knysi: checks
Azrarn: bets $3
knysi: calls $3
*** TURN *** [Ac 8s 2c] [6s]
knysi: checks
Azrarn: bets $6
knysi: calls $6
*** RIVER *** [Ac 8s 2c 6s] [Js]
knysi: checks
Azrarn: bets $6
knysi: folds
Uncalled bet ($6) returned to Azrarn
Azrarn collected $29.50 from pot
Azrarn: doesn't show hand
*** SUMMARY ***
Total pot $30 | Rake $0.50
Board [Ac 8s 2c 6s Js]
Seat 1: Azrarn (button) (small blind) collected ($29.50)
Seat 2: knysi (big blind) folded on the River


PokerStars Hand #148471899737:  Hold'em Limit ($3/$6 USD) - 2016/02/08 17:02:28 ET
Table 'Boyce' 2-max Seat #2 is the button
Seat 1: Azrarn ($125.08 in chips)
Seat 2: knysi ($61.72 in chips)
knysi: posts small blind $1
Azrarn: posts big blind $3
*** HOLE CARDS ***
knysi: raises $3 to $6
Azrarn: calls $3
*** FLOP *** [2s Td Tc]
Azrarn: checks
knysi: checks
*** TURN *** [2s Td Tc] [9c]
Azrarn: checks
knysi: checks
*** RIVER *** [2s Td Tc 9c] [5d]
Azrarn: bets $6
knysi: raises $6 to $12
Azrarn: calls $6
*** SHOW DOWN ***
knysi: shows [Kc Ts] (three of a kind, Tens)
Azrarn: mucks hand
knysi collected $35.50 from pot
*** SUMMARY ***
Total pot $36 | Rake $0.50
Board [2s Td Tc 9c 5d]
Seat 1: Azrarn (big blind) mucked
Seat 2: knysi (button) (small blind) showed [Kc Ts] and won ($35.50) with three of a kind, Tens


PokerStars Hand #148471955240:  Hold'em Limit ($3/$6 USD) - 2016/02/08 17:03:22 ET
Table 'Boyce' 2-max Seat #1 is the button
Seat 1: Azrarn ($107.08 in chips)
Seat 2: knysi ($79.22 in chips)
Azrarn: posts small blind $1
knysi: posts big blind $3
*** HOLE CARDS ***
Azrarn: raises $3 to $6
knysi: calls $3
*** FLOP *** [3d 6s 4s]
knysi: checks
Azrarn: checks
*** TURN *** [3d 6s 4s] [Jh]
knysi: checks
Azrarn: checks
*** RIVER *** [3d 6s 4s Jh] [Td]
knysi: bets $6
Azrarn: folds
Uncalled bet ($6) returned to knysi
knysi collected $11.76 from pot
knysi: doesn't show hand
*** SUMMARY ***
Total pot $12 | Rake $0.24
Board [3d 6s 4s Jh Td]
Seat 1: Azrarn (button) (small blind) folded on the River
Seat 2: knysi (big blind) collected ($11.76)


PokerStars Hand #148472009697:  Hold'em Limit ($3/$6 USD) - 2016/02/08 17:04:14 ET
Table 'Boyce' 2-max Seat #2 is the button
Seat 1: Azrarn ($101.08 in chips)
Seat 2: knysi ($84.98 in chips)
knysi: posts small blind $1
Azrarn: posts big blind $3
*** HOLE CARDS ***
knysi: folds
Uncalled bet ($2) returned to Azrarn
Azrarn collected $2 from pot
Azrarn: doesn't show hand
*** SUMMARY ***
Total pot $2 | Rake $0
Seat 1: Azrarn (big blind) collected ($2)
Seat 2: knysi (button) (small blind) folded before Flop


PokerStars Hand #148472044747:  Hold'em Limit ($3/$6 USD) - 2016/02/08 17:04:48 ET
Table 'Boyce' 2-max Seat #2 is the button
Seat 1: Azrarn ($116.58 in chips)
Seat 2: knysi ($68.98 in chips)
knysi: posts small blind $1
Azrarn: posts big blind $3
*** HOLE CARDS ***
knysi: folds
Uncalled bet ($2) returned to Azrarn
Azrarn collected $2 from pot
Azrarn: doesn't show hand
*** SUMMARY ***
Total pot $2 | Rake $0
Seat 1: Azrarn (big blind) collected ($2)
Seat 2: knysi (button) (small blind) folded before Flop


PokerStars Hand #148472014290:  Hold'em Limit ($3/$6 USD) - 2016/02/08 17:04:18 ET
Table 'Boyce' 2-max Seat #1 is the button
Seat 1: Azrarn ($102.08 in chips)
Seat 2: knysi ($83.98 in chips)
Azrarn: posts small blind $1
knysi: posts big blind $3
*** HOLE CARDS ***
Azrarn: raises $3 to $6
knysi: calls $3
*** FLOP *** [6s Jc 6c]
knysi: checks
Azrarn: bets $3
knysi: calls $3
*** TURN *** [6s Jc 6c] [2h]
knysi: checks
Azrarn: bets $6
knysi: calls $6
*** RIVER *** [6s Jc 6c 2h] [8s]
knysi: checks
Azrarn: bets $6
knysi: folds
Uncalled bet ($6) returned to Azrarn
Azrarn collected $29.50 from pot
Azrarn: doesn't show hand
*** SUMMARY ***
Total pot $30 | Rake $0.50
Board [6s Jc 6c 2h 8s]
Seat 1: Azrarn (button) (small blind) collected ($29.50)
Seat 2: knysi (big blind) folded on the River


PokerStars Hand #148472049810:  Hold'em Limit ($3/$6 USD) - 2016/02/08 17:04:52 ET
Table 'Boyce' 2-max Seat #1 is the button
Seat 1: Azrarn ($117.58 in chips)
Seat 2: knysi ($67.98 in chips)
Azrarn: posts small blind $1
knysi: posts big blind $3
*** HOLE CARDS ***
Azrarn: raises $3 to $6
knysi: calls $3
*** FLOP *** [4c Ac 4d]
knysi: checks
Azrarn: bets $3
knysi: calls $3
*** TURN *** [4c Ac 4d] [Td]
knysi: checks
Azrarn: bets $6
knysi: calls $6
*** RIVER *** [4c Ac 4d Td] [9s]
knysi: checks
Azrarn: checks
*** SHOW DOWN ***
knysi: shows [6c 6d] (two pair, Sixes and Fours)
Azrarn: shows [As 7h] (two pair, Aces and Fours)
Azrarn collected $29.50 from pot
*** SUMMARY ***
Total pot $30 | Rake $0.50
Board [4c Ac 4d Td 9s]
Seat 1: Azrarn (button) (small blind) showed [As 7h] and won ($29.50) with two pair, Aces and Fours
Seat 2: knysi (big blind) showed [6c 6d] and lost with two pair, Sixes and Fours


PokerStars Hand #148472078995:  Hold'em Limit ($3/$6 USD) - 2016/02/08 17:05:20 ET
Table 'Boyce' 2-max Seat #2 is the button
Seat 1: Azrarn ($132.08 in chips)
Seat 2: knysi ($52.98 in chips)
knysi: posts small blind $1
Azrarn: posts big blind $3
*** HOLE CARDS ***
knysi: raises $3 to $6
Azrarn: folds
Uncalled bet ($3) returned to knysi
knysi collected $6 from pot
knysi: doesn't show hand
*** SUMMARY ***
Total pot $6 | Rake $0
Seat 1: Azrarn (big blind) folded before Flop
Seat 2: knysi (button) (small blind) collected ($6)


PokerStars Hand #148472100426:  Hold'em Limit ($3/$6 USD) - 2016/02/08 17:05:41 ET
Table 'Boyce' 2-max Seat #2 is the button
Seat 1: Azrarn ($128.08 in chips)
Seat 2: knysi ($56.98 in chips)
knysi: posts small blind $1
Azrarn: posts big blind $3
*** HOLE CARDS ***
knysi: folds
Uncalled bet ($2) returned to Azrarn
Azrarn collected $2 from pot
Azrarn: doesn't show hand
*** SUMMARY ***
Total pot $2 | Rake $0
Seat 1: Azrarn (big blind) collected ($2)
Seat 2: knysi (button) (small blind) folded before Flop


PokerStars Hand #148472089064:  Hold'em Limit ($3/$6 USD) - 2016/02/08 17:05:30 ET
Table 'Boyce' 2-max Seat #1 is the button
Seat 1: Azrarn ($129.08 in chips)
Seat 2: knysi ($55.98 in chips)
Azrarn: posts small blind $1
knysi: posts big blind $3
*** HOLE CARDS ***
Azrarn: folds
Uncalled bet ($2) returned to knysi
knysi collected $2 from pot
knysi: doesn't show hand
*** SUMMARY ***
Total pot $2 | Rake $0
Seat 1: Azrarn (button) (small blind) folded before Flop
Seat 2: knysi (big blind) collected ($2)


PokerStars Hand #148472105111:  Hold'em Limit ($3/$6 USD) - 2016/02/08 17:05:45 ET
Table 'Boyce' 2-max Seat #1 is the button
Seat 1: Azrarn ($129.08 in chips)
Seat 2: knysi ($55.98 in chips)
Azrarn: posts small blind $1
knysi: posts big blind $3
*** HOLE CARDS ***
Azrarn: raises $3 to $6
knysi: calls $3
*** FLOP *** [9s 6c Ks]
knysi: checks
Azrarn: bets $3
knysi: calls $3
*** TURN *** [9s 6c Ks] [Tc]
knysi: checks
Azrarn: checks
*** RIVER *** [9s 6c Ks Tc] [9d]
knysi: bets $6
Azrarn: raises $6 to $12
knysi: calls $6
*** SHOW DOWN ***
Azrarn: shows [Jd 9h] (three of a kind, Nines)
knysi: mucks hand
Azrarn collected $41.50 from pot
*** SUMMARY ***
Total pot $42 | Rake $0.50
Board [9s 6c Ks Tc 9d]
Seat 1: Azrarn (button) (small blind) showed [Jd 9h] and won ($41.50) with three of a kind, Nines
Seat 2: knysi (big blind) mucked


PokerStars Hand #148472137970:  Hold'em Limit ($3/$6 USD) - 2016/02/08 17:06:17 ET
Table 'Boyce' 2-max Seat #2 is the button
Seat 1: Azrarn ($149.58 in chips)
Seat 2: knysi ($34.98 in chips)
knysi: posts small blind $1
Azrarn: posts big blind $3
*** HOLE CARDS ***
knysi: raises $3 to $6
Azrarn: folds
Uncalled bet ($3) returned to knysi
knysi collected $6 from pot
knysi: doesn't show hand
*** SUMMARY ***
Total pot $6 | Rake $0
Seat 1: Azrarn (big blind) folded before Flop
Seat 2: knysi (button) (small blind) collected ($6)


PokerStars Hand #148472202693:  Hold'em Limit ($3/$6 USD) - 2016/02/08 17:07:20 ET
Table 'Boyce' 2-max Seat #1 is the button
Seat 1: Azrarn ($156.22 in chips)
Seat 2: knysi ($27.98 in chips)
Azrarn: posts small blind $1
knysi: posts big blind $3
*** HOLE CARDS ***
Azrarn: raises $3 to $6
knysi: calls $3
*** FLOP *** [5d 8d 3d]
knysi: checks
Azrarn: bets $3
knysi: folds
Uncalled bet ($3) returned to Azrarn
Azrarn collected $11.76 from pot
Azrarn: doesn't show hand
*** SUMMARY ***
Total pot $12 | Rake $0.24
Board [5d 8d 3d]
Seat 1: Azrarn (button) (small blind) collected ($11.76)
Seat 2: knysi (big blind) folded on the Flop


PokerStars Hand #148472198193:  Hold'em Limit ($3/$6 USD) - 2016/02/08 17:07:15 ET
Table 'Boyce' 2-max Seat #2 is the button
Seat 1: Azrarn ($155.22 in chips)
Seat 2: knysi ($28.98 in chips)
knysi: posts small blind $1
Azrarn: posts big blind $3
*** HOLE CARDS ***
knysi: folds
Uncalled bet ($2) returned to Azrarn
Azrarn collected $2 from pot
Azrarn: doesn't show hand
*** SUMMARY ***
Total pot $2 | Rake $0
Seat 1: Azrarn (big blind) collected ($2)
Seat 2: knysi (button) (small blind) folded before Flop


PokerStars Hand #148472145779:  Hold'em Limit ($3/$6 USD) - 2016/02/08 17:06:25 ET
Table 'Boyce' 2-max Seat #1 is the button
Seat 1: Azrarn ($146.58 in chips)
Seat 2: knysi ($37.98 in chips)
Azrarn: posts small blind $1
knysi: posts big blind $3
*** HOLE CARDS ***
Azrarn: raises $3 to $6
knysi: calls $3
*** FLOP *** [7s Qc 3c]
knysi: checks
Azrarn: bets $3
knysi: calls $3
*** TURN *** [7s Qc 3c] [5s]
knysi: checks
Azrarn: bets $6
knysi: folds
Uncalled bet ($6) returned to Azrarn
Azrarn collected $17.64 from pot
Azrarn: doesn't show hand
*** SUMMARY ***
Total pot $18 | Rake $0.36
Board [7s Qc 3c 5s]
Seat 1: Azrarn (button) (small blind) collected ($17.64)
Seat 2: knysi (big blind) folded on the Turn


PokerStars Hand #148472277804:  Hold'em Limit ($3/$6 USD) - 2016/02/08 17:08:33 ET
Table 'Boyce' 2-max Seat #2 is the button
Seat 1: Azrarn ($154.50 in chips)
Seat 2: knysi ($28.46 in chips)
knysi: posts small blind $1
Azrarn: posts big blind $3
*** HOLE CARDS ***
knysi: folds
Uncalled bet ($2) returned to Azrarn
Azrarn collected $2 from pot
Azrarn: doesn't show hand
*** SUMMARY ***
Total pot $2 | Rake $0
Seat 1: Azrarn (big blind) collected ($2)
Seat 2: knysi (button) (small blind) folded before Flop


PokerStars Hand #148472257456:  Hold'em Limit ($3/$6 USD) - 2016/02/08 17:08:13 ET
Table 'Boyce' 2-max Seat #1 is the button
Seat 1: Azrarn ($140 in chips)
Seat 2: knysi ($43.46 in chips)
Azrarn: posts small blind $1
knysi: posts big blind $3
*** HOLE CARDS ***
Azrarn: raises $3 to $6
knysi: calls $3
*** FLOP *** [Tc 4h 8h]
knysi: checks
Azrarn: bets $3
knysi: calls $3
*** TURN *** [Tc 4h 8h] [8c]
knysi: checks
Azrarn: bets $6
knysi: calls $6
*** RIVER *** [Tc 4h 8h 8c] [4s]
knysi: checks
Azrarn: checks
*** SHOW DOWN ***
knysi: shows [Jh 9h] (two pair, Eights and Fours)
Azrarn: shows [7s Td] (two pair, Tens and Eights)
Azrarn collected $29.50 from pot
*** SUMMARY ***
Total pot $30 | Rake $0.50
Board [Tc 4h 8h 8c 4s]
Seat 1: Azrarn (button) (small blind) showed [7s Td] and won ($29.50) with two pair, Tens and Eights
Seat 2: knysi (big blind) showed [Jh 9h] and lost with two pair, Eights and Fours


PokerStars Hand #148472222382:  Hold'em Limit ($3/$6 USD) - 2016/02/08 17:07:39 ET
Table 'Boyce' 2-max Seat #2 is the button
Seat 1: Azrarn ($161.98 in chips)
Seat 2: knysi ($21.98 in chips)
knysi: posts small blind $1
Azrarn: posts big blind $3
*** HOLE CARDS ***
knysi: raises $3 to $6
Azrarn: calls $3
*** FLOP *** [7d Jd Th]
Azrarn: bets $3
knysi: calls $3
*** TURN *** [7d Jd Th] [4d]
Azrarn: bets $6
knysi: raises $6 to $12
Azrarn: raises $6 to $18
knysi: calls $0.98 and is all-in
Uncalled bet ($5.02) returned to Azrarn
*** RIVER *** [7d Jd Th 4d] [7h]
*** SHOW DOWN ***
Azrarn: shows [Kc 7c] (three of a kind, Sevens)
knysi: shows [Jh Jc] (a full house, Jacks full of Sevens)
knysi collected $43.46 from pot
*** SUMMARY ***
Total pot $43.96 | Rake $0.50
Board [7d Jd Th 4d 7h]
Seat 1: Azrarn (big blind) showed [Kc 7c] and lost with three of a kind, Sevens
Seat 2: knysi (button) (small blind) showed [Jh Jc] and won ($43.46) with a full house, Jacks full of Sevens


PokerStars Hand #148472282741:  Hold'em Limit ($3/$6 USD) - 2016/02/08 17:08:38 ET
Table 'Boyce' 2-max Seat #1 is the button
Seat 1: Azrarn ($155.50 in chips)
Seat 2: knysi ($27.46 in chips)
Azrarn: posts small blind $1
knysi: posts big blind $3
*** HOLE CARDS ***
Azrarn: raises $3 to $6
knysi: calls $3
*** FLOP *** [7h 9d 2c]
knysi: checks
Azrarn: bets $3
knysi: calls $3
*** TURN *** [7h 9d 2c] [Ah]
knysi: checks
Azrarn: checks
*** RIVER *** [7h 9d 2c Ah] [7s]
knysi: bets $6
Azrarn: folds
Uncalled bet ($6) returned to knysi
knysi collected $17.64 from pot
knysi: doesn't show hand
*** SUMMARY ***
Total pot $18 | Rake $0.36
Board [7h 9d 2c Ah 7s]
Seat 1: Azrarn (button) (small blind) folded on the River
Seat 2: knysi (big blind) collected ($17.64)


PokerStars Hand #148472334565:  Hold'em Limit ($3/$6 USD) - 2016/02/08 17:09:28 ET
Table 'Boyce' 2-max Seat #2 is the button
Seat 1: Azrarn ($146.50 in chips)
Seat 2: knysi ($36.10 in chips)
knysi: posts small blind $1
Azrarn: posts big blind $3
*** HOLE CARDS ***
knysi: raises $3 to $6
Azrarn: calls $3
*** FLOP *** [7h Qd Qs]
Azrarn: checks
knysi: bets $3
Azrarn: calls $3
*** TURN *** [7h Qd Qs] [Td]
Azrarn: checks
knysi: bets $6
Azrarn: raises $6 to $12
knysi: folds
Uncalled bet ($6) returned to Azrarn
Azrarn collected $29.50 from pot
Azrarn: doesn't show hand
*** SUMMARY ***
Total pot $30 | Rake $0.50
Board [7h Qd Qs Td]
Seat 1: Azrarn (big blind) collected ($29.50)
Seat 2: knysi (button) (small blind) folded on the Turn


PokerStars Hand #148472439443:  Hold'em Limit ($3/$6 USD) - 2016/02/08 17:11:12 ET
Table 'Boyce' 2-max Seat #2 is the button
Seat 1: Azrarn ($152 in chips)
Seat 2: knysi ($29.74 in chips)
knysi: posts small blind $1
Azrarn: posts big blind $3
*** HOLE CARDS ***
knysi: raises $3 to $6
Azrarn: folds
Uncalled bet ($3) returned to knysi
knysi collected $6 from pot
knysi: doesn't show hand
*** SUMMARY ***
Total pot $6 | Rake $0
Seat 1: Azrarn (big blind) folded before Flop
Seat 2: knysi (button) (small blind) collected ($6)


PokerStars Hand #148472366870:  Hold'em Limit ($3/$6 USD) - 2016/02/08 17:10:00 ET
Table 'Boyce' 2-max Seat #1 is the button
Seat 1: Azrarn ($161 in chips)
Seat 2: knysi ($21.10 in chips)
Azrarn: posts small blind $1
knysi: posts big blind $3
*** HOLE CARDS ***
Azrarn: raises $3 to $6
knysi: calls $3
*** FLOP *** [Ad 8h 2d]
knysi: checks
Azrarn: bets $3
knysi: calls $3
*** TURN *** [Ad 8h 2d] [5s]
knysi: checks
Azrarn: checks
*** RIVER *** [Ad 8h 2d 5s] [3s]
knysi: bets $6
Azrarn: folds
Uncalled bet ($6) returned to knysi
knysi collected $17.64 from pot
knysi: doesn't show hand
*** SUMMARY ***
Total pot $18 | Rake $0.36
Board [Ad 8h 2d 5s 3s]
Seat 1: Azrarn (button) (small blind) folded on the River
Seat 2: knysi (big blind) collected ($17.64)


PokerStars Hand #148472511968:  Hold'em Limit ($3/$6 USD) - 2016/02/08 17:12:25 ET
Table 'Boyce' 2-max Seat #1 is the button
Seat 1: Azrarn ($120 in chips)
Seat 2: knysi ($60.64 in chips)
Azrarn: posts small blind $1
knysi: posts big blind $3
*** HOLE CARDS ***
Azrarn: raises $3 to $6
knysi: calls $3
*** FLOP *** [Kc 7h 2s]
knysi: checks
Azrarn: bets $3
knysi: calls $3
*** TURN *** [Kc 7h 2s] [Kh]
knysi: checks
Azrarn: bets $6
knysi: folds
Uncalled bet ($6) returned to Azrarn
Azrarn collected $17.64 from pot
Azrarn: doesn't show hand
*** SUMMARY ***
Total pot $18 | Rake $0.36
Board [Kc 7h 2s Kh]
Seat 1: Azrarn (button) (small blind) collected ($17.64)
Seat 2: knysi (big blind) folded on the Turn


PokerStars Hand #148472506465:  Hold'em Limit ($3/$6 USD) - 2016/02/08 17:12:20 ET
Table 'Boyce' 2-max Seat #2 is the button
Seat 1: Azrarn ($119 in chips)
Seat 2: knysi ($61.64 in chips)
knysi: posts small blind $1
Azrarn: posts big blind $3
*** HOLE CARDS ***
knysi: folds
Uncalled bet ($2) returned to Azrarn
Azrarn collected $2 from pot
Azrarn: doesn't show hand
*** SUMMARY ***
Total pot $2 | Rake $0
Seat 1: Azrarn (big blind) collected ($2)
Seat 2: knysi (button) (small blind) folded before Flop


PokerStars Hand #148472486955:  Hold'em Limit ($3/$6 USD) - 2016/02/08 17:12:00 ET
Table 'Boyce' 2-max Seat #1 is the button
Seat 1: Azrarn ($128 in chips)
Seat 2: knysi ($53 in chips)
Azrarn: posts small blind $1
knysi: posts big blind $3
*** HOLE CARDS ***
Azrarn: raises $3 to $6
knysi: calls $3
*** FLOP *** [As 4d Jd]
knysi: checks
Azrarn: bets $3
knysi: calls $3
*** TURN *** [As 4d Jd] [9c]
knysi: checks
Azrarn: checks
*** RIVER *** [As 4d Jd 9c] [9h]
knysi: checks
Azrarn: checks
*** SHOW DOWN ***
knysi: shows [Kh Qh] (a pair of Nines)
Azrarn: mucks hand
knysi collected $17.64 from pot
*** SUMMARY ***
Total pot $18 | Rake $0.36
Board [As 4d Jd 9c 9h]
Seat 1: Azrarn (button) (small blind) mucked
Seat 2: knysi (big blind) showed [Kh Qh] and won ($17.64) with a pair of Nines


PokerStars Hand #148472469359:  Hold'em Limit ($3/$6 USD) - 2016/02/08 17:11:42 ET
Table 'Boyce' 2-max Seat #2 is the button
Seat 1: Azrarn ($134 in chips)
Seat 2: knysi ($47.24 in chips)
knysi: posts small blind $1
Azrarn: posts big blind $3
*** HOLE CARDS ***
knysi: raises $3 to $6
Azrarn: calls $3
*** FLOP *** [5d 5s 6s]
Azrarn: checks
knysi: bets $3
Azrarn: folds
Uncalled bet ($3) returned to knysi
knysi collected $11.76 from pot
knysi: doesn't show hand
*** SUMMARY ***
Total pot $12 | Rake $0.24
Board [5d 5s 6s]
Seat 1: Azrarn (big blind) folded on the Flop
Seat 2: knysi (button) (small blind) collected ($11.76)


PokerStars Hand #148472566792:  Hold'em Limit ($3/$6 USD) - 2016/02/08 17:13:21 ET
Table 'Boyce' 2-max Seat #2 is the button
Seat 1: Azrarn ($121.64 in chips)
Seat 2: knysi ($58.40 in chips)
knysi: posts small blind $1
Azrarn: posts big blind $3
*** HOLE CARDS ***
knysi: folds
Uncalled bet ($2) returned to Azrarn
Azrarn collected $2 from pot
Azrarn: doesn't show hand
*** SUMMARY ***
Total pot $2 | Rake $0
Seat 1: Azrarn (big blind) collected ($2)
Seat 2: knysi (button) (small blind) folded before Flop


PokerStars Hand #148472548392:  Hold'em Limit ($3/$6 USD) - 2016/02/08 17:13:02 ET
Table 'Boyce' 2-max Seat #1 is the button
Seat 1: Azrarn ($122.64 in chips)
Seat 2: knysi ($57.40 in chips)
Azrarn: posts small blind $1
knysi: posts big blind $3
*** HOLE CARDS ***
Azrarn: folds
Uncalled bet ($2) returned to knysi
knysi collected $2 from pot
knysi: doesn't show hand
*** SUMMARY ***
Total pot $2 | Rake $0
Seat 1: Azrarn (button) (small blind) folded before Flop
Seat 2: knysi (big blind) collected ($2)


PokerStars Hand #148472535315:  Hold'em Limit ($3/$6 USD) - 2016/02/08 17:12:49 ET
Table 'Boyce' 2-max Seat #2 is the button
Seat 1: Azrarn ($128.64 in chips)
Seat 2: knysi ($51.64 in chips)
knysi: posts small blind $1
Azrarn: posts big blind $3
*** HOLE CARDS ***
knysi: raises $3 to $6
Azrarn: calls $3
*** FLOP *** [Qc Jc As]
Azrarn: checks
knysi: bets $3
Azrarn: folds
Uncalled bet ($3) returned to knysi
knysi collected $11.76 from pot
knysi: doesn't show hand
*** SUMMARY ***
Total pot $12 | Rake $0.24
Board [Qc Jc As]
Seat 1: Azrarn (big blind) folded on the Flop
Seat 2: knysi (button) (small blind) collected ($11.76)


PokerStars Hand #148472572590:  Hold'em Limit ($3/$6 USD) - 2016/02/08 17:13:26 ET
Table 'Boyce' 2-max Seat #1 is the button
Seat 1: Azrarn ($122.64 in chips)
Seat 2: knysi ($57.40 in chips)
Azrarn: posts small blind $1
knysi: posts big blind $3
*** HOLE CARDS ***
Azrarn: raises $3 to $6
knysi: calls $3
*** FLOP *** [Qd 6h Ac]
knysi: checks
Azrarn: bets $3
knysi: calls $3
*** TURN *** [Qd 6h Ac] [2d]
knysi: checks
Azrarn: checks
*** RIVER *** [Qd 6h Ac 2d] [Qh]
knysi: bets $6
Azrarn: folds
Uncalled bet ($6) returned to knysi
knysi collected $17.64 from pot
knysi: doesn't show hand
*** SUMMARY ***
Total pot $18 | Rake $0.36
Board [Qd 6h Ac 2d Qh]
Seat 1: Azrarn (button) (small blind) folded on the River
Seat 2: knysi (big blind) collected ($17.64)


PokerStars Hand #148472596578:  Hold'em Limit ($3/$6 USD) - 2016/02/08 17:13:50 ET
Table 'Boyce' 2-max Seat #2 is the button
Seat 1: Azrarn ($113.64 in chips)
Seat 2: knysi ($66.04 in chips)
knysi: posts small blind $1
Azrarn: posts big blind $3
*** HOLE CARDS ***
knysi: raises $3 to $6
Azrarn: folds
Uncalled bet ($3) returned to knysi
knysi collected $6 from pot
knysi: doesn't show hand
*** SUMMARY ***
Total pot $6 | Rake $0
Seat 1: Azrarn (big blind) folded before Flop
Seat 2: knysi (button) (small blind) collected ($6)


PokerStars Hand #148472621457:  Hold'em Limit ($3/$6 USD) - 2016/02/08 17:14:15 ET
Table 'Boyce' 2-max Seat #2 is the button
Seat 1: Azrarn ($119.28 in chips)
Seat 2: knysi ($60.04 in chips)
knysi: posts small blind $1
Azrarn: posts big blind $3
*** HOLE CARDS ***
knysi: folds
Uncalled bet ($2) returned to Azrarn
Azrarn collected $2 from pot
Azrarn: doesn't show hand
*** SUMMARY ***
Total pot $2 | Rake $0
Seat 1: Azrarn (big blind) collected ($2)
Seat 2: knysi (button) (small blind) folded before Flop


PokerStars Hand #148472601699:  Hold'em Limit ($3/$6 USD) - 2016/02/08 17:13:56 ET
Table 'Boyce' 2-max Seat #1 is the button
Seat 1: Azrarn ($110.64 in chips)
Seat 2: knysi ($69.04 in chips)
Azrarn: posts small blind $1
knysi: posts big blind $3
*** HOLE CARDS ***
Azrarn: raises $3 to $6
knysi: calls $3
*** FLOP *** [Ad Jc 5h]
knysi: checks
Azrarn: bets $3
knysi: calls $3
*** TURN *** [Ad Jc 5h] [7h]
knysi: checks
Azrarn: checks
*** RIVER *** [Ad Jc 5h 7h] [4h]
knysi: checks
Azrarn: checks
*** SHOW DOWN ***
knysi: shows [9s Qd] (high card Ace)
Azrarn: shows [5d 8h] (a pair of Fives)
Azrarn collected $17.64 from pot
*** SUMMARY ***
Total pot $18 | Rake $0.36
Board [Ad Jc 5h 7h 4h]
Seat 1: Azrarn (button) (small blind) showed [5d 8h] and won ($17.64) with a pair of Fives
Seat 2: knysi (big blind) showed [9s Qd] and lost with high card Ace


PokerStars Hand #148472625680:  Hold'em Limit ($3/$6 USD) - 2016/02/08 17:14:20 ET
Table 'Boyce' 2-max Seat #1 is the button
Seat 1: Azrarn ($120.28 in chips)
Seat 2: knysi ($59.04 in chips)
Azrarn: posts small blind $1
knysi: posts big blind $3
*** HOLE CARDS ***
Azrarn: raises $3 to $6
knysi: calls $3
*** FLOP *** [2d 3d Kh]
knysi: checks
Azrarn: bets $3
knysi: calls $3
*** TURN *** [2d 3d Kh] [3h]
knysi: checks
Azrarn: bets $6
knysi: calls $6
*** RIVER *** [2d 3d Kh 3h] [5d]
knysi: checks
Azrarn: checks
*** SHOW DOWN ***
knysi: shows [Jh Qh] (a pair of Threes)
Azrarn: mucks hand
knysi collected $29.50 from pot
*** SUMMARY ***
Total pot $30 | Rake $0.50
Board [2d 3d Kh 3h 5d]
Seat 1: Azrarn (button) (small blind) mucked
Seat 2: knysi (big blind) showed [Jh Qh] and won ($29.50) with a pair of Threes


PokerStars Hand #148472649135:  Hold'em Limit ($3/$6 USD) - 2016/02/08 17:14:43 ET
Table 'Boyce' 2-max Seat #2 is the button
Seat 1: Azrarn ($105.28 in chips)
Seat 2: knysi ($73.54 in chips)
knysi: posts small blind $1
Azrarn: posts big blind $3
*** HOLE CARDS ***
knysi: raises $3 to $6
Azrarn: calls $3
*** FLOP *** [9c 6h Js]
Azrarn: checks
knysi: checks
*** TURN *** [9c 6h Js] [Jd]
Azrarn: bets $6
knysi: calls $6
*** RIVER *** [9c 6h Js Jd] [4d]
Azrarn: bets $6
knysi: folds
Uncalled bet ($6) returned to Azrarn
Azrarn collected $23.52 from pot
Azrarn: doesn't show hand
*** SUMMARY ***
Total pot $24 | Rake $0.48
Board [9c 6h Js Jd 4d]
Seat 1: Azrarn (big blind) collected ($23.52)
Seat 2: knysi (button) (small blind) folded on the River


PokerStars Hand #148472671527:  Hold'em Limit ($3/$6 USD) - 2016/02/08 17:15:06 ET
Table 'Boyce' 2-max Seat #1 is the button
Seat 1: Azrarn ($116.80 in chips)
Seat 2: knysi ($61.54 in chips)
Azrarn: posts small blind $1
knysi: posts big blind $3
*** HOLE CARDS ***
Azrarn: raises $3 to $6
knysi: calls $3
*** FLOP *** [8d Ks Tc]
knysi: checks
Azrarn: bets $3
knysi: folds
Uncalled bet ($3) returned to Azrarn
Azrarn collected $11.76 from pot
Azrarn: doesn't show hand
*** SUMMARY ***
Total pot $12 | Rake $0.24
Board [8d Ks Tc]
Seat 1: Azrarn (button) (small blind) collected ($11.76)
Seat 2: knysi (big blind) folded on the Flop


PokerStars Hand #148472680728:  Hold'em Limit ($3/$6 USD) - 2016/02/08 17:15:15 ET
Table 'Boyce' 2-max Seat #2 is the button
Seat 1: Azrarn ($122.56 in chips)
Seat 2: knysi ($55.54 in chips)
knysi: posts small blind $1
Azrarn: posts big blind $3
*** HOLE CARDS ***
knysi: raises $3 to $6
Azrarn: calls $3
*** FLOP *** [Qh Qc 8c]
Azrarn: checks
knysi: checks
*** TURN *** [Qh Qc 8c] [Jh]
Azrarn: bets $6
knysi: folds
Uncalled bet ($6) returned to Azrarn
Azrarn collected $11.76 from pot
Azrarn: doesn't show hand
*** SUMMARY ***
Total pot $12 | Rake $0.24
Board [Qh Qc 8c Jh]
Seat 1: Azrarn (big blind) collected ($11.76)
Seat 2: knysi (button) (small blind) folded on the Turn


PokerStars Hand #148472693028:  Hold'em Limit ($3/$6 USD) - 2016/02/08 17:15:27 ET
Table 'Boyce' 2-max Seat #1 is the button
Seat 1: Azrarn ($128.32 in chips)
Seat 2: knysi ($49.54 in chips)
Azrarn: posts small blind $1
knysi: posts big blind $3
*** HOLE CARDS ***
Azrarn: raises $3 to $6
knysi: calls $3
*** FLOP *** [4c As 9d]
knysi: checks
Azrarn: bets $3
knysi: calls $3
*** TURN *** [4c As 9d] [4d]
knysi: checks
Azrarn: checks
*** RIVER *** [4c As 9d 4d] [Qd]
knysi: bets $6
Azrarn: calls $6
*** SHOW DOWN ***
knysi: shows [2s 4s] (three of a kind, Fours)
Azrarn: mucks hand
knysi collected $29.50 from pot
*** SUMMARY ***
Total pot $30 | Rake $0.50
Board [4c As 9d 4d Qd]
Seat 1: Azrarn (button) (small blind) mucked
Seat 2: knysi (big blind) showed [2s 4s] and won ($29.50) with three of a kind, Fours


PokerStars Hand #148472711599:  Hold'em Limit ($3/$6 USD) - 2016/02/08 17:15:46 ET
Table 'Boyce' 2-max Seat #2 is the button
Seat 1: Azrarn ($113.32 in chips)
Seat 2: knysi ($64.04 in chips)
knysi: posts small blind $1
Azrarn: posts big blind $3
*** HOLE CARDS ***
knysi: raises $3 to $6
Azrarn: calls $3
*** FLOP *** [2h 3c 4c]
Azrarn: checks
knysi: checks
*** TURN *** [2h 3c 4c] [Ah]
Azrarn: bets $6
knysi: calls $6
*** RIVER *** [2h 3c 4c Ah] [Td]
Azrarn: checks
knysi: bets $6
Azrarn: folds
Uncalled bet ($6) returned to knysi
knysi collected $23.52 from pot
knysi: doesn't show hand
*** SUMMARY ***
Total pot $24 | Rake $0.48
Board [2h 3c 4c Ah Td]
Seat 1: Azrarn (big blind) folded on the River
Seat 2: knysi (button) (small blind) collected ($23.52)


PokerStars Hand #148472729996:  Hold'em Limit ($3/$6 USD) - 2016/02/08 17:16:05 ET
Table 'Boyce' 2-max Seat #1 is the button
Seat 1: Azrarn ($101.32 in chips)
Seat 2: knysi ($75.56 in chips)
Azrarn: posts small blind $1
knysi: posts big blind $3
*** HOLE CARDS ***
Azrarn: raises $3 to $6
knysi: calls $3
*** FLOP *** [5h 5d Td]
knysi: checks
Azrarn: checks
*** TURN *** [5h 5d Td] [Ad]
knysi: checks
Azrarn: checks
*** RIVER *** [5h 5d Td Ad] [3h]
knysi: bets $6
Azrarn: folds
Uncalled bet ($6) returned to knysi
knysi collected $11.76 from pot
knysi: doesn't show hand
*** SUMMARY ***
Total pot $12 | Rake $0.24
Board [5h 5d Td Ad 3h]
Seat 1: Azrarn (button) (small blind) folded on the River
Seat 2: knysi (big blind) collected ($11.76)


PokerStars Hand #148472744256:  Hold'em Limit ($3/$6 USD) - 2016/02/08 17:16:19 ET
Table 'Boyce' 2-max Seat #2 is the button
Seat 1: Azrarn ($95.32 in chips)
Seat 2: knysi ($81.32 in chips)
knysi: posts small blind $1
Azrarn: posts big blind $3
*** HOLE CARDS ***
knysi: folds
Uncalled bet ($2) returned to Azrarn
Azrarn collected $2 from pot
Azrarn: doesn't show hand
*** SUMMARY ***
Total pot $2 | Rake $0
Seat 1: Azrarn (big blind) collected ($2)
Seat 2: knysi (button) (small blind) folded before Flop


PokerStars Hand #148472748719:  Hold'em Limit ($3/$6 USD) - 2016/02/08 17:16:23 ET
Table 'Boyce' 2-max Seat #1 is the button
Seat 1: Azrarn ($96.32 in chips)
Seat 2: knysi ($80.32 in chips)
Azrarn: posts small blind $1
knysi: posts big blind $3
*** HOLE CARDS ***
Azrarn: raises $3 to $6
knysi: calls $3
*** FLOP *** [Qc 4s Jc]
knysi: checks
Azrarn: bets $3
knysi: calls $3
*** TURN *** [Qc 4s Jc] [Th]
knysi: checks
Azrarn: checks
*** RIVER *** [Qc 4s Jc Th] [4c]
knysi: bets $6
Azrarn: raises $6 to $12
knysi: calls $6
*** SHOW DOWN ***
Azrarn: shows [4h 8c] (three of a kind, Fours)
knysi: mucks hand
Azrarn collected $41.50 from pot
*** SUMMARY ***
Total pot $42 | Rake $0.50
Board [Qc 4s Jc Th 4c]
Seat 1: Azrarn (button) (small blind) showed [4h 8c] and won ($41.50) with three of a kind, Fours
Seat 2: knysi (big blind) mucked


PokerStars Hand #148472780894:  Hold'em Limit ($3/$6 USD) - 2016/02/08 17:16:56 ET
Table 'Boyce' 2-max Seat #1 is the button
Seat 1: Azrarn ($116.58 in chips)
Seat 2: knysi ($59.08 in chips)
Azrarn: posts small blind $1
knysi: posts big blind $3
*** HOLE CARDS ***
Azrarn: raises $3 to $6
knysi: folds
Uncalled bet ($3) returned to Azrarn
Azrarn collected $6 from pot
Azrarn: doesn't show hand
*** SUMMARY ***
Total pot $6 | Rake $0
Seat 1: Azrarn (button) (small blind) collected ($6)
Seat 2: knysi (big blind) folded before Flop


PokerStars Hand #148472762127:  Hold'em Limit ($3/$6 USD) - 2016/02/08 17:16:37 ET
Table 'Boyce' 2-max Seat #2 is the button
Seat 1: Azrarn ($116.82 in chips)
Seat 2: knysi ($59.32 in chips)
knysi: posts small blind $1
Azrarn: posts big blind $3
*** HOLE CARDS ***
knysi: raises $3 to $6
Azrarn: calls $3
*** FLOP *** [Ah Kh 8c]
Azrarn: checks
knysi: checks
*** TURN *** [Ah Kh 8c] [2c]
Azrarn: checks
knysi: bets $6
Azrarn: calls $6
*** RIVER *** [Ah Kh 8c 2c] [2s]
Azrarn: checks
knysi: checks
*** SHOW DOWN ***
Azrarn: shows [9h 8h] (two pair, Eights and Deuces)
knysi: shows [Qc 8s] (two pair, Eights and Deuces)
Azrarn collected $11.76 from pot
knysi collected $11.76 from pot
*** SUMMARY ***
Total pot $24 | Rake $0.48
Board [Ah Kh 8c 2c 2s]
Seat 1: Azrarn (big blind) showed [9h 8h] and won ($11.76) with two pair, Eights and Deuces
Seat 2: knysi (button) (small blind) showed [Qc 8s] and won ($11.76) with two pair, Eights and Deuces


PokerStars Hand #148472785326:  Hold'em Limit ($3/$6 USD) - 2016/02/08 17:17:00 ET
Table 'Boyce' 2-max Seat #2 is the button
Seat 1: Azrarn ($119.58 in chips)
Seat 2: knysi ($56.08 in chips)
knysi: posts small blind $1
Azrarn: posts big blind $3
*** HOLE CARDS ***
knysi: raises $3 to $6
Azrarn: calls $3
*** FLOP *** [8h 4c Kd]
Azrarn: checks
knysi: checks
*** TURN *** [8h 4c Kd] [Qc]
Azrarn: checks
knysi: bets $6
Azrarn: calls $6
*** RIVER *** [8h 4c Kd Qc] [Qh]
Azrarn: checks
knysi: bets $6
Azrarn: folds
Uncalled bet ($6) returned to knysi
knysi collected $23.52 from pot
knysi: doesn't show hand
*** SUMMARY ***
Total pot $24 | Rake $0.48
Board [8h 4c Kd Qc Qh]
Seat 1: Azrarn (big blind) folded on the River
Seat 2: knysi (button) (small blind) collected ($23.52)


PokerStars Hand #148472805747:  Hold'em Limit ($3/$6 USD) - 2016/02/08 17:17:21 ET
Table 'Boyce' 2-max Seat #1 is the button
Seat 1: Azrarn ($107.58 in chips)
Seat 2: knysi ($67.60 in chips)
Azrarn: posts small blind $1
knysi: posts big blind $3
*** HOLE CARDS ***
Azrarn: raises $3 to $6
knysi: folds
Uncalled bet ($3) returned to Azrarn
Azrarn collected $6 from pot
Azrarn: doesn't show hand
*** SUMMARY ***
Total pot $6 | Rake $0
Seat 1: Azrarn (button) (small blind) collected ($6)
Seat 2: knysi (big blind) folded before Flop


PokerStars Hand #148472816530:  Hold'em Limit ($3/$6 USD) - 2016/02/08 17:17:32 ET
Table 'Boyce' 2-max Seat #2 is the button
Seat 1: Azrarn ($110.58 in chips)
Seat 2: knysi ($64.60 in chips)
knysi: posts small blind $1
Azrarn: posts big blind $3
*** HOLE CARDS ***
knysi: raises $3 to $6
Azrarn: raises $3 to $9
knysi: calls $3
*** FLOP *** [2d 8h Jh]
Azrarn: bets $3
knysi: calls $3
*** TURN *** [2d 8h Jh] [9d]
Azrarn: bets $6
knysi: calls $6
*** RIVER *** [2d 8h Jh 9d] [Jd]
Azrarn: bets $6
knysi: calls $6
*** SHOW DOWN ***
Azrarn: shows [Ad Kd] (a flush, Ace high)
knysi: mucks hand
Azrarn collected $47.50 from pot
*** SUMMARY ***
Total pot $48 | Rake $0.50
Board [2d 8h Jh 9d Jd]
Seat 1: Azrarn (big blind) showed [Ad Kd] and won ($47.50) with a flush, Ace high
Seat 2: knysi (button) (small blind) mucked


PokerStars Hand #148472894977:  Hold'em Limit ($3/$6 USD) - 2016/02/08 17:18:51 ET
Table 'Boyce' 2-max Seat #2 is the button
Seat 1: Azrarn ($125.08 in chips)
Seat 2: knysi ($49.24 in chips)
knysi: posts small blind $1
Azrarn: posts big blind $3
*** HOLE CARDS ***
knysi: raises $3 to $6
Azrarn: calls $3
*** FLOP *** [9c Ts Kc]
Azrarn: checks
knysi: bets $3
Azrarn: calls $3
*** TURN *** [9c Ts Kc] [5c]
Azrarn: checks
knysi: bets $6
Azrarn: calls $6
*** RIVER *** [9c Ts Kc 5c] [Ah]
Azrarn: checks
knysi: bets $6
Azrarn: folds
Uncalled bet ($6) returned to knysi
knysi collected $29.50 from pot
knysi: doesn't show hand
*** SUMMARY ***
Total pot $30 | Rake $0.50
Board [9c Ts Kc 5c Ah]
Seat 1: Azrarn (big blind) folded on the River
Seat 2: knysi (button) (small blind) collected ($29.50)


PokerStars Hand #148472851113:  Hold'em Limit ($3/$6 USD) - 2016/02/08 17:18:07 ET
Table 'Boyce' 2-max Seat #1 is the button
Seat 1: Azrarn ($134.08 in chips)
Seat 2: knysi ($40.60 in chips)
Azrarn: posts small blind $1
knysi: posts big blind $3
*** HOLE CARDS ***
Azrarn: raises $3 to $6
knysi: calls $3
*** FLOP *** [6s Ad Jd]
knysi: checks
Azrarn: bets $3
knysi: calls $3
*** TURN *** [6s Ad Jd] [7c]
knysi: checks
Azrarn: checks
*** RIVER *** [6s Ad Jd 7c] [7s]
knysi: bets $6
Azrarn: folds
Uncalled bet ($6) returned to knysi
knysi collected $17.64 from pot
knysi: doesn't show hand
*** SUMMARY ***
Total pot $18 | Rake $0.36
Board [6s Ad Jd 7c 7s]
Seat 1: Azrarn (button) (small blind) folded on the River
Seat 2: knysi (big blind) collected ($17.64)


PokerStars Hand #148472983680:  Hold'em Limit ($3/$6 USD) - 2016/02/08 17:20:21 ET
Table 'Boyce' 2-max Seat #2 is the button
Seat 1: Azrarn ($75 in chips)
Seat 2: knysi ($108.74 in chips)
knysi: posts small blind $1
Azrarn: posts big blind $3
*** HOLE CARDS ***
knysi: raises $3 to $6
Azrarn: raises $3 to $9
knysi: calls $3
*** FLOP *** [2s 6s 6d]
Azrarn: bets $3
knysi: calls $3
*** TURN *** [2s 6s 6d] [7s]
Azrarn: bets $6
knysi: calls $6
*** RIVER *** [2s 6s 6d 7s] [3h]
Azrarn: bets $6
knysi: calls $6
*** SHOW DOWN ***
Azrarn: shows [Qh 9h] (a pair of Sixes)
knysi: shows [Kh 7d] (two pair, Sevens and Sixes)
knysi collected $47.50 from pot
*** SUMMARY ***
Total pot $48 | Rake $0.50
Board [2s 6s 6d 7s 3h]
Seat 1: Azrarn (big blind) showed [Qh 9h] and lost with a pair of Sixes
Seat 2: knysi (button) (small blind) showed [Kh 7d] and won ($47.50) with two pair, Sevens and Sixes


PokerStars Hand #148472979162:  Hold'em Limit ($3/$6 USD) - 2016/02/08 17:20:16 ET
Table 'Boyce' 2-max Seat #1 is the button
Seat 1: Azrarn ($72 in chips)
Seat 2: knysi ($111.74 in chips)
Azrarn: posts small blind $1
knysi: posts big blind $3
*** HOLE CARDS ***
Azrarn: raises $3 to $6
knysi: folds
Uncalled bet ($3) returned to Azrarn
Azrarn collected $6 from pot
Azrarn: doesn't show hand
*** SUMMARY ***
Total pot $6 | Rake $0
Seat 1: Azrarn (button) (small blind) collected ($6)
Seat 2: knysi (big blind) folded before Flop


PokerStars Hand #148472961125:  Hold'em Limit ($3/$6 USD) - 2016/02/08 17:19:58 ET
Table 'Boyce' 2-max Seat #2 is the button
Seat 1: Azrarn ($82.08 in chips)
Seat 2: knysi ($91.24 in chips)
knysi: posts small blind $1
Azrarn: posts big blind $3
*** HOLE CARDS ***
knysi: raises $3 to $6
Azrarn: calls $3
*** FLOP *** [Qs 2s Jh]
Azrarn: checks
knysi: bets $3
Azrarn: calls $3
*** TURN *** [Qs 2s Jh] [4c]
Azrarn: checks
knysi: bets $6
Azrarn: calls $6
*** RIVER *** [Qs 2s Jh 4c] [7c]
Azrarn: checks
knysi: bets $6
Azrarn: calls $6
*** SHOW DOWN ***
knysi: shows [8c Jc] (a pair of Jacks)
Azrarn: mucks hand
knysi collected $41.50 from pot
*** SUMMARY ***
Total pot $42 | Rake $0.50
Board [Qs 2s Jh 4c 7c]
Seat 1: Azrarn (big blind) mucked
Seat 2: knysi (button) (small blind) showed [8c Jc] and won ($41.50) with a pair of Jacks


PokerStars Hand #148472956433:  Hold'em Limit ($3/$6 USD) - 2016/02/08 17:19:53 ET
Table 'Boyce' 2-max Seat #1 is the button
Seat 1: Azrarn ($83.08 in chips)
Seat 2: knysi ($90.24 in chips)
Azrarn: posts small blind $1
knysi: posts big blind $3
*** HOLE CARDS ***
Azrarn: folds
Uncalled bet ($2) returned to knysi
knysi collected $2 from pot
knysi: doesn't show hand
*** SUMMARY ***
Total pot $2 | Rake $0
Seat 1: Azrarn (button) (small blind) folded before Flop
Seat 2: knysi (big blind) collected ($2)


PokerStars Hand #148472951652:  Hold'em Limit ($3/$6 USD) - 2016/02/08 17:19:49 ET
Table 'Boyce' 2-max Seat #2 is the button
Seat 1: Azrarn ($86.08 in chips)
Seat 2: knysi ($87.24 in chips)
knysi: posts small blind $1
Azrarn: posts big blind $3
*** HOLE CARDS ***
knysi: raises $3 to $6
Azrarn: folds
Uncalled bet ($3) returned to knysi
knysi collected $6 from pot
knysi: doesn't show hand
*** SUMMARY ***
Total pot $6 | Rake $0
Seat 1: Azrarn (big blind) folded before Flop
Seat 2: knysi (button) (small blind) collected ($6)


PokerStars Hand #148472933393:  Hold'em Limit ($3/$6 USD) - 2016/02/08 17:19:30 ET
Table 'Boyce' 2-max Seat #1 is the button
Seat 1: Azrarn ($110.08 in chips)
Seat 2: knysi ($63.74 in chips)
Azrarn: posts small blind $1
knysi: posts big blind $3
*** HOLE CARDS ***
Azrarn: raises $3 to $6
knysi: calls $3
*** FLOP *** [Ad Kh 5c]
knysi: checks
Azrarn: checks
*** TURN *** [Ad Kh 5c] [4s]
knysi: checks
Azrarn: checks
*** RIVER *** [Ad Kh 5c 4s] [Jh]
knysi: bets $6
Azrarn: raises $6 to $12
knysi: raises $6 to $18
Azrarn: calls $6
*** SHOW DOWN ***
knysi: shows [4c As] (two pair, Aces and Fours)
Azrarn: mucks hand
knysi collected $47.50 from pot
*** SUMMARY ***
Total pot $48 | Rake $0.50
Board [Ad Kh 5c 4s Jh]
Seat 1: Azrarn (button) (small blind) mucked
Seat 2: knysi (big blind) showed [4c As] and won ($47.50) with two pair, Aces and Fours


PokerStars Hand #148473040185:  Hold'em Limit ($3/$6 USD) - 2016/02/08 17:21:19 ET
Table 'Boyce' 2-max Seat #2 is the button
Seat 1: Azrarn ($72 in chips)
Seat 2: knysi ($173.24 in chips)
knysi: posts small blind $1
Azrarn: posts big blind $3
*** HOLE CARDS ***
knysi: raises $3 to $6
Azrarn: calls $3
*** FLOP *** [Ts 3h 4h]
Azrarn: checks
knysi: checks
*** TURN *** [Ts 3h 4h] [7d]
Azrarn: bets $6
knysi: folds
Uncalled bet ($6) returned to Azrarn
Azrarn collected $11.76 from pot
Azrarn: doesn't show hand
*** SUMMARY ***
Total pot $12 | Rake $0.24
Board [Ts 3h 4h 7d]
Seat 1: Azrarn (big blind) collected ($11.76)
Seat 2: knysi (button) (small blind) folded on the Turn


PokerStars Hand #148473019481:  Hold'em Limit ($3/$6 USD) - 2016/02/08 17:20:57 ET
Table 'Boyce' 2-max Seat #1 is the button
Seat 1: Azrarn ($77.76 in chips)
Seat 2: knysi ($140.74 in chips)
Azrarn: posts small blind $1
knysi: posts big blind $3
*** HOLE CARDS ***
Azrarn: raises $3 to $6
knysi: calls $3
*** FLOP *** [5h 4s Jd]
knysi: checks
Azrarn: bets $3
knysi: calls $3
*** TURN *** [5h 4s Jd] [Ad]
knysi: checks
Azrarn: bets $6
knysi: calls $6
*** RIVER *** [5h 4s Jd Ad] [9h]
knysi: bets $6
Azrarn: raises $6 to $12
knysi: raises $6 to $18
Azrarn: calls $6
*** SHOW DOWN ***
knysi: shows [4d Ah] (two pair, Aces and Fours)
Azrarn: mucks hand
knysi collected $65.50 from pot
*** SUMMARY ***
Total pot $66 | Rake $0.50
Board [5h 4s Jd Ad 9h]
Seat 1: Azrarn (button) (small blind) mucked
Seat 2: knysi (big blind) showed [4d Ah] and won ($65.50) with two pair, Aces and Fours


PokerStars Hand #148473011410:  Hold'em Limit ($3/$6 USD) - 2016/02/08 17:20:49 ET
Table 'Boyce' 2-max Seat #2 is the button
Seat 1: Azrarn ($72 in chips)
Seat 2: knysi ($146.74 in chips)
knysi: posts small blind $1
Azrarn: posts big blind $3
*** HOLE CARDS ***
knysi: raises $3 to $6
Azrarn: calls $3
*** FLOP *** [9d 5s Kd]
Azrarn: bets $3
knysi: folds
Uncalled bet ($3) returned to Azrarn
Azrarn collected $11.76 from pot
Azrarn: doesn't show hand
*** SUMMARY ***
Total pot $12 | Rake $0.24
Board [9d 5s Kd]
Seat 1: Azrarn (big blind) collected ($11.76)
Seat 2: knysi (button) (small blind) folded on the Flop


PokerStars Hand #148472999548:  Hold'em Limit ($3/$6 USD) - 2016/02/08 17:20:37 ET
Table 'Boyce' 2-max Seat #1 is the button
Seat 1: Azrarn ($72 in chips)
Seat 2: knysi ($132.24 in chips)
Azrarn: posts small blind $1
knysi: posts big blind $3
*** HOLE CARDS ***
Azrarn: raises $3 to $6
knysi: calls $3
*** FLOP *** [5s Jc 4d]
knysi: checks
Azrarn: bets $3
knysi: calls $3
*** TURN *** [5s Jc 4d] [Jh]
knysi: checks
Azrarn: bets $6
knysi: calls $6
*** RIVER *** [5s Jc 4d Jh] [Tc]
knysi: checks
Azrarn: checks
*** SHOW DOWN ***
knysi: shows [Ks Th] (two pair, Jacks and Tens)
Azrarn: mucks hand
knysi collected $29.50 from pot
*** SUMMARY ***
Total pot $30 | Rake $0.50
Board [5s Jc 4d Jh Tc]
Seat 1: Azrarn (button) (small blind) mucked
Seat 2: knysi (big blind) showed [Ks Th] and won ($29.50) with two pair, Jacks and Tens


PokerStars Hand #148473067301:  Hold'em Limit ($3/$6 USD) - 2016/02/08 17:21:47 ET
Table 'Boyce' 2-max Seat #2 is the button
Seat 1: Azrarn ($86.40 in chips)
Seat 2: knysi ($158.24 in chips)
knysi: posts small blind $1
Azrarn: posts big blind $3
*** HOLE CARDS ***
knysi: raises $3 to $6
Azrarn: folds
Uncalled bet ($3) returned to knysi
knysi collected $6 from pot
knysi: doesn't show hand
*** SUMMARY ***
Total pot $6 | Rake $0
Seat 1: Azrarn (big blind) folded before Flop
Seat 2: knysi (button) (small blind) collected ($6)


PokerStars Hand #148473049745:  Hold'em Limit ($3/$6 USD) - 2016/02/08 17:21:29 ET
Table 'Boyce' 2-max Seat #1 is the button
Seat 1: Azrarn ($77.76 in chips)
Seat 2: knysi ($167.24 in chips)
Azrarn: posts small blind $1
knysi: posts big blind $3
*** HOLE CARDS ***
Azrarn: raises $3 to $6
knysi: calls $3
*** FLOP *** [8d 2h 2c]
knysi: checks
Azrarn: bets $3
knysi: calls $3
*** TURN *** [8d 2h 2c] [Qd]
knysi: checks
Azrarn: checks
*** RIVER *** [8d 2h 2c Qd] [4d]
knysi: checks
Azrarn: bets $6
knysi: folds
Uncalled bet ($6) returned to Azrarn
Azrarn collected $17.64 from pot
Azrarn: doesn't show hand
*** SUMMARY ***
Total pot $18 | Rake $0.36
Board [8d 2h 2c Qd 4d]
Seat 1: Azrarn (button) (small blind) collected ($17.64)
Seat 2: knysi (big blind) folded on the River


PokerStars Hand #148473072949:  Hold'em Limit ($3/$6 USD) - 2016/02/08 17:21:53 ET
Table 'Boyce' 2-max Seat #1 is the button
Seat 1: Azrarn ($83.40 in chips)
Seat 2: knysi ($161.24 in chips)
Azrarn: posts small blind $1
knysi: posts big blind $3
*** HOLE CARDS ***
Azrarn: raises $3 to $6
knysi: calls $3
*** FLOP *** [8d Jh 2h]
knysi: checks
Azrarn: bets $3
knysi: calls $3
*** TURN *** [8d Jh 2h] [Qh]
knysi: checks
Azrarn: checks
*** RIVER *** [8d Jh 2h Qh] [Td]
knysi: bets $6
Azrarn: folds
Uncalled bet ($6) returned to knysi
knysi collected $17.64 from pot
knysi: doesn't show hand
*** SUMMARY ***
Total pot $18 | Rake $0.36
Board [8d Jh 2h Qh Td]
Seat 1: Azrarn (button) (small blind) folded on the River
Seat 2: knysi (big blind) collected ($17.64)


PokerStars Hand #148473089136:  Hold'em Limit ($3/$6 USD) - 2016/02/08 17:22:10 ET
Table 'Boyce' 2-max Seat #2 is the button
Seat 1: Azrarn ($74.40 in chips)
Seat 2: knysi ($169.88 in chips)
knysi: posts small blind $1
Azrarn: posts big blind $3
*** HOLE CARDS ***
knysi: folds
Uncalled bet ($2) returned to Azrarn
Azrarn collected $2 from pot
Azrarn: doesn't show hand
*** SUMMARY ***
Total pot $2 | Rake $0
Seat 1: Azrarn (big blind) collected ($2)
Seat 2: knysi (button) (small blind) folded before Flop


PokerStars Hand #148473109854:  Hold'em Limit ($3/$6 USD) - 2016/02/08 17:22:31 ET
Table 'Boyce' 2-max Seat #1 is the button
Seat 1: Azrarn ($72 in chips)
Seat 2: knysi ($177.64 in chips)
Azrarn: posts small blind $1
knysi: posts big blind $3
*** HOLE CARDS ***
Azrarn: raises $3 to $6
knysi: calls $3
*** FLOP *** [3d As 7c]
knysi: checks
Azrarn: bets $3
knysi: calls $3
*** TURN *** [3d As 7c] [Kd]
knysi: checks
Azrarn: checks
*** RIVER *** [3d As 7c Kd] [2h]
knysi: checks
Azrarn: checks
*** SHOW DOWN ***
knysi: shows [6s 5h] (high card Ace)
Azrarn: shows [8d 6d] (high card Ace - King+Eight kicker)
Azrarn collected $17.64 from pot
*** SUMMARY ***
Total pot $18 | Rake $0.36
Board [3d As 7c Kd 2h]
Seat 1: Azrarn (button) (small blind) showed [8d 6d] and won ($17.64) with high card Ace
Seat 2: knysi (big blind) showed [6s 5h] and lost with high card Ace


PokerStars Hand #148473104778:  Hold'em Limit ($3/$6 USD) - 2016/02/08 17:22:26 ET
Table 'Boyce' 2-max Seat #2 is the button
Seat 1: Azrarn ($72 in chips)
Seat 2: knysi ($174.64 in chips)
knysi: posts small blind $1
Azrarn: posts big blind $3
*** HOLE CARDS ***
knysi: raises $3 to $6
Azrarn: folds
Uncalled bet ($3) returned to knysi
knysi collected $6 from pot
knysi: doesn't show hand
*** SUMMARY ***
Total pot $6 | Rake $0
Seat 1: Azrarn (big blind) folded before Flop
Seat 2: knysi (button) (small blind) collected ($6)


PokerStars Hand #148473093717:  Hold'em Limit ($3/$6 USD) - 2016/02/08 17:22:15 ET
Table 'Boyce' 2-max Seat #1 is the button
Seat 1: Azrarn ($75.40 in chips)
Seat 2: knysi ($168.88 in chips)
Azrarn: posts small blind $1
knysi: posts big blind $3
*** HOLE CARDS ***
Azrarn: raises $3 to $6
knysi: calls $3
*** FLOP *** [9c 8s 2d]
knysi: checks
Azrarn: checks
*** TURN *** [9c 8s 2d] [Tc]
knysi: bets $6
Azrarn: folds
Uncalled bet ($6) returned to knysi
knysi collected $11.76 from pot
knysi: doesn't show hand
*** SUMMARY ***
Total pot $12 | Rake $0.24
Board [9c 8s 2d Tc]
Seat 1: Azrarn (button) (small blind) folded on the Turn
Seat 2: knysi (big blind) collected ($11.76)


PokerStars Hand #148473128880:  Hold'em Limit ($3/$6 USD) - 2016/02/08 17:22:51 ET
Table 'Boyce' 2-max Seat #2 is the button
Seat 1: Azrarn ($80.64 in chips)
Seat 2: knysi ($168.64 in chips)
knysi: posts small blind $1
Azrarn: posts big blind $3
*** HOLE CARDS ***
knysi: raises $3 to $6
Azrarn: raises $3 to $9
knysi: calls $3
*** FLOP *** [7s Jh Ac]
Azrarn: bets $3
knysi: folds
Uncalled bet ($3) returned to Azrarn
Azrarn collected $17.64 from pot
Azrarn: doesn't show hand
*** SUMMARY ***
Total pot $18 | Rake $0.36
Board [7s Jh Ac]
Seat 1: Azrarn (big blind) collected ($17.64)
Seat 2: knysi (button) (small blind) folded on the Flop


PokerStars Hand #148473136469:  Hold'em Limit ($3/$6 USD) - 2016/02/08 17:22:59 ET
Table 'Boyce' 2-max Seat #1 is the button
Seat 1: Azrarn ($89.28 in chips)
Seat 2: knysi ($159.64 in chips)
Azrarn: posts small blind $1
knysi: posts big blind $3
*** HOLE CARDS ***
Azrarn: raises $3 to $6
knysi: calls $3
*** FLOP *** [4h 5s 4s]
knysi: checks
Azrarn: bets $3
knysi: calls $3
*** TURN *** [4h 5s 4s] [5d]
knysi: checks
Azrarn: bets $6
knysi: calls $6
*** RIVER *** [4h 5s 4s 5d] [Qc]
knysi: checks
Azrarn: bets $6
knysi: folds
Uncalled bet ($6) returned to Azrarn
Azrarn collected $29.50 from pot
Azrarn: doesn't show hand
*** SUMMARY ***
Total pot $30 | Rake $0.50
Board [4h 5s 4s 5d Qc]
Seat 1: Azrarn (button) (small blind) collected ($29.50)
Seat 2: knysi (big blind) folded on the River


PokerStars Hand #148473150583:  Hold'em Limit ($3/$6 USD) - 2016/02/08 17:23:13 ET
Table 'Boyce' 2-max Seat #2 is the button
Seat 1: Azrarn ($103.78 in chips)
Seat 2: knysi ($144.64 in chips)
knysi: posts small blind $1
Azrarn: posts big blind $3
*** HOLE CARDS ***
knysi: folds
Uncalled bet ($2) returned to Azrarn
Azrarn collected $2 from pot
Azrarn: doesn't show hand
*** SUMMARY ***
Total pot $2 | Rake $0
Seat 1: Azrarn (big blind) collected ($2)
Seat 2: knysi (button) (small blind) folded before Flop


PokerStars Hand #148473154733:  Hold'em Limit ($3/$6 USD) - 2016/02/08 17:23:17 ET
Table 'Boyce' 2-max Seat #1 is the button
Seat 1: Azrarn ($104.78 in chips)
Seat 2: knysi ($143.64 in chips)
Azrarn: posts small blind $1
knysi: posts big blind $3
*** HOLE CARDS ***
Azrarn: raises $3 to $6
knysi: calls $3
*** FLOP *** [Ad 9c 7d]
knysi: checks
Azrarn: bets $3
knysi: calls $3
*** TURN *** [Ad 9c 7d] [Tc]
knysi: checks
Azrarn: checks
*** RIVER *** [Ad 9c 7d Tc] [3c]
knysi: bets $6
Azrarn: folds
Uncalled bet ($6) returned to knysi
knysi collected $17.64 from pot
knysi: doesn't show hand
*** SUMMARY ***
Total pot $18 | Rake $0.36
Board [Ad 9c 7d Tc 3c]
Seat 1: Azrarn (button) (small blind) folded on the River
Seat 2: knysi (big blind) collected ($17.64)


PokerStars Hand #148473172920:  Hold'em Limit ($3/$6 USD) - 2016/02/08 17:23:36 ET
Table 'Boyce' 2-max Seat #1 is the button
Seat 1: Azrarn ($96.78 in chips)
Seat 2: knysi ($151.28 in chips)
Azrarn: posts small blind $1
knysi: posts big blind $3
*** HOLE CARDS ***
Azrarn: raises $3 to $6
knysi: calls $3
*** FLOP *** [Ac 7d Jh]
knysi: checks
Azrarn: bets $3
knysi: folds
Uncalled bet ($3) returned to Azrarn
Azrarn collected $11.76 from pot
Azrarn: doesn't show hand
*** SUMMARY ***
Total pot $12 | Rake $0.24
Board [Ac 7d Jh]
Seat 1: Azrarn (button) (small blind) collected ($11.76)
Seat 2: knysi (big blind) folded on the Flop


PokerStars Hand #148473168655:  Hold'em Limit ($3/$6 USD) - 2016/02/08 17:23:32 ET
Table 'Boyce' 2-max Seat #2 is the button
Seat 1: Azrarn ($95.78 in chips)
Seat 2: knysi ($152.28 in chips)
knysi: posts small blind $1
Azrarn: posts big blind $3
*** HOLE CARDS ***
knysi: folds
Uncalled bet ($2) returned to Azrarn
Azrarn collected $2 from pot
Azrarn: doesn't show hand
*** SUMMARY ***
Total pot $2 | Rake $0
Seat 1: Azrarn (big blind) collected ($2)
Seat 2: knysi (button) (small blind) folded before Flop


PokerStars Hand #148473181085:  Hold'em Limit ($3/$6 USD) - 2016/02/08 17:23:45 ET
Table 'Boyce' 2-max Seat #2 is the button
Seat 1: Azrarn ($102.54 in chips)
Seat 2: knysi ($145.28 in chips)
knysi: posts small blind $1
Azrarn: posts big blind $3
*** HOLE CARDS ***
knysi: raises $3 to $6
Azrarn: calls $3
*** FLOP *** [9s Kd Th]
Azrarn: checks
knysi: checks
*** TURN *** [9s Kd Th] [7d]
Azrarn: checks
knysi: bets $6
Azrarn: folds
Uncalled bet ($6) returned to knysi
knysi collected $11.76 from pot
knysi: doesn't show hand
*** SUMMARY ***
Total pot $12 | Rake $0.24
Board [9s Kd Th 7d]
Seat 1: Azrarn (big blind) folded on the Turn
Seat 2: knysi (button) (small blind) collected ($11.76)


PokerStars Hand #148473212010:  Hold'em Limit ($3/$6 USD) - 2016/02/08 17:24:17 ET
Table 'Boyce' 2-max Seat #2 is the button
Seat 1: Azrarn ($111.04 in chips)
Seat 2: knysi ($136.04 in chips)
knysi: posts small blind $1
Azrarn: posts big blind $3
*** HOLE CARDS ***
knysi: raises $3 to $6
Azrarn: folds
Uncalled bet ($3) returned to knysi
knysi collected $6 from pot
knysi: doesn't show hand
*** SUMMARY ***
Total pot $6 | Rake $0
Seat 1: Azrarn (big blind) folded before Flop
Seat 2: knysi (button) (small blind) collected ($6)


PokerStars Hand #148473193236:  Hold'em Limit ($3/$6 USD) - 2016/02/08 17:23:57 ET
Table 'Boyce' 2-max Seat #1 is the button
Seat 1: Azrarn ($96.54 in chips)
Seat 2: knysi ($151.04 in chips)
Azrarn: posts small blind $1
knysi: posts big blind $3
*** HOLE CARDS ***
Azrarn: raises $3 to $6
knysi: calls $3
*** FLOP *** [6c Ts Js]
knysi: checks
Azrarn: bets $3
knysi: calls $3
*** TURN *** [6c Ts Js] [5c]
knysi: checks
Azrarn: bets $6
knysi: calls $6
*** RIVER *** [6c Ts Js 5c] [Ad]
knysi: checks
Azrarn: bets $6
knysi: folds
Uncalled bet ($6) returned to Azrarn
Azrarn collected $29.50 from pot
Azrarn: doesn't show hand
*** SUMMARY ***
Total pot $30 | Rake $0.50
Board [6c Ts Js 5c Ad]
Seat 1: Azrarn (button) (small blind) collected ($29.50)
Seat 2: knysi (big blind) folded on the River


PokerStars Hand #148473230385:  Hold'em Limit ($3/$6 USD) - 2016/02/08 17:24:36 ET
Table 'Boyce' 2-max Seat #2 is the button
Seat 1: Azrarn ($93.04 in chips)
Seat 2: knysi ($153.54 in chips)
knysi: posts small blind $1
Azrarn: posts big blind $3
*** HOLE CARDS ***
knysi: folds
Uncalled bet ($2) returned to Azrarn
Azrarn collected $2 from pot
Azrarn: doesn't show hand
*** SUMMARY ***
Total pot $2 | Rake $0
Seat 1: Azrarn (big blind) collected ($2)
Seat 2: knysi (button) (small blind) folded before Flop


PokerStars Hand #148473217686:  Hold'em Limit ($3/$6 USD) - 2016/02/08 17:24:23 ET
Table 'Boyce' 2-max Seat #1 is the button
Seat 1: Azrarn ($108.04 in chips)
Seat 2: knysi ($139.04 in chips)
Azrarn: posts small blind $1
knysi: posts big blind $3
*** HOLE CARDS ***
Azrarn: raises $3 to $6
knysi: calls $3
*** FLOP *** [Ah 4d Ad]
knysi: checks
Azrarn: bets $3
knysi: calls $3
*** TURN *** [Ah 4d Ad] [4h]
knysi: checks
Azrarn: bets $6
knysi: raises $6 to $12
Azrarn: folds
Uncalled bet ($6) returned to knysi
knysi collected $29.50 from pot
knysi: doesn't show hand
*** SUMMARY ***
Total pot $30 | Rake $0.50
Board [Ah 4d Ad 4h]
Seat 1: Azrarn (button) (small blind) folded on the Turn
Seat 2: knysi (big blind) collected ($29.50)


PokerStars Hand #148473249213:  Hold'em Limit ($3/$6 USD) - 2016/02/08 17:24:55 ET
Table 'Boyce' 2-max Seat #2 is the button
Seat 1: Azrarn ($85.04 in chips)
Seat 2: knysi ($161.18 in chips)
knysi: posts small blind $1
Azrarn: posts big blind $3
*** HOLE CARDS ***
knysi: folds
Uncalled bet ($2) returned to Azrarn
Azrarn collected $2 from pot
Azrarn: doesn't show hand
*** SUMMARY ***
Total pot $2 | Rake $0
Seat 1: Azrarn (big blind) collected ($2)
Seat 2: knysi (button) (small blind) folded before Flop


PokerStars Hand #148473234542:  Hold'em Limit ($3/$6 USD) - 2016/02/08 17:24:40 ET
Table 'Boyce' 2-max Seat #1 is the button
Seat 1: Azrarn ($94.04 in chips)
Seat 2: knysi ($152.54 in chips)
Azrarn: posts small blind $1
knysi: posts big blind $3
*** HOLE CARDS ***
Azrarn: raises $3 to $6
knysi: calls $3
*** FLOP *** [5s 6h Jd]
knysi: checks
Azrarn: bets $3
knysi: calls $3
*** TURN *** [5s 6h Jd] [8d]
knysi: checks
Azrarn: checks
*** RIVER *** [5s 6h Jd 8d] [4c]
knysi: bets $6
Azrarn: folds
Uncalled bet ($6) returned to knysi
knysi collected $17.64 from pot
knysi: doesn't show hand
*** SUMMARY ***
Total pot $18 | Rake $0.36
Board [5s 6h Jd 8d 4c]
Seat 1: Azrarn (button) (small blind) folded on the River
Seat 2: knysi (big blind) collected ($17.64)


PokerStars Hand #148473262383:  Hold'em Limit ($3/$6 USD) - 2016/02/08 17:25:09 ET
Table 'Boyce' 2-max Seat #2 is the button
Seat 1: Azrarn ($89.04 in chips)
Seat 2: knysi ($157.18 in chips)
knysi: posts small blind $1
Azrarn: posts big blind $3
*** HOLE CARDS ***
knysi: folds
Uncalled bet ($2) returned to Azrarn
Azrarn collected $2 from pot
Azrarn: doesn't show hand
*** SUMMARY ***
Total pot $2 | Rake $0
Seat 1: Azrarn (big blind) collected ($2)
Seat 2: knysi (button) (small blind) folded before Flop


PokerStars Hand #148473253404:  Hold'em Limit ($3/$6 USD) - 2016/02/08 17:25:00 ET
Table 'Boyce' 2-max Seat #1 is the button
Seat 1: Azrarn ($86.04 in chips)
Seat 2: knysi ($160.18 in chips)
Azrarn: posts small blind $1
knysi: posts big blind $3
*** HOLE CARDS ***
Azrarn: raises $3 to $6
knysi: folds
Uncalled bet ($3) returned to Azrarn
Azrarn collected $6 from pot
Azrarn: doesn't show hand
*** SUMMARY ***
Total pot $6 | Rake $0
Seat 1: Azrarn (button) (small blind) collected ($6)
Seat 2: knysi (big blind) folded before Flop


PokerStars Hand #148473266746:  Hold'em Limit ($3/$6 USD) - 2016/02/08 17:25:14 ET
Table 'Boyce' 2-max Seat #1 is the button
Seat 1: Azrarn ($90.04 in chips)
Seat 2: knysi ($156.18 in chips)
Azrarn: posts small blind $1
knysi: posts big blind $3
*** HOLE CARDS ***
Azrarn: raises $3 to $6
knysi: folds
Uncalled bet ($3) returned to Azrarn
Azrarn collected $6 from pot
Azrarn: doesn't show hand
*** SUMMARY ***
Total pot $6 | Rake $0
Seat 1: Azrarn (button) (small blind) collected ($6)
Seat 2: knysi (big blind) folded before Flop


PokerStars Hand #148473271236:  Hold'em Limit ($3/$6 USD) - 2016/02/08 17:25:18 ET
Table 'Boyce' 2-max Seat #2 is the button
Seat 1: Azrarn ($93.04 in chips)
Seat 2: knysi ($153.18 in chips)
knysi: posts small blind $1
Azrarn: posts big blind $3
*** HOLE CARDS ***
knysi: raises $3 to $6
Azrarn: calls $3
*** FLOP *** [Jd 9d 2s]
Azrarn: bets $3
knysi: calls $3
*** TURN *** [Jd 9d 2s] [Js]
Azrarn: bets $6
knysi: calls $6
*** RIVER *** [Jd 9d 2s Js] [2c]
Azrarn: bets $6
knysi: folds
Uncalled bet ($6) returned to Azrarn
Azrarn collected $29.50 from pot
Azrarn: doesn't show hand
*** SUMMARY ***
Total pot $30 | Rake $0.50
Board [Jd 9d 2s Js 2c]
Seat 1: Azrarn (big blind) collected ($29.50)
Seat 2: knysi (button) (small blind) folded on the River


PokerStars Hand #148473313649:  Hold'em Limit ($3/$6 USD) - 2016/02/08 17:25:58 ET
Table 'Boyce' 2-max Seat #2 is the button
Seat 1: Azrarn ($92.54 in chips)
Seat 2: knysi ($152.68 in chips)
knysi: posts small blind $1
Azrarn: posts big blind $3
*** HOLE CARDS ***
knysi: folds
Uncalled bet ($2) returned to Azrarn
Azrarn collected $2 from pot
Azrarn: doesn't show hand
*** SUMMARY ***
Total pot $2 | Rake $0
Seat 1: Azrarn (big blind) collected ($2)
Seat 2: knysi (button) (small blind) folded before Flop


PokerStars Hand #148473293928:  Hold'em Limit ($3/$6 USD) - 2016/02/08 17:25:40 ET
Table 'Boyce' 2-max Seat #1 is the button
Seat 1: Azrarn ($107.54 in chips)
Seat 2: knysi ($138.18 in chips)
Azrarn: posts small blind $1
knysi: posts big blind $3
*** HOLE CARDS ***
Azrarn: raises $3 to $6
knysi: calls $3
*** FLOP *** [Jh 2h 4h]
knysi: checks
Azrarn: bets $3
knysi: calls $3
*** TURN *** [Jh 2h 4h] [Ah]
knysi: checks
Azrarn: bets $6
knysi: calls $6
*** RIVER *** [Jh 2h 4h Ah] [7c]
knysi: checks
Azrarn: checks
*** SHOW DOWN ***
knysi: shows [Kd 9h] (a flush, Ace high)
Azrarn: mucks hand
knysi collected $29.50 from pot
*** SUMMARY ***
Total pot $30 | Rake $0.50
Board [Jh 2h 4h Ah 7c]
Seat 1: Azrarn (button) (small blind) mucked
Seat 2: knysi (big blind) showed [Kd 9h] and won ($29.50) with a flush, Ace high


PokerStars Hand #148473318502:  Hold'em Limit ($3/$6 USD) - 2016/02/08 17:26:03 ET
Table 'Boyce' 2-max Seat #1 is the button
Seat 1: Azrarn ($93.54 in chips)
Seat 2: knysi ($151.68 in chips)
Azrarn: posts small blind $1
knysi: posts big blind $3
*** HOLE CARDS ***
Azrarn: raises $3 to $6
knysi: calls $3
*** FLOP *** [Qh 9c 2c]
knysi: checks
Azrarn: bets $3
knysi: folds
Uncalled bet ($3) returned to Azrarn
Azrarn collected $11.76 from pot
Azrarn: doesn't show hand
*** SUMMARY ***
Total pot $12 | Rake $0.24
Board [Qh 9c 2c]
Seat 1: Azrarn (button) (small blind) collected ($11.76)
Seat 2: knysi (big blind) folded on the Flop


PokerStars Hand #148473372095:  Hold'em Limit ($3/$6 USD) - 2016/02/08 17:26:50 ET
Table 'Boyce' 2-max Seat #1 is the button
Seat 1: Azrarn ($99.05 in chips)
Seat 2: knysi ($145.43 in chips)
Azrarn: posts small blind $1
knysi: posts big blind $3
*** HOLE CARDS ***
Azrarn: raises $3 to $6
knysi: folds
Uncalled bet ($3) returned to Azrarn
Azrarn collected $6 from pot
Azrarn: doesn't show hand
*** SUMMARY ***
Total pot $6 | Rake $0
Seat 1: Azrarn (button) (small blind) collected ($6)
Seat 2: knysi (big blind) folded before Flop


PokerStars Hand #148473332365:  Hold'em Limit ($3/$6 USD) - 2016/02/08 17:26:15 ET
Table 'Boyce' 2-max Seat #2 is the button
Seat 1: Azrarn ($99.30 in chips)
Seat 2: knysi ($145.68 in chips)
knysi: posts small blind $1
Azrarn: posts big blind $3
*** HOLE CARDS ***
knysi: raises $3 to $6
Azrarn: calls $3
*** FLOP *** [Td 4h 6c]
Azrarn: checks
knysi: checks
*** TURN *** [Td 4h 6c] [Qc]
Azrarn: bets $6
knysi: calls $6
*** RIVER *** [Td 4h 6c Qc] [Th]
Azrarn: checks
knysi: bets $6
Azrarn: calls $6
*** SHOW DOWN ***
knysi: shows [5s Qd] (two pair, Queens and Tens)
Azrarn: shows [5c Qs] (two pair, Queens and Tens)
Azrarn collected $17.75 from pot
knysi collected $17.75 from pot
*** SUMMARY ***
Total pot $36 | Rake $0.50
Board [Td 4h 6c Qc Th]
Seat 1: Azrarn (big blind) showed [5c Qs] and won ($17.75) with two pair, Queens and Tens
Seat 2: knysi (button) (small blind) showed [5s Qd] and won ($17.75) with two pair, Queens and Tens


PokerStars Hand #148473377101:  Hold'em Limit ($3/$6 USD) - 2016/02/08 17:26:54 ET
Table 'Boyce' 2-max Seat #2 is the button
Seat 1: Azrarn ($102.05 in chips)
Seat 2: knysi ($142.43 in chips)
knysi: posts small blind $1
Azrarn: posts big blind $3
*** HOLE CARDS ***
knysi: folds
Uncalled bet ($2) returned to Azrarn
Azrarn collected $2 from pot
Azrarn: doesn't show hand
*** SUMMARY ***
Total pot $2 | Rake $0
Seat 1: Azrarn (big blind) collected ($2)
Seat 2: knysi (button) (small blind) folded before Flop


PokerStars Hand #148473407805:  Hold'em Limit ($3/$6 USD) - 2016/02/08 17:27:21 ET
Table 'Boyce' 2-max Seat #2 is the button
Seat 1: Azrarn ($123.55 in chips)
Seat 2: knysi ($120.43 in chips)
knysi: posts small blind $1
Azrarn: posts big blind $3
*** HOLE CARDS ***
knysi: folds
Uncalled bet ($2) returned to Azrarn
Azrarn collected $2 from pot
Azrarn: doesn't show hand
*** SUMMARY ***
Total pot $2 | Rake $0
Seat 1: Azrarn (big blind) collected ($2)
Seat 2: knysi (button) (small blind) folded before Flop


PokerStars Hand #148473382080:  Hold'em Limit ($3/$6 USD) - 2016/02/08 17:26:59 ET
Table 'Boyce' 2-max Seat #1 is the button
Seat 1: Azrarn ($103.05 in chips)
Seat 2: knysi ($141.43 in chips)
Azrarn: posts small blind $1
knysi: posts big blind $3
*** HOLE CARDS ***
Azrarn: raises $3 to $6
knysi: calls $3
*** FLOP *** [3d 8s 4h]
knysi: checks
Azrarn: bets $3
knysi: calls $3
*** TURN *** [3d 8s 4h] [8h]
knysi: checks
Azrarn: bets $6
knysi: calls $6
*** RIVER *** [3d 8s 4h 8h] [Qc]
knysi: checks
Azrarn: bets $6
knysi: calls $6
*** SHOW DOWN ***
Azrarn: shows [Ts 8c] (three of a kind, Eights)
knysi: mucks hand
Azrarn collected $41.50 from pot
*** SUMMARY ***
Total pot $42 | Rake $0.50
Board [3d 8s 4h 8h Qc]
Seat 1: Azrarn (button) (small blind) showed [Ts 8c] and won ($41.50) with three of a kind, Eights
Seat 2: knysi (big blind) mucked


PokerStars Hand #148473423827:  Hold'em Limit ($3/$6 USD) - 2016/02/08 17:27:35 ET
Table 'Boyce' 2-max Seat #2 is the button
Seat 1: Azrarn ($127.55 in chips)
Seat 2: knysi ($116.43 in chips)
knysi: posts small blind $1
Azrarn: posts big blind $3
*** HOLE CARDS ***
knysi: folds
Uncalled bet ($2) returned to Azrarn
knysi leaves the table
Azrarn collected $2 from pot
Azrarn: doesn't show hand
*** SUMMARY ***
Total pot $2 | Rake $0
Seat 1: Azrarn (big blind) collected ($2)
Seat 2: knysi (button) (small blind) folded before Flop


PokerStars Hand #148473412783:  Hold'em Limit ($3/$6 USD) - 2016/02/08 17:27:25 ET
Table 'Boyce' 2-max Seat #1 is the button
Seat 1: Azrarn ($124.55 in chips)
Seat 2: knysi ($119.43 in chips)
Azrarn: posts small blind $1
knysi: posts big blind $3
*** HOLE CARDS ***
Azrarn: raises $3 to $6
knysi: folds
Uncalled bet ($3) returned to Azrarn
Azrarn collected $6 from pot
Azrarn: doesn't show hand
*** SUMMARY ***
Total pot $6 | Rake $0
Seat 1: Azrarn (button) (small blind) collected ($6)
Seat 2: knysi (big blind) folded before Flop


