PokerStars Hand #167289255037:  Hold'em Limit ($3/$6 USD) - 2017/03/08 8:34:09 ET
Table 'Boyce II' 6-max Seat #5 is the button
Seat 3: kscfans ($71.74 in chips)
Seat 5: B_loJkl ($146.71 in chips)
krossguard will be allowed to play after the button
B_loJkl: posts small blind $1
NAUTJE1337: is sitting out
kscfans: posts big blind $3
*** HOLE CARDS ***
B_loJkl: raises $3 to $6
NAUTJE1337 leaves the table
kscfans: calls $3
*** FLOP *** [9s Th Td]
kscfans: checks
B_loJkl: bets $3
kscfans: folds
Uncalled bet ($3) returned to B_loJkl
B_loJkl collected $11.76 from pot
B_loJkl: doesn't show hand
*** SUMMARY ***
Total pot $12 | Rake $0.24
Board [9s Th Td]
Seat 3: kscfans (big blind) folded on the Flop
Seat 5: B_loJkl (button) (small blind) collected ($11.76)


PokerStars Hand #167291075899:  Hold'em Limit ($3/$6 USD) - 2017/03/08 9:29:19 ET
Table 'Boyce II' 6-max Seat #2 is the button
Seat 2: NAUTJE1337 ($38.50 in chips)
Seat 3: B_loJkl ($158.50 in chips)
NAUTJE1337: posts small blind $1
B_loJkl: posts big blind $3
*** HOLE CARDS ***
NAUTJE1337: folds
Uncalled bet ($2) returned to B_loJkl
B_loJkl collected $2 from pot
B_loJkl: doesn't show hand
*** SUMMARY ***
Total pot $2 | Rake $0
Seat 2: NAUTJE1337 (button) (small blind) folded before Flop
Seat 3: B_loJkl (big blind) collected ($2)


PokerStars Hand #167291062940:  Hold'em Limit ($3/$6 USD) - 2017/03/08 9:28:56 ET
Table 'Boyce II' 6-max Seat #3 is the button
Seat 2: NAUTJE1337 ($71.50 in chips)
Seat 3: B_loJkl ($126 in chips)
B_loJkl: posts small blind $1
NAUTJE1337: posts big blind $3
*** HOLE CARDS ***
B_loJkl: raises $3 to $6
NAUTJE1337: raises $3 to $9
B_loJkl: calls $3
*** FLOP *** [3s 5c Qs]
NAUTJE1337: bets $3
B_loJkl: raises $3 to $6
NAUTJE1337: calls $3
*** TURN *** [3s 5c Qs] [5d]
NAUTJE1337: bets $6
B_loJkl: calls $6
*** RIVER *** [3s 5c Qs 5d] [4d]
NAUTJE1337: bets $6
B_loJkl: raises $6 to $12
NAUTJE1337: calls $6
*** SHOW DOWN ***
B_loJkl: shows [As 2s] (a straight, Ace to Five)
NAUTJE1337: mucks hand
B_loJkl collected $65.50 from pot
*** SUMMARY ***
Total pot $66 | Rake $0.50
Board [3s 5c Qs 5d 4d]
Seat 2: NAUTJE1337 (big blind) mucked
Seat 3: B_loJkl (button) (small blind) showed [As 2s] and won ($65.50) with a straight, Ace to Five


PokerStars Hand #167291036221:  Hold'em Limit ($3/$6 USD) - 2017/03/08 9:28:10 ET
Table 'Boyce II' 6-max Seat #2 is the button
Seat 2: NAUTJE1337 ($48 in chips)
Seat 3: B_loJkl ($150 in chips)
NAUTJE1337: posts small blind $1
B_loJkl: posts big blind $3
*** HOLE CARDS ***
NAUTJE1337: calls $2
B_loJkl: raises $3 to $6
NAUTJE1337: calls $3
*** FLOP *** [2c 7d Qc]
B_loJkl: bets $3
NAUTJE1337: raises $3 to $6
B_loJkl: calls $3
*** TURN *** [2c 7d Qc] [5d]
B_loJkl: bets $6
NAUTJE1337: calls $6
*** RIVER *** [2c 7d Qc 5d] [4s]
B_loJkl: bets $6
NAUTJE1337: raises $6 to $12
B_loJkl: folds
Uncalled bet ($6) returned to NAUTJE1337
NAUTJE1337 collected $47.50 from pot
*** SUMMARY ***
Total pot $48 | Rake $0.50
Board [2c 7d Qc 5d 4s]
Seat 2: NAUTJE1337 (button) (small blind) collected ($47.50)
Seat 3: B_loJkl (big blind) folded on the River


PokerStars Hand #167291105007:  Hold'em Limit ($3/$6 USD) - 2017/03/08 9:30:09 ET
Table 'Boyce II' 6-max Seat #2 is the button
Seat 2: NAUTJE1337 ($67 in chips)
Seat 3: B_loJkl ($129.50 in chips)
NAUTJE1337: posts small blind $1
B_loJkl: posts big blind $3
*** HOLE CARDS ***
NAUTJE1337: folds
Uncalled bet ($2) returned to B_loJkl
B_loJkl collected $2 from pot
B_loJkl: doesn't show hand
*** SUMMARY ***
Total pot $2 | Rake $0
Seat 2: NAUTJE1337 (button) (small blind) folded before Flop
Seat 3: B_loJkl (big blind) collected ($2)


PokerStars Hand #167291078501:  Hold'em Limit ($3/$6 USD) - 2017/03/08 9:29:23 ET
Table 'Boyce II' 6-max Seat #3 is the button
Seat 2: NAUTJE1337 ($37.50 in chips)
Seat 3: B_loJkl ($159.50 in chips)
B_loJkl: posts small blind $1
NAUTJE1337: posts big blind $3
*** HOLE CARDS ***
B_loJkl: raises $3 to $6
NAUTJE1337: raises $3 to $9
B_loJkl: calls $3
*** FLOP *** [4d 5h 2h]
NAUTJE1337: bets $3
B_loJkl: calls $3
*** TURN *** [4d 5h 2h] [Ad]
NAUTJE1337: bets $6
B_loJkl: calls $6
*** RIVER *** [4d 5h 2h Ad] [2d]
NAUTJE1337: bets $6
B_loJkl: raises $6 to $12
NAUTJE1337: calls $6
*** SHOW DOWN ***
B_loJkl: shows [6s 9s] (a pair of Deuces)
NAUTJE1337: shows [7h 7d] (two pair, Sevens and Deuces)
NAUTJE1337 collected $59.50 from pot
*** SUMMARY ***
Total pot $60 | Rake $0.50
Board [4d 5h 2h Ad 2d]
Seat 2: NAUTJE1337 (big blind) showed [7h 7d] and won ($59.50) with two pair, Sevens and Deuces
Seat 3: B_loJkl (button) (small blind) showed [6s 9s] and lost with a pair of Deuces


PokerStars Hand #167291135681:  Hold'em Limit ($3/$6 USD) - 2017/03/08 9:31:02 ET
Table 'Boyce II' 6-max Seat #3 is the button
Seat 2: NAUTJE1337 ($47.76 in chips)
Seat 3: B_loJkl ($148 in chips)
B_loJkl: posts small blind $1
NAUTJE1337: posts big blind $3
*** HOLE CARDS ***
B_loJkl: raises $3 to $6
NAUTJE1337: calls $3
*** FLOP *** [Qd 6d Jc]
NAUTJE1337: bets $3
B_loJkl: calls $3
*** TURN *** [Qd 6d Jc] [2s]
NAUTJE1337: bets $6
B_loJkl: calls $6
*** RIVER *** [Qd 6d Jc 2s] [Jd]
NAUTJE1337: bets $6
B_loJkl: folds
Uncalled bet ($6) returned to NAUTJE1337
NAUTJE1337 collected $29.50 from pot
ELCapitano26 joins the table at seat #4
*** SUMMARY ***
Total pot $30 | Rake $0.50
Board [Qd 6d Jc 2s Jd]
Seat 2: NAUTJE1337 (big blind) collected ($29.50)
Seat 3: B_loJkl (button) (small blind) folded on the River


PokerStars Hand #167291129996:  Hold'em Limit ($3/$6 USD) - 2017/03/08 9:30:52 ET
Table 'Boyce II' 6-max Seat #2 is the button
Seat 2: NAUTJE1337 ($42 in chips)
Seat 3: B_loJkl ($154 in chips)
NAUTJE1337: posts small blind $1
B_loJkl: posts big blind $3
*** HOLE CARDS ***
NAUTJE1337: raises $3 to $6
B_loJkl: calls $3
*** FLOP *** [8c 3c Jh]
B_loJkl: checks
NAUTJE1337: bets $3
B_loJkl: folds
Uncalled bet ($3) returned to NAUTJE1337
NAUTJE1337 collected $11.76 from pot
*** SUMMARY ***
Total pot $12 | Rake $0.24
Board [8c 3c Jh]
Seat 2: NAUTJE1337 (button) (small blind) collected ($11.76)
Seat 3: B_loJkl (big blind) folded on the Flop


PokerStars Hand #167291146640:  Hold'em Limit ($3/$6 USD) - 2017/03/08 9:31:20 ET
Table 'Boyce II' 6-max Seat #2 is the button
Seat 2: NAUTJE1337 ($62.26 in chips)
Seat 3: B_loJkl ($133 in chips)
NAUTJE1337: posts small blind $1
B_loJkl: posts big blind $3
*** HOLE CARDS ***
NAUTJE1337: raises $3 to $6
B_loJkl: calls $3
*** FLOP *** [6c 7d Ks]
B_loJkl: checks
NAUTJE1337: bets $3
B_loJkl: calls $3
*** TURN *** [6c 7d Ks] [Kd]
Velbor107 joins the table at seat #5
B_loJkl: checks
NAUTJE1337: bets $6
B_loJkl: calls $6
*** RIVER *** [6c 7d Ks Kd] [9d]
B_loJkl: checks
NAUTJE1337: bets $6
B_loJkl: calls $6
*** SHOW DOWN ***
NAUTJE1337: shows [8h 7c] (two pair, Kings and Sevens)
B_loJkl: shows [9h Qd] (two pair, Kings and Nines)
B_loJkl collected $41.50 from pot
*** SUMMARY ***
Total pot $42 | Rake $0.50
Board [6c 7d Ks Kd 9d]
Seat 2: NAUTJE1337 (button) (small blind) showed [8h 7c] and lost with two pair, Kings and Sevens
Seat 3: B_loJkl (big blind) showed [9h Qd] and won ($41.50) with two pair, Kings and Nines


