PokerStars Hand #146718648133:  Hold'em Limit ($3/$6 USD) - 2016/01/08 22:56:52 ET
Table 'Brabantia' 2-max Seat #2 is the button
Seat 1: LifeisagameX ($60 in chips)
Seat 2: HARDGURU ($198 in chips)
HARDGURU: posts small blind $1
LifeisagameX: posts big blind $3
*** HOLE CARDS ***
HARDGURU: raises $3 to $6
LifeisagameX: raises $3 to $9
HARDGURU: calls $3
*** FLOP *** [8c 7h As]
LifeisagameX: bets $3
HARDGURU: folds
Uncalled bet ($3) returned to LifeisagameX
LifeisagameX collected $17.64 from pot
LifeisagameX: doesn't show hand
*** SUMMARY ***
Total pot $18 | Rake $0.36
Board [8c 7h As]
Seat 1: LifeisagameX (big blind) collected ($17.64)
Seat 2: HARDGURU (button) (small blind) folded on the Flop


PokerStars Hand #146718674671:  Hold'em Limit ($3/$6 USD) - 2016/01/08 22:58:09 ET
Table 'Brabantia' 2-max Seat #1 is the button
Seat 1: LifeisagameX ($74.14 in chips)
Seat 2: HARDGURU ($182.64 in chips)
LifeisagameX: posts small blind $1
HARDGURU: posts big blind $3
*** HOLE CARDS ***
LifeisagameX: raises $3 to $6
HARDGURU: calls $3
*** FLOP *** [3c 4c Qh]
HARDGURU: checks
LifeisagameX: checks
*** TURN *** [3c 4c Qh] [6h]
HARDGURU: bets $6
LifeisagameX: raises $6 to $12
HARDGURU: folds
Uncalled bet ($6) returned to LifeisagameX
LifeisagameX collected $23.52 from pot
LifeisagameX: doesn't show hand
*** SUMMARY ***
Total pot $24 | Rake $0.48
Board [3c 4c Qh 6h]
Seat 1: LifeisagameX (button) (small blind) collected ($23.52)
Seat 2: HARDGURU (big blind) folded on the Turn


PokerStars Hand #146718666077:  Hold'em Limit ($3/$6 USD) - 2016/01/08 22:57:44 ET
Table 'Brabantia' 2-max Seat #2 is the button
Seat 1: LifeisagameX ($83.14 in chips)
Seat 2: HARDGURU ($174 in chips)
HARDGURU: posts small blind $1
LifeisagameX: posts big blind $3
*** HOLE CARDS ***
HARDGURU: calls $2
LifeisagameX: raises $3 to $6
HARDGURU: calls $3
*** FLOP *** [6h Kh 3h]
LifeisagameX: bets $3
HARDGURU: calls $3
*** TURN *** [6h Kh 3h] [Qs]
LifeisagameX: checks
HARDGURU: bets $6
LifeisagameX: folds
Uncalled bet ($6) returned to HARDGURU
HARDGURU collected $17.64 from pot
HARDGURU: doesn't show hand
*** SUMMARY ***
Total pot $18 | Rake $0.36
Board [6h Kh 3h Qs]
Seat 1: LifeisagameX (big blind) folded on the Turn
Seat 2: HARDGURU (button) (small blind) collected ($17.64)


PokerStars Hand #146718655558:  Hold'em Limit ($3/$6 USD) - 2016/01/08 22:57:13 ET
Table 'Brabantia' 2-max Seat #1 is the button
Seat 1: LifeisagameX ($68.64 in chips)
Seat 2: HARDGURU ($189 in chips)
LifeisagameX: posts small blind $1
HARDGURU: posts big blind $3
*** HOLE CARDS ***
LifeisagameX: raises $3 to $6
HARDGURU: calls $3
*** FLOP *** [5d 3h 2s]
HARDGURU: checks
LifeisagameX: bets $3
HARDGURU: calls $3
*** TURN *** [5d 3h 2s] [Js]
HARDGURU: checks
LifeisagameX: bets $6
HARDGURU: calls $6
*** RIVER *** [5d 3h 2s Js] [Qs]
HARDGURU: checks
LifeisagameX: bets $6
HARDGURU: folds
Uncalled bet ($6) returned to LifeisagameX
LifeisagameX collected $29.50 from pot
LifeisagameX: doesn't show hand
*** SUMMARY ***
Total pot $30 | Rake $0.50
Board [5d 3h 2s Js Qs]
Seat 1: LifeisagameX (button) (small blind) collected ($29.50)
Seat 2: HARDGURU (big blind) folded on the River


PokerStars Hand #146718695671:  Hold'em Limit ($3/$6 USD) - 2016/01/08 22:59:10 ET
Table 'Brabantia' 2-max Seat #1 is the button
Seat 1: LifeisagameX ($70.66 in chips)
Seat 2: HARDGURU ($185.14 in chips)
LifeisagameX: posts small blind $1
HARDGURU: posts big blind $3
*** HOLE CARDS ***
LifeisagameX: folds
Uncalled bet ($2) returned to HARDGURU
HARDGURU collected $2 from pot
HARDGURU: doesn't show hand
*** SUMMARY ***
Total pot $2 | Rake $0
Seat 1: LifeisagameX (button) (small blind) folded before Flop
Seat 2: HARDGURU (big blind) collected ($2)


PokerStars Hand #146718685302:  Hold'em Limit ($3/$6 USD) - 2016/01/08 22:58:40 ET
Table 'Brabantia' 2-max Seat #2 is the button
Seat 1: LifeisagameX ($85.66 in chips)
Seat 2: HARDGURU ($170.64 in chips)
HARDGURU: posts small blind $1
LifeisagameX: posts big blind $3
*** HOLE CARDS ***
HARDGURU: calls $2
LifeisagameX: raises $3 to $6
HARDGURU: calls $3
*** FLOP *** [6c 7c 3c]
LifeisagameX: bets $3
HARDGURU: calls $3
*** TURN *** [6c 7c 3c] [8d]
LifeisagameX: bets $6
HARDGURU: calls $6
*** RIVER *** [6c 7c 3c 8d] [7s]
LifeisagameX: checks
HARDGURU: checks
*** SHOW DOWN ***
LifeisagameX: shows [Th Ts] (two pair, Tens and Sevens)
HARDGURU: shows [7d 9h] (three of a kind, Sevens)
HARDGURU collected $29.50 from pot
*** SUMMARY ***
Total pot $30 | Rake $0.50
Board [6c 7c 3c 8d 7s]
Seat 1: LifeisagameX (big blind) showed [Th Ts] and lost with two pair, Tens and Sevens
Seat 2: HARDGURU (button) (small blind) showed [7d 9h] and won ($29.50) with three of a kind, Sevens


PokerStars Hand #146718716396:  Hold'em Limit ($3/$6 USD) - 2016/01/08 23:00:11 ET
Table 'Brabantia' 2-max Seat #2 is the button
Seat 1: LifeisagameX ($75.18 in chips)
Seat 2: HARDGURU ($179.90 in chips)
HARDGURU: posts small blind $1
LifeisagameX: posts big blind $3
*** HOLE CARDS ***
HARDGURU: folds
Uncalled bet ($2) returned to LifeisagameX
LifeisagameX collected $2 from pot
LifeisagameX: doesn't show hand
*** SUMMARY ***
Total pot $2 | Rake $0
Seat 1: LifeisagameX (big blind) collected ($2)
Seat 2: HARDGURU (button) (small blind) folded before Flop


PokerStars Hand #146718708045:  Hold'em Limit ($3/$6 USD) - 2016/01/08 22:59:46 ET
Table 'Brabantia' 2-max Seat #1 is the button
Seat 1: LifeisagameX ($81.18 in chips)
Seat 2: HARDGURU ($174.14 in chips)
LifeisagameX: posts small blind $1
HARDGURU: posts big blind $3
*** HOLE CARDS ***
LifeisagameX: raises $3 to $6
HARDGURU: calls $3
*** FLOP *** [7s Ts 2s]
HARDGURU: checks
LifeisagameX: checks
*** TURN *** [7s Ts 2s] [5c]
HARDGURU: bets $6
LifeisagameX: folds
Uncalled bet ($6) returned to HARDGURU
HARDGURU collected $11.76 from pot
HARDGURU: doesn't show hand
*** SUMMARY ***
Total pot $12 | Rake $0.24
Board [7s Ts 2s 5c]
Seat 1: LifeisagameX (button) (small blind) folded on the Turn
Seat 2: HARDGURU (big blind) collected ($11.76)


PokerStars Hand #146718728366:  Hold'em Limit ($3/$6 USD) - 2016/01/08 23:00:45 ET
Table 'Brabantia' 2-max Seat #2 is the button
Seat 1: LifeisagameX ($84.82 in chips)
Seat 2: HARDGURU ($169.90 in chips)
HARDGURU: posts small blind $1
LifeisagameX: posts big blind $3
*** HOLE CARDS ***
HARDGURU: raises $3 to $6
LifeisagameX: calls $3
*** FLOP *** [Qh 5s Jh]
LifeisagameX: checks
HARDGURU: checks
*** TURN *** [Qh 5s Jh] [Ks]
LifeisagameX: checks
HARDGURU: checks
*** RIVER *** [Qh 5s Jh Ks] [2c]
LifeisagameX: bets $6
HARDGURU: folds
Uncalled bet ($6) returned to LifeisagameX
LifeisagameX collected $11.76 from pot
LifeisagameX: doesn't show hand
*** SUMMARY ***
Total pot $12 | Rake $0.24
Board [Qh 5s Jh Ks 2c]
Seat 1: LifeisagameX (big blind) collected ($11.76)
Seat 2: HARDGURU (button) (small blind) folded on the River


PokerStars Hand #146718718422:  Hold'em Limit ($3/$6 USD) - 2016/01/08 23:00:16 ET
Table 'Brabantia' 2-max Seat #1 is the button
Seat 1: LifeisagameX ($76.18 in chips)
Seat 2: HARDGURU ($178.90 in chips)
LifeisagameX: posts small blind $1
HARDGURU: posts big blind $3
*** HOLE CARDS ***
LifeisagameX: raises $3 to $6
HARDGURU: calls $3
*** FLOP *** [Ac Jd 2d]
HARDGURU: bets $3
LifeisagameX: raises $3 to $6
HARDGURU: folds
Uncalled bet ($3) returned to LifeisagameX
LifeisagameX collected $17.64 from pot
LifeisagameX: doesn't show hand
*** SUMMARY ***
Total pot $18 | Rake $0.36
Board [Ac Jd 2d]
Seat 1: LifeisagameX (button) (small blind) collected ($17.64)
Seat 2: HARDGURU (big blind) folded on the Flop


PokerStars Hand #146718756643:  Hold'em Limit ($3/$6 USD) - 2016/01/08 23:01:59 ET
Table 'Brabantia' 2-max Seat #2 is the button
Seat 1: LifeisagameX ($105.08 in chips)
Seat 2: HARDGURU ($148.90 in chips)
HARDGURU: posts small blind $1
LifeisagameX: posts big blind $3
*** HOLE CARDS ***
HARDGURU: raises $3 to $6
LifeisagameX: raises $3 to $9
HARDGURU: calls $3
*** FLOP *** [7d 2c 4h]
LifeisagameX: checks
HARDGURU: checks
*** TURN *** [7d 2c 4h] [2s]
LifeisagameX: checks
HARDGURU: checks
*** RIVER *** [7d 2c 4h 2s] [Jh]
LifeisagameX: checks
HARDGURU: checks
*** SHOW DOWN ***
LifeisagameX: shows [Ks 9c] (a pair of Deuces)
HARDGURU: shows [3s Js] (two pair, Jacks and Deuces)
HARDGURU collected $17.64 from pot
*** SUMMARY ***
Total pot $18 | Rake $0.36
Board [7d 2c 4h 2s Jh]
Seat 1: LifeisagameX (big blind) showed [Ks 9c] and lost with a pair of Deuces
Seat 2: HARDGURU (button) (small blind) showed [3s Js] and won ($17.64) with two pair, Jacks and Deuces


PokerStars Hand #146718743126:  Hold'em Limit ($3/$6 USD) - 2016/01/08 23:01:24 ET
Table 'Brabantia' 2-max Seat #1 is the button
Seat 1: LifeisagameX ($90.58 in chips)
Seat 2: HARDGURU ($163.90 in chips)
LifeisagameX: posts small blind $1
HARDGURU: posts big blind $3
*** HOLE CARDS ***
LifeisagameX: raises $3 to $6
HARDGURU: calls $3
*** FLOP *** [8d 6s 5h]
HARDGURU: checks
LifeisagameX: bets $3
HARDGURU: calls $3
*** TURN *** [8d 6s 5h] [2d]
HARDGURU: checks
LifeisagameX: bets $6
HARDGURU: calls $6
*** RIVER *** [8d 6s 5h 2d] [4h]
HARDGURU: checks
LifeisagameX: checks
*** SHOW DOWN ***
HARDGURU: shows [9d Qh] (high card Queen)
LifeisagameX: shows [5s Js] (a pair of Fives)
LifeisagameX collected $29.50 from pot
*** SUMMARY ***
Total pot $30 | Rake $0.50
Board [8d 6s 5h 2d 4h]
Seat 1: LifeisagameX (button) (small blind) showed [5s Js] and won ($29.50) with a pair of Fives
Seat 2: HARDGURU (big blind) showed [9d Qh] and lost with high card Queen


PokerStars Hand #146718783963:  Hold'em Limit ($3/$6 USD) - 2016/01/08 23:03:11 ET
Table 'Brabantia' 2-max Seat #2 is the button
Seat 1: LifeisagameX ($99.08 in chips)
Seat 2: HARDGURU ($154.54 in chips)
HARDGURU: posts small blind $1
LifeisagameX: posts big blind $3
*** HOLE CARDS ***
HARDGURU: folds
Uncalled bet ($2) returned to LifeisagameX
LifeisagameX collected $2 from pot
LifeisagameX: doesn't show hand
*** SUMMARY ***
Total pot $2 | Rake $0
Seat 1: LifeisagameX (big blind) collected ($2)
Seat 2: HARDGURU (button) (small blind) folded before Flop


PokerStars Hand #146718781211:  Hold'em Limit ($3/$6 USD) - 2016/01/08 23:03:04 ET
Table 'Brabantia' 2-max Seat #1 is the button
Seat 1: LifeisagameX ($96.08 in chips)
Seat 2: HARDGURU ($157.54 in chips)
LifeisagameX: posts small blind $1
HARDGURU: posts big blind $3
*** HOLE CARDS ***
LifeisagameX: raises $3 to $6
HARDGURU: folds
Uncalled bet ($3) returned to LifeisagameX
LifeisagameX collected $6 from pot
LifeisagameX: doesn't show hand
*** SUMMARY ***
Total pot $6 | Rake $0
Seat 1: LifeisagameX (button) (small blind) collected ($6)
Seat 2: HARDGURU (big blind) folded before Flop


PokerStars Hand #146718779032:  Hold'em Limit ($3/$6 USD) - 2016/01/08 23:02:58 ET
Table 'Brabantia' 2-max Seat #2 is the button
Seat 1: LifeisagameX ($95.08 in chips)
Seat 2: HARDGURU ($158.54 in chips)
HARDGURU: posts small blind $1
LifeisagameX: posts big blind $3
*** HOLE CARDS ***
HARDGURU: folds
Uncalled bet ($2) returned to LifeisagameX
LifeisagameX collected $2 from pot
LifeisagameX: doesn't show hand
*** SUMMARY ***
Total pot $2 | Rake $0
Seat 1: LifeisagameX (big blind) collected ($2)
Seat 2: HARDGURU (button) (small blind) folded before Flop


PokerStars Hand #146718771573:  Hold'em Limit ($3/$6 USD) - 2016/01/08 23:02:38 ET
Table 'Brabantia' 2-max Seat #1 is the button
Seat 1: LifeisagameX ($96.08 in chips)
Seat 2: HARDGURU ($157.54 in chips)
LifeisagameX: posts small blind $1
HARDGURU: posts big blind $3
*** HOLE CARDS ***
LifeisagameX: folds
Uncalled bet ($2) returned to HARDGURU
HARDGURU collected $2 from pot
HARDGURU: doesn't show hand
*** SUMMARY ***
Total pot $2 | Rake $0
Seat 1: LifeisagameX (button) (small blind) folded before Flop
Seat 2: HARDGURU (big blind) collected ($2)


PokerStars Hand #146718797461:  Hold'em Limit ($3/$6 USD) - 2016/01/08 23:03:46 ET
Table 'Brabantia' 2-max Seat #2 is the button
Seat 1: LifeisagameX ($108.72 in chips)
Seat 2: HARDGURU ($144.54 in chips)
HARDGURU: posts small blind $1
LifeisagameX: posts big blind $3
*** HOLE CARDS ***
HARDGURU: raises $3 to $6
LifeisagameX: raises $3 to $9
HARDGURU: calls $3
*** FLOP *** [Td Kh 6s]
LifeisagameX: bets $3
HARDGURU: calls $3
*** TURN *** [Td Kh 6s] [3d]
LifeisagameX: checks
HARDGURU: checks
*** RIVER *** [Td Kh 6s 3d] [Qh]
LifeisagameX: bets $6
HARDGURU: calls $6
*** SHOW DOWN ***
LifeisagameX: shows [Qs Qd] (three of a kind, Queens)
HARDGURU: mucks hand
LifeisagameX collected $35.50 from pot
*** SUMMARY ***
Total pot $36 | Rake $0.50
Board [Td Kh 6s 3d Qh]
Seat 1: LifeisagameX (big blind) showed [Qs Qd] and won ($35.50) with three of a kind, Queens
Seat 2: HARDGURU (button) (small blind) mucked


PokerStars Hand #146718786250:  Hold'em Limit ($3/$6 USD) - 2016/01/08 23:03:16 ET
Table 'Brabantia' 2-max Seat #1 is the button
Seat 1: LifeisagameX ($100.08 in chips)
Seat 2: HARDGURU ($153.54 in chips)
LifeisagameX: posts small blind $1
HARDGURU: posts big blind $3
*** HOLE CARDS ***
LifeisagameX: raises $3 to $6
HARDGURU: calls $3
*** FLOP *** [8h Kd 7s]
HARDGURU: checks
LifeisagameX: bets $3
HARDGURU: calls $3
*** TURN *** [8h Kd 7s] [3c]
HARDGURU: checks
LifeisagameX: bets $6
HARDGURU: folds
Uncalled bet ($6) returned to LifeisagameX
LifeisagameX collected $17.64 from pot
LifeisagameX: doesn't show hand
*** SUMMARY ***
Total pot $18 | Rake $0.36
Board [8h Kd 7s 3c]
Seat 1: LifeisagameX (button) (small blind) collected ($17.64)
Seat 2: HARDGURU (big blind) folded on the Turn


PokerStars Hand #146718832537:  Hold'em Limit ($3/$6 USD) - 2016/01/08 23:05:16 ET
Table 'Brabantia' 2-max Seat #2 is the button
Seat 1: LifeisagameX ($117.22 in chips)
Seat 2: HARDGURU ($135.18 in chips)
HARDGURU: posts small blind $1
LifeisagameX: posts big blind $3
*** HOLE CARDS ***
HARDGURU: folds
Uncalled bet ($2) returned to LifeisagameX
LifeisagameX collected $2 from pot
LifeisagameX: doesn't show hand
*** SUMMARY ***
Total pot $2 | Rake $0
Seat 1: LifeisagameX (big blind) collected ($2)
Seat 2: HARDGURU (button) (small blind) folded before Flop


PokerStars Hand #146718816641:  Hold'em Limit ($3/$6 USD) - 2016/01/08 23:04:35 ET
Table 'Brabantia' 2-max Seat #1 is the button
Seat 1: LifeisagameX ($126.22 in chips)
Seat 2: HARDGURU ($126.54 in chips)
LifeisagameX: posts small blind $1
HARDGURU: posts big blind $3
*** HOLE CARDS ***
LifeisagameX: raises $3 to $6
HARDGURU: calls $3
*** FLOP *** [Kd Qh 5h]
HARDGURU: checks
LifeisagameX: bets $3
HARDGURU: calls $3
*** TURN *** [Kd Qh 5h] [7h]
HARDGURU: checks
LifeisagameX: checks
*** RIVER *** [Kd Qh 5h 7h] [Ah]
HARDGURU: bets $6
LifeisagameX: folds
Uncalled bet ($6) returned to HARDGURU
HARDGURU collected $17.64 from pot
HARDGURU: doesn't show hand
*** SUMMARY ***
Total pot $18 | Rake $0.36
Board [Kd Qh 5h 7h Ah]
Seat 1: LifeisagameX (button) (small blind) folded on the River
Seat 2: HARDGURU (big blind) collected ($17.64)


PokerStars Hand #146718834626:  Hold'em Limit ($3/$6 USD) - 2016/01/08 23:05:22 ET
Table 'Brabantia' 2-max Seat #1 is the button
Seat 1: LifeisagameX ($118.22 in chips)
Seat 2: HARDGURU ($134.18 in chips)
LifeisagameX: posts small blind $1
HARDGURU: posts big blind $3
*** HOLE CARDS ***
LifeisagameX: raises $3 to $6
HARDGURU: calls $3
*** FLOP *** [Qh 7c 3d]
HARDGURU: checks
LifeisagameX: bets $3
HARDGURU: calls $3
*** TURN *** [Qh 7c 3d] [7s]
HARDGURU: checks
LifeisagameX: checks
*** RIVER *** [Qh 7c 3d 7s] [4c]
HARDGURU: bets $6
LifeisagameX: folds
Uncalled bet ($6) returned to HARDGURU
HARDGURU collected $17.64 from pot
HARDGURU: doesn't show hand
*** SUMMARY ***
Total pot $18 | Rake $0.36
Board [Qh 7c 3d 7s 4c]
Seat 1: LifeisagameX (button) (small blind) folded on the River
Seat 2: HARDGURU (big blind) collected ($17.64)


PokerStars Hand #146718851312:  Hold'em Limit ($3/$6 USD) - 2016/01/08 23:06:05 ET
Table 'Brabantia' 2-max Seat #2 is the button
Seat 1: LifeisagameX ($109.22 in chips)
Seat 2: HARDGURU ($142.82 in chips)
HARDGURU: posts small blind $1
LifeisagameX: posts big blind $3
*** HOLE CARDS ***
HARDGURU: raises $3 to $6
LifeisagameX: calls $3
*** FLOP *** [Jh Td 8d]
LifeisagameX: checks
HARDGURU: checks
*** TURN *** [Jh Td 8d] [As]
LifeisagameX: checks
HARDGURU: checks
*** RIVER *** [Jh Td 8d As] [Tc]
LifeisagameX: bets $6
HARDGURU: folds
Uncalled bet ($6) returned to LifeisagameX
LifeisagameX collected $11.76 from pot
LifeisagameX: doesn't show hand
*** SUMMARY ***
Total pot $12 | Rake $0.24
Board [Jh Td 8d As Tc]
Seat 1: LifeisagameX (big blind) collected ($11.76)
Seat 2: HARDGURU (button) (small blind) folded on the River


PokerStars Hand #146718884985:  Hold'em Limit ($3/$6 USD) - 2016/01/08 23:07:33 ET
Table 'Brabantia' 2-max Seat #2 is the button
Seat 1: LifeisagameX ($129.48 in chips)
Seat 2: HARDGURU ($121.82 in chips)
HARDGURU: posts small blind $1
LifeisagameX: posts big blind $3
*** HOLE CARDS ***
HARDGURU: folds
Uncalled bet ($2) returned to LifeisagameX
LifeisagameX collected $2 from pot
LifeisagameX: doesn't show hand
*** SUMMARY ***
Total pot $2 | Rake $0
Seat 1: LifeisagameX (big blind) collected ($2)
Seat 2: HARDGURU (button) (small blind) folded before Flop


PokerStars Hand #146718870914:  Hold'em Limit ($3/$6 USD) - 2016/01/08 23:06:56 ET
Table 'Brabantia' 2-max Seat #1 is the button
Seat 1: LifeisagameX ($114.98 in chips)
Seat 2: HARDGURU ($136.82 in chips)
LifeisagameX: posts small blind $1
HARDGURU: posts big blind $3
*** HOLE CARDS ***
LifeisagameX: raises $3 to $6
HARDGURU: calls $3
*** FLOP *** [Td 4h 3c]
HARDGURU: checks
LifeisagameX: bets $3
HARDGURU: calls $3
*** TURN *** [Td 4h 3c] [Jh]
HARDGURU: checks
LifeisagameX: bets $6
HARDGURU: calls $6
*** RIVER *** [Td 4h 3c Jh] [3h]
HARDGURU: checks
LifeisagameX: checks
*** SHOW DOWN ***
HARDGURU: shows [8d Ks] (a pair of Threes)
LifeisagameX: shows [4s As] (two pair, Fours and Threes)
LifeisagameX collected $29.50 from pot
*** SUMMARY ***
Total pot $30 | Rake $0.50
Board [Td 4h 3c Jh 3h]
Seat 1: LifeisagameX (button) (small blind) showed [4s As] and won ($29.50) with two pair, Fours and Threes
Seat 2: HARDGURU (big blind) showed [8d Ks] and lost with a pair of Threes


PokerStars Hand #146718887498:  Hold'em Limit ($3/$6 USD) - 2016/01/08 23:07:40 ET
Table 'Brabantia' 2-max Seat #1 is the button
Seat 1: LifeisagameX ($130.48 in chips)
Seat 2: HARDGURU ($120.82 in chips)
LifeisagameX: posts small blind $1
HARDGURU: posts big blind $3
*** HOLE CARDS ***
LifeisagameX: raises $3 to $6
HARDGURU: folds
Uncalled bet ($3) returned to LifeisagameX
LifeisagameX collected $6 from pot
LifeisagameX: doesn't show hand
*** SUMMARY ***
Total pot $6 | Rake $0
Seat 1: LifeisagameX (button) (small blind) collected ($6)
Seat 2: HARDGURU (big blind) folded before Flop


PokerStars Hand #146718891145:  Hold'em Limit ($3/$6 USD) - 2016/01/08 23:07:49 ET
Table 'Brabantia' 2-max Seat #2 is the button
Seat 1: LifeisagameX ($133.48 in chips)
Seat 2: HARDGURU ($117.82 in chips)
HARDGURU: posts small blind $1
LifeisagameX: posts big blind $3
*** HOLE CARDS ***
HARDGURU: raises $3 to $6
LifeisagameX: calls $3
*** FLOP *** [7d Jd Ah]
LifeisagameX: checks
HARDGURU: bets $3
LifeisagameX: folds
Uncalled bet ($3) returned to HARDGURU
HARDGURU collected $11.76 from pot
HARDGURU: doesn't show hand
*** SUMMARY ***
Total pot $12 | Rake $0.24
Board [7d Jd Ah]
Seat 1: LifeisagameX (big blind) folded on the Flop
Seat 2: HARDGURU (button) (small blind) collected ($11.76)


PokerStars Hand #146718904587:  Hold'em Limit ($3/$6 USD) - 2016/01/08 23:08:24 ET
Table 'Brabantia' 2-max Seat #1 is the button
Seat 1: LifeisagameX ($127.48 in chips)
Seat 2: HARDGURU ($123.58 in chips)
LifeisagameX: posts small blind $1
HARDGURU: posts big blind $3
*** HOLE CARDS ***
LifeisagameX: raises $3 to $6
HARDGURU: calls $3
*** FLOP *** [8c 6s 7s]
HARDGURU: checks
LifeisagameX: bets $3
HARDGURU: raises $3 to $6
LifeisagameX: calls $3
*** TURN *** [8c 6s 7s] [9s]
HARDGURU: checks
LifeisagameX: checks
*** RIVER *** [8c 6s 7s 9s] [9h]
HARDGURU: bets $6
LifeisagameX: calls $6
*** SHOW DOWN ***
HARDGURU: shows [2c 9c] (three of a kind, Nines)
LifeisagameX: mucks hand
HARDGURU collected $35.50 from pot
*** SUMMARY ***
Total pot $36 | Rake $0.50
Board [8c 6s 7s 9s 9h]
Seat 1: LifeisagameX (button) (small blind) mucked
Seat 2: HARDGURU (big blind) showed [2c 9c] and won ($35.50) with three of a kind, Nines


PokerStars Hand #146718924069:  Hold'em Limit ($3/$6 USD) - 2016/01/08 23:09:16 ET
Table 'Brabantia' 2-max Seat #2 is the button
Seat 1: LifeisagameX ($109.48 in chips)
Seat 2: HARDGURU ($141.08 in chips)
HARDGURU: posts small blind $1
LifeisagameX: posts big blind $3
*** HOLE CARDS ***
HARDGURU: folds
Uncalled bet ($2) returned to LifeisagameX
LifeisagameX collected $2 from pot
LifeisagameX: doesn't show hand
*** SUMMARY ***
Total pot $2 | Rake $0
Seat 1: LifeisagameX (big blind) collected ($2)
Seat 2: HARDGURU (button) (small blind) folded before Flop


PokerStars Hand #146718926292:  Hold'em Limit ($3/$6 USD) - 2016/01/08 23:09:22 ET
Table 'Brabantia' 2-max Seat #1 is the button
Seat 1: LifeisagameX ($110.48 in chips)
Seat 2: HARDGURU ($140.08 in chips)
LifeisagameX: posts small blind $1
HARDGURU: posts big blind $3
*** HOLE CARDS ***
LifeisagameX: raises $3 to $6
HARDGURU: calls $3
*** FLOP *** [8s 9h 8d]
HARDGURU: checks
LifeisagameX: bets $3
HARDGURU: raises $3 to $6
LifeisagameX: calls $3
*** TURN *** [8s 9h 8d] [Kd]
HARDGURU: checks
LifeisagameX: checks
*** RIVER *** [8s 9h 8d Kd] [6s]
HARDGURU: bets $6
LifeisagameX: folds
Uncalled bet ($6) returned to HARDGURU
HARDGURU collected $23.52 from pot
HARDGURU: doesn't show hand
*** SUMMARY ***
Total pot $24 | Rake $0.48
Board [8s 9h 8d Kd 6s]
Seat 1: LifeisagameX (button) (small blind) folded on the River
Seat 2: HARDGURU (big blind) collected ($23.52)


PokerStars Hand #146718945349:  Hold'em Limit ($3/$6 USD) - 2016/01/08 23:10:12 ET
Table 'Brabantia' 2-max Seat #1 is the button
Seat 1: LifeisagameX ($99.48 in chips)
Seat 2: HARDGURU ($150.60 in chips)
LifeisagameX: posts small blind $1
HARDGURU: posts big blind $3
*** HOLE CARDS ***
LifeisagameX: raises $3 to $6
HARDGURU: folds
Uncalled bet ($3) returned to LifeisagameX
LifeisagameX collected $6 from pot
LifeisagameX: doesn't show hand
*** SUMMARY ***
Total pot $6 | Rake $0
Seat 1: LifeisagameX (button) (small blind) collected ($6)
Seat 2: HARDGURU (big blind) folded before Flop


PokerStars Hand #146718942405:  Hold'em Limit ($3/$6 USD) - 2016/01/08 23:10:05 ET
Table 'Brabantia' 2-max Seat #2 is the button
Seat 1: LifeisagameX ($98.48 in chips)
Seat 2: HARDGURU ($151.60 in chips)
HARDGURU: posts small blind $1
LifeisagameX: posts big blind $3
*** HOLE CARDS ***
HARDGURU: folds
Uncalled bet ($2) returned to LifeisagameX
LifeisagameX collected $2 from pot
LifeisagameX: doesn't show hand
*** SUMMARY ***
Total pot $2 | Rake $0
Seat 1: LifeisagameX (big blind) collected ($2)
Seat 2: HARDGURU (button) (small blind) folded before Flop


PokerStars Hand #146718948777:  Hold'em Limit ($3/$6 USD) - 2016/01/08 23:10:21 ET
Table 'Brabantia' 2-max Seat #2 is the button
Seat 1: LifeisagameX ($102.48 in chips)
Seat 2: HARDGURU ($147.60 in chips)
HARDGURU: posts small blind $1
LifeisagameX: posts big blind $3
*** HOLE CARDS ***
HARDGURU: calls $2
LifeisagameX: raises $3 to $6
HARDGURU: calls $3
*** FLOP *** [Ts 3c 2c]
LifeisagameX: checks
HARDGURU: bets $3
LifeisagameX: calls $3
*** TURN *** [Ts 3c 2c] [4s]
LifeisagameX: checks
HARDGURU: bets $6
LifeisagameX: calls $6
*** RIVER *** [Ts 3c 2c 4s] [Tc]
LifeisagameX: checks
HARDGURU: checks
*** SHOW DOWN ***
LifeisagameX: shows [4d As] (two pair, Tens and Fours)
HARDGURU: mucks hand
LifeisagameX collected $29.50 from pot
*** SUMMARY ***
Total pot $30 | Rake $0.50
Board [Ts 3c 2c 4s Tc]
Seat 1: LifeisagameX (big blind) showed [4d As] and won ($29.50) with two pair, Tens and Fours
Seat 2: HARDGURU (button) (small blind) mucked


PokerStars Hand #146718962346:  Hold'em Limit ($3/$6 USD) - 2016/01/08 23:10:57 ET
Table 'Brabantia' 2-max Seat #1 is the button
Seat 1: LifeisagameX ($116.98 in chips)
Seat 2: HARDGURU ($132.60 in chips)
LifeisagameX: posts small blind $1
HARDGURU: posts big blind $3
*** HOLE CARDS ***
LifeisagameX: raises $3 to $6
HARDGURU: calls $3
*** FLOP *** [9d Jc 4s]
HARDGURU: checks
LifeisagameX: bets $3
HARDGURU: calls $3
*** TURN *** [9d Jc 4s] [4d]
HARDGURU: checks
LifeisagameX: bets $6
HARDGURU: calls $6
*** RIVER *** [9d Jc 4s 4d] [Ac]
HARDGURU: checks
LifeisagameX: checks
*** SHOW DOWN ***
HARDGURU: shows [9s Qh] (two pair, Nines and Fours)
LifeisagameX: shows [9h 5h] (two pair, Nines and Fours)
HARDGURU collected $14.75 from pot
LifeisagameX collected $14.75 from pot
*** SUMMARY ***
Total pot $30 | Rake $0.50
Board [9d Jc 4s 4d Ac]
Seat 1: LifeisagameX (button) (small blind) showed [9h 5h] and won ($14.75) with two pair, Nines and Fours
Seat 2: HARDGURU (big blind) showed [9s Qh] and won ($14.75) with two pair, Nines and Fours


PokerStars Hand #146718973900:  Hold'em Limit ($3/$6 USD) - 2016/01/08 23:11:28 ET
Table 'Brabantia' 2-max Seat #2 is the button
Seat 1: LifeisagameX ($116.73 in chips)
Seat 2: HARDGURU ($132.35 in chips)
HARDGURU: posts small blind $1
LifeisagameX: posts big blind $3
*** HOLE CARDS ***
HARDGURU: raises $3 to $6
LifeisagameX: calls $3
*** FLOP *** [4s Qc 7d]
LifeisagameX: bets $3
HARDGURU: calls $3
*** TURN *** [4s Qc 7d] [2h]
LifeisagameX: checks
HARDGURU: bets $6
LifeisagameX: folds
Uncalled bet ($6) returned to HARDGURU
HARDGURU collected $17.64 from pot
HARDGURU: doesn't show hand
*** SUMMARY ***
Total pot $18 | Rake $0.36
Board [4s Qc 7d 2h]
Seat 1: LifeisagameX (big blind) folded on the Turn
Seat 2: HARDGURU (button) (small blind) collected ($17.64)


PokerStars Hand #146718983838:  Hold'em Limit ($3/$6 USD) - 2016/01/08 23:11:55 ET
Table 'Brabantia' 2-max Seat #1 is the button
Seat 1: LifeisagameX ($107.73 in chips)
Seat 2: HARDGURU ($140.99 in chips)
LifeisagameX: posts small blind $1
HARDGURU: posts big blind $3
*** HOLE CARDS ***
LifeisagameX: folds
Uncalled bet ($2) returned to HARDGURU
HARDGURU collected $2 from pot
HARDGURU: doesn't show hand
*** SUMMARY ***
Total pot $2 | Rake $0
Seat 1: LifeisagameX (button) (small blind) folded before Flop
Seat 2: HARDGURU (big blind) collected ($2)


PokerStars Hand #146718987325:  Hold'em Limit ($3/$6 USD) - 2016/01/08 23:12:04 ET
Table 'Brabantia' 2-max Seat #2 is the button
Seat 1: LifeisagameX ($106.73 in chips)
Seat 2: HARDGURU ($141.99 in chips)
HARDGURU: posts small blind $1
LifeisagameX: posts big blind $3
*** HOLE CARDS ***
HARDGURU: raises $3 to $6
LifeisagameX: calls $3
*** FLOP *** [Jd Ks 7c]
LifeisagameX: checks
HARDGURU: checks
*** TURN *** [Jd Ks 7c] [As]
LifeisagameX: checks
HARDGURU: checks
*** RIVER *** [Jd Ks 7c As] [9s]
LifeisagameX: bets $6
HARDGURU: calls $6
*** SHOW DOWN ***
LifeisagameX: shows [7d Ac] (two pair, Aces and Sevens)
HARDGURU: mucks hand
LifeisagameX collected $23.52 from pot
*** SUMMARY ***
Total pot $24 | Rake $0.48
Board [Jd Ks 7c As 9s]
Seat 1: LifeisagameX (big blind) showed [7d Ac] and won ($23.52) with two pair, Aces and Sevens
Seat 2: HARDGURU (button) (small blind) mucked


PokerStars Hand #146718994699:  Hold'em Limit ($3/$6 USD) - 2016/01/08 23:12:24 ET
Table 'Brabantia' 2-max Seat #1 is the button
Seat 1: LifeisagameX ($118.25 in chips)
Seat 2: HARDGURU ($129.99 in chips)
LifeisagameX: posts small blind $1
HARDGURU: posts big blind $3
*** HOLE CARDS ***
LifeisagameX: raises $3 to $6
HARDGURU: calls $3
*** FLOP *** [6s 9h 2d]
HARDGURU: checks
LifeisagameX: checks
*** TURN *** [6s 9h 2d] [Kc]
HARDGURU: bets $6
LifeisagameX: folds
Uncalled bet ($6) returned to HARDGURU
HARDGURU collected $11.76 from pot
HARDGURU: doesn't show hand
*** SUMMARY ***
Total pot $12 | Rake $0.24
Board [6s 9h 2d Kc]
Seat 1: LifeisagameX (button) (small blind) folded on the Turn
Seat 2: HARDGURU (big blind) collected ($11.76)


PokerStars Hand #146719002577:  Hold'em Limit ($3/$6 USD) - 2016/01/08 23:12:45 ET
Table 'Brabantia' 2-max Seat #2 is the button
Seat 1: LifeisagameX ($112.25 in chips)
Seat 2: HARDGURU ($135.75 in chips)
HARDGURU: posts small blind $1
LifeisagameX: posts big blind $3
*** HOLE CARDS ***
HARDGURU: raises $3 to $6
LifeisagameX: calls $3
*** FLOP *** [7h 9d 7s]
LifeisagameX: checks
HARDGURU: checks
*** TURN *** [7h 9d 7s] [2c]
LifeisagameX: bets $6
HARDGURU: calls $6
*** RIVER *** [7h 9d 7s 2c] [3s]
LifeisagameX: bets $6
HARDGURU: raises $6 to $12
LifeisagameX: calls $6
*** SHOW DOWN ***
HARDGURU: shows [7c Ts] (three of a kind, Sevens)
LifeisagameX: mucks hand
HARDGURU collected $47.50 from pot
*** SUMMARY ***
Total pot $48 | Rake $0.50
Board [7h 9d 7s 2c 3s]
Seat 1: LifeisagameX (big blind) mucked
Seat 2: HARDGURU (button) (small blind) showed [7c Ts] and won ($47.50) with three of a kind, Sevens


PokerStars Hand #146719029023:  Hold'em Limit ($3/$6 USD) - 2016/01/08 23:13:56 ET
Table 'Brabantia' 2-max Seat #2 is the button
Seat 1: LifeisagameX ($70.25 in chips)
Seat 2: HARDGURU ($176.75 in chips)
HARDGURU: posts small blind $1
LifeisagameX: posts big blind $3
*** HOLE CARDS ***
HARDGURU: raises $3 to $6
LifeisagameX: folds
Uncalled bet ($3) returned to HARDGURU
HARDGURU collected $6 from pot
HARDGURU: doesn't show hand
*** SUMMARY ***
Total pot $6 | Rake $0
Seat 1: LifeisagameX (big blind) folded before Flop
Seat 2: HARDGURU (button) (small blind) collected ($6)


PokerStars Hand #146719014073:  Hold'em Limit ($3/$6 USD) - 2016/01/08 23:13:16 ET
Table 'Brabantia' 2-max Seat #1 is the button
Seat 1: LifeisagameX ($88.25 in chips)
Seat 2: HARDGURU ($159.25 in chips)
LifeisagameX: posts small blind $1
HARDGURU: posts big blind $3
*** HOLE CARDS ***
LifeisagameX: raises $3 to $6
HARDGURU: calls $3
*** FLOP *** [5s 3c 2s]
HARDGURU: checks
LifeisagameX: bets $3
HARDGURU: raises $3 to $6
LifeisagameX: calls $3
*** TURN *** [5s 3c 2s] [2h]
HARDGURU: checks
LifeisagameX: bets $6
HARDGURU: calls $6
*** RIVER *** [5s 3c 2s 2h] [Ad]
HARDGURU: checks
LifeisagameX: checks
*** SHOW DOWN ***
HARDGURU: shows [9h 3d] (two pair, Threes and Deuces)
LifeisagameX: mucks hand
HARDGURU collected $35.50 from pot
*** SUMMARY ***
Total pot $36 | Rake $0.50
Board [5s 3c 2s 2h Ad]
Seat 1: LifeisagameX (button) (small blind) mucked
Seat 2: HARDGURU (big blind) showed [9h 3d] and won ($35.50) with two pair, Threes and Deuces


PokerStars Hand #146719031099:  Hold'em Limit ($3/$6 USD) - 2016/01/08 23:14:02 ET
Table 'Brabantia' 2-max Seat #1 is the button
Seat 1: LifeisagameX ($67.25 in chips)
Seat 2: HARDGURU ($179.75 in chips)
LifeisagameX: posts small blind $1
HARDGURU: posts big blind $3
*** HOLE CARDS ***
LifeisagameX: folds
Uncalled bet ($2) returned to HARDGURU
HARDGURU collected $2 from pot
HARDGURU: doesn't show hand
*** SUMMARY ***
Total pot $2 | Rake $0
Seat 1: LifeisagameX (button) (small blind) folded before Flop
Seat 2: HARDGURU (big blind) collected ($2)


PokerStars Hand #146719033120:  Hold'em Limit ($3/$6 USD) - 2016/01/08 23:14:08 ET
Table 'Brabantia' 2-max Seat #2 is the button
Seat 1: LifeisagameX ($66.25 in chips)
Seat 2: HARDGURU ($180.75 in chips)
HARDGURU: posts small blind $1
LifeisagameX: posts big blind $3
*** HOLE CARDS ***
HARDGURU: raises $3 to $6
LifeisagameX: calls $3
*** FLOP *** [Ad 9c Qc]
LifeisagameX: checks
HARDGURU: checks
*** TURN *** [Ad 9c Qc] [2h]
LifeisagameX: bets $6
HARDGURU: folds
Uncalled bet ($6) returned to LifeisagameX
LifeisagameX collected $11.76 from pot
LifeisagameX: doesn't show hand
*** SUMMARY ***
Total pot $12 | Rake $0.24
Board [Ad 9c Qc 2h]
Seat 1: LifeisagameX (big blind) collected ($11.76)
Seat 2: HARDGURU (button) (small blind) folded on the Turn


PokerStars Hand #146719039925:  Hold'em Limit ($3/$6 USD) - 2016/01/08 23:14:26 ET
Table 'Brabantia' 2-max Seat #1 is the button
Seat 1: LifeisagameX ($72.01 in chips)
Seat 2: HARDGURU ($174.75 in chips)
LifeisagameX: posts small blind $1
HARDGURU: posts big blind $3
*** HOLE CARDS ***
LifeisagameX: raises $3 to $6
HARDGURU: calls $3
*** FLOP *** [6d 9h Ah]
HARDGURU: checks
LifeisagameX: bets $3
HARDGURU: calls $3
*** TURN *** [6d 9h Ah] [9s]
HARDGURU: checks
LifeisagameX: checks
*** RIVER *** [6d 9h Ah 9s] [6h]
HARDGURU: bets $6
LifeisagameX: calls $6
*** SHOW DOWN ***
HARDGURU: shows [Th Ts] (two pair, Tens and Nines)
LifeisagameX: mucks hand
HARDGURU collected $29.50 from pot
*** SUMMARY ***
Total pot $30 | Rake $0.50
Board [6d 9h Ah 9s 6h]
Seat 1: LifeisagameX (button) (small blind) mucked
Seat 2: HARDGURU (big blind) showed [Th Ts] and won ($29.50) with two pair, Tens and Nines


PokerStars Hand #146719055636:  Hold'em Limit ($3/$6 USD) - 2016/01/08 23:15:09 ET
Table 'Brabantia' 2-max Seat #2 is the button
Seat 1: LifeisagameX ($57.01 in chips)
Seat 2: HARDGURU ($189.25 in chips)
HARDGURU: posts small blind $1
LifeisagameX: posts big blind $3
*** HOLE CARDS ***
HARDGURU: calls $2
LifeisagameX: raises $3 to $6
HARDGURU: calls $3
*** FLOP *** [5d 9c 3d]
LifeisagameX: bets $3
HARDGURU: calls $3
*** TURN *** [5d 9c 3d] [9h]
LifeisagameX: bets $6
HARDGURU: calls $6
*** RIVER *** [5d 9c 3d 9h] [4c]
LifeisagameX: checks
HARDGURU: bets $6
LifeisagameX: raises $6 to $12
HARDGURU: calls $6
*** SHOW DOWN ***
LifeisagameX: shows [9s As] (three of a kind, Nines)
HARDGURU: mucks hand
LifeisagameX collected $53.50 from pot
*** SUMMARY ***
Total pot $54 | Rake $0.50
Board [5d 9c 3d 9h 4c]
Seat 1: LifeisagameX (big blind) showed [9s As] and won ($53.50) with three of a kind, Nines
Seat 2: HARDGURU (button) (small blind) mucked


PokerStars Hand #146719065770:  Hold'em Limit ($3/$6 USD) - 2016/01/08 23:15:36 ET
Table 'Brabantia' 2-max Seat #1 is the button
Seat 1: LifeisagameX ($83.51 in chips)
Seat 2: HARDGURU ($162.25 in chips)
LifeisagameX: posts small blind $1
HARDGURU: posts big blind $3
*** HOLE CARDS ***
LifeisagameX: raises $3 to $6
HARDGURU: calls $3
*** FLOP *** [Tc 3c 9h]
HARDGURU: checks
LifeisagameX: bets $3
HARDGURU: calls $3
*** TURN *** [Tc 3c 9h] [6d]
HARDGURU: checks
LifeisagameX: bets $6
HARDGURU: calls $6
*** RIVER *** [Tc 3c 9h 6d] [4d]
HARDGURU: checks
LifeisagameX: bets $6
HARDGURU: folds
Uncalled bet ($6) returned to LifeisagameX
LifeisagameX collected $29.50 from pot
LifeisagameX: doesn't show hand
*** SUMMARY ***
Total pot $30 | Rake $0.50
Board [Tc 3c 9h 6d 4d]
Seat 1: LifeisagameX (button) (small blind) collected ($29.50)
Seat 2: HARDGURU (big blind) folded on the River


PokerStars Hand #146719081908:  Hold'em Limit ($3/$6 USD) - 2016/01/08 23:16:19 ET
Table 'Brabantia' 2-max Seat #2 is the button
Seat 1: LifeisagameX ($98.01 in chips)
Seat 2: HARDGURU ($147.25 in chips)
HARDGURU: posts small blind $1
LifeisagameX: posts big blind $3
*** HOLE CARDS ***
HARDGURU: raises $3 to $6
LifeisagameX: calls $3
*** FLOP *** [8h 2c Jc]
LifeisagameX: checks
HARDGURU: bets $3
LifeisagameX: calls $3
*** TURN *** [8h 2c Jc] [Kc]
LifeisagameX: checks
HARDGURU: checks
*** RIVER *** [8h 2c Jc Kc] [7c]
LifeisagameX: checks
HARDGURU: checks
*** SHOW DOWN ***
LifeisagameX: shows [4s 8d] (a pair of Eights)
HARDGURU: mucks hand
LifeisagameX collected $17.64 from pot
*** SUMMARY ***
Total pot $18 | Rake $0.36
Board [8h 2c Jc Kc 7c]
Seat 1: LifeisagameX (big blind) showed [4s 8d] and won ($17.64) with a pair of Eights
Seat 2: HARDGURU (button) (small blind) mucked


PokerStars Hand #146719090111:  Hold'em Limit ($3/$6 USD) - 2016/01/08 23:16:41 ET
Table 'Brabantia' 2-max Seat #1 is the button
Seat 1: LifeisagameX ($106.65 in chips)
Seat 2: HARDGURU ($138.25 in chips)
LifeisagameX: posts small blind $1
HARDGURU: posts big blind $3
*** HOLE CARDS ***
LifeisagameX: raises $3 to $6
HARDGURU: calls $3
*** FLOP *** [7c Tc 6d]
HARDGURU: checks
LifeisagameX: checks
*** TURN *** [7c Tc 6d] [Kd]
HARDGURU: bets $6
LifeisagameX: calls $6
*** RIVER *** [7c Tc 6d Kd] [Qc]
HARDGURU: bets $6
LifeisagameX: calls $6
*** SHOW DOWN ***
HARDGURU: shows [4h 6s] (a pair of Sixes)
LifeisagameX: shows [9c Qh] (a pair of Queens)
LifeisagameX collected $35.50 from pot
*** SUMMARY ***
Total pot $36 | Rake $0.50
Board [7c Tc 6d Kd Qc]
Seat 1: LifeisagameX (button) (small blind) showed [9c Qh] and won ($35.50) with a pair of Queens
Seat 2: HARDGURU (big blind) showed [4h 6s] and lost with a pair of Sixes


PokerStars Hand #146719099568:  Hold'em Limit ($3/$6 USD) - 2016/01/08 23:17:07 ET
Table 'Brabantia' 2-max Seat #2 is the button
Seat 1: LifeisagameX ($124.15 in chips)
Seat 2: HARDGURU ($120.25 in chips)
HARDGURU: posts small blind $1
LifeisagameX: posts big blind $3
*** HOLE CARDS ***
HARDGURU: calls $2
LifeisagameX: checks
*** FLOP *** [7s 4s Kc]
LifeisagameX: checks
HARDGURU: bets $3
LifeisagameX: raises $3 to $6
HARDGURU: folds
Uncalled bet ($3) returned to LifeisagameX
LifeisagameX collected $11.76 from pot
LifeisagameX: doesn't show hand
*** SUMMARY ***
Total pot $12 | Rake $0.24
Board [7s 4s Kc]
Seat 1: LifeisagameX (big blind) collected ($11.76)
Seat 2: HARDGURU (button) (small blind) folded on the Flop


