PokerStars Hand #148609220842:  Hold'em Limit ($3/$6 USD) - 2016/02/11 7:20:01 ET
Table 'Brambilla' 6-max Seat #1 is the button
Seat 1: mo-chicky ($30 in chips)
Seat 4: Agrotait ($72 in chips)
mo-chicky: posts small blind $1
Agrotait: posts big blind $3
*** HOLE CARDS ***
mo-chicky: calls $2
Agrotait: checks
*** FLOP *** [Ad Qc 8d]
B_loJkl joins the table at seat #2
Agrotait: bets $3
mo-chicky: calls $3
*** TURN *** [Ad Qc 8d] [Js]
Agrotait: checks
mo-chicky: bets $6
Agrotait: folds
Uncalled bet ($6) returned to mo-chicky
mo-chicky collected $11.76 from pot
mo-chicky: doesn't show hand
*** SUMMARY ***
Total pot $12 | Rake $0.24
Board [Ad Qc 8d Js]
Seat 1: mo-chicky (button) (small blind) collected ($11.76)
Seat 4: Agrotait (big blind) folded on the Turn


PokerStars Hand #148609243158:  Hold'em Limit ($3/$6 USD) - 2016/02/11 7:20:40 ET
Table 'Brambilla' 6-max Seat #4 is the button
Seat 1: mo-chicky ($35.76 in chips)
Seat 4: Agrotait ($66 in chips)
Agrotait: posts small blind $1
mo-chicky: posts big blind $3
*** HOLE CARDS ***
Agrotait: raises $3 to $6
mo-chicky: calls $3
*** FLOP *** [4s 6h 8c]
mo-chicky: checks
Agrotait: bets $3
mo-chicky: calls $3
*** TURN *** [4s 6h 8c] [2c]
mo-chicky: checks
Agrotait: checks
*** RIVER *** [4s 6h 8c 2c] [Qs]
mo-chicky: checks
Agrotait: bets $6
mo-chicky: folds
Uncalled bet ($6) returned to Agrotait
Agrotait collected $17.64 from pot
Agrotait: doesn't show hand
*** SUMMARY ***
Total pot $18 | Rake $0.36
Board [4s 6h 8c 2c Qs]
Seat 1: mo-chicky (big blind) folded on the River
Seat 4: Agrotait (button) (small blind) collected ($17.64)


PokerStars Hand #148609358228:  Hold'em Limit ($3/$6 USD) - 2016/02/11 7:23:55 ET
Table 'Brambilla' 6-max Seat #2 is the button
Seat 1: Ale4o ($122.35 in chips)
Seat 2: B_loJkl ($133.46 in chips)
B_loJkl: posts small blind $1
Ale4o: posts big blind $3
*** HOLE CARDS ***
saut731 leaves the table
B_loJkl: raises $3 to $6
Ale4o: calls $3
*** FLOP *** [9s Ac 3s]
Ale4o: checks
B_loJkl: bets $3
Ale4o: folds
Uncalled bet ($3) returned to B_loJkl
B_loJkl collected $11.76 from pot
B_loJkl: doesn't show hand
*** SUMMARY ***
Total pot $12 | Rake $0.24
Board [9s Ac 3s]
Seat 1: Ale4o (big blind) folded on the Flop
Seat 2: B_loJkl (button) (small blind) collected ($11.76)


