PokerStars Hand #175306698015:  Hold'em Limit ($3/$6 USD) - 2017/09/06 20:05:52 ET
Table 'Brambilla' 6-max Seat #5 is the button
Seat 4: Actionni13 ($230.57 in chips)
Seat 5: sismos404 ($54.79 in chips)
sismos404: posts small blind $1
Actionni13: posts big blind $3
*** HOLE CARDS ***
sismos404: folds
Uncalled bet ($2) returned to Actionni13
Actionni13 collected $2 from pot
Actionni13: doesn't show hand
*** SUMMARY ***
Total pot $2 | Rake $0
Seat 4: Actionni13 (big blind) collected ($2)
Seat 5: sismos404 (button) (small blind) folded before Flop


PokerStars Hand #175306694458:  Hold'em Limit ($3/$6 USD) - 2017/09/06 20:05:45 ET
Table 'Brambilla' 6-max Seat #4 is the button
Seat 4: Actionni13 ($227.57 in chips)
Seat 5: sismos404 ($57.79 in chips)
Actionni13: posts small blind $1
sismos404: posts big blind $3
*** HOLE CARDS ***
Actionni13: raises $3 to $6
sismos404: folds
Uncalled bet ($3) returned to Actionni13
Actionni13 collected $6 from pot
Actionni13: doesn't show hand
*** SUMMARY ***
Total pot $6 | Rake $0
Seat 4: Actionni13 (button) (small blind) collected ($6)
Seat 5: sismos404 (big blind) folded before Flop


PokerStars Hand #175306708842:  Hold'em Limit ($3/$6 USD) - 2017/09/06 20:06:15 ET
Table 'Brambilla' 6-max Seat #5 is the button
Seat 4: Actionni13 ($222.57 in chips)
Seat 5: sismos404 ($62.43 in chips)
sismos404: posts small blind $1
Actionni13: posts big blind $3
*** HOLE CARDS ***
sismos404: raises $3 to $6
Actionni13: calls $3
*** FLOP *** [Ad 6d Jd]
Actionni13: checks
sismos404: bets $3
Actionni13: calls $3
*** TURN *** [Ad 6d Jd] [7s]
Actionni13: checks
sismos404: bets $6
Actionni13: calls $6
*** RIVER *** [Ad 6d Jd 7s] [9d]
Actionni13: bets $6
7 Huligan 7 joins the table at seat #3
sismos404: calls $6
*** SHOW DOWN ***
Actionni13: shows [4d Kh] (a flush, Ace high)
sismos404: shows [As 8d] (a flush, Ace high - Eight higher)
sismos404 collected $41.50 from pot
*** SUMMARY ***
Total pot $42 | Rake $0.50
Board [Ad 6d Jd 7s 9d]
Seat 4: Actionni13 (big blind) showed [4d Kh] and lost with a flush, Ace high
Seat 5: sismos404 (button) (small blind) showed [As 8d] and won ($41.50) with a flush, Ace high


PokerStars Hand #175306700577:  Hold'em Limit ($3/$6 USD) - 2017/09/06 20:05:58 ET
Table 'Brambilla' 6-max Seat #4 is the button
Seat 4: Actionni13 ($231.57 in chips)
Seat 5: sismos404 ($53.79 in chips)
Actionni13: posts small blind $1
sismos404: posts big blind $3
*** HOLE CARDS ***
Actionni13: raises $3 to $6
sismos404: calls $3
*** FLOP *** [As 3s 6d]
sismos404: checks
Actionni13: bets $3
sismos404: raises $3 to $6
Actionni13: folds
Uncalled bet ($3) returned to sismos404
sismos404 collected $17.64 from pot
*** SUMMARY ***
Total pot $18 | Rake $0.36
Board [As 3s 6d]
Seat 4: Actionni13 (button) (small blind) folded on the Flop
Seat 5: sismos404 (big blind) collected ($17.64)


PokerStars Hand #175306723495:  Hold'em Limit ($3/$6 USD) - 2017/09/06 20:06:45 ET
Table 'Brambilla' 6-max Seat #4 is the button
Seat 4: Actionni13 ($201.57 in chips)
Seat 5: sismos404 ($82.93 in chips)
Actionni13: posts small blind $1
sismos404: posts big blind $3
*** HOLE CARDS ***
Actionni13: raises $3 to $6
sismos404: calls $3
*** FLOP *** [4c 6h 4d]
sismos404: checks
Actionni13: bets $3
sismos404: raises $3 to $6
Actionni13: calls $3
*** TURN *** [4c 6h 4d] [Ah]
sismos404: checks
Actionni13: bets $6
sismos404: folds
Uncalled bet ($6) returned to Actionni13
Actionni13 collected $23.52 from pot
Actionni13: doesn't show hand
*** SUMMARY ***
Total pot $24 | Rake $0.48
Board [4c 6h 4d Ah]
Seat 4: Actionni13 (button) (small blind) collected ($23.52)
Seat 5: sismos404 (big blind) folded on the Turn


PokerStars Hand #175306909859:  Hold'em Limit ($3/$6 USD) - 2017/09/06 20:13:13 ET
Table 'Brambilla' 6-max Seat #4 is the button
Seat 1: ToDaFelt ($104 in chips)
Seat 4: Actionni13 ($271.15 in chips)
Actionni13: posts small blind $1
ToDaFelt: posts big blind $3
*** HOLE CARDS ***
Actionni13: raises $3 to $6
ToDaFelt: calls $3
*** FLOP *** [Tc 2d Td]
ToDaFelt: checks
Actionni13: bets $3
ToDaFelt: raises $3 to $6
Actionni13: raises $3 to $9
ToDaFelt: raises $3 to $12
Betting is capped
Actionni13: calls $3
*** TURN *** [Tc 2d Td] [Ac]
ToDaFelt: bets $6
Actionni13: calls $6
*** RIVER *** [Tc 2d Td Ac] [3h]
ToDaFelt: checks
Actionni13: checks
*** SHOW DOWN ***
ToDaFelt: shows [8d 3d] (two pair, Tens and Threes)
Actionni13: mucks hand
ToDaFelt collected $47.50 from pot
*** SUMMARY ***
Total pot $48 | Rake $0.50
Board [Tc 2d Td Ac 3h]
Seat 1: ToDaFelt (big blind) showed [8d 3d] and won ($47.50) with two pair, Tens and Threes
Seat 4: Actionni13 (button) (small blind) mucked


PokerStars Hand #175307033471:  Hold'em Limit ($3/$6 USD) - 2017/09/06 20:17:34 ET
Table 'Brambilla' 6-max Seat #3 is the button
Seat 3: hairy1961 ($50 in chips)
Seat 4: Actionni13 ($247.15 in chips)
hairy1961: posts small blind $1
Actionni13: posts big blind $3
*** HOLE CARDS ***
ToDaFelt joins the table at seat #5
hairy1961: calls $2
Actionni13: checks
*** FLOP *** [6c 8s Qh]
Actionni13: checks
hairy1961: bets $3
Actionni13: folds
Uncalled bet ($3) returned to hairy1961
hairy1961 collected $5.88 from pot
*** SUMMARY ***
Total pot $6 | Rake $0.12
Board [6c 8s Qh]
Seat 3: hairy1961 (button) (small blind) collected ($5.88)
Seat 4: Actionni13 (big blind) folded on the Flop


PokerStars Hand #175307080996:  Hold'em Limit ($3/$6 USD) - 2017/09/06 20:19:16 ET
Table 'Brambilla' 6-max Seat #4 is the button
Seat 3: hairy1961 ($38.49 in chips)
Seat 4: Actionni13 ($244.15 in chips)
Actionni13: posts small blind $1
ToDaFelt: is sitting out
hairy1961: posts big blind $3
*** HOLE CARDS ***
ToDaFelt leaves the table
Actionni13: folds
Uncalled bet ($2) returned to hairy1961
hairy1961 collected $2 from pot
*** SUMMARY ***
Total pot $2 | Rake $0
Seat 3: hairy1961 (big blind) collected ($2)
Seat 4: Actionni13 (button) (small blind) folded before Flop


PokerStars Hand #175307102639:  Hold'em Limit ($3/$6 USD) - 2017/09/06 20:20:02 ET
Table 'Brambilla' 6-max Seat #4 is the button
Seat 3: hairy1961 ($15.49 in chips)
Seat 4: Actionni13 ($266.65 in chips)
Actionni13: posts small blind $1
hairy1961: posts big blind $3
*** HOLE CARDS ***
Actionni13: folds
Uncalled bet ($2) returned to hairy1961
hairy1961 collected $2 from pot
*** SUMMARY ***
Total pot $2 | Rake $0
Seat 3: hairy1961 (big blind) collected ($2)
Seat 4: Actionni13 (button) (small blind) folded before Flop


PokerStars Hand #175307083851:  Hold'em Limit ($3/$6 USD) - 2017/09/06 20:19:22 ET
Table 'Brambilla' 6-max Seat #3 is the button
Seat 3: hairy1961 ($39.49 in chips)
Seat 4: Actionni13 ($243.15 in chips)
hairy1961: posts small blind $1
Actionni13: posts big blind $3
*** HOLE CARDS ***
hairy1961: raises $3 to $6
Actionni13: raises $3 to $9
hairy1961: calls $3
*** FLOP *** [3h Ad Qh]
Actionni13: bets $3
hairy1961: calls $3
*** TURN *** [3h Ad Qh] [6c]
Actionni13: bets $6
hairy1961: calls $6
*** RIVER *** [3h Ad Qh 6c] [9h]
Actionni13: bets $6
hairy1961: calls $6
*** SHOW DOWN ***
Actionni13: shows [Ac 8h] (a pair of Aces)
hairy1961: mucks hand
Actionni13 collected $47.50 from pot
*** SUMMARY ***
Total pot $48 | Rake $0.50
Board [3h Ad Qh 6c 9h]
Seat 3: hairy1961 (button) (small blind) mucked
Seat 4: Actionni13 (big blind) showed [Ac 8h] and won ($47.50) with a pair of Aces


PokerStars Hand #175307105053:  Hold'em Limit ($3/$6 USD) - 2017/09/06 20:20:07 ET
Table 'Brambilla' 6-max Seat #3 is the button
Seat 3: hairy1961 ($16.49 in chips)
Seat 4: Actionni13 ($265.65 in chips)
hairy1961: posts small blind $1
Actionni13: posts big blind $3
*** HOLE CARDS ***
hairy1961: folds
Uncalled bet ($2) returned to Actionni13
Actionni13 collected $2 from pot
Actionni13: doesn't show hand
*** SUMMARY ***
Total pot $2 | Rake $0
Seat 3: hairy1961 (button) (small blind) folded before Flop
Seat 4: Actionni13 (big blind) collected ($2)


PokerStars Hand #175307125694:  Hold'em Limit ($3/$6 USD) - 2017/09/06 20:20:51 ET
Table 'Brambilla' 6-max Seat #3 is the button
Seat 3: hairy1961 ($24.13 in chips)
Seat 4: Actionni13 ($257.65 in chips)
hairy1961: posts small blind $1
Actionni13: posts big blind $3
*** HOLE CARDS ***
hairy1961: folds
Uncalled bet ($2) returned to Actionni13
Actionni13 collected $2 from pot
Actionni13: doesn't show hand
*** SUMMARY ***
Total pot $2 | Rake $0
Seat 3: hairy1961 (button) (small blind) folded before Flop
Seat 4: Actionni13 (big blind) collected ($2)


PokerStars Hand #175307108081:  Hold'em Limit ($3/$6 USD) - 2017/09/06 20:20:14 ET
Table 'Brambilla' 6-max Seat #4 is the button
Seat 3: hairy1961 ($15.49 in chips)
Seat 4: Actionni13 ($266.65 in chips)
Actionni13: posts small blind $1
hairy1961: posts big blind $3
*** HOLE CARDS ***
Actionni13: raises $3 to $6
hairy1961: calls $3
*** FLOP *** [3s Ah 9c]
hairy1961: checks
Actionni13: bets $3
hairy1961: raises $3 to $6
Actionni13 is disconnected
Actionni13 is connected
Actionni13: folds
Uncalled bet ($3) returned to hairy1961
hairy1961 collected $17.64 from pot
*** SUMMARY ***
Total pot $18 | Rake $0.36
Board [3s Ah 9c]
Seat 3: hairy1961 (big blind) collected ($17.64)
Seat 4: Actionni13 (button) (small blind) folded on the Flop


PokerStars Hand #175307128130:  Hold'em Limit ($3/$6 USD) - 2017/09/06 20:20:57 ET
Table 'Brambilla' 6-max Seat #4 is the button
Seat 3: hairy1961 ($23.13 in chips)
Seat 4: Actionni13 ($258.65 in chips)
Actionni13: posts small blind $1
hairy1961: posts big blind $3
*** HOLE CARDS ***
Actionni13: raises $3 to $6
hairy1961: raises $3 to $9
Actionni13: calls $3
*** FLOP *** [4d Qh 9d]
hairy1961: bets $3
Actionni13: calls $3
*** TURN *** [4d Qh 9d] [9c]
hairy1961: bets $6
Actionni13: folds
Uncalled bet ($6) returned to hairy1961
hairy1961 collected $23.52 from pot
*** SUMMARY ***
Total pot $24 | Rake $0.48
Board [4d Qh 9d 9c]
Seat 3: hairy1961 (big blind) collected ($23.52)
Seat 4: Actionni13 (button) (small blind) folded on the Turn


PokerStars Hand #175307156293:  Hold'em Limit ($3/$6 USD) - 2017/09/06 20:21:57 ET
Table 'Brambilla' 6-max Seat #3 is the button
Seat 3: hairy1961 ($56.15 in chips)
Seat 4: Actionni13 ($224.65 in chips)
hairy1961: posts small blind $1
Actionni13: posts big blind $3
*** HOLE CARDS ***
hairy1961: folds
Uncalled bet ($2) returned to Actionni13
Actionni13 collected $2 from pot
Actionni13: doesn't show hand
*** SUMMARY ***
Total pot $2 | Rake $0
Seat 3: hairy1961 (button) (small blind) folded before Flop
Seat 4: Actionni13 (big blind) collected ($2)


PokerStars Hand #175307151783:  Hold'em Limit ($3/$6 USD) - 2017/09/06 20:21:47 ET
Table 'Brambilla' 6-max Seat #4 is the button
Seat 3: hairy1961 ($55.15 in chips)
Seat 4: Actionni13 ($225.65 in chips)
Actionni13: posts small blind $1
hairy1961: posts big blind $3
*** HOLE CARDS ***
Actionni13: folds
Uncalled bet ($2) returned to hairy1961
hairy1961 collected $2 from pot
*** SUMMARY ***
Total pot $2 | Rake $0
Seat 3: hairy1961 (big blind) collected ($2)
Seat 4: Actionni13 (button) (small blind) folded before Flop


PokerStars Hand #175307136500:  Hold'em Limit ($3/$6 USD) - 2017/09/06 20:21:15 ET
Table 'Brambilla' 6-max Seat #3 is the button
Seat 3: hairy1961 ($34.65 in chips)
Seat 4: Actionni13 ($246.65 in chips)
hairy1961: posts small blind $1
Actionni13: posts big blind $3
*** HOLE CARDS ***
hairy1961: raises $3 to $6
Actionni13: calls $3
*** FLOP *** [7h Ah 3c]
Actionni13: checks
hairy1961: bets $3
Actionni13: calls $3
*** TURN *** [7h Ah 3c] [4h]
Actionni13: checks
hairy1961: bets $6
Actionni13: calls $6
*** RIVER *** [7h Ah 3c 4h] [Ad]
Actionni13: checks
hairy1961: bets $6
Actionni13: calls $6
*** SHOW DOWN ***
hairy1961: shows [3d Ac] (a full house, Aces full of Threes)
Actionni13: mucks hand
hairy1961 collected $41.50 from pot
*** SUMMARY ***
Total pot $42 | Rake $0.50
Board [7h Ah 3c 4h Ad]
Seat 3: hairy1961 (button) (small blind) showed [3d Ac] and won ($41.50) with a full house, Aces full of Threes
Seat 4: Actionni13 (big blind) mucked


PokerStars Hand #175307188143:  Hold'em Limit ($3/$6 USD) - 2017/09/06 20:23:06 ET
Table 'Brambilla' 6-max Seat #3 is the button
Seat 3: hairy1961 ($83.41 in chips)
Seat 4: Actionni13 ($196.65 in chips)
hairy1961: posts small blind $1
Actionni13: posts big blind $3
*** HOLE CARDS ***
hairy1961: folds
Uncalled bet ($2) returned to Actionni13
Actionni13 collected $2 from pot
Actionni13: doesn't show hand
*** SUMMARY ***
Total pot $2 | Rake $0
Seat 3: hairy1961 (button) (small blind) folded before Flop
Seat 4: Actionni13 (big blind) collected ($2)


PokerStars Hand #175307177447:  Hold'em Limit ($3/$6 USD) - 2017/09/06 20:22:43 ET
Table 'Brambilla' 6-max Seat #4 is the button
Seat 3: hairy1961 ($77.65 in chips)
Seat 4: Actionni13 ($202.65 in chips)
Actionni13: posts small blind $1
hairy1961: posts big blind $3
*** HOLE CARDS ***
Actionni13: raises $3 to $6
hairy1961: calls $3
*** FLOP *** [2d 8h 7d]
hairy1961: checks
Actionni13: checks
*** TURN *** [2d 8h 7d] [7c]
hairy1961: checks
Actionni13: checks
*** RIVER *** [2d 8h 7d 7c] [8d]
hairy1961: bets $6
Actionni13: folds
Uncalled bet ($6) returned to hairy1961
hairy1961 collected $11.76 from pot
*** SUMMARY ***
Total pot $12 | Rake $0.24
Board [2d 8h 7d 7c 8d]
Seat 3: hairy1961 (big blind) collected ($11.76)
Seat 4: Actionni13 (button) (small blind) folded on the River


PokerStars Hand #175307174631:  Hold'em Limit ($3/$6 USD) - 2017/09/06 20:22:37 ET
Table 'Brambilla' 6-max Seat #3 is the button
Seat 3: hairy1961 ($78.65 in chips)
Seat 4: Actionni13 ($201.65 in chips)
hairy1961: posts small blind $1
Actionni13: posts big blind $3
*** HOLE CARDS ***
hairy1961: folds
Uncalled bet ($2) returned to Actionni13
Actionni13 collected $2 from pot
Actionni13: doesn't show hand
*** SUMMARY ***
Total pot $2 | Rake $0
Seat 3: hairy1961 (button) (small blind) folded before Flop
Seat 4: Actionni13 (big blind) collected ($2)


PokerStars Hand #175307158865:  Hold'em Limit ($3/$6 USD) - 2017/09/06 20:22:03 ET
Table 'Brambilla' 6-max Seat #4 is the button
Seat 3: hairy1961 ($55.15 in chips)
Seat 4: Actionni13 ($225.65 in chips)
Actionni13: posts small blind $1
hairy1961: posts big blind $3
*** HOLE CARDS ***
Actionni13: raises $3 to $6
hairy1961: calls $3
*** FLOP *** [Td Jd 8c]
hairy1961: checks
Actionni13: checks
*** TURN *** [Td Jd 8c] [8d]
hairy1961: checks
Actionni13: bets $6
hairy1961: raises $6 to $12
Actionni13: calls $6
*** RIVER *** [Td Jd 8c 8d] [5h]
hairy1961: bets $6
Actionni13: calls $6
*** SHOW DOWN ***
hairy1961: shows [Th 9d] (two pair, Tens and Eights)
Actionni13: mucks hand
hairy1961 collected $47.50 from pot
*** SUMMARY ***
Total pot $48 | Rake $0.50
Board [Td Jd 8c 8d 5h]
Seat 3: hairy1961 (big blind) showed [Th 9d] and won ($47.50) with two pair, Tens and Eights
Seat 4: Actionni13 (button) (small blind) mucked


PokerStars Hand #175307198780:  Hold'em Limit ($3/$6 USD) - 2017/09/06 20:23:29 ET
Table 'Brambilla' 6-max Seat #3 is the button
Seat 3: hairy1961 ($76.41 in chips)
Seat 4: Actionni13 ($203.41 in chips)
Scheubi88 joins the table at seat #5
hairy1961: posts small blind $1
Actionni13: posts big blind $3
*** HOLE CARDS ***
hairy1961: folds
Uncalled bet ($2) returned to Actionni13
Actionni13 collected $2 from pot
Actionni13: doesn't show hand
*** SUMMARY ***
Total pot $2 | Rake $0
Seat 3: hairy1961 (button) (small blind) folded before Flop
Seat 4: Actionni13 (big blind) collected ($2)


PokerStars Hand #175307190931:  Hold'em Limit ($3/$6 USD) - 2017/09/06 20:23:12 ET
Table 'Brambilla' 6-max Seat #4 is the button
Seat 3: hairy1961 ($82.41 in chips)
Seat 4: Actionni13 ($197.65 in chips)
Actionni13: posts small blind $1
hairy1961: posts big blind $3
*** HOLE CARDS ***
Actionni13: raises $3 to $6
hairy1961: calls $3
*** FLOP *** [7c 2s Ac]
hairy1961: checks
Actionni13: bets $3
hairy1961: folds
Uncalled bet ($3) returned to Actionni13
Actionni13 collected $11.76 from pot
Actionni13: doesn't show hand
*** SUMMARY ***
Total pot $12 | Rake $0.24
Board [7c 2s Ac]
Seat 3: hairy1961 (big blind) folded on the Flop
Seat 4: Actionni13 (button) (small blind) collected ($11.76)


PokerStars Hand #175307223047:  Hold'em Limit ($3/$6 USD) - 2017/09/06 20:24:21 ET
Table 'Brambilla' 6-max Seat #4 is the button
Seat 4: Actionni13 ($217.91 in chips)
Seat 5: Scheubi88 ($102 in chips)
Actionni13: posts small blind $1
Scheubi88: posts big blind $3
*** HOLE CARDS ***
Actionni13: raises $3 to $6
Scheubi88: calls $3
*** FLOP *** [3h Ks 9s]
Scheubi88: checks
Actionni13: bets $3
Scheubi88: folds
Uncalled bet ($3) returned to Actionni13
Actionni13 collected $11.76 from pot
Actionni13: doesn't show hand
*** SUMMARY ***
Total pot $12 | Rake $0.24
Board [3h Ks 9s]
Seat 4: Actionni13 (button) (small blind) collected ($11.76)
Seat 5: Scheubi88 (big blind) folded on the Flop


PokerStars Hand #175307208653:  Hold'em Limit ($3/$6 USD) - 2017/09/06 20:23:50 ET
Table 'Brambilla' 6-max Seat #5 is the button
Seat 4: Actionni13 ($203.41 in chips)
Seat 5: Scheubi88 ($117 in chips)
Scheubi88: posts small blind $1
hairy1961: is sitting out
Actionni13: posts big blind $3
*** HOLE CARDS ***
Scheubi88: raises $3 to $6
hairy1961 leaves the table
Actionni13: calls $3
*** FLOP *** [3c 3d Kh]
Actionni13: checks
Scheubi88: bets $3
Actionni13: calls $3
*** TURN *** [3c 3d Kh] [8s]
Actionni13: checks
Scheubi88: checks
*** RIVER *** [3c 3d Kh 8s] [5h]
Actionni13: bets $6
Scheubi88: calls $6
*** SHOW DOWN ***
Actionni13: shows [Jd 5s] (two pair, Fives and Threes)
Scheubi88: mucks hand
Actionni13 collected $29.50 from pot
*** SUMMARY ***
Total pot $30 | Rake $0.50
Board [3c 3d Kh 8s 5h]
Seat 4: Actionni13 (big blind) showed [Jd 5s] and won ($29.50) with two pair, Fives and Threes
Seat 5: Scheubi88 (button) (small blind) mucked


PokerStars Hand #175308980172:  Hold'em Limit ($3/$6 USD) - 2017/09/06 21:33:00 ET
Table 'Brambilla' 6-max Seat #3 is the button
Seat 3: 7 Huligan 7 ($30 in chips)
Seat 4: tony@ng79 ($99 in chips)
7 Huligan 7: posts small blind $1
tony@ng79: posts big blind $3
*** HOLE CARDS ***
7 Huligan 7: calls $2
tony@ng79: checks
*** FLOP *** [5c 3h Qd]
tony@ng79: checks
7 Huligan 7: bets $3
tony@ng79: folds
Uncalled bet ($3) returned to 7 Huligan 7
7 Huligan 7 collected $5.88 from pot
*** SUMMARY ***
Total pot $6 | Rake $0.12
Board [5c 3h Qd]
Seat 3: 7 Huligan 7 (button) (small blind) collected ($5.88)
Seat 4: tony@ng79 (big blind) folded on the Flop


PokerStars Hand #175309006558:  Hold'em Limit ($3/$6 USD) - 2017/09/06 21:34:06 ET
Table 'Brambilla' 6-max Seat #3 is the button
Seat 3: 7 Huligan 7 ($25.52 in chips)
Seat 4: tony@ng79 ($102.50 in chips)
7 Huligan 7: posts small blind $1
tony@ng79: posts big blind $3
*** HOLE CARDS ***
7 Huligan 7: raises $3 to $6
tony@ng79: calls $3
*** FLOP *** [Jc 8c 2h]
tony@ng79: checks
7 Huligan 7: bets $3
tony@ng79: calls $3
*** TURN *** [Jc 8c 2h] [8d]
tony@ng79: checks
7 Huligan 7: bets $6
tony@ng79: raises $6 to $12
7 Huligan 7: raises $4.52 to $16.52 and is all-in
tony@ng79: calls $4.52
*** RIVER *** [Jc 8c 2h 8d] [Ks]
*** SHOW DOWN ***
tony@ng79: shows [8s Kc] (a full house, Eights full of Kings)
7 Huligan 7: shows [9s 9c] (two pair, Nines and Eights)
tony@ng79 collected $50.54 from pot
*** SUMMARY ***
Total pot $51.04 | Rake $0.50
Board [Jc 8c 2h 8d Ks]
Seat 3: 7 Huligan 7 (button) (small blind) showed [9s 9c] and lost with two pair, Nines and Eights
Seat 4: tony@ng79 (big blind) showed [8s Kc] and won ($50.54) with a full house, Eights full of Kings


PokerStars Hand #175308998650:  Hold'em Limit ($3/$6 USD) - 2017/09/06 21:33:46 ET
Table 'Brambilla' 6-max Seat #3 is the button
Seat 3: 7 Huligan 7 ($17.88 in chips)
Seat 4: tony@ng79 ($110.50 in chips)
7 Huligan 7: posts small blind $1
tony@ng79: posts big blind $3
*** HOLE CARDS ***
7 Huligan 7: folds
Uncalled bet ($2) returned to tony@ng79
tony@ng79 collected $2 from pot
tony@ng79: doesn't show hand
*** SUMMARY ***
Total pot $2 | Rake $0
Seat 3: 7 Huligan 7 (button) (small blind) folded before Flop
Seat 4: tony@ng79 (big blind) collected ($2)


PokerStars Hand #175308987140:  Hold'em Limit ($3/$6 USD) - 2017/09/06 21:33:17 ET
Table 'Brambilla' 6-max Seat #4 is the button
Seat 3: 7 Huligan 7 ($32.88 in chips)
Seat 4: tony@ng79 ($96 in chips)
tony@ng79: posts small blind $1
7 Huligan 7: posts big blind $3
*** HOLE CARDS ***
tony@ng79: raises $3 to $6
7 Huligan 7: calls $3
*** FLOP *** [Kd 8d 9c]
7 Huligan 7: checks
tony@ng79: bets $3
7 Huligan 7: calls $3
*** TURN *** [Kd 8d 9c] [5c]
7 Huligan 7: checks
tony@ng79: bets $6
7 Huligan 7: calls $6
*** RIVER *** [Kd 8d 9c 5c] [5d]
7 Huligan 7: checks
tony@ng79: bets $6
7 Huligan 7: folds
Uncalled bet ($6) returned to tony@ng79
tony@ng79 collected $29.50 from pot
tony@ng79: doesn't show hand
*** SUMMARY ***
Total pot $30 | Rake $0.50
Board [Kd 8d 9c 5c 5d]
Seat 3: 7 Huligan 7 (big blind) folded on the River
Seat 4: tony@ng79 (button) (small blind) collected ($29.50)


PokerStars Hand #175309000972:  Hold'em Limit ($3/$6 USD) - 2017/09/06 21:33:52 ET
Table 'Brambilla' 6-max Seat #4 is the button
Seat 3: 7 Huligan 7 ($16.88 in chips)
Seat 4: tony@ng79 ($111.50 in chips)
tony@ng79: posts small blind $1
7 Huligan 7: posts big blind $3
*** HOLE CARDS ***
tony@ng79: raises $3 to $6
7 Huligan 7: calls $3
*** FLOP *** [Kd 6d 5h]
7 Huligan 7: bets $3
tony@ng79: calls $3
*** TURN *** [Kd 6d 5h] [Ks]
7 Huligan 7: bets $6
tony@ng79: folds
Uncalled bet ($6) returned to 7 Huligan 7
7 Huligan 7 collected $17.64 from pot
7 Huligan 7: doesn't show hand
*** SUMMARY ***
Total pot $18 | Rake $0.36
Board [Kd 6d 5h Ks]
Seat 3: 7 Huligan 7 (big blind) collected ($17.64)
Seat 4: tony@ng79 (button) (small blind) folded on the Turn


PokerStars Hand #175309030102:  Hold'em Limit ($3/$6 USD) - 2017/09/06 21:35:06 ET
Table 'Brambilla' 6-max Seat #4 is the button
Seat 3: 7 Huligan 7 ($30 in chips)
Seat 4: tony@ng79 ($156.52 in chips)
tony@ng79: posts small blind $1
7 Huligan 7: posts big blind $3
*** HOLE CARDS ***
tony@ng79: raises $3 to $6
7 Huligan 7: raises $3 to $9
tony@ng79: calls $3
*** FLOP *** [4c Ac Js]
7 Huligan 7: bets $3
tony@ng79: calls $3
*** TURN *** [4c Ac Js] [Kh]
7 Huligan 7: bets $6
tony@ng79: calls $6
*** RIVER *** [4c Ac Js Kh] [9d]
7 Huligan 7: bets $6
tony@ng79: calls $6
*** SHOW DOWN ***
7 Huligan 7: shows [As 8c] (a pair of Aces)
tony@ng79: mucks hand
7 Huligan 7 collected $47.50 from pot
*** SUMMARY ***
Total pot $48 | Rake $0.50
Board [4c Ac Js Kh 9d]
Seat 3: 7 Huligan 7 (big blind) showed [As 8c] and won ($47.50) with a pair of Aces
Seat 4: tony@ng79 (button) (small blind) mucked


PokerStars Hand #175309022309:  Hold'em Limit ($3/$6 USD) - 2017/09/06 21:34:46 ET
Table 'Brambilla' 6-max Seat #3 is the button
Seat 3: 7 Huligan 7 ($15 in chips)
Seat 4: tony@ng79 ($142.02 in chips)
7 Huligan 7: posts small blind $1
tony@ng79: posts big blind $3
*** HOLE CARDS ***
7 Huligan 7: raises $3 to $6
tony@ng79: calls $3
*** FLOP *** [Ad 8h As]
tony@ng79: checks
7 Huligan 7: bets $3
tony@ng79: raises $3 to $6
7 Huligan 7: raises $3 to $9 and is all-in
tony@ng79: calls $3
*** TURN *** [Ad 8h As] [Td]
*** RIVER *** [Ad 8h As Td] [4h]
*** SHOW DOWN ***
tony@ng79: shows [Kd 4c] (two pair, Aces and Fours)
7 Huligan 7: shows [Kh 3h] (a pair of Aces)
tony@ng79 collected $29.50 from pot
*** SUMMARY ***
Total pot $30 | Rake $0.50
Board [Ad 8h As Td 4h]
Seat 3: 7 Huligan 7 (button) (small blind) showed [Kh 3h] and lost with a pair of Aces
Seat 4: tony@ng79 (big blind) showed [Kd 4c] and won ($29.50) with two pair, Aces and Fours


PokerStars Hand #175309015817:  Hold'em Limit ($3/$6 USD) - 2017/09/06 21:34:30 ET
Table 'Brambilla' 6-max Seat #4 is the button
Seat 3: 7 Huligan 7 ($30 in chips)
Seat 4: tony@ng79 ($127.52 in chips)
tony@ng79: posts small blind $1
7 Huligan 7: posts big blind $3
*** HOLE CARDS ***
tony@ng79: raises $3 to $6
7 Huligan 7: calls $3
*** FLOP *** [6s Jd 6h]
7 Huligan 7: checks
tony@ng79: bets $3
7 Huligan 7: calls $3
*** TURN *** [6s Jd 6h] [Kd]
7 Huligan 7: checks
tony@ng79: checks
*** RIVER *** [6s Jd 6h Kd] [Ts]
7 Huligan 7: bets $6
tony@ng79: calls $6
*** SHOW DOWN ***
7 Huligan 7: shows [4h 3s] (a pair of Sixes)
tony@ng79: shows [Ah 9s] (a pair of Sixes - Ace kicker)
tony@ng79 collected $29.50 from pot
*** SUMMARY ***
Total pot $30 | Rake $0.50
Board [6s Jd 6h Kd Ts]
Seat 3: 7 Huligan 7 (big blind) showed [4h 3s] and lost with a pair of Sixes
Seat 4: tony@ng79 (button) (small blind) showed [Ah 9s] and won ($29.50) with a pair of Sixes


PokerStars Hand #175309037329:  Hold'em Limit ($3/$6 USD) - 2017/09/06 21:35:24 ET
Table 'Brambilla' 6-max Seat #3 is the button
Seat 3: 7 Huligan 7 ($53.50 in chips)
Seat 4: tony@ng79 ($132.52 in chips)
7 Huligan 7: posts small blind $1
tony@ng79: posts big blind $3
*** HOLE CARDS ***
7 Huligan 7: raises $3 to $6
tony@ng79: raises $3 to $9
7 Huligan 7: raises $3 to $12
Betting is capped
tony@ng79: calls $3
*** FLOP *** [3c 2c 3s]
tony@ng79: bets $3
7 Huligan 7: raises $3 to $6
tony@ng79: raises $3 to $9
7 Huligan 7: raises $3 to $12
Betting is capped
tony@ng79: calls $3
*** TURN *** [3c 2c 3s] [Qd]
tony@ng79: bets $6
7 Huligan 7: raises $6 to $12
tony@ng79: raises $6 to $18
7 Huligan 7: raises $6 to $24
Betting is capped
tony@ng79: calls $6
*** RIVER *** [3c 2c 3s Qd] [Jd]
tony@ng79: bets $6
7 Huligan 7: calls $5.50 and is all-in
Uncalled bet ($0.50) returned to tony@ng79
*** SHOW DOWN ***
tony@ng79: shows [Ah Ad] (two pair, Aces and Threes)
7 Huligan 7: shows [Qh Qc] (a full house, Queens full of Threes)
7 Huligan 7 collected $106.50 from pot
*** SUMMARY ***
Total pot $107 | Rake $0.50
Board [3c 2c 3s Qd Jd]
Seat 3: 7 Huligan 7 (button) (small blind) showed [Qh Qc] and won ($106.50) with a full house, Queens full of Threes
Seat 4: tony@ng79 (big blind) showed [Ah Ad] and lost with two pair, Aces and Threes


PokerStars Hand #175309059741:  Hold'em Limit ($3/$6 USD) - 2017/09/06 21:36:21 ET
Table 'Brambilla' 6-max Seat #4 is the button
Seat 3: 7 Huligan 7 ($90.50 in chips)
Seat 4: tony@ng79 ($94.52 in chips)
tony@ng79: posts small blind $1
7 Huligan 7: posts big blind $3
*** HOLE CARDS ***
tony@ng79: raises $3 to $6
7 Huligan 7: calls $3
*** FLOP *** [2h Ad Td]
7 Huligan 7: checks
tony@ng79: bets $3
Plot0077 joins the table at seat #1
7 Huligan 7: calls $3
*** TURN *** [2h Ad Td] [Ac]
7 Huligan 7: checks
tony@ng79: checks
*** RIVER *** [2h Ad Td Ac] [4c]
7 Huligan 7: bets $6
tony@ng79: calls $6
*** SHOW DOWN ***
7 Huligan 7: shows [Ts 5s] (two pair, Aces and Tens)
tony@ng79: mucks hand
7 Huligan 7 collected $29.50 from pot
*** SUMMARY ***
Total pot $30 | Rake $0.50
Board [2h Ad Td Ac 4c]
Seat 3: 7 Huligan 7 (big blind) showed [Ts 5s] and won ($29.50) with two pair, Aces and Tens
Seat 4: tony@ng79 (button) (small blind) mucked


PokerStars Hand #175309049878:  Hold'em Limit ($3/$6 USD) - 2017/09/06 21:35:56 ET
Table 'Brambilla' 6-max Seat #4 is the button
Seat 3: 7 Huligan 7 ($106.50 in chips)
Seat 4: tony@ng79 ($79.02 in chips)
tony@ng79: posts small blind $1
7 Huligan 7: posts big blind $3
*** HOLE CARDS ***
tony@ng79: raises $3 to $6
7 Huligan 7: calls $3
*** FLOP *** [Kd 4h 9c]
7 Huligan 7: checks
tony@ng79: bets $3
7 Huligan 7: calls $3
*** TURN *** [Kd 4h 9c] [5h]
7 Huligan 7: checks
tony@ng79: bets $6
7 Huligan 7: calls $6
*** RIVER *** [Kd 4h 9c 5h] [Ad]
7 Huligan 7: checks
tony@ng79: checks
*** SHOW DOWN ***
7 Huligan 7: shows [6s 7s] (high card Ace)
tony@ng79: shows [5s Td] (a pair of Fives)
tony@ng79 collected $29.50 from pot
*** SUMMARY ***
Total pot $30 | Rake $0.50
Board [Kd 4h 9c 5h Ad]
Seat 3: 7 Huligan 7 (big blind) showed [6s 7s] and lost with high card Ace
Seat 4: tony@ng79 (button) (small blind) showed [5s Td] and won ($29.50) with a pair of Fives


PokerStars Hand #175309057332:  Hold'em Limit ($3/$6 USD) - 2017/09/06 21:36:15 ET
Table 'Brambilla' 6-max Seat #3 is the button
Seat 3: 7 Huligan 7 ($91.50 in chips)
Seat 4: tony@ng79 ($93.52 in chips)
7 Huligan 7: posts small blind $1
tony@ng79: posts big blind $3
*** HOLE CARDS ***
7 Huligan 7: folds
Uncalled bet ($2) returned to tony@ng79
tony@ng79 collected $2 from pot
tony@ng79: doesn't show hand
*** SUMMARY ***
Total pot $2 | Rake $0
Seat 3: 7 Huligan 7 (button) (small blind) folded before Flop
Seat 4: tony@ng79 (big blind) collected ($2)


PokerStars Hand #175309066723:  Hold'em Limit ($3/$6 USD) - 2017/09/06 21:36:39 ET
Table 'Brambilla' 6-max Seat #3 is the button
Seat 3: 7 Huligan 7 ($105 in chips)
Seat 4: tony@ng79 ($79.52 in chips)
7 Huligan 7: posts small blind $1
tony@ng79: posts big blind $3
*** HOLE CARDS ***
7 Huligan 7: calls $2
tony@ng79: checks
*** FLOP *** [Th 4h 9s]
tony@ng79: bets $3
7 Huligan 7: folds
Uncalled bet ($3) returned to tony@ng79
tony@ng79 collected $5.88 from pot
tony@ng79: doesn't show hand
*** SUMMARY ***
Total pot $6 | Rake $0.12
Board [Th 4h 9s]
Seat 3: 7 Huligan 7 (button) (small blind) folded on the Flop
Seat 4: tony@ng79 (big blind) collected ($5.88)


PokerStars Hand #175309290127:  Hold'em Limit ($3/$6 USD) - 2017/09/06 21:46:18 ET
Table 'Brambilla' 6-max Seat #4 is the button
Seat 3: 7 Huligan 7 ($147.09 in chips)
Seat 4: tony@ng79 ($108.11 in chips)
tony@ng79: posts small blind $1
B_loJkl: is sitting out
7 Huligan 7: posts big blind $3
*** HOLE CARDS ***
tony@ng79: raises $3 to $6
7 Huligan 7: raises $3 to $9
B_loJkl leaves the table
tony@ng79: calls $3
*** FLOP *** [5c 3d Ad]
7 Huligan 7: bets $3
B_loJkl joins the table at seat #5
tony@ng79: folds
Uncalled bet ($3) returned to 7 Huligan 7
7 Huligan 7 collected $17.64 from pot
*** SUMMARY ***
Total pot $18 | Rake $0.36
Board [5c 3d Ad]
Seat 3: 7 Huligan 7 (big blind) collected ($17.64)
Seat 4: tony@ng79 (button) (small blind) folded on the Flop


PokerStars Hand #175309294453:  Hold'em Limit ($3/$6 USD) - 2017/09/06 21:46:29 ET
Table 'Brambilla' 6-max Seat #3 is the button
Seat 3: 7 Huligan 7 ($155.73 in chips)
Seat 4: tony@ng79 ($99.11 in chips)
7 Huligan 7: posts small blind $1
tony@ng79: posts big blind $3
*** HOLE CARDS ***
7 Huligan 7: folds
Uncalled bet ($2) returned to tony@ng79
tony@ng79 collected $2 from pot
tony@ng79: doesn't show hand
*** SUMMARY ***
Total pot $2 | Rake $0
Seat 3: 7 Huligan 7 (button) (small blind) folded before Flop
Seat 4: tony@ng79 (big blind) collected ($2)


PokerStars Hand #175309395635:  Hold'em Limit ($3/$6 USD) - 2017/09/06 21:50:52 ET
Table 'Brambilla' 6-max Seat #5 is the button
Seat 4: tony@ng79 ($55.75 in chips)
Seat 5: B_loJkl ($133.74 in chips)
B_loJkl: posts small blind $1
7 Huligan 7: is sitting out
tony@ng79: posts big blind $3
*** HOLE CARDS ***
7 Huligan 7 leaves the table
B_loJkl: raises $3 to $6
tony@ng79: raises $3 to $9
B_loJkl: calls $3
*** FLOP *** [5h 6d Jh]
tony@ng79: bets $3
Delfi2508 joins the table at seat #6
B_loJkl: calls $3
*** TURN *** [5h 6d Jh] [5d]
tony@ng79: checks
B_loJkl: bets $6
tony@ng79: calls $6
*** RIVER *** [5h 6d Jh 5d] [3s]
tony@ng79: checks
BLITZKRIIEG5 joins the table at seat #3
B_loJkl: bets $6
tony@ng79: calls $6
*** SHOW DOWN ***
B_loJkl: shows [5c 7c] (three of a kind, Fives)
tony@ng79: mucks hand
B_loJkl collected $47.50 from pot
*** SUMMARY ***
Total pot $48 | Rake $0.50
Board [5h 6d Jh 5d 3s]
Seat 4: tony@ng79 (big blind) mucked
Seat 5: B_loJkl (button) (small blind) showed [5c 7c] and won ($47.50) with three of a kind, Fives


PokerStars Hand #175313356905:  Hold'em Limit ($3/$6 USD) - 2017/09/07 1:40:12 ET
Table 'Brambilla' 6-max Seat #2 is the button
Seat 1: bphee ($68.17 in chips)
Seat 2: krytalex ($173.98 in chips)
krytalex: posts small blind $1
bphee: posts big blind $3
*** HOLE CARDS ***
krytalex: raises $3 to $6
Timas57 leaves the table
bphee: folds
Uncalled bet ($3) returned to krytalex
krytalex collected $6 from pot
*** SUMMARY ***
Total pot $6 | Rake $0
Seat 1: bphee (big blind) folded before Flop
Seat 2: krytalex (button) (small blind) collected ($6)


