PokerStars Hand #175303764800:  Hold'em Limit ($3/$6 USD) - 2017/09/06 18:37:45 ET
Table 'Brambilla' 6-max Seat #1 is the button
Seat 1: sismos404 ($82.11 in chips)
Seat 4: Actionni13 ($150 in chips)
sismos404: posts small blind $1
Actionni13: posts big blind $3
*** HOLE CARDS ***
sismos404: raises $3 to $6
Actionni13: calls $3
*** FLOP *** [Qc 6s 2d]
Actionni13: checks
sismos404: bets $3
Actionni13: calls $3
*** TURN *** [Qc 6s 2d] [6d]
Actionni13: checks
sismos404: bets $6
Actionni13: raises $6 to $12
sismos404: folds
Uncalled bet ($6) returned to Actionni13
Actionni13 collected $29.50 from pot
Actionni13: doesn't show hand
*** SUMMARY ***
Total pot $30 | Rake $0.50
Board [Qc 6s 2d 6d]
Seat 1: sismos404 (button) (small blind) folded on the Turn
Seat 4: Actionni13 (big blind) collected ($29.50)


PokerStars Hand #175303786690:  Hold'em Limit ($3/$6 USD) - 2017/09/06 18:38:18 ET
Table 'Brambilla' 6-max Seat #4 is the button
Seat 1: sismos404 ($67.11 in chips)
Seat 4: Actionni13 ($164.50 in chips)
Actionni13: posts small blind $1
sismos404: posts big blind $3
*** HOLE CARDS ***
Actionni13: raises $3 to $6
sismos404: calls $3
*** FLOP *** [8c Ks 7c]
sismos404: checks
Actionni13: bets $3
sismos404: raises $3 to $6
B_loJkl joins the table at seat #2
Actionni13: raises $3 to $9
sismos404: calls $3
*** TURN *** [8c Ks 7c] [Ac]
sismos404: checks
Actionni13: bets $6
sismos404: calls $6
*** RIVER *** [8c Ks 7c Ac] [7h]
sismos404: checks
Actionni13: checks
*** SHOW DOWN ***
sismos404: shows [Kd 9d] (two pair, Kings and Sevens)
Actionni13: mucks hand
sismos404 collected $41.50 from pot
*** SUMMARY ***
Total pot $42 | Rake $0.50
Board [8c Ks 7c Ac 7h]
Seat 1: sismos404 (big blind) showed [Kd 9d] and won ($41.50) with two pair, Kings and Sevens
Seat 4: Actionni13 (button) (small blind) mucked


PokerStars Hand #175303858838:  Hold'em Limit ($3/$6 USD) - 2017/09/06 18:40:10 ET
Table 'Brambilla' 6-max Seat #2 is the button
Seat 2: B_loJkl ($163.37 in chips)
Seat 3: sismos404 ($77.61 in chips)
B_loJkl: posts small blind $1
sismos404: posts big blind $3
*** HOLE CARDS ***
B_loJkl: raises $3 to $6
sismos404: calls $3
*** FLOP *** [Qc Kc 3h]
sismos404: checks
B_loJkl: bets $3
sismos404: folds
Uncalled bet ($3) returned to B_loJkl
B_loJkl collected $11.76 from pot
B_loJkl: doesn't show hand
*** SUMMARY ***
Total pot $12 | Rake $0.24
Board [Qc Kc 3h]
Seat 2: B_loJkl (button) (small blind) collected ($11.76)
Seat 3: sismos404 (big blind) folded on the Flop


PokerStars Hand #175303853374:  Hold'em Limit ($3/$6 USD) - 2017/09/06 18:40:01 ET
Table 'Brambilla' 6-max Seat #4 is the button
Seat 2: B_loJkl ($162.37 in chips)
Seat 4: Actionni13 ($150 in chips)
Actionni13: posts small blind $1
B_loJkl: posts big blind $3
*** HOLE CARDS ***
Actionni13: folds
Uncalled bet ($2) returned to B_loJkl
Actionni13 leaves the table
sismos404 joins the table at seat #3
B_loJkl collected $2 from pot
B_loJkl: doesn't show hand
*** SUMMARY ***
Total pot $2 | Rake $0
Seat 2: B_loJkl (big blind) collected ($2)
Seat 4: Actionni13 (button) (small blind) folded before Flop


PokerStars Hand #175305734113:  Hold'em Limit ($3/$6 USD) - 2017/09/06 19:34:11 ET
Table 'Brambilla' 6-max Seat #3 is the button
Seat 3: RainBoVan ($85.33 in chips)
Seat 4: Actionni13 ($174.50 in chips)
RainBoVan: posts small blind $1
Actionni13: posts big blind $3
*** HOLE CARDS ***
RainBoVan: raises $3 to $6
Actionni13: raises $3 to $9
RainBoVan: calls $3
*** FLOP *** [3d 4s 3h]
Actionni13: bets $3
RainBoVan: calls $3
*** TURN *** [3d 4s 3h] [Jh]
Actionni13: bets $6
RainBoVan: folds
Uncalled bet ($6) returned to Actionni13
Actionni13 collected $23.52 from pot
Actionni13: doesn't show hand
*** SUMMARY ***
Total pot $24 | Rake $0.48
Board [3d 4s 3h Jh]
Seat 3: RainBoVan (button) (small blind) folded on the Turn
Seat 4: Actionni13 (big blind) collected ($23.52)


PokerStars Hand #175305718082:  Hold'em Limit ($3/$6 USD) - 2017/09/06 19:33:42 ET
Table 'Brambilla' 6-max Seat #4 is the button
Seat 3: RainBoVan ($109.33 in chips)
Seat 4: Actionni13 ($151 in chips)
Actionni13: posts small blind $1
RainBoVan: posts big blind $3
*** HOLE CARDS ***
Actionni13: raises $3 to $6
RainBoVan: raises $3 to $9
Actionni13: calls $3
*** FLOP *** [Qh 3c 7s]
RainBoVan: bets $3
Actionni13: calls $3
*** TURN *** [Qh 3c 7s] [2c]
RainBoVan: bets $6
Actionni13: calls $6
*** RIVER *** [Qh 3c 7s 2c] [As]
RainBoVan: bets $6
Actionni13: calls $6
*** SHOW DOWN ***
RainBoVan: shows [Th 6h] (high card Ace)
Actionni13: shows [5s 5h] (a pair of Fives)
Actionni13 collected $47.50 from pot
*** SUMMARY ***
Total pot $48 | Rake $0.50
Board [Qh 3c 7s 2c As]
Seat 3: RainBoVan (big blind) showed [Th 6h] and lost with high card Ace
Seat 4: Actionni13 (button) (small blind) showed [5s 5h] and won ($47.50) with a pair of Fives


PokerStars Hand #175305743090:  Hold'em Limit ($3/$6 USD) - 2017/09/06 19:34:28 ET
Table 'Brambilla' 6-max Seat #4 is the button
Seat 3: RainBoVan ($73.33 in chips)
Seat 4: Actionni13 ($186.02 in chips)
Actionni13: posts small blind $1
RainBoVan: posts big blind $3
*** HOLE CARDS ***
Actionni13: raises $3 to $6
RainBoVan: calls $3
*** FLOP *** [4c Jd Qs]
RainBoVan: bets $3
Actionni13: calls $3
*** TURN *** [4c Jd Qs] [9h]
RainBoVan: bets $6
Actionni13: raises $6 to $12
RainBoVan: folds
Uncalled bet ($6) returned to Actionni13
Actionni13 collected $29.50 from pot
Actionni13: doesn't show hand
*** SUMMARY ***
Total pot $30 | Rake $0.50
Board [4c Jd Qs 9h]
Seat 3: RainBoVan (big blind) folded on the Turn
Seat 4: Actionni13 (button) (small blind) collected ($29.50)


PokerStars Hand #175305768071:  Hold'em Limit ($3/$6 USD) - 2017/09/06 19:35:15 ET
Table 'Brambilla' 6-max Seat #4 is the button
Seat 3: RainBoVan ($40.33 in chips)
Seat 4: Actionni13 ($218.02 in chips)
Actionni13: posts small blind $1
RainBoVan: posts big blind $3
*** HOLE CARDS ***
Actionni13: raises $3 to $6
RainBoVan: calls $3
*** FLOP *** [7d As 5h]
RainBoVan: checks
Actionni13: bets $3
RainBoVan: calls $3
*** TURN *** [7d As 5h] [Th]
RainBoVan: checks
Actionni13: checks
*** RIVER *** [7d As 5h Th] [2d]
RainBoVan: bets $6
Actionni13: calls $6
*** SHOW DOWN ***
RainBoVan: shows [5d 3d] (a pair of Fives)
Actionni13: shows [7c 3c] (a pair of Sevens)
Actionni13 collected $29.50 from pot
*** SUMMARY ***
Total pot $30 | Rake $0.50
Board [7d As 5h Th 2d]
Seat 3: RainBoVan (big blind) showed [5d 3d] and lost with a pair of Fives
Seat 4: Actionni13 (button) (small blind) showed [7c 3c] and won ($29.50) with a pair of Sevens


PokerStars Hand #175305757189:  Hold'em Limit ($3/$6 USD) - 2017/09/06 19:34:54 ET
Table 'Brambilla' 6-max Seat #3 is the button
Seat 3: RainBoVan ($58.33 in chips)
Seat 4: Actionni13 ($200.52 in chips)
RainBoVan: posts small blind $1
Actionni13: posts big blind $3
*** HOLE CARDS ***
RainBoVan: raises $3 to $6
Actionni13: calls $3
*** FLOP *** [9h 6c 3s]
Actionni13: checks
RainBoVan: checks
*** TURN *** [9h 6c 3s] [Qs]
Actionni13: bets $6
RainBoVan: calls $6
*** RIVER *** [9h 6c 3s Qs] [6d]
Actionni13: bets $6
RainBoVan: calls $6
*** SHOW DOWN ***
Actionni13: shows [Ts Qd] (two pair, Queens and Sixes)
RainBoVan: mucks hand
Actionni13 collected $35.50 from pot
*** SUMMARY ***
Total pot $36 | Rake $0.50
Board [9h 6c 3s Qs 6d]
Seat 3: RainBoVan (button) (small blind) mucked
Seat 4: Actionni13 (big blind) showed [Ts Qd] and won ($35.50) with two pair, Queens and Sixes


PokerStars Hand #175305788902:  Hold'em Limit ($3/$6 USD) - 2017/09/06 19:35:53 ET
Table 'Brambilla' 6-max Seat #4 is the button
Seat 3: RainBoVan ($31.09 in chips)
Seat 4: Actionni13 ($226.52 in chips)
Actionni13: posts small blind $1
RainBoVan: posts big blind $3
*** HOLE CARDS ***
Actionni13: raises $3 to $6
RainBoVan: calls $3
*** FLOP *** [6h 7s 4d]
RainBoVan: checks
Actionni13: checks
*** TURN *** [6h 7s 4d] [3s]
RainBoVan: bets $6
Actionni13: folds
Uncalled bet ($6) returned to RainBoVan
RainBoVan collected $11.76 from pot
RainBoVan: doesn't show hand
*** SUMMARY ***
Total pot $12 | Rake $0.24
Board [6h 7s 4d 3s]
Seat 3: RainBoVan (big blind) collected ($11.76)
Seat 4: Actionni13 (button) (small blind) folded on the Turn


PokerStars Hand #175305779485:  Hold'em Limit ($3/$6 USD) - 2017/09/06 19:35:36 ET
Table 'Brambilla' 6-max Seat #3 is the button
Seat 3: RainBoVan ($25.33 in chips)
Seat 4: Actionni13 ($232.52 in chips)
RainBoVan: posts small blind $1
Actionni13: posts big blind $3
*** HOLE CARDS ***
RainBoVan: raises $3 to $6
Actionni13: calls $3
*** FLOP *** [4c Th 8s]
Actionni13: checks
RainBoVan: bets $3
Actionni13: folds
Uncalled bet ($3) returned to RainBoVan
RainBoVan collected $11.76 from pot
RainBoVan: doesn't show hand
*** SUMMARY ***
Total pot $12 | Rake $0.24
Board [4c Th 8s]
Seat 3: RainBoVan (button) (small blind) collected ($11.76)
Seat 4: Actionni13 (big blind) folded on the Flop


PokerStars Hand #175305815704:  Hold'em Limit ($3/$6 USD) - 2017/09/06 19:36:43 ET
Table 'Brambilla' 6-max Seat #4 is the button
Seat 3: RainBoVan ($42.61 in chips)
Seat 4: Actionni13 ($214.52 in chips)
Actionni13: posts small blind $1
RainBoVan: posts big blind $3
*** HOLE CARDS ***
Actionni13: raises $3 to $6
RainBoVan: calls $3
*** FLOP *** [8s Jh Th]
RainBoVan: checks
Actionni13: bets $3
RainBoVan: folds
Uncalled bet ($3) returned to Actionni13
Actionni13 collected $11.76 from pot
Actionni13: doesn't show hand
*** SUMMARY ***
Total pot $12 | Rake $0.24
Board [8s Jh Th]
Seat 3: RainBoVan (big blind) folded on the Flop
Seat 4: Actionni13 (button) (small blind) collected ($11.76)


PokerStars Hand #175305829028:  Hold'em Limit ($3/$6 USD) - 2017/09/06 19:37:08 ET
Table 'Brambilla' 6-max Seat #3 is the button
Seat 3: RainBoVan ($36.61 in chips)
Seat 4: Actionni13 ($220.28 in chips)
RainBoVan: posts small blind $1
Actionni13: posts big blind $3
*** HOLE CARDS ***
RainBoVan: raises $3 to $6
Actionni13: folds
Uncalled bet ($3) returned to RainBoVan
RainBoVan collected $6 from pot
RainBoVan: doesn't show hand
*** SUMMARY ***
Total pot $6 | Rake $0
Seat 3: RainBoVan (button) (small blind) collected ($6)
Seat 4: Actionni13 (big blind) folded before Flop


PokerStars Hand #175305796110:  Hold'em Limit ($3/$6 USD) - 2017/09/06 19:36:07 ET
Table 'Brambilla' 6-max Seat #3 is the button
Seat 3: RainBoVan ($36.85 in chips)
Seat 4: Actionni13 ($220.52 in chips)
RainBoVan: posts small blind $1
Actionni13: posts big blind $3
*** HOLE CARDS ***
RainBoVan: raises $3 to $6
Actionni13: calls $3
*** FLOP *** [Th 8d Qc]
Actionni13: checks
RainBoVan: bets $3
Actionni13: folds
Uncalled bet ($3) returned to RainBoVan
RainBoVan collected $11.76 from pot
RainBoVan: doesn't show hand
*** SUMMARY ***
Total pot $12 | Rake $0.24
Board [Th 8d Qc]
Seat 3: RainBoVan (button) (small blind) collected ($11.76)
Seat 4: Actionni13 (big blind) folded on the Flop


PokerStars Hand #175305841568:  Hold'em Limit ($3/$6 USD) - 2017/09/06 19:37:31 ET
Table 'Brambilla' 6-max Seat #3 is the button
Seat 3: RainBoVan ($33.61 in chips)
Seat 4: Actionni13 ($223.04 in chips)
RainBoVan: posts small blind $1
Actionni13: posts big blind $3
*** HOLE CARDS ***
RainBoVan: folds
Uncalled bet ($2) returned to Actionni13
Actionni13 collected $2 from pot
Actionni13: doesn't show hand
*** SUMMARY ***
Total pot $2 | Rake $0
Seat 3: RainBoVan (button) (small blind) folded before Flop
Seat 4: Actionni13 (big blind) collected ($2)


PokerStars Hand #175305832931:  Hold'em Limit ($3/$6 USD) - 2017/09/06 19:37:15 ET
Table 'Brambilla' 6-max Seat #4 is the button
Seat 3: RainBoVan ($39.61 in chips)
Seat 4: Actionni13 ($217.28 in chips)
Actionni13: posts small blind $1
RainBoVan: posts big blind $3
*** HOLE CARDS ***
Actionni13: raises $3 to $6
RainBoVan: calls $3
*** FLOP *** [Th Qc Kh]
RainBoVan: checks
Actionni13: bets $3
RainBoVan: folds
Uncalled bet ($3) returned to Actionni13
Actionni13 collected $11.76 from pot
Actionni13: doesn't show hand
*** SUMMARY ***
Total pot $12 | Rake $0.24
Board [Th Qc Kh]
Seat 3: RainBoVan (big blind) folded on the Flop
Seat 4: Actionni13 (button) (small blind) collected ($11.76)


PokerStars Hand #175305844147:  Hold'em Limit ($3/$6 USD) - 2017/09/06 19:37:36 ET
Table 'Brambilla' 6-max Seat #4 is the button
Seat 3: RainBoVan ($32.61 in chips)
Seat 4: Actionni13 ($224.04 in chips)
Actionni13: posts small blind $1
RainBoVan: posts big blind $3
*** HOLE CARDS ***
Actionni13: folds
Uncalled bet ($2) returned to RainBoVan
RainBoVan collected $2 from pot
RainBoVan: doesn't show hand
*** SUMMARY ***
Total pot $2 | Rake $0
Seat 3: RainBoVan (big blind) collected ($2)
Seat 4: Actionni13 (button) (small blind) folded before Flop


PokerStars Hand #175305846965:  Hold'em Limit ($3/$6 USD) - 2017/09/06 19:37:41 ET
Table 'Brambilla' 6-max Seat #3 is the button
Seat 3: RainBoVan ($33.61 in chips)
Seat 4: Actionni13 ($223.04 in chips)
RainBoVan: posts small blind $1
Actionni13: posts big blind $3
*** HOLE CARDS ***
RainBoVan: raises $3 to $6
Actionni13: raises $3 to $9
RainBoVan: calls $3
*** FLOP *** [4d 4c 9s]
Actionni13: bets $3
RainBoVan: calls $3
*** TURN *** [4d 4c 9s] [7c]
Actionni13: bets $6
RainBoVan: calls $6
*** RIVER *** [4d 4c 9s 7c] [7d]
Actionni13: bets $6
RainBoVan: raises $6 to $12
Actionni13: folds
Uncalled bet ($6) returned to RainBoVan
RainBoVan collected $47.50 from pot
RainBoVan: doesn't show hand
*** SUMMARY ***
Total pot $48 | Rake $0.50
Board [4d 4c 9s 7c 7d]
Seat 3: RainBoVan (button) (small blind) collected ($47.50)
Seat 4: Actionni13 (big blind) folded on the River


PokerStars Hand #175305897156:  Hold'em Limit ($3/$6 USD) - 2017/09/06 19:39:06 ET
Table 'Brambilla' 6-max Seat #4 is the button
Seat 3: RainBoVan ($57.11 in chips)
Seat 4: Actionni13 ($199.04 in chips)
Actionni13: posts small blind $1
RainBoVan: posts big blind $3
*** HOLE CARDS ***
Actionni13: raises $3 to $6
RainBoVan: calls $3
*** FLOP *** [Js 3d 6d]
RainBoVan: checks
Actionni13: bets $3
RainBoVan: folds
Uncalled bet ($3) returned to Actionni13
Actionni13 collected $11.76 from pot
Actionni13: doesn't show hand
*** SUMMARY ***
Total pot $12 | Rake $0.24
Board [Js 3d 6d]
Seat 3: RainBoVan (big blind) folded on the Flop
Seat 4: Actionni13 (button) (small blind) collected ($11.76)


PokerStars Hand #175305915975:  Hold'em Limit ($3/$6 USD) - 2017/09/06 19:39:42 ET
Table 'Brambilla' 6-max Seat #4 is the button
Seat 3: RainBoVan ($21.11 in chips)
Seat 4: Actionni13 ($234.30 in chips)
Actionni13: posts small blind $1
RainBoVan: posts big blind $3
*** HOLE CARDS ***
Actionni13: raises $3 to $6
RainBoVan: calls $3
*** FLOP *** [4h 3h 4s]
7 Huligan 7 joins the table at seat #2
RainBoVan: bets $3
Actionni13: calls $3
*** TURN *** [4h 3h 4s] [9s]
RainBoVan: bets $6
Actionni13: calls $6
*** RIVER *** [4h 3h 4s 9s] [6s]
RainBoVan: bets $6
Actionni13: folds
Uncalled bet ($6) returned to RainBoVan
RainBoVan collected $29.50 from pot
RainBoVan: doesn't show hand
*** SUMMARY ***
Total pot $30 | Rake $0.50
Board [4h 3h 4s 9s 6s]
Seat 3: RainBoVan (big blind) collected ($29.50)
Seat 4: Actionni13 (button) (small blind) folded on the River


PokerStars Hand #175305935036:  Hold'em Limit ($3/$6 USD) - 2017/09/06 19:40:18 ET
Table 'Brambilla' 6-max Seat #3 is the button
Seat 3: RainBoVan ($35.61 in chips)
Seat 4: Actionni13 ($219.30 in chips)
RainBoVan: posts small blind $1
Actionni13: posts big blind $3
*** HOLE CARDS ***
RainBoVan: folds
Uncalled bet ($2) returned to Actionni13
Actionni13 collected $2 from pot
Actionni13: doesn't show hand
*** SUMMARY ***
Total pot $2 | Rake $0
Seat 3: RainBoVan (button) (small blind) folded before Flop
Seat 4: Actionni13 (big blind) collected ($2)


PokerStars Hand #175305904322:  Hold'em Limit ($3/$6 USD) - 2017/09/06 19:39:20 ET
Table 'Brambilla' 6-max Seat #3 is the button
Seat 3: RainBoVan ($51.11 in chips)
Seat 4: Actionni13 ($204.80 in chips)
RainBoVan: posts small blind $1
Actionni13: posts big blind $3
*** HOLE CARDS ***
RainBoVan: raises $3 to $6
Actionni13: raises $3 to $9
RainBoVan: calls $3
*** FLOP *** [6d 2d 6h]
Actionni13: bets $3
RainBoVan: calls $3
*** TURN *** [6d 2d 6h] [3d]
Actionni13: bets $6
RainBoVan: raises $6 to $12
Actionni13: calls $6
*** RIVER *** [6d 2d 6h 3d] [Ks]
Actionni13: checks
RainBoVan: bets $6
Actionni13: calls $6
*** SHOW DOWN ***
RainBoVan: shows [Qd 5c] (a pair of Sixes)
Actionni13: shows [8s Ad] (a pair of Sixes - Ace kicker)
Actionni13 collected $59.50 from pot
*** SUMMARY ***
Total pot $60 | Rake $0.50
Board [6d 2d 6h 3d Ks]
Seat 3: RainBoVan (button) (small blind) showed [Qd 5c] and lost with a pair of Sixes
Seat 4: Actionni13 (big blind) showed [8s Ad] and won ($59.50) with a pair of Sixes


PokerStars Hand #175306243495:  Hold'em Limit ($3/$6 USD) - 2017/09/06 19:50:09 ET
Table 'Brambilla' 6-max Seat #3 is the button
Seat 3: RainBoVan ($3.87 in chips)
Seat 4: Actionni13 ($223.85 in chips)
RainBoVan: posts small blind $1
Actionni13: posts big blind $3
*** HOLE CARDS ***
RainBoVan: raises $0.87 to $3.87 and is all-in
Actionni13: calls $0.87
*** FLOP *** [Td 4d 8d]
*** TURN *** [Td 4d 8d] [7c]
*** RIVER *** [Td 4d 8d 7c] [5h]
*** SHOW DOWN ***
Actionni13: shows [6h 8s] (a straight, Four to Eight)
RainBoVan: shows [Ts As] (a pair of Tens)
Actionni13 collected $7.59 from pot
*** SUMMARY ***
Total pot $7.74 | Rake $0.15
Board [Td 4d 8d 7c 5h]
Seat 3: RainBoVan (button) (small blind) showed [Ts As] and lost with a pair of Tens
Seat 4: Actionni13 (big blind) showed [6h 8s] and won ($7.59) with a straight, Four to Eight


PokerStars Hand #175306234631:  Hold'em Limit ($3/$6 USD) - 2017/09/06 19:49:52 ET
Table 'Brambilla' 6-max Seat #4 is the button
Seat 3: RainBoVan ($9.87 in chips)
Seat 4: Actionni13 ($218.09 in chips)
Actionni13: posts small blind $1
ToDaFelt: is sitting out
RainBoVan: posts big blind $3
*** HOLE CARDS ***
Actionni13: raises $3 to $6
ToDaFelt leaves the table
RainBoVan: calls $3
*** FLOP *** [2c As Ac]
RainBoVan: checks
Actionni13: bets $3
RainBoVan: folds
Uncalled bet ($3) returned to Actionni13
Actionni13 collected $11.76 from pot
Actionni13: doesn't show hand
*** SUMMARY ***
Total pot $12 | Rake $0.24
Board [2c As Ac]
Seat 3: RainBoVan (big blind) folded on the Flop
Seat 4: Actionni13 (button) (small blind) collected ($11.76)


