PokerStars Hand #144535110564:  Hold'em Limit ($3/$6 USD) - 2015/11/28 19:26:43 ET
Table 'Brambilla' 2-max Seat #2 is the button
Seat 1: RaisemyNut$ ($175.93 in chips)
Seat 2: ChicagoBull4 ($43.64 in chips)
ChicagoBull4: posts small blind $1
RaisemyNut$: posts big blind $3
*** HOLE CARDS ***
ChicagoBull4: raises $3 to $6
RaisemyNut$: calls $3
*** FLOP *** [3s Kh Qc]
RaisemyNut$: checks
ChicagoBull4: bets $3
RaisemyNut$: raises $3 to $6
ChicagoBull4: calls $3
*** TURN *** [3s Kh Qc] [2d]
RaisemyNut$: bets $6
ChicagoBull4: raises $6 to $12
RaisemyNut$: folds
Uncalled bet ($6) returned to ChicagoBull4
ChicagoBull4 collected $35.50 from pot
ChicagoBull4: doesn't show hand
*** SUMMARY ***
Total pot $36 | Rake $0.50
Board [3s Kh Qc 2d]
Seat 1: RaisemyNut$ (big blind) folded on the Turn
Seat 2: ChicagoBull4 (button) (small blind) collected ($35.50)


PokerStars Hand #144535098040:  Hold'em Limit ($3/$6 USD) - 2015/11/28 19:26:23 ET
Table 'Brambilla' 2-max Seat #1 is the button
Seat 1: RaisemyNut$ ($161.43 in chips)
Seat 2: ChicagoBull4 ($58.64 in chips)
RaisemyNut$: posts small blind $1
ChicagoBull4: posts big blind $3
*** HOLE CARDS ***
RaisemyNut$: raises $3 to $6
ChicagoBull4: calls $3
*** FLOP *** [7s Tc 6s]
ChicagoBull4: checks
RaisemyNut$: bets $3
ChicagoBull4: calls $3
*** TURN *** [7s Tc 6s] [9d]
ChicagoBull4: bets $6
RaisemyNut$: calls $6
*** RIVER *** [7s Tc 6s 9d] [9s]
ChicagoBull4: checks
RaisemyNut$: checks
*** SHOW DOWN ***
ChicagoBull4: shows [Jd Ah] (a pair of Nines)
RaisemyNut$: shows [As Qh] (a pair of Nines - Ace+Queen kicker)
RaisemyNut$ collected $29.50 from pot
*** SUMMARY ***
Total pot $30 | Rake $0.50
Board [7s Tc 6s 9d 9s]
Seat 1: RaisemyNut$ (button) (small blind) showed [As Qh] and won ($29.50) with a pair of Nines
Seat 2: ChicagoBull4 (big blind) showed [Jd Ah] and lost with a pair of Nines


PokerStars Hand #144535084612:  Hold'em Limit ($3/$6 USD) - 2015/11/28 19:26:02 ET
Table 'Brambilla' 2-max Seat #2 is the button
Seat 1: RaisemyNut$ ($146.93 in chips)
Seat 2: ChicagoBull4 ($73.64 in chips)
ChicagoBull4: posts small blind $1
RaisemyNut$: posts big blind $3
*** HOLE CARDS ***
ChicagoBull4: raises $3 to $6
RaisemyNut$: calls $3
*** FLOP *** [Ah 4h 5d]
RaisemyNut$: checks
ChicagoBull4: bets $3
RaisemyNut$: calls $3
*** TURN *** [Ah 4h 5d] [Qc]
RaisemyNut$: checks
ChicagoBull4: checks
*** RIVER *** [Ah 4h 5d Qc] [8d]
RaisemyNut$: bets $6
ChicagoBull4: calls $6
*** SHOW DOWN ***
RaisemyNut$: shows [8s 5s] (two pair, Eights and Fives)
ChicagoBull4: mucks hand
RaisemyNut$ collected $29.50 from pot
*** SUMMARY ***
Total pot $30 | Rake $0.50
Board [Ah 4h 5d Qc 8d]
Seat 1: RaisemyNut$ (big blind) showed [8s 5s] and won ($29.50) with two pair, Eights and Fives
Seat 2: ChicagoBull4 (button) (small blind) mucked


PokerStars Hand #144535157104:  Hold'em Limit ($3/$6 USD) - 2015/11/28 19:27:56 ET
Table 'Brambilla' 2-max Seat #2 is the button
Seat 1: RaisemyNut$ ($197.93 in chips)
Seat 2: ChicagoBull4 ($20.14 in chips)
ChicagoBull4: posts small blind $1
RaisemyNut$: posts big blind $3
*** HOLE CARDS ***
ChicagoBull4: folds
Uncalled bet ($2) returned to RaisemyNut$
RaisemyNut$ collected $2 from pot
RaisemyNut$: doesn't show hand
*** SUMMARY ***
Total pot $2 | Rake $0
Seat 1: RaisemyNut$ (big blind) collected ($2)
Seat 2: ChicagoBull4 (button) (small blind) folded before Flop


PokerStars Hand #144535154450:  Hold'em Limit ($3/$6 USD) - 2015/11/28 19:27:52 ET
Table 'Brambilla' 2-max Seat #1 is the button
Seat 1: RaisemyNut$ ($198.93 in chips)
Seat 2: ChicagoBull4 ($19.14 in chips)
RaisemyNut$: posts small blind $1
ChicagoBull4: posts big blind $3
*** HOLE CARDS ***
RaisemyNut$: folds
Uncalled bet ($2) returned to ChicagoBull4
ChicagoBull4 collected $2 from pot
ChicagoBull4: doesn't show hand
*** SUMMARY ***
Total pot $2 | Rake $0
Seat 1: RaisemyNut$ (button) (small blind) folded before Flop
Seat 2: ChicagoBull4 (big blind) collected ($2)


PokerStars Hand #144535140318:  Hold'em Limit ($3/$6 USD) - 2015/11/28 19:27:30 ET
Table 'Brambilla' 2-max Seat #2 is the button
Seat 1: RaisemyNut$ ($184.43 in chips)
Seat 2: ChicagoBull4 ($34.14 in chips)
ChicagoBull4: posts small blind $1
RaisemyNut$: posts big blind $3
*** HOLE CARDS ***
ChicagoBull4: raises $3 to $6
RaisemyNut$: calls $3
*** FLOP *** [2h Jc 4d]
RaisemyNut$: checks
ChicagoBull4: bets $3
RaisemyNut$: calls $3
*** TURN *** [2h Jc 4d] [7h]
RaisemyNut$: checks
ChicagoBull4: bets $6
RaisemyNut$: calls $6
*** RIVER *** [2h Jc 4d 7h] [3s]
RaisemyNut$: checks
ChicagoBull4: checks
*** SHOW DOWN ***
RaisemyNut$: shows [Ad 2s] (a pair of Deuces)
ChicagoBull4: mucks hand
RaisemyNut$ collected $29.50 from pot
*** SUMMARY ***
Total pot $30 | Rake $0.50
Board [2h Jc 4d 7h 3s]
Seat 1: RaisemyNut$ (big blind) showed [Ad 2s] and won ($29.50) with a pair of Deuces
Seat 2: ChicagoBull4 (button) (small blind) mucked


PokerStars Hand #144535121819:  Hold'em Limit ($3/$6 USD) - 2015/11/28 19:27:00 ET
Table 'Brambilla' 2-max Seat #1 is the button
Seat 1: RaisemyNut$ ($157.93 in chips)
Seat 2: ChicagoBull4 ($61.14 in chips)
RaisemyNut$: posts small blind $1
ChicagoBull4: posts big blind $3
*** HOLE CARDS ***
RaisemyNut$: raises $3 to $6
ChicagoBull4: calls $3
*** FLOP *** [9c Jd 5d]
ChicagoBull4: checks
RaisemyNut$: bets $3
ChicagoBull4: raises $3 to $6
RaisemyNut$: raises $3 to $9
ChicagoBull4: calls $3
*** TURN *** [9c Jd 5d] [8h]
ChicagoBull4: checks
RaisemyNut$: bets $6
ChicagoBull4: calls $6
*** RIVER *** [9c Jd 5d 8h] [Ah]
ChicagoBull4: checks
RaisemyNut$: bets $6
ChicagoBull4: calls $6
*** SHOW DOWN ***
RaisemyNut$: shows [Kd 9d] (a pair of Nines)
ChicagoBull4: mucks hand
RaisemyNut$ collected $53.50 from pot
*** SUMMARY ***
Total pot $54 | Rake $0.50
Board [9c Jd 5d 8h Ah]
Seat 1: RaisemyNut$ (button) (small blind) showed [Kd 9d] and won ($53.50) with a pair of Nines
Seat 2: ChicagoBull4 (big blind) mucked


PokerStars Hand #144535159925:  Hold'em Limit ($3/$6 USD) - 2015/11/28 19:28:01 ET
Table 'Brambilla' 2-max Seat #1 is the button
Seat 1: RaisemyNut$ ($198.93 in chips)
Seat 2: ChicagoBull4 ($19.14 in chips)
RaisemyNut$: posts small blind $1
ChicagoBull4: posts big blind $3
*** HOLE CARDS ***
RaisemyNut$: raises $3 to $6
ChicagoBull4: raises $3 to $9
RaisemyNut$: calls $3
*** FLOP *** [2s 3c 7h]
ChicagoBull4: bets $3
RaisemyNut$: calls $3
*** TURN *** [2s 3c 7h] [2c]
ChicagoBull4: bets $6
RaisemyNut$: folds
Uncalled bet ($6) returned to ChicagoBull4
ChicagoBull4 collected $23.52 from pot
ChicagoBull4: doesn't show hand
*** SUMMARY ***
Total pot $24 | Rake $0.48
Board [2s 3c 7h 2c]
Seat 1: RaisemyNut$ (button) (small blind) folded on the Turn
Seat 2: ChicagoBull4 (big blind) collected ($23.52)


PokerStars Hand #144535178017:  Hold'em Limit ($3/$6 USD) - 2015/11/28 19:28:29 ET
Table 'Brambilla' 2-max Seat #2 is the button
Seat 1: RaisemyNut$ ($190.93 in chips)
Seat 2: ChicagoBull4 ($26.66 in chips)
ChicagoBull4: posts small blind $1
RaisemyNut$: posts big blind $3
*** HOLE CARDS ***
ChicagoBull4: calls $2
RaisemyNut$: checks
*** FLOP *** [Jd 7c Td]
RaisemyNut$: checks
ChicagoBull4: bets $3
RaisemyNut$: raises $3 to $6
ChicagoBull4: raises $3 to $9
RaisemyNut$: calls $3
*** TURN *** [Jd 7c Td] [Qs]
RaisemyNut$: checks
ChicagoBull4: bets $6
RaisemyNut$: calls $6
*** RIVER *** [Jd 7c Td Qs] [Qd]
RaisemyNut$: checks
ChicagoBull4: bets $6
RaisemyNut$: calls $6
*** SHOW DOWN ***
ChicagoBull4: shows [9d Qh] (three of a kind, Queens)
RaisemyNut$: mucks hand
ChicagoBull4 collected $47.50 from pot
*** SUMMARY ***
Total pot $48 | Rake $0.50
Board [Jd 7c Td Qs Qd]
Seat 1: RaisemyNut$ (big blind) mucked
Seat 2: ChicagoBull4 (button) (small blind) showed [9d Qh] and won ($47.50) with three of a kind, Queens


PokerStars Hand #144535172731:  Hold'em Limit ($3/$6 USD) - 2015/11/28 19:28:21 ET
Table 'Brambilla' 2-max Seat #1 is the button
Seat 1: RaisemyNut$ ($187.93 in chips)
Seat 2: ChicagoBull4 ($29.66 in chips)
RaisemyNut$: posts small blind $1
ChicagoBull4: posts big blind $3
*** HOLE CARDS ***
RaisemyNut$: raises $3 to $6
ChicagoBull4: folds
Uncalled bet ($3) returned to RaisemyNut$
RaisemyNut$ collected $6 from pot
RaisemyNut$: doesn't show hand
*** SUMMARY ***
Total pot $6 | Rake $0
Seat 1: RaisemyNut$ (button) (small blind) collected ($6)
Seat 2: ChicagoBull4 (big blind) folded before Flop


PokerStars Hand #144535169282:  Hold'em Limit ($3/$6 USD) - 2015/11/28 19:28:15 ET
Table 'Brambilla' 2-max Seat #2 is the button
Seat 1: RaisemyNut$ ($186.93 in chips)
Seat 2: ChicagoBull4 ($30.66 in chips)
ChicagoBull4: posts small blind $1
RaisemyNut$: posts big blind $3
*** HOLE CARDS ***
ChicagoBull4: folds
Uncalled bet ($2) returned to RaisemyNut$
RaisemyNut$ collected $2 from pot
RaisemyNut$: doesn't show hand
*** SUMMARY ***
Total pot $2 | Rake $0
Seat 1: RaisemyNut$ (big blind) collected ($2)
Seat 2: ChicagoBull4 (button) (small blind) folded before Flop


PokerStars Hand #144535201258:  Hold'em Limit ($3/$6 USD) - 2015/11/28 19:29:06 ET
Table 'Brambilla' 2-max Seat #1 is the button
Seat 1: RaisemyNut$ ($166.93 in chips)
Seat 2: ChicagoBull4 ($50.16 in chips)
RaisemyNut$: posts small blind $1
ChicagoBull4: posts big blind $3
*** HOLE CARDS ***
RaisemyNut$: raises $3 to $6
ChicagoBull4: calls $3
*** FLOP *** [5c Ah Qs]
ChicagoBull4: checks
RaisemyNut$: bets $3
ChicagoBull4: folds
Uncalled bet ($3) returned to RaisemyNut$
ChicagoBull4 leaves the table
RaisemyNut$ collected $11.76 from pot
RaisemyNut$: doesn't show hand
*** SUMMARY ***
Total pot $12 | Rake $0.24
Board [5c Ah Qs]
Seat 1: RaisemyNut$ (button) (small blind) collected ($11.76)
Seat 2: ChicagoBull4 (big blind) folded on the Flop


