PokerStars Hand #161588909646:  Hold'em Limit ($3/$6 USD) - 2016/11/18 10:35:35 ET
Table 'Brambilla II' 6-max Seat #1 is the button
Seat 1: assitoni ($72 in chips)
Seat 3: swics1202 ($80 in chips)
assitoni: posts small blind $1
swics1202: posts big blind $3
*** HOLE CARDS ***
assitoni: folds
Uncalled bet ($2) returned to swics1202
swics1202 collected $2 from pot
swics1202: doesn't show hand
jackRizzar joins the table at seat #4
*** SUMMARY ***
Total pot $2 | Rake $0
Seat 1: assitoni (button) (small blind) folded before Flop
Seat 3: swics1202 (big blind) collected ($2)


PokerStars Hand #161588961655:  Hold'em Limit ($3/$6 USD) - 2016/11/18 10:36:51 ET
Table 'Brambilla II' 6-max Seat #3 is the button
Seat 3: swics1202 ($57 in chips)
Seat 4: jackRizzar ($211.47 in chips)
swics1202: posts small blind $1
jackRizzar: posts big blind $3
*** HOLE CARDS ***
swics1202: raises $3 to $6
jackRizzar: calls $3
*** FLOP *** [Qd Th 4s]
jackRizzar: checks
assitoni leaves the table
swics1202: bets $3
jackRizzar: folds
Uncalled bet ($3) returned to swics1202
swics1202 collected $11.76 from pot
swics1202: doesn't show hand
*** SUMMARY ***
Total pot $12 | Rake $0.24
Board [Qd Th 4s]
Seat 3: swics1202 (button) (small blind) collected ($11.76)
Seat 4: jackRizzar (big blind) folded on the Flop


PokerStars Hand #161588953675:  Hold'em Limit ($3/$6 USD) - 2016/11/18 10:36:39 ET
Table 'Brambilla II' 6-max Seat #4 is the button
Seat 3: swics1202 ($60 in chips)
Seat 4: jackRizzar ($208.47 in chips)
jackRizzar: posts small blind $1
assitoni: is sitting out
swics1202: posts big blind $3
*** HOLE CARDS ***
jackRizzar: raises $3 to $6
swics1202: folds
Uncalled bet ($3) returned to jackRizzar
jackRizzar collected $6 from pot
jackRizzar: doesn't show hand
*** SUMMARY ***
Total pot $6 | Rake $0
Seat 3: swics1202 (big blind) folded before Flop
Seat 4: jackRizzar (button) (small blind) collected ($6)


PokerStars Hand #161588982186:  Hold'em Limit ($3/$6 USD) - 2016/11/18 10:37:21 ET
Table 'Brambilla II' 6-max Seat #4 is the button
Seat 3: swics1202 ($58.76 in chips)
Seat 4: jackRizzar ($209.47 in chips)
jackRizzar: posts small blind $1
swics1202: posts big blind $3
*** HOLE CARDS ***
jackRizzar: raises $3 to $6
swics1202: calls $3
*** FLOP *** [2h 6c 7d]
swics1202: checks
jackRizzar: bets $3
swics1202: raises $3 to $6
jackRizzar: calls $3
*** TURN *** [2h 6c 7d] [As]
swics1202: bets $6
jackRizzar: calls $6
*** RIVER *** [2h 6c 7d As] [6h]
swics1202: bets $6
jackRizzar: calls $6
*** SHOW DOWN ***
swics1202: shows [2s Kh] (two pair, Sixes and Deuces)
jackRizzar: shows [2d Qh] (two pair, Sixes and Deuces)
swics1202 collected $23.75 from pot
jackRizzar collected $23.75 from pot
*** SUMMARY ***
Total pot $48 | Rake $0.50
Board [2h 6c 7d As 6h]
Seat 3: swics1202 (big blind) showed [2s Kh] and won ($23.75) with two pair, Sixes and Deuces
Seat 4: jackRizzar (button) (small blind) showed [2d Qh] and won ($23.75) with two pair, Sixes and Deuces


PokerStars Hand #161588976506:  Hold'em Limit ($3/$6 USD) - 2016/11/18 10:37:13 ET
Table 'Brambilla II' 6-max Seat #3 is the button
Seat 3: swics1202 ($59.76 in chips)
Seat 4: jackRizzar ($208.47 in chips)
swics1202: posts small blind $1
jackRizzar: posts big blind $3
*** HOLE CARDS ***
swics1202: folds
Uncalled bet ($2) returned to jackRizzar
jackRizzar collected $2 from pot
jackRizzar: doesn't show hand
*** SUMMARY ***
Total pot $2 | Rake $0
Seat 3: swics1202 (button) (small blind) folded before Flop
Seat 4: jackRizzar (big blind) collected ($2)


PokerStars Hand #161588970219:  Hold'em Limit ($3/$6 USD) - 2016/11/18 10:37:03 ET
Table 'Brambilla II' 6-max Seat #4 is the button
Seat 3: swics1202 ($62.76 in chips)
Seat 4: jackRizzar ($205.47 in chips)
jackRizzar: posts small blind $1
swics1202: posts big blind $3
*** HOLE CARDS ***
jackRizzar: raises $3 to $6
swics1202: folds
Uncalled bet ($3) returned to jackRizzar
jackRizzar collected $6 from pot
jackRizzar: doesn't show hand
*** SUMMARY ***
Total pot $6 | Rake $0
Seat 3: swics1202 (big blind) folded before Flop
Seat 4: jackRizzar (button) (small blind) collected ($6)


