PokerStars Hand #151406256671:  Hold'em Limit ($3/$6 USD) - 2016/04/04 3:26:37 ET
Table 'Brandia II' 6-max Seat #4 is the button
Seat 3: Kurganski ($77.76 in chips)
Seat 4: JoeBlack1982 ($186 in chips)
JoeBlack1982: posts small blind $1
Kurganski: posts big blind $3
*** HOLE CARDS ***
JoeBlack1982: raises $3 to $6
Kurganski: calls $3
*** FLOP *** [9s 4c 7h]
Kurganski: checks
JoeBlack1982: bets $3
Kurganski: calls $3
*** TURN *** [9s 4c 7h] [Kc]
Kurganski: checks
JoeBlack1982: bets $6
Kurganski: calls $6
*** RIVER *** [9s 4c 7h Kc] [2s]
Kurganski: checks
JoeBlack1982: bets $6
Kurganski: calls $6
*** SHOW DOWN ***
JoeBlack1982: shows [8d 8h] (a pair of Eights)
Kurganski: mucks hand
JoeBlack1982 collected $41.50 from pot
*** SUMMARY ***
Total pot $42 | Rake $0.50
Board [9s 4c 7h Kc 2s]
Seat 3: Kurganski (big blind) mucked
Seat 4: JoeBlack1982 (button) (small blind) showed [8d 8h] and won ($41.50) with a pair of Eights


PokerStars Hand #151406247265:  Hold'em Limit ($3/$6 USD) - 2016/04/04 3:26:04 ET
Table 'Brandia II' 6-max Seat #3 is the button
Seat 3: Kurganski ($72 in chips)
Seat 4: JoeBlack1982 ($192 in chips)
Kurganski: posts small blind $1
JoeBlack1982: posts big blind $3
*** HOLE CARDS ***
Kurganski: raises $3 to $6
JoeBlack1982: calls $3
*** FLOP *** [Js 4s 7s]
VolkovDmitri joins the table at seat #5
JoeBlack1982: checks
Kurganski: checks
*** TURN *** [Js 4s 7s] [Kh]
JoeBlack1982: checks
Kurganski: bets $6
JoeBlack1982: folds
Uncalled bet ($6) returned to Kurganski
Kurganski collected $11.76 from pot
*** SUMMARY ***
Total pot $12 | Rake $0.24
Board [Js 4s 7s Kh]
Seat 3: Kurganski (button) (small blind) collected ($11.76)
Seat 4: JoeBlack1982 (big blind) folded on the Turn


PokerStars Hand #151406265331:  Hold'em Limit ($3/$6 USD) - 2016/04/04 3:27:08 ET
Table 'Brandia II' 6-max Seat #3 is the button
Seat 3: Kurganski ($72 in chips)
Seat 4: JoeBlack1982 ($206.50 in chips)
Kurganski: posts small blind $1
JoeBlack1982: posts big blind $3
*** HOLE CARDS ***
Kurganski: folds
Uncalled bet ($2) returned to JoeBlack1982
JoeBlack1982 collected $2 from pot
JoeBlack1982: doesn't show hand
*** SUMMARY ***
Total pot $2 | Rake $0
Seat 3: Kurganski (button) (small blind) folded before Flop
Seat 4: JoeBlack1982 (big blind) collected ($2)


PokerStars Hand #151406274460:  Hold'em Limit ($3/$6 USD) - 2016/04/04 3:27:40 ET
Table 'Brandia II' 6-max Seat #3 is the button
Seat 3: Kurganski ($101.50 in chips)
Seat 4: JoeBlack1982 ($177.50 in chips)
Kurganski: posts small blind $1
JoeBlack1982: posts big blind $3
*** HOLE CARDS ***
Kurganski: raises $3 to $6
JoeBlack1982: folds
Uncalled bet ($3) returned to Kurganski
Kurganski collected $6 from pot
*** SUMMARY ***
Total pot $6 | Rake $0
Seat 3: Kurganski (button) (small blind) collected ($6)
Seat 4: JoeBlack1982 (big blind) folded before Flop


PokerStars Hand #151406267609:  Hold'em Limit ($3/$6 USD) - 2016/04/04 3:27:15 ET
Table 'Brandia II' 6-max Seat #4 is the button
Seat 3: Kurganski ($72 in chips)
Seat 4: JoeBlack1982 ($207.50 in chips)
JoeBlack1982: posts small blind $1
Kurganski: posts big blind $3
*** HOLE CARDS ***
JoeBlack1982: raises $3 to $6
Kurganski: calls $3
*** FLOP *** [8h 7s 9d]
Kurganski: checks
JoeBlack1982: checks
*** TURN *** [8h 7s 9d] [7c]
Kurganski: bets $6
JoeBlack1982: calls $6
*** RIVER *** [8h 7s 9d 7c] [6s]
Kurganski: bets $6
JoeBlack1982: raises $6 to $12
Kurganski: raises $6 to $18
JoeBlack1982: calls $6
*** SHOW DOWN ***
Kurganski: shows [8s Tc] (a straight, Six to Ten)
JoeBlack1982: mucks hand
Kurganski collected $59.50 from pot
*** SUMMARY ***
Total pot $60 | Rake $0.50
Board [8h 7s 9d 7c 6s]
Seat 3: Kurganski (big blind) showed [8s Tc] and won ($59.50) with a straight, Six to Ten
Seat 4: JoeBlack1982 (button) (small blind) mucked


PokerStars Hand #151406276198:  Hold'em Limit ($3/$6 USD) - 2016/04/04 3:27:46 ET
Table 'Brandia II' 6-max Seat #4 is the button
Seat 3: Kurganski ($104.50 in chips)
Seat 4: JoeBlack1982 ($174.50 in chips)
JoeBlack1982: posts small blind $1
Kurganski: posts big blind $3
*** HOLE CARDS ***
JoeBlack1982: raises $3 to $6
Kurganski: calls $3
*** FLOP *** [7s 2c Ts]
Kurganski: checks
JoeBlack1982: checks
*** TURN *** [7s 2c Ts] [5c]
Kurganski: bets $6
JoeBlack1982: calls $6
*** RIVER *** [7s 2c Ts 5c] [Jd]
Kurganski: bets $6
JoeBlack1982: folds
Uncalled bet ($6) returned to Kurganski
Kurganski collected $23.52 from pot
*** SUMMARY ***
Total pot $24 | Rake $0.48
Board [7s 2c Ts 5c Jd]
Seat 3: Kurganski (big blind) collected ($23.52)
Seat 4: JoeBlack1982 (button) (small blind) folded on the River


PokerStars Hand #151406324195:  Hold'em Limit ($3/$6 USD) - 2016/04/04 3:30:34 ET
Table 'Brandia II' 6-max Seat #3 is the button
Seat 3: Kurganski ($97.28 in chips)
Seat 4: JoeBlack1982 ($179.50 in chips)
Kurganski: posts small blind $1
JoeBlack1982: posts big blind $3
*** HOLE CARDS ***
Kurganski: raises $3 to $6
JoeBlack1982: folds
Uncalled bet ($3) returned to Kurganski
Kurganski collected $6 from pot
*** SUMMARY ***
Total pot $6 | Rake $0
Seat 3: Kurganski (button) (small blind) collected ($6)
Seat 4: JoeBlack1982 (big blind) folded before Flop


PokerStars Hand #151406315897:  Hold'em Limit ($3/$6 USD) - 2016/04/04 3:30:05 ET
Table 'Brandia II' 6-max Seat #4 is the button
Seat 3: Kurganski ($79.78 in chips)
Seat 4: JoeBlack1982 ($197.50 in chips)
JoeBlack1982: posts small blind $1
Kurganski: posts big blind $3
*** HOLE CARDS ***
JoeBlack1982: raises $3 to $6
Kurganski: raises $3 to $9
JoeBlack1982: calls $3
*** FLOP *** [Td Ah 3h]
Kurganski: bets $3
JoeBlack1982: calls $3
*** TURN *** [Td Ah 3h] [7h]
Kurganski: bets $6
JoeBlack1982: calls $6
*** RIVER *** [Td Ah 3h 7h] [4c]
Kurganski: bets $6
JoeBlack1982: folds
Uncalled bet ($6) returned to Kurganski
Kurganski collected $35.50 from pot
*** SUMMARY ***
Total pot $36 | Rake $0.50
Board [Td Ah 3h 7h 4c]
Seat 3: Kurganski (big blind) collected ($35.50)
Seat 4: JoeBlack1982 (button) (small blind) folded on the River


PokerStars Hand #151406307790:  Hold'em Limit ($3/$6 USD) - 2016/04/04 3:29:36 ET
Table 'Brandia II' 6-max Seat #3 is the button
Seat 3: Kurganski ($74.02 in chips)
Seat 4: JoeBlack1982 ($203.50 in chips)
Kurganski: posts small blind $1
JoeBlack1982: posts big blind $3
*** HOLE CARDS ***
Kurganski: raises $3 to $6
JoeBlack1982: calls $3
*** FLOP *** [Ad 3c Qh]
JoeBlack1982: checks
Kurganski: bets $3
JoeBlack1982: folds
Uncalled bet ($3) returned to Kurganski
Kurganski collected $11.76 from pot
*** SUMMARY ***
Total pot $12 | Rake $0.24
Board [Ad 3c Qh]
Seat 3: Kurganski (button) (small blind) collected ($11.76)
Seat 4: JoeBlack1982 (big blind) folded on the Flop


PokerStars Hand #151406298333:  Hold'em Limit ($3/$6 USD) - 2016/04/04 3:29:03 ET
Table 'Brandia II' 6-max Seat #4 is the button
Seat 3: Kurganski ($101.02 in chips)
Seat 4: JoeBlack1982 ($177 in chips)
JoeBlack1982: posts small blind $1
Kurganski: posts big blind $3
*** HOLE CARDS ***
JoeBlack1982: raises $3 to $6
Kurganski: calls $3
*** FLOP *** [5d 8c 3h]
Kurganski: bets $3
JoeBlack1982: calls $3
*** TURN *** [5d 8c 3h] [8h]
Kurganski: bets $6
JoeBlack1982: calls $6
*** RIVER *** [5d 8c 3h 8h] [Kh]
Kurganski: bets $6
JoeBlack1982: raises $6 to $12
Kurganski: calls $6
*** SHOW DOWN ***
JoeBlack1982: shows [9d 8s] (three of a kind, Eights)
Kurganski: mucks hand
JoeBlack1982 collected $53.50 from pot
*** SUMMARY ***
Total pot $54 | Rake $0.50
Board [5d 8c 3h 8h Kh]
Seat 3: Kurganski (big blind) mucked
Seat 4: JoeBlack1982 (button) (small blind) showed [9d 8s] and won ($53.50) with three of a kind, Eights


PokerStars Hand #151406296991:  Hold'em Limit ($3/$6 USD) - 2016/04/04 3:28:59 ET
Table 'Brandia II' 6-max Seat #3 is the button
Seat 3: Kurganski ($102.02 in chips)
Seat 4: JoeBlack1982 ($176 in chips)
Kurganski: posts small blind $1
JoeBlack1982: posts big blind $3
*** HOLE CARDS ***
Kurganski: folds
Uncalled bet ($2) returned to JoeBlack1982
JoeBlack1982 collected $2 from pot
JoeBlack1982: doesn't show hand
*** SUMMARY ***
Total pot $2 | Rake $0
Seat 3: Kurganski (button) (small blind) folded before Flop
Seat 4: JoeBlack1982 (big blind) collected ($2)


PokerStars Hand #151406295585:  Hold'em Limit ($3/$6 USD) - 2016/04/04 3:28:54 ET
Table 'Brandia II' 6-max Seat #4 is the button
Seat 3: Kurganski ($101.02 in chips)
Seat 4: JoeBlack1982 ($177 in chips)
JoeBlack1982: posts small blind $1
Kurganski: posts big blind $3
*** HOLE CARDS ***
JoeBlack1982: folds
Uncalled bet ($2) returned to Kurganski
Kurganski collected $2 from pot
*** SUMMARY ***
Total pot $2 | Rake $0
Seat 3: Kurganski (big blind) collected ($2)
Seat 4: JoeBlack1982 (button) (small blind) folded before Flop


PokerStars Hand #151406281515:  Hold'em Limit ($3/$6 USD) - 2016/04/04 3:28:04 ET
Table 'Brandia II' 6-max Seat #3 is the button
Seat 3: Kurganski ($116.02 in chips)
Seat 4: JoeBlack1982 ($162.50 in chips)
Kurganski: posts small blind $1
JoeBlack1982: posts big blind $3
*** HOLE CARDS ***
Kurganski: raises $3 to $6
JoeBlack1982: raises $3 to $9
Kurganski: calls $3
*** FLOP *** [8c 3h 3s]
JoeBlack1982: checks
Kurganski: checks
*** TURN *** [8c 3h 3s] [Ah]
JoeBlack1982: bets $6
Kurganski: calls $6
*** RIVER *** [8c 3h 3s Ah] [5h]
JoeBlack1982: checks
Kurganski: checks
*** SHOW DOWN ***
JoeBlack1982: shows [7s As] (two pair, Aces and Threes)
Kurganski: mucks hand
JoeBlack1982 collected $29.50 from pot
*** SUMMARY ***
Total pot $30 | Rake $0.50
Board [8c 3h 3s Ah 5h]
Seat 3: Kurganski (button) (small blind) mucked
Seat 4: JoeBlack1982 (big blind) showed [7s As] and won ($29.50) with two pair, Aces and Threes


PokerStars Hand #151406349291:  Hold'em Limit ($3/$6 USD) - 2016/04/04 3:32:01 ET
Table 'Brandia II' 6-max Seat #4 is the button
Seat 3: Kurganski ($92.50 in chips)
Seat 4: JoeBlack1982 ($185 in chips)
JoeBlack1982: posts small blind $1
Kurganski: posts big blind $3
*** HOLE CARDS ***
JoeBlack1982: folds
Uncalled bet ($2) returned to Kurganski
Kurganski collected $2 from pot
*** SUMMARY ***
Total pot $2 | Rake $0
Seat 3: Kurganski (big blind) collected ($2)
Seat 4: JoeBlack1982 (button) (small blind) folded before Flop


PokerStars Hand #151406340572:  Hold'em Limit ($3/$6 USD) - 2016/04/04 3:31:31 ET
Table 'Brandia II' 6-max Seat #3 is the button
Seat 3: Kurganski ($72 in chips)
Seat 4: JoeBlack1982 ($206 in chips)
Kurganski: posts small blind $1
JoeBlack1982: posts big blind $3
*** HOLE CARDS ***
Kurganski: raises $3 to $6
JoeBlack1982: raises $3 to $9
Kurganski: calls $3
*** FLOP *** [7c 9h Jd]
JoeBlack1982: checks
Kurganski: checks
*** TURN *** [7c 9h Jd] [Jh]
JoeBlack1982: bets $6
Kurganski: calls $6
*** RIVER *** [7c 9h Jd Jh] [9c]
JoeBlack1982: bets $6
Kurganski: calls $6
*** SHOW DOWN ***
JoeBlack1982: shows [Ks Qc] (two pair, Jacks and Nines)
Kurganski: shows [5d Ah] (two pair, Jacks and Nines - Ace kicker)
Kurganski collected $41.50 from pot
*** SUMMARY ***
Total pot $42 | Rake $0.50
Board [7c 9h Jd Jh 9c]
Seat 3: Kurganski (button) (small blind) showed [5d Ah] and won ($41.50) with two pair, Jacks and Nines
Seat 4: JoeBlack1982 (big blind) showed [Ks Qc] and lost with two pair, Jacks and Nines


PokerStars Hand #151406367046:  Hold'em Limit ($3/$6 USD) - 2016/04/04 3:33:03 ET
Table 'Brandia II' 6-max Seat #3 is the button
Seat 3: Kurganski ($99.02 in chips)
Seat 4: JoeBlack1982 ($178 in chips)
Kurganski: posts small blind $1
JoeBlack1982: posts big blind $3
*** HOLE CARDS ***
Kurganski: folds
Uncalled bet ($2) returned to JoeBlack1982
JoeBlack1982 collected $2 from pot
JoeBlack1982: doesn't show hand
*** SUMMARY ***
Total pot $2 | Rake $0
Seat 3: Kurganski (button) (small blind) folded before Flop
Seat 4: JoeBlack1982 (big blind) collected ($2)


PokerStars Hand #151406363926:  Hold'em Limit ($3/$6 USD) - 2016/04/04 3:32:52 ET
Table 'Brandia II' 6-max Seat #4 is the button
Seat 3: Kurganski ($102.02 in chips)
Seat 4: JoeBlack1982 ($175 in chips)
JoeBlack1982: posts small blind $1
Kurganski: posts big blind $3
*** HOLE CARDS ***
JoeBlack1982: raises $3 to $6
Kurganski: folds
Uncalled bet ($3) returned to JoeBlack1982
JoeBlack1982 collected $6 from pot
JoeBlack1982: doesn't show hand
*** SUMMARY ***
Total pot $6 | Rake $0
Seat 3: Kurganski (big blind) folded before Flop
Seat 4: JoeBlack1982 (button) (small blind) collected ($6)


PokerStars Hand #151406359052:  Hold'em Limit ($3/$6 USD) - 2016/04/04 3:32:35 ET
Table 'Brandia II' 6-max Seat #3 is the button
Seat 3: Kurganski ($96.26 in chips)
Seat 4: JoeBlack1982 ($181 in chips)
Kurganski: posts small blind $1
JoeBlack1982: posts big blind $3
*** HOLE CARDS ***
Kurganski: raises $3 to $6
JoeBlack1982: calls $3
*** FLOP *** [Th Ad 5h]
JoeBlack1982: checks
Kurganski: bets $3
JoeBlack1982: folds
Uncalled bet ($3) returned to Kurganski
Kurganski collected $11.76 from pot
*** SUMMARY ***
Total pot $12 | Rake $0.24
Board [Th Ad 5h]
Seat 3: Kurganski (button) (small blind) collected ($11.76)
Seat 4: JoeBlack1982 (big blind) folded on the Flop


PokerStars Hand #151406356959:  Hold'em Limit ($3/$6 USD) - 2016/04/04 3:32:27 ET
Table 'Brandia II' 6-max Seat #4 is the button
Seat 3: Kurganski ($99.26 in chips)
Seat 4: JoeBlack1982 ($178 in chips)
JoeBlack1982: posts small blind $1
Kurganski: posts big blind $3
*** HOLE CARDS ***
JoeBlack1982: raises $3 to $6
Kurganski: folds
Uncalled bet ($3) returned to JoeBlack1982
JoeBlack1982 collected $6 from pot
JoeBlack1982: doesn't show hand
*** SUMMARY ***
Total pot $6 | Rake $0
Seat 3: Kurganski (big blind) folded before Flop
Seat 4: JoeBlack1982 (button) (small blind) collected ($6)


PokerStars Hand #151406350692:  Hold'em Limit ($3/$6 USD) - 2016/04/04 3:32:06 ET
Table 'Brandia II' 6-max Seat #3 is the button
Seat 3: Kurganski ($93.50 in chips)
Seat 4: JoeBlack1982 ($184 in chips)
Kurganski: posts small blind $1
JoeBlack1982: posts big blind $3
*** HOLE CARDS ***
Kurganski: raises $3 to $6
JoeBlack1982: calls $3
*** FLOP *** [4d Kc Qd]
JoeBlack1982: checks
Kurganski: bets $3
JoeBlack1982: folds
Uncalled bet ($3) returned to Kurganski
Kurganski collected $11.76 from pot
*** SUMMARY ***
Total pot $12 | Rake $0.24
Board [4d Kc Qd]
Seat 3: Kurganski (button) (small blind) collected ($11.76)
Seat 4: JoeBlack1982 (big blind) folded on the Flop


PokerStars Hand #151406368798:  Hold'em Limit ($3/$6 USD) - 2016/04/04 3:33:08 ET
Table 'Brandia II' 6-max Seat #4 is the button
Seat 3: Kurganski ($98.02 in chips)
Seat 4: JoeBlack1982 ($179 in chips)
JoeBlack1982: posts small blind $1
Kurganski: posts big blind $3
*** HOLE CARDS ***
JoeBlack1982: raises $3 to $6
Kurganski: calls $3
*** FLOP *** [5d 6c Th]
Kurganski: checks
JoeBlack1982: checks
*** TURN *** [5d 6c Th] [2h]
Kurganski: checks
JoeBlack1982: checks
*** RIVER *** [5d 6c Th 2h] [Tc]
Kurganski: checks
JoeBlack1982: checks
*** SHOW DOWN ***
Kurganski: shows [4c Jc] (a pair of Tens)
JoeBlack1982: shows [Kd Jh] (a pair of Tens - King kicker)
JoeBlack1982 collected $11.76 from pot
*** SUMMARY ***
Total pot $12 | Rake $0.24
Board [5d 6c Th 2h Tc]
Seat 3: Kurganski (big blind) showed [4c Jc] and lost with a pair of Tens
Seat 4: JoeBlack1982 (button) (small blind) showed [Kd Jh] and won ($11.76) with a pair of Tens


PokerStars Hand #151406378980:  Hold'em Limit ($3/$6 USD) - 2016/04/04 3:33:44 ET
Table 'Brandia II' 6-max Seat #3 is the button
Seat 3: Kurganski ($92.02 in chips)
Seat 4: JoeBlack1982 ($184.76 in chips)
Kurganski: posts small blind $1
JoeBlack1982: posts big blind $3
*** HOLE CARDS ***
Kurganski: raises $3 to $6
Agrotait joins the table at seat #6
JoeBlack1982: calls $3
*** FLOP *** [5c Ah Js]
JoeBlack1982: checks
Kurganski: bets $3
JoeBlack1982: calls $3
*** TURN *** [5c Ah Js] [8c]
JoeBlack1982: checks
Kurganski: checks
*** RIVER *** [5c Ah Js 8c] [Kc]
JoeBlack1982: bets $6
Kurganski: folds
Uncalled bet ($6) returned to JoeBlack1982
Agrotait said, "sidet' v sit aute zapres4eno pravilami"
JoeBlack1982 collected $17.64 from pot
JoeBlack1982: doesn't show hand
*** SUMMARY ***
Total pot $18 | Rake $0.36
Board [5c Ah Js 8c Kc]
Seat 3: Kurganski (button) (small blind) folded on the River
Seat 4: JoeBlack1982 (big blind) collected ($17.64)


PokerStars Hand #151408296428:  Hold'em Limit ($3/$6 USD) - 2016/04/04 5:11:09 ET
Table 'Brandia II' 6-max Seat #2 is the button
Seat 1: iwan.senator ($42.58 in chips)
Seat 2: kolaz03 ($72 in chips)
kolaz03: posts small blind $1
liolilove: is sitting out
iwan.senator: posts big blind $3
*** HOLE CARDS ***
kolaz03: raises $3 to $6
iwan.senator: calls $3
*** FLOP *** [Qh Kd Ah]
iwan.senator: checks
kolaz03: bets $3
iwan.senator: raises $3 to $6
kolaz03: calls $3
*** TURN *** [Qh Kd Ah] [Ad]
iwan.senator: checks
kolaz03: bets $6
iwan.senator: folds
Uncalled bet ($6) returned to kolaz03
kolaz03 collected $23.52 from pot
kolaz03: doesn't show hand
*** SUMMARY ***
Total pot $24 | Rake $0.48
Board [Qh Kd Ah Ad]
Seat 1: iwan.senator (big blind) folded on the Turn
Seat 2: kolaz03 (button) (small blind) collected ($23.52)


PokerStars Hand #151408301757:  Hold'em Limit ($3/$6 USD) - 2016/04/04 5:11:23 ET
Table 'Brandia II' 6-max Seat #1 is the button
Seat 1: iwan.senator ($30.58 in chips)
Seat 2: kolaz03 ($83.52 in chips)
iwan.senator: posts small blind $1
kolaz03: posts big blind $3
*** HOLE CARDS ***
iwan.senator: raises $3 to $6
kolaz03: folds
Uncalled bet ($3) returned to iwan.senator
iwan.senator collected $6 from pot
iwan.senator: doesn't show hand
*** SUMMARY ***
Total pot $6 | Rake $0
Seat 1: iwan.senator (button) (small blind) collected ($6)
Seat 2: kolaz03 (big blind) folded before Flop


PokerStars Hand #151408303957:  Hold'em Limit ($3/$6 USD) - 2016/04/04 5:11:29 ET
Table 'Brandia II' 6-max Seat #2 is the button
Seat 1: iwan.senator ($33.58 in chips)
Seat 2: kolaz03 ($80.52 in chips)
kolaz03: posts small blind $1
iwan.senator: posts big blind $3
*** HOLE CARDS ***
kolaz03: raises $3 to $6
iwan.senator: calls $3
*** FLOP *** [Ad Ks As]
iwan.senator: checks
kolaz03: bets $3
iwan.senator: calls $3
*** TURN *** [Ad Ks As] [Tc]
iwan.senator: checks
kolaz03: checks
*** RIVER *** [Ad Ks As Tc] [6s]
iwan.senator: bets $6
kolaz03: folds
Uncalled bet ($6) returned to iwan.senator
iwan.senator collected $17.64 from pot
iwan.senator: doesn't show hand
*** SUMMARY ***
Total pot $18 | Rake $0.36
Board [Ad Ks As Tc 6s]
Seat 1: iwan.senator (big blind) collected ($17.64)
Seat 2: kolaz03 (button) (small blind) folded on the River


PokerStars Hand #151408311767:  Hold'em Limit ($3/$6 USD) - 2016/04/04 5:11:49 ET
Table 'Brandia II' 6-max Seat #1 is the button
Seat 1: iwan.senator ($42.22 in chips)
Seat 2: kolaz03 ($72 in chips)
iwan.senator: posts small blind $1
kolaz03: posts big blind $3
*** HOLE CARDS ***
iwan.senator: raises $3 to $6
zoolyyy joins the table at seat #5
kolaz03: raises $3 to $9
iwan.senator: calls $3
*** FLOP *** [2s 3c 5s]
kolaz03: bets $3
iwan.senator: calls $3
*** TURN *** [2s 3c 5s] [2c]
kolaz03: checks
iwan.senator: bets $6
kolaz03: folds
Uncalled bet ($6) returned to iwan.senator
iwan.senator collected $23.52 from pot
iwan.senator: doesn't show hand
*** SUMMARY ***
Total pot $24 | Rake $0.48
Board [2s 3c 5s 2c]
Seat 1: iwan.senator (button) (small blind) collected ($23.52)
Seat 2: kolaz03 (big blind) folded on the Turn


