PokerStars Hand #163178636108:  Hold'em Limit ($3/$6 USD) - 2016/12/19 3:47:46 ET
Table 'Brangane' 6-max Seat #6 is the button
Seat 5: MTails ($120 in chips)
Seat 6: habari786 ($60 in chips)
habari786: posts small blind $1
MTails: posts big blind $3
*** HOLE CARDS ***
habari786: raises $3 to $6
MTails: calls $3
*** FLOP *** [8h 9c 4h]
MTails: checks
habari786: bets $3
MTails: calls $3
*** TURN *** [8h 9c 4h] [Kh]
MTails: checks
TbIP-TbIP 88 leaves the table
habari786: checks
*** RIVER *** [8h 9c 4h Kh] [Kc]
MTails: bets $6
habari786: calls $6
*** SHOW DOWN ***
MTails: shows [Ah 4c] (two pair, Kings and Fours)
habari786: mucks hand
MTails collected $29.50 from pot
*** SUMMARY ***
Total pot $30 | Rake $0.50
Board [8h 9c 4h Kh Kc]
Seat 5: MTails (big blind) showed [Ah 4c] and won ($29.50) with two pair, Kings and Fours
Seat 6: habari786 (button) (small blind) mucked


PokerStars Hand #163178643863:  Hold'em Limit ($3/$6 USD) - 2016/12/19 3:48:13 ET
Table 'Brangane' 6-max Seat #5 is the button
Seat 5: MTails ($134.50 in chips)
Seat 6: habari786 ($45 in chips)
MTails: posts small blind $1
habari786: posts big blind $3
*** HOLE CARDS ***
MTails: raises $3 to $6
habari786: calls $3
*** FLOP *** [9h Qc 6d]
habari786: checks
MTails: bets $3
habari786: calls $3
*** TURN *** [9h Qc 6d] [4s]
habari786: checks
MTails: checks
*** RIVER *** [9h Qc 6d 4s] [Jh]
habari786: checks
MTails: checks
*** SHOW DOWN ***
habari786: shows [5h Qh] (a pair of Queens)
MTails: mucks hand
habari786 collected $17.64 from pot
*** SUMMARY ***
Total pot $18 | Rake $0.36
Board [9h Qc 6d 4s Jh]
Seat 5: MTails (button) (small blind) mucked
Seat 6: habari786 (big blind) showed [5h Qh] and won ($17.64) with a pair of Queens


PokerStars Hand #163178653566:  Hold'em Limit ($3/$6 USD) - 2016/12/19 3:48:45 ET
Table 'Brangane' 6-max Seat #6 is the button
Seat 5: MTails ($134.26 in chips)
Seat 6: habari786 ($44.64 in chips)
habari786: posts small blind $1
MTails: posts big blind $3
*** HOLE CARDS ***
habari786: folds
Uncalled bet ($2) returned to MTails
MTails collected $2 from pot
*** SUMMARY ***
Total pot $2 | Rake $0
Seat 5: MTails (big blind) collected ($2)
Seat 6: habari786 (button) (small blind) folded before Flop


PokerStars Hand #163178655259:  Hold'em Limit ($3/$6 USD) - 2016/12/19 3:48:51 ET
Table 'Brangane' 6-max Seat #5 is the button
Seat 5: MTails ($135.26 in chips)
Seat 6: habari786 ($43.64 in chips)
MTails: posts small blind $1
habari786: posts big blind $3
*** HOLE CARDS ***
MTails: raises $3 to $6
habari786: raises $3 to $9
MTails: calls $3
*** FLOP *** [9s Tc 5h]
habari786: bets $3
MTails: calls $3
*** TURN *** [9s Tc 5h] [8h]
habari786: bets $6
MTails: calls $6
*** RIVER *** [9s Tc 5h 8h] [Qh]
habari786: bets $6
MTails: folds
Uncalled bet ($6) returned to habari786
habari786 collected $35.50 from pot
habari786: doesn't show hand
*** SUMMARY ***
Total pot $36 | Rake $0.50
Board [9s Tc 5h 8h Qh]
Seat 5: MTails (button) (small blind) folded on the River
Seat 6: habari786 (big blind) collected ($35.50)


PokerStars Hand #163178651641:  Hold'em Limit ($3/$6 USD) - 2016/12/19 3:48:39 ET
Table 'Brangane' 6-max Seat #5 is the button
Seat 5: MTails ($131.26 in chips)
Seat 6: habari786 ($47.64 in chips)
MTails: posts small blind $1
habari786: posts big blind $3
*** HOLE CARDS ***
MTails: raises $3 to $6
habari786: folds
Uncalled bet ($3) returned to MTails
MTails collected $6 from pot
*** SUMMARY ***
Total pot $6 | Rake $0
Seat 5: MTails (button) (small blind) collected ($6)
Seat 6: habari786 (big blind) folded before Flop


PokerStars Hand #163178648468:  Hold'em Limit ($3/$6 USD) - 2016/12/19 3:48:28 ET
Table 'Brangane' 6-max Seat #6 is the button
Seat 5: MTails ($125.50 in chips)
Seat 6: habari786 ($53.64 in chips)
habari786: posts small blind $1
MTails: posts big blind $3
*** HOLE CARDS ***
habari786: raises $3 to $6
MTails: calls $3
*** FLOP *** [9d 5d 9h]
MTails: checks
habari786: checks
*** TURN *** [9d 5d 9h] [Ac]
MTails: bets $6
habari786: folds
Uncalled bet ($6) returned to MTails
MTails collected $11.76 from pot
*** SUMMARY ***
Total pot $12 | Rake $0.24
Board [9d 5d 9h Ac]
Seat 5: MTails (big blind) collected ($11.76)
Seat 6: habari786 (button) (small blind) folded on the Turn


PokerStars Hand #163178666037:  Hold'em Limit ($3/$6 USD) - 2016/12/19 3:49:27 ET
Table 'Brangane' 6-max Seat #5 is the button
Seat 5: MTails ($102.26 in chips)
Seat 6: habari786 ($75.64 in chips)
MTails: posts small blind $1
habari786: posts big blind $3
*** HOLE CARDS ***
MTails: raises $3 to $6
habari786: folds
Uncalled bet ($3) returned to MTails
MTails collected $6 from pot
*** SUMMARY ***
Total pot $6 | Rake $0
Seat 5: MTails (button) (small blind) collected ($6)
Seat 6: habari786 (big blind) folded before Flop


PokerStars Hand #163178669745:  Hold'em Limit ($3/$6 USD) - 2016/12/19 3:49:39 ET
Table 'Brangane' 6-max Seat #6 is the button
Seat 5: MTails ($105.26 in chips)
Seat 6: habari786 ($72.64 in chips)
habari786: posts small blind $1
MTails: posts big blind $3
*** HOLE CARDS ***
habari786: raises $3 to $6
MTails: calls $3
*** FLOP *** [3c 6s 2h]
MTails: checks
habari786: bets $3
MTails: raises $3 to $6
habari786: calls $3
*** TURN *** [3c 6s 2h] [9s]
MTails: bets $6
habari786: raises $6 to $12
MTails: calls $6
*** RIVER *** [3c 6s 2h 9s] [5s]
MTails: bets $6
habari786: folds
Uncalled bet ($6) returned to MTails
MTails collected $47.50 from pot
*** SUMMARY ***
Total pot $48 | Rake $0.50
Board [3c 6s 2h 9s 5s]
Seat 5: MTails (big blind) collected ($47.50)
Seat 6: habari786 (button) (small blind) folded on the River


PokerStars Hand #163178681942:  Hold'em Limit ($3/$6 USD) - 2016/12/19 3:50:20 ET
Table 'Brangane' 6-max Seat #6 is the button
Seat 5: MTails ($98.76 in chips)
Seat 6: habari786 ($78.14 in chips)
habari786: posts small blind $1
MTails: posts big blind $3
*** HOLE CARDS ***
habari786: calls $2
MTails: raises $3 to $6
habari786: raises $3 to $9
MTails: calls $3
*** FLOP *** [6s Ah Qc]
MTails: checks
habari786: bets $3
MTails: raises $3 to $6
habari786: folds
Uncalled bet ($3) returned to MTails
MTails collected $23.52 from pot
*** SUMMARY ***
Total pot $24 | Rake $0.48
Board [6s Ah Qc]
Seat 5: MTails (big blind) collected ($23.52)
Seat 6: habari786 (button) (small blind) folded on the Flop


PokerStars Hand #163178675189:  Hold'em Limit ($3/$6 USD) - 2016/12/19 3:49:58 ET
Table 'Brangane' 6-max Seat #5 is the button
Seat 5: MTails ($128.76 in chips)
Seat 6: habari786 ($48.64 in chips)
MTails: posts small blind $1
habari786: posts big blind $3
*** HOLE CARDS ***
MTails: raises $3 to $6
habari786: calls $3
*** FLOP *** [6s 6h 7s]
habari786: checks
MTails: bets $3
habari786: raises $3 to $6
MTails: calls $3
*** TURN *** [6s 6h 7s] [As]
habari786: checks
MTails: bets $6
habari786: raises $6 to $12
MTails: calls $6
*** RIVER *** [6s 6h 7s As] [Kc]
habari786: bets $6
MTails: calls $6
*** SHOW DOWN ***
habari786: shows [5d 6d] (three of a kind, Sixes)
MTails: mucks hand
habari786 collected $59.50 from pot
*** SUMMARY ***
Total pot $60 | Rake $0.50
Board [6s 6h 7s As Kc]
Seat 5: MTails (button) (small blind) mucked
Seat 6: habari786 (big blind) showed [5d 6d] and won ($59.50) with three of a kind, Sixes


PokerStars Hand #163178685768:  Hold'em Limit ($3/$6 USD) - 2016/12/19 3:50:33 ET
Table 'Brangane' 6-max Seat #5 is the button
Seat 5: MTails ($110.28 in chips)
Seat 6: habari786 ($66.14 in chips)
MTails: posts small blind $1
habari786: posts big blind $3
*** HOLE CARDS ***
jacobkimm joins the table at seat #3
MTails: raises $3 to $6
habari786: folds
Uncalled bet ($3) returned to MTails
MTails collected $6 from pot
*** SUMMARY ***
Total pot $6 | Rake $0
Seat 5: MTails (button) (small blind) collected ($6)
Seat 6: habari786 (big blind) folded before Flop


PokerStars Hand #163181689719:  Hold'em Limit ($3/$6 USD) - 2016/12/19 6:07:44 ET
Table 'Brangane' 6-max Seat #3 is the button
Seat 3: nicmct ($176.55 in chips)
Seat 4: manly70 ($163.17 in chips)
_fayzulllo_ will be allowed to play after the button
nicmct: posts small blind $1
manly70: posts big blind $3
*** HOLE CARDS ***
nicmct: raises $3 to $6
manly70: calls $3
*** FLOP *** [Jc 9h 4s]
manly70: checks
nicmct: bets $3
manly70: calls $3
*** TURN *** [Jc 9h 4s] [Ks]
manly70: checks
nicmct: bets $6
manly70: calls $6
*** RIVER *** [Jc 9h 4s Ks] [9d]
manly70: checks
nicmct: checks
*** SHOW DOWN ***
manly70: shows [8c Qh] (a pair of Nines)
nicmct: shows [Qc Kh] (two pair, Kings and Nines)
nicmct collected $29.50 from pot
*** SUMMARY ***
Total pot $30 | Rake $0.50
Board [Jc 9h 4s Ks 9d]
Seat 3: nicmct (button) (small blind) showed [Qc Kh] and won ($29.50) with two pair, Kings and Nines
Seat 4: manly70 (big blind) showed [8c Qh] and lost with a pair of Nines


PokerStars Hand #163182033240:  Hold'em Limit ($3/$6 USD) - 2016/12/19 6:20:48 ET
Table 'Brangane' 6-max Seat #4 is the button
Seat 3: nicmct ($315.41 in chips)
Seat 4: manly70 ($174.69 in chips)
manly70: posts small blind $1
nicmct: posts big blind $3
*** HOLE CARDS ***
manly70: raises $3 to $6
nicmct: calls $3
*** FLOP *** [As 5d 2h]
nicmct: checks
manly70: bets $3
nicmct: folds
Uncalled bet ($3) returned to manly70
manly70 collected $11.76 from pot
*** SUMMARY ***
Total pot $12 | Rake $0.24
Board [As 5d 2h]
Seat 3: nicmct (big blind) folded on the Flop
Seat 4: manly70 (button) (small blind) collected ($11.76)


PokerStars Hand #163182040214:  Hold'em Limit ($3/$6 USD) - 2016/12/19 6:21:03 ET
Table 'Brangane' 6-max Seat #3 is the button
Seat 3: nicmct ($309.41 in chips)
Seat 4: manly70 ($180.45 in chips)
nicmct: posts small blind $1
manly70: posts big blind $3
*** HOLE CARDS ***
nicmct: raises $3 to $6
manly70: folds
Uncalled bet ($3) returned to nicmct
nicmct collected $6 from pot
*** SUMMARY ***
Total pot $6 | Rake $0
Seat 3: nicmct (button) (small blind) collected ($6)
Seat 4: manly70 (big blind) folded before Flop


