PokerStars Hand #148330595241:  Hold'em Limit ($3/$6 USD) - 2016/02/06 8:56:13 ET
Table 'Brandia III' 6-max Seat #2 is the button
Seat 1: prcko18173 ($157.95 in chips)
Seat 2: SashaYuvelir ($72 in chips)
SashaYuvelir: posts small blind $1
prcko18173: posts big blind $3
*** HOLE CARDS ***
SashaYuvelir: raises $3 to $6
prcko18173: calls $3
*** FLOP *** [As Kc 3d]
prcko18173: checks
SashaYuvelir: bets $3
prcko18173: folds
Uncalled bet ($3) returned to SashaYuvelir
SashaYuvelir collected $11.76 from pot
SashaYuvelir: doesn't show hand
*** SUMMARY ***
Total pot $12 | Rake $0.24
Board [As Kc 3d]
Seat 1: prcko18173 (big blind) folded on the Flop
Seat 2: SashaYuvelir (button) (small blind) collected ($11.76)


PokerStars Hand #148330615061:  Hold'em Limit ($3/$6 USD) - 2016/02/06 8:56:45 ET
Table 'Brandia III' 6-max Seat #1 is the button
Seat 1: prcko18173 ($121.95 in chips)
Seat 2: SashaYuvelir ($107.02 in chips)
prcko18173: posts small blind $1
SashaYuvelir: posts big blind $3
*** HOLE CARDS ***
prcko18173: raises $3 to $6
SashaYuvelir: calls $3
*** FLOP *** [Td 3d Qc]
SashaYuvelir: checks
prcko18173: bets $3
SashaYuvelir: calls $3
*** TURN *** [Td 3d Qc] [Ac]
SashaYuvelir: checks
prcko18173: bets $6
SashaYuvelir: raises $6 to $12
prcko18173: calls $6
*** RIVER *** [Td 3d Qc Ac] [Qh]
SashaYuvelir: bets $6
prcko18173: folds
Uncalled bet ($6) returned to SashaYuvelir
SashaYuvelir collected $41.50 from pot
SashaYuvelir: doesn't show hand
*** SUMMARY ***
Total pot $42 | Rake $0.50
Board [Td 3d Qc Ac Qh]
Seat 1: prcko18173 (button) (small blind) folded on the River
Seat 2: SashaYuvelir (big blind) collected ($41.50)


PokerStars Hand #148330610540:  Hold'em Limit ($3/$6 USD) - 2016/02/06 8:56:38 ET
Table 'Brandia III' 6-max Seat #2 is the button
Seat 1: prcko18173 ($127.95 in chips)
Seat 2: SashaYuvelir ($101.26 in chips)
SashaYuvelir: posts small blind $1
prcko18173: posts big blind $3
*** HOLE CARDS ***
SashaYuvelir: raises $3 to $6
prcko18173: calls $3
*** FLOP *** [Kd 9c 6d]
prcko18173: checks
SashaYuvelir: bets $3
prcko18173: folds
Uncalled bet ($3) returned to SashaYuvelir
SashaYuvelir collected $11.76 from pot
SashaYuvelir: doesn't show hand
*** SUMMARY ***
Total pot $12 | Rake $0.24
Board [Kd 9c 6d]
Seat 1: prcko18173 (big blind) folded on the Flop
Seat 2: SashaYuvelir (button) (small blind) collected ($11.76)


PokerStars Hand #148330600073:  Hold'em Limit ($3/$6 USD) - 2016/02/06 8:56:21 ET
Table 'Brandia III' 6-max Seat #1 is the button
Seat 1: prcko18173 ($151.95 in chips)
Seat 2: SashaYuvelir ($77.76 in chips)
prcko18173: posts small blind $1
SashaYuvelir: posts big blind $3
*** HOLE CARDS ***
prcko18173: raises $3 to $6
SashaYuvelir: calls $3
*** FLOP *** [As 8s Qs]
SashaYuvelir: checks
prcko18173: bets $3
SashaYuvelir: raises $3 to $6
prcko18173: calls $3
*** TURN *** [As 8s Qs] [4c]
SashaYuvelir: bets $6
prcko18173: calls $6
*** RIVER *** [As 8s Qs 4c] [4h]
SashaYuvelir: bets $6
prcko18173: calls $6
*** SHOW DOWN ***
SashaYuvelir: shows [6s 9s] (a flush, Ace high)
prcko18173: mucks hand
SashaYuvelir collected $47.50 from pot
*** SUMMARY ***
Total pot $48 | Rake $0.50
Board [As 8s Qs 4c 4h]
Seat 1: prcko18173 (button) (small blind) mucked
Seat 2: SashaYuvelir (big blind) showed [6s 9s] and won ($47.50) with a flush, Ace high


PokerStars Hand #148330638016:  Hold'em Limit ($3/$6 USD) - 2016/02/06 8:57:23 ET
Table 'Brandia III' 6-max Seat #1 is the button
Seat 1: prcko18173 ($102.59 in chips)
Seat 2: SashaYuvelir ($125.28 in chips)
prcko18173: posts small blind $1
SashaYuvelir: posts big blind $3
*** HOLE CARDS ***
prcko18173: folds
Uncalled bet ($2) returned to SashaYuvelir
SashaYuvelir collected $2 from pot
SashaYuvelir: doesn't show hand
*** SUMMARY ***
Total pot $2 | Rake $0
Seat 1: prcko18173 (button) (small blind) folded before Flop
Seat 2: SashaYuvelir (big blind) collected ($2)


PokerStars Hand #148330632862:  Hold'em Limit ($3/$6 USD) - 2016/02/06 8:57:14 ET
Table 'Brandia III' 6-max Seat #2 is the button
Seat 1: prcko18173 ($108.59 in chips)
Seat 2: SashaYuvelir ($119.52 in chips)
SashaYuvelir: posts small blind $1
prcko18173: posts big blind $3
*** HOLE CARDS ***
SashaYuvelir: raises $3 to $6
prcko18173: calls $3
*** FLOP *** [Ac 8s Ah]
prcko18173: checks
SashaYuvelir: bets $3
prcko18173: folds
Uncalled bet ($3) returned to SashaYuvelir
SashaYuvelir collected $11.76 from pot
SashaYuvelir: doesn't show hand
*** SUMMARY ***
Total pot $12 | Rake $0.24
Board [Ac 8s Ah]
Seat 1: prcko18173 (big blind) folded on the Flop
Seat 2: SashaYuvelir (button) (small blind) collected ($11.76)


PokerStars Hand #148330643508:  Hold'em Limit ($3/$6 USD) - 2016/02/06 8:57:32 ET
Table 'Brandia III' 6-max Seat #1 is the button
Seat 1: prcko18173 ($98.59 in chips)
Seat 2: SashaYuvelir ($129.28 in chips)
prcko18173: posts small blind $1
SashaYuvelir: posts big blind $3
*** HOLE CARDS ***
prcko18173: folds
Uncalled bet ($2) returned to SashaYuvelir
SashaYuvelir collected $2 from pot
SashaYuvelir: doesn't show hand
*** SUMMARY ***
Total pot $2 | Rake $0
Seat 1: prcko18173 (button) (small blind) folded before Flop
Seat 2: SashaYuvelir (big blind) collected ($2)


PokerStars Hand #148330640675:  Hold'em Limit ($3/$6 USD) - 2016/02/06 8:57:27 ET
Table 'Brandia III' 6-max Seat #2 is the button
Seat 1: prcko18173 ($101.59 in chips)
Seat 2: SashaYuvelir ($126.28 in chips)
SashaYuvelir: posts small blind $1
prcko18173: posts big blind $3
*** HOLE CARDS ***
SashaYuvelir: raises $3 to $6
LolDnkaments joins the table at seat #3
prcko18173: folds
Uncalled bet ($3) returned to SashaYuvelir
SashaYuvelir collected $6 from pot
SashaYuvelir: doesn't show hand
*** SUMMARY ***
Total pot $6 | Rake $0
Seat 1: prcko18173 (big blind) folded before Flop
Seat 2: SashaYuvelir (button) (small blind) collected ($6)


PokerStars Hand #148330630062:  Hold'em Limit ($3/$6 USD) - 2016/02/06 8:57:10 ET
Table 'Brandia III' 6-max Seat #1 is the button
Seat 1: prcko18173 ($109.59 in chips)
Seat 2: SashaYuvelir ($118.52 in chips)
prcko18173: posts small blind $1
SashaYuvelir: posts big blind $3
*** HOLE CARDS ***
prcko18173: folds
Uncalled bet ($2) returned to SashaYuvelir
SashaYuvelir collected $2 from pot
SashaYuvelir: doesn't show hand
*** SUMMARY ***
Total pot $2 | Rake $0
Seat 1: prcko18173 (button) (small blind) folded before Flop
Seat 2: SashaYuvelir (big blind) collected ($2)


PokerStars Hand #148330623663:  Hold'em Limit ($3/$6 USD) - 2016/02/06 8:56:59 ET
Table 'Brandia III' 6-max Seat #2 is the button
Seat 1: prcko18173 ($100.95 in chips)
Seat 2: SashaYuvelir ($127.52 in chips)
SashaYuvelir: posts small blind $1
prcko18173: posts big blind $3
*** HOLE CARDS ***
SashaYuvelir: raises $3 to $6
prcko18173: calls $3
*** FLOP *** [Td 5h Js]
prcko18173: checks
SashaYuvelir: bets $3
prcko18173: raises $3 to $6
SashaYuvelir: folds
Uncalled bet ($3) returned to prcko18173
prcko18173 collected $17.64 from pot
prcko18173: doesn't show hand
*** SUMMARY ***
Total pot $18 | Rake $0.36
Board [Td 5h Js]
Seat 1: prcko18173 (big blind) collected ($17.64)
Seat 2: SashaYuvelir (button) (small blind) folded on the Flop


PokerStars Hand #148332989303:  Hold'em Limit ($3/$6 USD) - 2016/02/06 9:48:19 ET
Table 'Brandia III' 6-max Seat #6 is the button
Seat 1: prcko18173 ($96.89 in chips)
Seat 6: Chessnok ($135.47 in chips)
Chessnok: posts small blind $1
prcko18173: posts big blind $3
*** HOLE CARDS ***
Chessnok: raises $3 to $6
prcko18173: calls $3
*** FLOP *** [7c Tc 4c]
prcko18173: checks
Chessnok: bets $3
prcko18173: folds
Uncalled bet ($3) returned to Chessnok
Chessnok collected $11.76 from pot
Chessnok: doesn't show hand
*** SUMMARY ***
Total pot $12 | Rake $0.24
Board [7c Tc 4c]
Seat 1: prcko18173 (big blind) folded on the Flop
Seat 6: Chessnok (button) (small blind) collected ($11.76)


PokerStars Hand #148332985394:  Hold'em Limit ($3/$6 USD) - 2016/02/06 9:48:14 ET
Table 'Brandia III' 6-max Seat #1 is the button
Seat 1: prcko18173 ($97.89 in chips)
Seat 6: Chessnok ($134.47 in chips)
prcko18173: posts small blind $1
Chessnok: posts big blind $3
*** HOLE CARDS ***
prcko18173: folds
Uncalled bet ($2) returned to Chessnok
Chessnok collected $2 from pot
Chessnok: doesn't show hand
*** SUMMARY ***
Total pot $2 | Rake $0
Seat 1: prcko18173 (button) (small blind) folded before Flop
Seat 6: Chessnok (big blind) collected ($2)


PokerStars Hand #148332981653:  Hold'em Limit ($3/$6 USD) - 2016/02/06 9:48:10 ET
Table 'Brandia III' 6-max Seat #6 is the button
Seat 1: prcko18173 ($96.89 in chips)
Seat 6: Chessnok ($135.47 in chips)
Chessnok: posts small blind $1
prcko18173: posts big blind $3
*** HOLE CARDS ***
Chessnok: folds
Uncalled bet ($2) returned to prcko18173
prcko18173 collected $2 from pot
prcko18173: doesn't show hand
*** SUMMARY ***
Total pot $2 | Rake $0
Seat 1: prcko18173 (big blind) collected ($2)
Seat 6: Chessnok (button) (small blind) folded before Flop


PokerStars Hand #148332971524:  Hold'em Limit ($3/$6 USD) - 2016/02/06 9:47:59 ET
Table 'Brandia III' 6-max Seat #1 is the button
Seat 1: prcko18173 ($91.13 in chips)
Seat 6: Chessnok ($141.47 in chips)
prcko18173: posts small blind $1
SashaYuvelir: is sitting out
LolDnkaments: is sitting out
LolDnkaments leaves the table
Chessnok: posts big blind $3
*** HOLE CARDS ***
prcko18173: raises $3 to $6
Chessnok: calls $3
*** FLOP *** [6h Qh As]
Chessnok: checks
prcko18173: bets $3
Chessnok: folds
Uncalled bet ($3) returned to prcko18173
prcko18173 collected $11.76 from pot
prcko18173: doesn't show hand
*** SUMMARY ***
Total pot $12 | Rake $0.24
Board [6h Qh As]
Seat 1: prcko18173 (button) (small blind) collected ($11.76)
Seat 6: Chessnok (big blind) folded on the Flop


PokerStars Hand #148337687153:  Hold'em Limit ($3/$6 USD) - 2016/02/06 11:21:24 ET
Table 'Brandia III' 6-max Seat #2 is the button
Seat 2: Pokali ($334.34 in chips)
Seat 3: d3w1l ($103.61 in chips)
Pokali: posts small blind $1
d3w1l: posts big blind $3
*** HOLE CARDS ***
Pokali: folds
Uncalled bet ($2) returned to d3w1l
d3w1l collected $2 from pot
*** SUMMARY ***
Total pot $2 | Rake $0
Seat 2: Pokali (button) (small blind) folded before Flop
Seat 3: d3w1l (big blind) collected ($2)


PokerStars Hand #148342316308:  Hold'em Limit ($3/$6 USD) - 2016/02/06 12:46:17 ET
Table 'Brandia III' 6-max Seat #2 is the button
Seat 1: Dok2920 ($258.48 in chips)
Seat 2: Pokali ($308.12 in chips)
Pokali: posts small blind $1
Dok2920: posts big blind $3
*** HOLE CARDS ***
Pokali: folds
Uncalled bet ($2) returned to Dok2920
Dok2920 collected $2 from pot
*** SUMMARY ***
Total pot $2 | Rake $0
Seat 1: Dok2920 (big blind) collected ($2)
Seat 2: Pokali (button) (small blind) folded before Flop


PokerStars Hand #148342305911:  Hold'em Limit ($3/$6 USD) - 2016/02/06 12:46:06 ET
Table 'Brandia III' 6-max Seat #1 is the button
Seat 1: Dok2920 ($240.98 in chips)
Seat 2: Pokali ($326.12 in chips)
Dok2920: posts small blind $1
Pokali: posts big blind $3
*** HOLE CARDS ***
Dok2920: raises $3 to $6
Pokali: raises $3 to $9
Dok2920: calls $3
*** FLOP *** [Kd 2h 5d]
Pokali: bets $3
Dok2920: calls $3
*** TURN *** [Kd 2h 5d] [7c]
Pokali: bets $6
Dok2920: raises $6 to $12
Pokali: folds
Uncalled bet ($6) returned to Dok2920
Dok2920 collected $35.50 from pot
*** SUMMARY ***
Total pot $36 | Rake $0.50
Board [Kd 2h 5d 7c]
Seat 1: Dok2920 (button) (small blind) collected ($35.50)
Seat 2: Pokali (big blind) folded on the Turn


PokerStars Hand #148342289514:  Hold'em Limit ($3/$6 USD) - 2016/02/06 12:45:48 ET
Table 'Brandia III' 6-max Seat #2 is the button
Seat 1: Dok2920 ($235.98 in chips)
Seat 2: Pokali ($331.12 in chips)
Pokali: posts small blind $1
Dok2920: posts big blind $3
*** HOLE CARDS ***
Pokali: folds
Uncalled bet ($2) returned to Dok2920
Dok2920 collected $2 from pot
*** SUMMARY ***
Total pot $2 | Rake $0
Seat 1: Dok2920 (big blind) collected ($2)
Seat 2: Pokali (button) (small blind) folded before Flop


PokerStars Hand #148342302199:  Hold'em Limit ($3/$6 USD) - 2016/02/06 12:46:02 ET
Table 'Brandia III' 6-max Seat #2 is the button
Seat 1: Dok2920 ($239.98 in chips)
Seat 2: Pokali ($327.12 in chips)
Pokali: posts small blind $1
Dok2920: posts big blind $3
*** HOLE CARDS ***
Pokali: folds
Uncalled bet ($2) returned to Dok2920
Dok2920 collected $2 from pot
*** SUMMARY ***
Total pot $2 | Rake $0
Seat 1: Dok2920 (big blind) collected ($2)
Seat 2: Pokali (button) (small blind) folded before Flop


PokerStars Hand #148342324396:  Hold'em Limit ($3/$6 USD) - 2016/02/06 12:46:26 ET
Table 'Brandia III' 6-max Seat #2 is the button
Seat 1: Dok2920 ($258.48 in chips)
Seat 2: Pokali ($308.12 in chips)
Pokali: posts small blind $1
Dok2920: posts big blind $3
*** HOLE CARDS ***
Pokali: raises $3 to $6
Dok2920: calls $3
*** FLOP *** [6c 3s 2d]
Dok2920: checks
Pokali: bets $3
Dok2920: folds
Uncalled bet ($3) returned to Pokali
Pokali collected $11.76 from pot
Pokali: doesn't show hand
*** SUMMARY ***
Total pot $12 | Rake $0.24
Board [6c 3s 2d]
Seat 1: Dok2920 (big blind) folded on the Flop
Seat 2: Pokali (button) (small blind) collected ($11.76)


