PokerStars Hand #159069324559:  Hold'em Limit ($3/$6 USD) - 2016/09/25 9:34:39 ET
Table 'Brangane' 6-max Seat #2 is the button
Seat 1: Holla-eller? ($79.58 in chips)
Seat 2: belik555 ($72 in chips)
belik555: posts small blind $1
YseRussia joins the table at seat #6
Agrotait: is sitting out
Holla-eller?: posts big blind $3
*** HOLE CARDS ***
belik555: raises $3 to $6
Agrotait leaves the table
Holla-eller?: folds
Uncalled bet ($3) returned to belik555
belik555 collected $6 from pot
belik555: doesn't show hand
*** SUMMARY ***
Total pot $6 | Rake $0
Seat 1: Holla-eller? (big blind) folded before Flop
Seat 2: belik555 (button) (small blind) collected ($6)


PokerStars Hand #159069337600:  Hold'em Limit ($3/$6 USD) - 2016/09/25 9:35:00 ET
Table 'Brangane' 6-max Seat #1 is the button
Seat 1: Holla-eller? ($76.58 in chips)
Seat 2: belik555 ($75 in chips)
Holla-eller?: posts small blind $1
belik555: posts big blind $3
*** HOLE CARDS ***
Holla-eller?: raises $3 to $6
belik555: raises $3 to $9
Holla-eller?: calls $3
*** FLOP *** [Ah Td As]
belik555: bets $3
Holla-eller?: raises $3 to $6
belik555: calls $3
*** TURN *** [Ah Td As] [4h]
belik555: checks
Holla-eller?: bets $6
belik555: folds
Uncalled bet ($6) returned to Holla-eller?
Holla-eller? collected $29.50 from pot
Holla-eller?: doesn't show hand
LolDnkaments joins the table at seat #3
*** SUMMARY ***
Total pot $30 | Rake $0.50
Board [Ah Td As 4h]
Seat 1: Holla-eller? (button) (small blind) collected ($29.50)
Seat 2: belik555 (big blind) folded on the Turn


PokerStars Hand #159069820684:  Hold'em Limit ($3/$6 USD) - 2016/09/25 9:47:41 ET
Table 'Brangane' 6-max Seat #1 is the button
Seat 1: Holla-eller? ($178.55 in chips)
Seat 3: LolDnkaments ($97.76 in chips)
Holla-eller?: posts small blind $1
belik555: is sitting out
LolDnkaments: posts big blind $3
*** HOLE CARDS ***
Holla-eller?: raises $3 to $6
belik555 leaves the table
LolDnkaments: raises $3 to $9
Holla-eller?: calls $3
*** FLOP *** [Jh Qc 9h]
LolDnkaments: bets $3
Holla-eller?: calls $3
*** TURN *** [Jh Qc 9h] [Jd]
LolDnkaments: bets $6
Holla-eller?: folds
Uncalled bet ($6) returned to LolDnkaments
LolDnkaments collected $23.52 from pot
LolDnkaments: doesn't show hand
*** SUMMARY ***
Total pot $24 | Rake $0.48
Board [Jh Qc 9h Jd]
Seat 1: Holla-eller? (button) (small blind) folded on the Turn
Seat 3: LolDnkaments (big blind) collected ($23.52)


PokerStars Hand #159069847128:  Hold'em Limit ($3/$6 USD) - 2016/09/25 9:48:21 ET
Table 'Brangane' 6-max Seat #1 is the button
Seat 1: Holla-eller? ($184.05 in chips)
Seat 3: LolDnkaments ($91.28 in chips)
Holla-eller?: posts small blind $1
LolDnkaments: posts big blind $3
*** HOLE CARDS ***
Holla-eller?: raises $3 to $6
LolDnkaments: calls $3
*** FLOP *** [8s Tc 6s]
LolDnkaments: checks
Holla-eller?: bets $3
LolDnkaments: raises $3 to $6
Holla-eller?: folds
Uncalled bet ($3) returned to LolDnkaments
LolDnkaments collected $17.64 from pot
LolDnkaments: doesn't show hand
*** SUMMARY ***
Total pot $18 | Rake $0.36
Board [8s Tc 6s]
Seat 1: Holla-eller? (button) (small blind) folded on the Flop
Seat 3: LolDnkaments (big blind) collected ($17.64)


PokerStars Hand #159069869765:  Hold'em Limit ($3/$6 USD) - 2016/09/25 9:48:57 ET
Table 'Brangane' 6-max Seat #1 is the button
Seat 1: Holla-eller? ($172.05 in chips)
Seat 3: LolDnkaments ($102.92 in chips)
Holla-eller?: posts small blind $1
LolDnkaments: posts big blind $3
*** HOLE CARDS ***
Holla-eller?: folds
Uncalled bet ($2) returned to LolDnkaments
LolDnkaments collected $2 from pot
LolDnkaments: doesn't show hand
*** SUMMARY ***
Total pot $2 | Rake $0
Seat 1: Holla-eller? (button) (small blind) folded before Flop
Seat 3: LolDnkaments (big blind) collected ($2)


PokerStars Hand #159069860927:  Hold'em Limit ($3/$6 USD) - 2016/09/25 9:48:43 ET
Table 'Brangane' 6-max Seat #3 is the button
Seat 1: Holla-eller? ($175.05 in chips)
Seat 3: LolDnkaments ($99.92 in chips)
LolDnkaments: posts small blind $1
Holla-eller?: posts big blind $3
*** HOLE CARDS ***
LolDnkaments: raises $3 to $6
Holla-eller?: folds
Uncalled bet ($3) returned to LolDnkaments
LolDnkaments collected $6 from pot
LolDnkaments: doesn't show hand
*** SUMMARY ***
Total pot $6 | Rake $0
Seat 1: Holla-eller? (big blind) folded before Flop
Seat 3: LolDnkaments (button) (small blind) collected ($6)


PokerStars Hand #159069832551:  Hold'em Limit ($3/$6 USD) - 2016/09/25 9:47:58 ET
Table 'Brangane' 6-max Seat #3 is the button
Seat 1: Holla-eller? ($166.55 in chips)
Seat 3: LolDnkaments ($109.28 in chips)
LolDnkaments: posts small blind $1
Holla-eller?: posts big blind $3
*** HOLE CARDS ***
LolDnkaments: raises $3 to $6
Holla-eller?: raises $3 to $9
LolDnkaments: calls $3
*** FLOP *** [8h 8s 5d]
Holla-eller?: bets $3
LolDnkaments: calls $3
*** TURN *** [8h 8s 5d] [7d]
Holla-eller?: bets $6
LolDnkaments: calls $6
*** RIVER *** [8h 8s 5d 7d] [7c]
Holla-eller?: checks
LolDnkaments: checks
*** SHOW DOWN ***
Holla-eller?: shows [Qd Ad] (two pair, Eights and Sevens)
LolDnkaments: mucks hand
Holla-eller? collected $35.50 from pot
*** SUMMARY ***
Total pot $36 | Rake $0.50
Board [8h 8s 5d 7d 7c]
Seat 1: Holla-eller? (big blind) showed [Qd Ad] and won ($35.50) with two pair, Eights and Sevens
Seat 3: LolDnkaments (button) (small blind) mucked


PokerStars Hand #159069873242:  Hold'em Limit ($3/$6 USD) - 2016/09/25 9:49:03 ET
Table 'Brangane' 6-max Seat #3 is the button
Seat 1: Holla-eller? ($171.05 in chips)
Seat 3: LolDnkaments ($103.92 in chips)
LolDnkaments: posts small blind $1
Holla-eller?: posts big blind $3
*** HOLE CARDS ***
LolDnkaments: raises $3 to $6
Holla-eller?: raises $3 to $9
LolDnkaments: calls $3
*** FLOP *** [2d Qs 4c]
Holla-eller?: bets $3
LolDnkaments: calls $3
*** TURN *** [2d Qs 4c] [3h]
Holla-eller?: checks
LolDnkaments: bets $6
Holla-eller?: calls $6
*** RIVER *** [2d Qs 4c 3h] [2s]
Holla-eller?: checks
LolDnkaments: bets $6
Holla-eller?: calls $6
*** SHOW DOWN ***
LolDnkaments: shows [Ah 2h] (three of a kind, Deuces)
Holla-eller?: mucks hand
LolDnkaments collected $47.50 from pot
*** SUMMARY ***
Total pot $48 | Rake $0.50
Board [2d Qs 4c 3h 2s]
Seat 1: Holla-eller? (big blind) mucked
Seat 3: LolDnkaments (button) (small blind) showed [Ah 2h] and won ($47.50) with three of a kind, Deuces


PokerStars Hand #159069886408:  Hold'em Limit ($3/$6 USD) - 2016/09/25 9:49:23 ET
Table 'Brangane' 6-max Seat #1 is the button
Seat 1: Holla-eller? ($147.05 in chips)
Seat 3: LolDnkaments ($127.42 in chips)
Holla-eller?: posts small blind $1
LolDnkaments: posts big blind $3
*** HOLE CARDS ***
Holla-eller?: raises $3 to $6
LolDnkaments: raises $3 to $9
Holla-eller?: raises $3 to $12
Betting is capped
LolDnkaments: calls $3
*** FLOP *** [5d 9s Kd]
LolDnkaments: checks
Holla-eller?: checks
*** TURN *** [5d 9s Kd] [6h]
LolDnkaments: bets $6
Holla-eller?: raises $6 to $12
LolDnkaments: calls $6
*** RIVER *** [5d 9s Kd 6h] [8c]
LolDnkaments: checks
Holla-eller?: bets $6
LolDnkaments: calls $6
*** SHOW DOWN ***
Holla-eller?: shows [Ks Qd] (a pair of Kings)
LolDnkaments: mucks hand
Holla-eller? collected $59.50 from pot
*** SUMMARY ***
Total pot $60 | Rake $0.50
Board [5d 9s Kd 6h 8c]
Seat 1: Holla-eller? (button) (small blind) showed [Ks Qd] and won ($59.50) with a pair of Kings
Seat 3: LolDnkaments (big blind) mucked


PokerStars Hand #159069898222:  Hold'em Limit ($3/$6 USD) - 2016/09/25 9:49:42 ET
Table 'Brangane' 6-max Seat #3 is the button
Seat 1: Holla-eller? ($176.55 in chips)
Seat 3: LolDnkaments ($97.42 in chips)
LolDnkaments: posts small blind $1
Holla-eller?: posts big blind $3
*** HOLE CARDS ***
LolDnkaments: raises $3 to $6
Holla-eller?: raises $3 to $9
LolDnkaments: calls $3
*** FLOP *** [5h Ac 5d]
Holla-eller?: checks
LolDnkaments: bets $3
Holla-eller?: folds
Uncalled bet ($3) returned to LolDnkaments
LolDnkaments collected $17.64 from pot
LolDnkaments: doesn't show hand
*** SUMMARY ***
Total pot $18 | Rake $0.36
Board [5h Ac 5d]
Seat 1: Holla-eller? (big blind) folded on the Flop
Seat 3: LolDnkaments (button) (small blind) collected ($17.64)


PokerStars Hand #159069910795:  Hold'em Limit ($3/$6 USD) - 2016/09/25 9:50:03 ET
Table 'Brangane' 6-max Seat #1 is the button
Seat 1: Holla-eller? ($167.55 in chips)
Seat 3: LolDnkaments ($106.06 in chips)
Holla-eller?: posts small blind $1
LolDnkaments: posts big blind $3
*** HOLE CARDS ***
Holla-eller?: folds
Uncalled bet ($2) returned to LolDnkaments
LolDnkaments collected $2 from pot
LolDnkaments: doesn't show hand
*** SUMMARY ***
Total pot $2 | Rake $0
Seat 1: Holla-eller? (button) (small blind) folded before Flop
Seat 3: LolDnkaments (big blind) collected ($2)


PokerStars Hand #159069913647:  Hold'em Limit ($3/$6 USD) - 2016/09/25 9:50:07 ET
Table 'Brangane' 6-max Seat #3 is the button
Seat 1: Holla-eller? ($166.55 in chips)
Seat 3: LolDnkaments ($107.06 in chips)
LolDnkaments: posts small blind $1
Holla-eller?: posts big blind $3
*** HOLE CARDS ***
LolDnkaments: raises $3 to $6
Holla-eller?: raises $3 to $9
LolDnkaments: calls $3
*** FLOP *** [Kc 5s Ac]
Holla-eller?: bets $3
LolDnkaments: calls $3
*** TURN *** [Kc 5s Ac] [2h]
Holla-eller?: checks
LolDnkaments: checks
*** RIVER *** [Kc 5s Ac 2h] [3s]
Holla-eller?: bets $6
LolDnkaments: calls $6
*** SHOW DOWN ***
Holla-eller?: shows [As 2c] (two pair, Aces and Deuces)
LolDnkaments: mucks hand
Holla-eller? collected $35.50 from pot
*** SUMMARY ***
Total pot $36 | Rake $0.50
Board [Kc 5s Ac 2h 3s]
Seat 1: Holla-eller? (big blind) showed [As 2c] and won ($35.50) with two pair, Aces and Deuces
Seat 3: LolDnkaments (button) (small blind) mucked


PokerStars Hand #159069926526:  Hold'em Limit ($3/$6 USD) - 2016/09/25 9:50:28 ET
Table 'Brangane' 6-max Seat #1 is the button
Seat 1: Holla-eller? ($184.05 in chips)
Seat 3: LolDnkaments ($89.06 in chips)
Holla-eller?: posts small blind $1
LolDnkaments: posts big blind $3
*** HOLE CARDS ***
Holla-eller?: raises $3 to $6
LolDnkaments: calls $3
*** FLOP *** [Ks 5s 8s]
LolDnkaments: checks
Holla-eller?: bets $3
miezemuis joins the table at seat #4
LolDnkaments: folds
Uncalled bet ($3) returned to Holla-eller?
Holla-eller? collected $11.76 from pot
Holla-eller?: doesn't show hand
*** SUMMARY ***
Total pot $12 | Rake $0.24
Board [Ks 5s 8s]
Seat 1: Holla-eller? (button) (small blind) collected ($11.76)
Seat 3: LolDnkaments (big blind) folded on the Flop


PokerStars Hand #159069994795:  Hold'em Limit ($3/$6 USD) - 2016/09/25 9:52:18 ET
Table 'Brangane' 6-max Seat #3 is the button
Seat 2: Agrotait ($65.28 in chips)
Seat 3: LolDnkaments ($92.92 in chips)
LolDnkaments: posts small blind $1
Holla-eller?: is sitting out
Agrotait: posts big blind $3
*** HOLE CARDS ***
Holla-eller? leaves the table
LolDnkaments: folds
Uncalled bet ($2) returned to Agrotait
Agrotait collected $2 from pot
Agrotait: doesn't show hand
*** SUMMARY ***
Total pot $2 | Rake $0
Seat 2: Agrotait (big blind) collected ($2)
Seat 3: LolDnkaments (button) (small blind) folded before Flop


