PokerStars Hand #148997720956:  Hold'em Limit ($3/$6 USD) - 2016/02/18 3:16:01 ET
Table 'Brangane II' 6-max Seat #1 is the button
Seat 1: manly70 ($36.23 in chips)
Seat 4: Agrotait ($87.50 in chips)
manly70: posts small blind $1
Agrotait: posts big blind $3
*** HOLE CARDS ***
manly70: raises $3 to $6
wuck249 joins the table at seat #3
Agrotait: calls $3
*** FLOP *** [5s 8h 2s]
Agrotait: checks
manly70: checks
*** TURN *** [5s 8h 2s] [6s]
Agrotait: bets $6
manly70: calls $6
*** RIVER *** [5s 8h 2s 6s] [Qc]
Ale4o joins the table at seat #2
Agrotait: bets $6
manly70: folds
Uncalled bet ($6) returned to Agrotait
Agrotait collected $23.52 from pot
Agrotait: doesn't show hand
*** SUMMARY ***
Total pot $24 | Rake $0.48
Board [5s 8h 2s 6s Qc]
Seat 1: manly70 (button) (small blind) folded on the River
Seat 4: Agrotait (big blind) collected ($23.52)


PokerStars Hand #148997709777:  Hold'em Limit ($3/$6 USD) - 2016/02/18 3:15:28 ET
Table 'Brangane II' 6-max Seat #4 is the button
Seat 1: manly70 ($51.23 in chips)
Seat 4: Agrotait ($73 in chips)
Agrotait: posts small blind $1
manly70: posts big blind $3
*** HOLE CARDS ***
Agrotait: raises $3 to $6
manly70: calls $3
*** FLOP *** [Qd Ts Jd]
manly70: checks
Agrotait: bets $3
manly70: calls $3
*** TURN *** [Qd Ts Jd] [7c]
manly70: checks
Agrotait: bets $6
manly70: calls $6
*** RIVER *** [Qd Ts Jd 7c] [Jc]
manly70: checks
Agrotait: bets $6
manly70: folds
Uncalled bet ($6) returned to Agrotait
Agrotait collected $29.50 from pot
Agrotait: doesn't show hand
*** SUMMARY ***
Total pot $30 | Rake $0.50
Board [Qd Ts Jd 7c Jc]
Seat 1: manly70 (big blind) folded on the River
Seat 4: Agrotait (button) (small blind) collected ($29.50)


PokerStars Hand #148997731908:  Hold'em Limit ($3/$6 USD) - 2016/02/18 3:16:34 ET
Table 'Brangane II' 6-max Seat #4 is the button
Seat 1: manly70 ($24.23 in chips)
Seat 4: Agrotait ($99.02 in chips)
Agrotait: posts small blind $1
manly70: posts big blind $3
*** HOLE CARDS ***
Agrotait: raises $3 to $6
manly70: calls $3
*** FLOP *** [Jd Th 3h]
manly70: checks
Agrotait: bets $3
manly70: folds
Uncalled bet ($3) returned to Agrotait
Agrotait collected $11.76 from pot
Agrotait: doesn't show hand
*** SUMMARY ***
Total pot $12 | Rake $0.24
Board [Jd Th 3h]
Seat 1: manly70 (big blind) folded on the Flop
Seat 4: Agrotait (button) (small blind) collected ($11.76)


PokerStars Hand #148997786056:  Hold'em Limit ($3/$6 USD) - 2016/02/18 3:19:16 ET
Table 'Brangane II' 6-max Seat #3 is the button
Seat 3: wuck249 ($133.50 in chips)
Seat 4: Agrotait ($111.86 in chips)
wuck249: posts small blind $1
Agrotait: posts big blind $3
*** HOLE CARDS ***
wuck249: folds
Uncalled bet ($2) returned to Agrotait
Agrotait collected $2 from pot
Agrotait: doesn't show hand
*** SUMMARY ***
Total pot $2 | Rake $0
Seat 3: wuck249 (button) (small blind) folded before Flop
Seat 4: Agrotait (big blind) collected ($2)


PokerStars Hand #148997774283:  Hold'em Limit ($3/$6 USD) - 2016/02/18 3:18:41 ET
Table 'Brangane II' 6-max Seat #4 is the button
Seat 3: wuck249 ($116 in chips)
Seat 4: Agrotait ($129.86 in chips)
Agrotait: posts small blind $1
Ale4o: is sitting out
wuck249: posts big blind $3
*** HOLE CARDS ***
Agrotait: raises $3 to $6
Ale4o leaves the table
wuck249: calls $3
*** FLOP *** [9d 4h 6s]
wuck249: checks
Agrotait: checks
*** TURN *** [9d 4h 6s] [6h]
wuck249: bets $6
Agrotait: calls $6
*** RIVER *** [9d 4h 6s 6h] [4c]
Ale4o joins the table at seat #2
wuck249: bets $6
Agrotait: calls $6
*** SHOW DOWN ***
wuck249: shows [7s 9h] (two pair, Nines and Sixes)
Agrotait: mucks hand
wuck249 collected $35.50 from pot
*** SUMMARY ***
Total pot $36 | Rake $0.50
Board [9d 4h 6s 6h 4c]
Seat 3: wuck249 (big blind) showed [7s 9h] and won ($35.50) with two pair, Nines and Sixes
Seat 4: Agrotait (button) (small blind) mucked


PokerStars Hand #148999135537:  Hold'em Limit ($3/$6 USD) - 2016/02/18 4:20:54 ET
Table 'Brangane II' 6-max Seat #6 is the button
Seat 5: sailence ($105.94 in chips)
Seat 6: gazzzzzza ($93 in chips)
gazzzzzza: posts small blind $1
Agrotait: is sitting out
sailence: posts big blind $3
*** HOLE CARDS ***
gazzzzzza: raises $3 to $6
Agrotait leaves the table
sailence: calls $3
*** FLOP *** [2d 7h As]
sailence: checks
gazzzzzza: bets $3
sailence: calls $3
*** TURN *** [2d 7h As] [Ac]
sailence: checks
gazzzzzza: bets $6
sailence: folds
Uncalled bet ($6) returned to gazzzzzza
gazzzzzza collected $17.64 from pot
*** SUMMARY ***
Total pot $18 | Rake $0.36
Board [2d 7h As Ac]
Seat 5: sailence (big blind) folded on the Turn
Seat 6: gazzzzzza (button) (small blind) collected ($17.64)


PokerStars Hand #148999144608:  Hold'em Limit ($3/$6 USD) - 2016/02/18 4:21:17 ET
Table 'Brangane II' 6-max Seat #5 is the button
Seat 5: sailence ($96.94 in chips)
Seat 6: gazzzzzza ($101.64 in chips)
sailence: posts small blind $1
gazzzzzza: posts big blind $3
*** HOLE CARDS ***
sailence: raises $3 to $6
gazzzzzza: folds
Uncalled bet ($3) returned to sailence
sailence collected $6 from pot
sailence: doesn't show hand
*** SUMMARY ***
Total pot $6 | Rake $0
Seat 5: sailence (button) (small blind) collected ($6)
Seat 6: gazzzzzza (big blind) folded before Flop


PokerStars Hand #148999148865:  Hold'em Limit ($3/$6 USD) - 2016/02/18 4:21:28 ET
Table 'Brangane II' 6-max Seat #6 is the button
Seat 5: sailence ($99.94 in chips)
Seat 6: gazzzzzza ($98.64 in chips)
gazzzzzza: posts small blind $1
sailence: posts big blind $3
*** HOLE CARDS ***
gazzzzzza: folds
Uncalled bet ($2) returned to sailence
Siwy56 joins the table at seat #4
sailence collected $2 from pot
sailence: doesn't show hand
*** SUMMARY ***
Total pot $2 | Rake $0
Seat 5: sailence (big blind) collected ($2)
Seat 6: gazzzzzza (button) (small blind) folded before Flop


PokerStars Hand #149000666563:  Hold'em Limit ($3/$6 USD) - 2016/02/18 5:21:59 ET
Table 'Brangane II' 6-max Seat #6 is the button
Seat 3: boarcastle ($120 in chips)
Seat 6: gazzzzzza ($95.06 in chips)
gazzzzzza: posts small blind $1
boarcastle: posts big blind $3
*** HOLE CARDS ***
gazzzzzza: raises $3 to $6
boarcastle: raises $3 to $9
gazzzzzza: calls $3
*** FLOP *** [4s 5s Th]
boarcastle: bets $3
gazzzzzza: calls $3
*** TURN *** [4s 5s Th] [7d]
boarcastle: checks
gazzzzzza: bets $6
boarcastle: calls $6
*** RIVER *** [4s 5s Th 7d] [7c]
boarcastle: checks
gazzzzzza: checks
*** SHOW DOWN ***
boarcastle: shows [Ah Qs] (a pair of Sevens)
gazzzzzza: mucks hand
boarcastle collected $35.50 from pot
*** SUMMARY ***
Total pot $36 | Rake $0.50
Board [4s 5s Th 7d 7c]
Seat 3: boarcastle (big blind) showed [Ah Qs] and won ($35.50) with a pair of Sevens
Seat 6: gazzzzzza (button) (small blind) mucked


