PokerStars Hand #152697735162:  Hold'em Limit ($3/$6 USD) - 2016/05/01 7:27:38 ET
Table 'Brangane' 6-max Seat #4 is the button
Seat 3: 5PRUT5 ($33 in chips)
Seat 4: Airbag999 ($121 in chips)
Airbag999: posts small blind $1
5PRUT5: posts big blind $3
*** HOLE CARDS ***
Airbag999: raises $3 to $6
5PRUT5: raises $3 to $9
Airbag999: calls $3
*** FLOP *** [7h Th 8c]
5PRUT5: bets $3
Airbag999: calls $3
*** TURN *** [7h Th 8c] [5c]
5PRUT5: bets $6
Airbag999: calls $6
*** RIVER *** [7h Th 8c 5c] [Qh]
5PRUT5: bets $6
Airbag999: calls $6
*** SHOW DOWN ***
5PRUT5: shows [Ah 5s] (a pair of Fives)
Airbag999: mucks hand
5PRUT5 collected $47.50 from pot
*** SUMMARY ***
Total pot $48 | Rake $0.50
Board [7h Th 8c 5c Qh]
Seat 3: 5PRUT5 (big blind) showed [Ah 5s] and won ($47.50) with a pair of Fives
Seat 4: Airbag999 (button) (small blind) mucked


PokerStars Hand #152697767706:  Hold'em Limit ($3/$6 USD) - 2016/05/01 7:28:48 ET
Table 'Brangane' 6-max Seat #3 is the button
Seat 3: 5PRUT5 ($48.26 in chips)
Seat 4: Airbag999 ($133.52 in chips)
5PRUT5: posts small blind $1
Airbag999: posts big blind $3
*** HOLE CARDS ***
5PRUT5: raises $3 to $6
Airbag999: folds
Uncalled bet ($3) returned to 5PRUT5
5PRUT5 collected $6 from pot
5PRUT5: doesn't show hand
*** SUMMARY ***
Total pot $6 | Rake $0
Seat 3: 5PRUT5 (button) (small blind) collected ($6)
Seat 4: Airbag999 (big blind) folded before Flop


PokerStars Hand #152697762545:  Hold'em Limit ($3/$6 USD) - 2016/05/01 7:28:37 ET
Table 'Brangane' 6-max Seat #4 is the button
Seat 3: 5PRUT5 ($47.26 in chips)
Seat 4: Airbag999 ($134.52 in chips)
Airbag999: posts small blind $1
5PRUT5: posts big blind $3
*** HOLE CARDS ***
Airbag999: folds
Uncalled bet ($2) returned to 5PRUT5
5PRUT5 collected $2 from pot
5PRUT5: doesn't show hand
*** SUMMARY ***
Total pot $2 | Rake $0
Seat 3: 5PRUT5 (big blind) collected ($2)
Seat 4: Airbag999 (button) (small blind) folded before Flop


PokerStars Hand #152697754552:  Hold'em Limit ($3/$6 USD) - 2016/05/01 7:28:20 ET
Table 'Brangane' 6-max Seat #3 is the button
Seat 3: 5PRUT5 ($59.26 in chips)
Seat 4: Airbag999 ($123 in chips)
5PRUT5: posts small blind $1
Airbag999: posts big blind $3
*** HOLE CARDS ***
5PRUT5: raises $3 to $6
Airbag999: calls $3
*** FLOP *** [8d 9c Jh]
Airbag999: checks
5PRUT5: checks
*** TURN *** [8d 9c Jh] [Jc]
Airbag999: bets $6
5PRUT5: calls $6
*** RIVER *** [8d 9c Jh Jc] [3h]
Airbag999: bets $6
5PRUT5: folds
Uncalled bet ($6) returned to Airbag999
Airbag999 collected $23.52 from pot
Airbag999: doesn't show hand
*** SUMMARY ***
Total pot $24 | Rake $0.48
Board [8d 9c Jh Jc 3h]
Seat 3: 5PRUT5 (button) (small blind) folded on the River
Seat 4: Airbag999 (big blind) collected ($23.52)


PokerStars Hand #152697751091:  Hold'em Limit ($3/$6 USD) - 2016/05/01 7:28:12 ET
Table 'Brangane' 6-max Seat #4 is the button
Seat 3: 5PRUT5 ($62.26 in chips)
Seat 4: Airbag999 ($120 in chips)
Airbag999: posts small blind $1
5PRUT5: posts big blind $3
*** HOLE CARDS ***
Airbag999: raises $3 to $6
5PRUT5: folds
Uncalled bet ($3) returned to Airbag999
Airbag999 collected $6 from pot
Airbag999: doesn't show hand
*** SUMMARY ***
Total pot $6 | Rake $0
Seat 3: 5PRUT5 (big blind) folded before Flop
Seat 4: Airbag999 (button) (small blind) collected ($6)


PokerStars Hand #152697744563:  Hold'em Limit ($3/$6 USD) - 2016/05/01 7:27:58 ET
Table 'Brangane' 6-max Seat #3 is the button
Seat 3: 5PRUT5 ($56.50 in chips)
Seat 4: Airbag999 ($97 in chips)
5PRUT5: posts small blind $1
Airbag999: posts big blind $3
*** HOLE CARDS ***
5PRUT5: raises $3 to $6
Airbag999: calls $3
*** FLOP *** [2c 9s Qd]
Airbag999: checks
5PRUT5: bets $3
Airbag999: folds
Uncalled bet ($3) returned to 5PRUT5
5PRUT5 collected $11.76 from pot
5PRUT5: doesn't show hand
*** SUMMARY ***
Total pot $12 | Rake $0.24
Board [2c 9s Qd]
Seat 3: 5PRUT5 (button) (small blind) collected ($11.76)
Seat 4: Airbag999 (big blind) folded on the Flop


PokerStars Hand #152697793106:  Hold'em Limit ($3/$6 USD) - 2016/05/01 7:29:42 ET
Table 'Brangane' 6-max Seat #4 is the button
Seat 3: 5PRUT5 ($67.76 in chips)
Seat 4: Airbag999 ($113.52 in chips)
Airbag999: posts small blind $1
5PRUT5: posts big blind $3
*** HOLE CARDS ***
Airbag999: raises $3 to $6
5PRUT5: raises $3 to $9
Airbag999: calls $3
*** FLOP *** [Qc 3d Ts]
5PRUT5: checks
Airbag999: checks
*** TURN *** [Qc 3d Ts] [5c]
5PRUT5: checks
Airbag999: bets $6
5PRUT5: raises $6 to $12
Airbag999: calls $6
*** RIVER *** [Qc 3d Ts 5c] [8c]
5PRUT5: bets $6
Airbag999: calls $6
*** SHOW DOWN ***
5PRUT5: shows [Ad Qs] (a pair of Queens)
Airbag999: mucks hand
5PRUT5 collected $53.50 from pot
*** SUMMARY ***
Total pot $54 | Rake $0.50
Board [Qc 3d Ts 5c 8c]
Seat 3: 5PRUT5 (big blind) showed [Ad Qs] and won ($53.50) with a pair of Queens
Seat 4: Airbag999 (button) (small blind) mucked


PokerStars Hand #152697790160:  Hold'em Limit ($3/$6 USD) - 2016/05/01 7:29:36 ET
Table 'Brangane' 6-max Seat #3 is the button
Seat 3: 5PRUT5 ($68.76 in chips)
Seat 4: Airbag999 ($112.52 in chips)
5PRUT5: posts small blind $1
Airbag999: posts big blind $3
*** HOLE CARDS ***
5PRUT5: folds
Uncalled bet ($2) returned to Airbag999
Airbag999 collected $2 from pot
Airbag999: doesn't show hand
*** SUMMARY ***
Total pot $2 | Rake $0
Seat 3: 5PRUT5 (button) (small blind) folded before Flop
Seat 4: Airbag999 (big blind) collected ($2)


PokerStars Hand #152697784046:  Hold'em Limit ($3/$6 USD) - 2016/05/01 7:29:23 ET
Table 'Brangane' 6-max Seat #4 is the button
Seat 3: 5PRUT5 ($67.76 in chips)
Seat 4: Airbag999 ($113.52 in chips)
Airbag999: posts small blind $1
5PRUT5: posts big blind $3
*** HOLE CARDS ***
Airbag999: folds
Uncalled bet ($2) returned to 5PRUT5
5PRUT5 collected $2 from pot
5PRUT5: doesn't show hand
*** SUMMARY ***
Total pot $2 | Rake $0
Seat 3: 5PRUT5 (big blind) collected ($2)
Seat 4: Airbag999 (button) (small blind) folded before Flop


PokerStars Hand #152697781689:  Hold'em Limit ($3/$6 USD) - 2016/05/01 7:29:18 ET
Table 'Brangane' 6-max Seat #3 is the button
Seat 3: 5PRUT5 ($68.76 in chips)
Seat 4: Airbag999 ($112.52 in chips)
5PRUT5: posts small blind $1
Airbag999: posts big blind $3
*** HOLE CARDS ***
5PRUT5: folds
Uncalled bet ($2) returned to Airbag999
Airbag999 collected $2 from pot
Airbag999: doesn't show hand
*** SUMMARY ***
Total pot $2 | Rake $0
Seat 3: 5PRUT5 (button) (small blind) folded before Flop
Seat 4: Airbag999 (big blind) collected ($2)


PokerStars Hand #152697771053:  Hold'em Limit ($3/$6 USD) - 2016/05/01 7:28:55 ET
Table 'Brangane' 6-max Seat #4 is the button
Seat 3: 5PRUT5 ($51.26 in chips)
Seat 4: Airbag999 ($130.52 in chips)
Airbag999: posts small blind $1
5PRUT5: posts big blind $3
*** HOLE CARDS ***
Airbag999: raises $3 to $6
5PRUT5: raises $3 to $9
Airbag999: calls $3
*** FLOP *** [6s 5d 2h]
5PRUT5: bets $3
Airbag999: calls $3
*** TURN *** [6s 5d 2h] [2s]
5PRUT5: bets $6
Airbag999: calls $6
*** RIVER *** [6s 5d 2h 2s] [7s]
5PRUT5: bets $6
Airbag999: folds
Uncalled bet ($6) returned to 5PRUT5
5PRUT5 collected $35.50 from pot
5PRUT5: doesn't show hand
*** SUMMARY ***
Total pot $36 | Rake $0.50
Board [6s 5d 2h 2s 7s]
Seat 3: 5PRUT5 (big blind) collected ($35.50)
Seat 4: Airbag999 (button) (small blind) folded on the River


PokerStars Hand #152697807366:  Hold'em Limit ($3/$6 USD) - 2016/05/01 7:30:11 ET
Table 'Brangane' 6-max Seat #4 is the button
Seat 3: 5PRUT5 ($93.26 in chips)
Seat 4: Airbag999 ($121 in chips)
Airbag999: posts small blind $1
5PRUT5: posts big blind $3
*** HOLE CARDS ***
Airbag999: folds
Uncalled bet ($2) returned to 5PRUT5
5PRUT5 collected $2 from pot
5PRUT5: doesn't show hand
*** SUMMARY ***
Total pot $2 | Rake $0
Seat 3: 5PRUT5 (big blind) collected ($2)
Seat 4: Airbag999 (button) (small blind) folded before Flop


PokerStars Hand #152697805107:  Hold'em Limit ($3/$6 USD) - 2016/05/01 7:30:07 ET
Table 'Brangane' 6-max Seat #3 is the button
Seat 3: 5PRUT5 ($94.26 in chips)
Seat 4: Airbag999 ($120 in chips)
5PRUT5: posts small blind $1
Airbag999: posts big blind $3
*** HOLE CARDS ***
5PRUT5: folds
Uncalled bet ($2) returned to Airbag999
Airbag999 collected $2 from pot
Airbag999: doesn't show hand
*** SUMMARY ***
Total pot $2 | Rake $0
Seat 3: 5PRUT5 (button) (small blind) folded before Flop
Seat 4: Airbag999 (big blind) collected ($2)


PokerStars Hand #152698082420:  Hold'em Limit ($3/$6 USD) - 2016/05/01 7:39:44 ET
Table 'Brangane' 6-max Seat #4 is the button
Seat 2: sawel888 ($70.50 in chips)
Seat 4: Airbag999 ($99 in chips)
Airbag999: posts small blind $1
sawel888: posts big blind $3
*** HOLE CARDS ***
Airbag999: folds
Uncalled bet ($2) returned to sawel888
sawel888 collected $2 from pot
sawel888: doesn't show hand
*** SUMMARY ***
Total pot $2 | Rake $0
Seat 2: sawel888 (big blind) collected ($2)
Seat 4: Airbag999 (button) (small blind) folded before Flop


PokerStars Hand #152698063943:  Hold'em Limit ($3/$6 USD) - 2016/05/01 7:39:06 ET
Table 'Brangane' 6-max Seat #2 is the button
Seat 2: sawel888 ($50 in chips)
Seat 4: Airbag999 ($120 in chips)
sawel888: posts small blind $1
Airbag999: posts big blind $3
*** HOLE CARDS ***
sawel888: raises $3 to $6
Airbag999: calls $3
*** FLOP *** [Ts 6c Ah]
Airbag999: checks
sawel888: bets $3
Airbag999: calls $3
*** TURN *** [Ts 6c Ah] [Qc]
Airbag999: checks
sawel888: bets $6
Airbag999: calls $6
*** RIVER *** [Ts 6c Ah Qc] [4c]
Airbag999: checks
sawel888: bets $6
Airbag999: calls $6
*** SHOW DOWN ***
sawel888: shows [As Qh] (two pair, Aces and Queens)
Airbag999: mucks hand
sawel888 collected $41.50 from pot
*** SUMMARY ***
Total pot $42 | Rake $0.50
Board [Ts 6c Ah Qc 4c]
Seat 2: sawel888 (button) (small blind) showed [As Qh] and won ($41.50) with two pair, Aces and Queens
Seat 4: Airbag999 (big blind) mucked


PokerStars Hand #152698085295:  Hold'em Limit ($3/$6 USD) - 2016/05/01 7:39:50 ET
Table 'Brangane' 6-max Seat #2 is the button
Seat 2: sawel888 ($71.50 in chips)
Seat 4: Airbag999 ($98 in chips)
sawel888: posts small blind $1
Airbag999: posts big blind $3
*** HOLE CARDS ***
sawel888: calls $2
Airbag999: raises $3 to $6
sawel888: calls $3
*** FLOP *** [Ad 5h 9h]
Airbag999: bets $3
sawel888: calls $3
*** TURN *** [Ad 5h 9h] [7s]
Tryptamean joins the table at seat #3
Airbag999: checks
sawel888: bets $6
Airbag999: calls $6
*** RIVER *** [Ad 5h 9h 7s] [4s]
Airbag999: checks
sawel888: bets $6
Airbag999: calls $6
*** SHOW DOWN ***
sawel888: shows [Kh 2s] (high card Ace)
Airbag999: shows [Tc Ks] (high card Ace - King+Ten kicker)
Airbag999 collected $41.50 from pot
*** SUMMARY ***
Total pot $42 | Rake $0.50
Board [Ad 5h 9h 7s 4s]
Seat 2: sawel888 (button) (small blind) showed [Kh 2s] and lost with high card Ace
Seat 4: Airbag999 (big blind) showed [Tc Ks] and won ($41.50) with high card Ace


PokerStars Hand #152698101250:  Hold'em Limit ($3/$6 USD) - 2016/05/01 7:40:23 ET
Table 'Brangane' 6-max Seat #4 is the button
Seat 2: sawel888 ($50.50 in chips)
Seat 4: Airbag999 ($118.50 in chips)
Airbag999: posts small blind $1
sawel888: posts big blind $3
*** HOLE CARDS ***
Airbag999: raises $3 to $6
sawel888: calls $3
*** FLOP *** [6s Ks 7h]
sawel888: checks
Airbag999: bets $3
sawel888: calls $3
*** TURN *** [6s Ks 7h] [Tc]
sawel888: checks
Airbag999: bets $6
sawel888: raises $6 to $12
Airbag999: calls $6
*** RIVER *** [6s Ks 7h Tc] [2c]
sawel888: bets $6
Airbag999: calls $6
*** SHOW DOWN ***
sawel888: shows [Kc 4c] (a pair of Kings)
Airbag999: shows [Kd 9h] (a pair of Kings - Ten+Nine kicker)
Airbag999 collected $53.50 from pot
*** SUMMARY ***
Total pot $54 | Rake $0.50
Board [6s Ks 7h Tc 2c]
Seat 2: sawel888 (big blind) showed [Kc 4c] and lost with a pair of Kings
Seat 4: Airbag999 (button) (small blind) showed [Kd 9h] and won ($53.50) with a pair of Kings


PokerStars Hand #152707863285:  Hold'em Limit ($3/$6 USD) - 2016/05/01 12:10:53 ET
Table 'Brangane' 6-max Seat #4 is the button
Seat 2: syriapoker ($96.40 in chips)
Seat 4: PROFI8088 ($77.71 in chips)
PROFI8088: posts small blind $1
margo922: is sitting out
syriapoker: posts big blind $3
*** HOLE CARDS ***
margo922 leaves the table
PROFI8088: raises $3 to $6
syriapoker: folds
Uncalled bet ($3) returned to PROFI8088
PROFI8088 collected $6 from pot
PROFI8088: doesn't show hand
*** SUMMARY ***
Total pot $6 | Rake $0
Seat 2: syriapoker (big blind) folded before Flop
Seat 4: PROFI8088 (button) (small blind) collected ($6)


