PokerStars Hand #147177441818:  Hold'em Limit ($3/$6 USD) - 2016/01/17 1:59:05 ET
Table 'Brauna' 6-max Seat #3 is the button
Seat 3: lbAAr1 ($30 in chips)
Seat 4: Agrotait ($72 in chips)
lbAAr1: posts small blind $1
Agrotait: posts big blind $3
*** HOLE CARDS ***
lbAAr1: raises $3 to $6
Agrotait: calls $3
*** FLOP *** [Ac Jh 6c]
grabaz joins the table at seat #5
Agrotait: checks
lbAAr1: bets $3
Agrotait: calls $3
*** TURN *** [Ac Jh 6c] [4d]
Agrotait: checks
lbAAr1: bets $6
Agrotait: calls $6
*** RIVER *** [Ac Jh 6c 4d] [4c]
Agrotait: checks
lbAAr1: bets $6
Agrotait: calls $6
*** SHOW DOWN ***
lbAAr1: shows [9c 8c] (a flush, Ace high)
Agrotait: mucks hand
lbAAr1 collected $41.50 from pot
*** SUMMARY ***
Total pot $42 | Rake $0.50
Board [Ac Jh 6c 4d 4c]
Seat 3: lbAAr1 (button) (small blind) showed [9c 8c] and won ($41.50) with a flush, Ace high
Seat 4: Agrotait (big blind) mucked


PokerStars Hand #147179327170:  Hold'em Limit ($3/$6 USD) - 2016/01/17 3:34:01 ET
Table 'Brauna' 6-max Seat #4 is the button
Seat 1: RomaScandal ($34.76 in chips)
Seat 4: Agrotait ($97.88 in chips)
Agrotait: posts small blind $1
RomaScandal: posts big blind $3
*** HOLE CARDS ***
VolkovDmitri joins the table at seat #2
Agrotait: raises $3 to $6
RomaScandal: folds
Uncalled bet ($3) returned to Agrotait
Agrotait collected $6 from pot
Agrotait: doesn't show hand
*** SUMMARY ***
Total pot $6 | Rake $0
Seat 1: RomaScandal (big blind) folded before Flop
Seat 4: Agrotait (button) (small blind) collected ($6)


PokerStars Hand #147179325127:  Hold'em Limit ($3/$6 USD) - 2016/01/17 3:33:55 ET
Table 'Brauna' 6-max Seat #1 is the button
Seat 1: RomaScandal ($35.76 in chips)
Seat 4: Agrotait ($96.88 in chips)
RomaScandal: posts small blind $1
Agrotait: posts big blind $3
*** HOLE CARDS ***
RomaScandal: folds
Uncalled bet ($2) returned to Agrotait
Agrotait collected $2 from pot
Agrotait: doesn't show hand
*** SUMMARY ***
Total pot $2 | Rake $0
Seat 1: RomaScandal (button) (small blind) folded before Flop
Seat 4: Agrotait (big blind) collected ($2)


PokerStars Hand #147179307989:  Hold'em Limit ($3/$6 USD) - 2016/01/17 3:33:11 ET
Table 'Brauna' 6-max Seat #4 is the button
Seat 1: RomaScandal ($30 in chips)
Seat 4: Agrotait ($102.88 in chips)
Agrotait: posts small blind $1
RomaScandal: posts big blind $3
*** HOLE CARDS ***
Agrotait: raises $3 to $6
RomaScandal: calls $3
*** FLOP *** [Jc 4s 2c]
RomaScandal: bets $3
Agrotait: folds
Uncalled bet ($3) returned to RomaScandal
RomaScandal collected $11.76 from pot
RomaScandal: doesn't show hand
*** SUMMARY ***
Total pot $12 | Rake $0.24
Board [Jc 4s 2c]
Seat 1: RomaScandal (big blind) collected ($11.76)
Seat 4: Agrotait (button) (small blind) folded on the Flop


PokerStars Hand #147179496475:  Hold'em Limit ($3/$6 USD) - 2016/01/17 3:41:22 ET
Table 'Brauna' 6-max Seat #4 is the button
Seat 1: HAL9QQQ ($120 in chips)
Seat 4: Agrotait ($197.03 in chips)
Agrotait: posts small blind $1
HAL9QQQ: posts big blind $3
*** HOLE CARDS ***
Agrotait: raises $3 to $6
pokers778 joins the table at seat #2
HAL9QQQ: folds
Uncalled bet ($3) returned to Agrotait
Agrotait collected $6 from pot
Agrotait: doesn't show hand
*** SUMMARY ***
Total pot $6 | Rake $0
Seat 1: HAL9QQQ (big blind) folded before Flop
Seat 4: Agrotait (button) (small blind) collected ($6)


PokerStars Hand #147179494016:  Hold'em Limit ($3/$6 USD) - 2016/01/17 3:41:16 ET
Table 'Brauna' 6-max Seat #1 is the button
Seat 1: HAL9QQQ ($121 in chips)
Seat 4: Agrotait ($196.03 in chips)
HAL9QQQ: posts small blind $1
VolkovDmitri: is sitting out
Fabulous108 joins the table at seat #3
Agrotait: posts big blind $3
*** HOLE CARDS ***
VolkovDmitri leaves the table
HAL9QQQ: folds
Uncalled bet ($2) returned to Agrotait
Agrotait collected $2 from pot
Agrotait: doesn't show hand
*** SUMMARY ***
Total pot $2 | Rake $0
Seat 1: HAL9QQQ (button) (small blind) folded before Flop
Seat 4: Agrotait (big blind) collected ($2)


PokerStars Hand #147179535438:  Hold'em Limit ($3/$6 USD) - 2016/01/17 3:43:01 ET
Table 'Brauna' 6-max Seat #3 is the button
Seat 3: Fabulous108 ($132.25 in chips)
Seat 5: artiZzt ($72 in chips)
Fabulous108: posts small blind $1
Agrotait: is sitting out
artiZzt: posts big blind $3
*** HOLE CARDS ***
Agrotait leaves the table
Fabulous108: folds
Uncalled bet ($2) returned to artiZzt
artiZzt collected $2 from pot
artiZzt: doesn't show hand
*** SUMMARY ***
Total pot $2 | Rake $0
Seat 3: Fabulous108 (button) (small blind) folded before Flop
Seat 5: artiZzt (big blind) collected ($2)


PokerStars Hand #147179538075:  Hold'em Limit ($3/$6 USD) - 2016/01/17 3:43:08 ET
Table 'Brauna' 6-max Seat #5 is the button
Seat 3: Fabulous108 ($131.25 in chips)
Seat 5: artiZzt ($73 in chips)
artiZzt: posts small blind $1
Fabulous108: posts big blind $3
*** HOLE CARDS ***
artiZzt: raises $3 to $6
knas4 joins the table at seat #4
Fabulous108: calls $3
*** FLOP *** [9c 3h 9s]
Fabulous108: checks
artiZzt: checks
*** TURN *** [9c 3h 9s] [6c]
Fabulous108: bets $6
artiZzt: calls $6
*** RIVER *** [9c 3h 9s 6c] [3d]
Fabulous108: bets $6
artiZzt: calls $6
*** SHOW DOWN ***
Fabulous108: shows [4d Ad] (two pair, Nines and Threes)
artiZzt: mucks hand
Fabulous108 collected $35.50 from pot
*** SUMMARY ***
Total pot $36 | Rake $0.50
Board [9c 3h 9s 6c 3d]
Seat 3: Fabulous108 (big blind) showed [4d Ad] and won ($35.50) with two pair, Nines and Threes
Seat 5: artiZzt (button) (small blind) mucked


PokerStars Hand #147182738194:  Hold'em Limit ($3/$6 USD) - 2016/01/17 5:35:40 ET
Table 'Brauna' 6-max Seat #2 is the button
Seat 2: beng_51 ($142.95 in chips)
Seat 5: kolaz03 ($104.48 in chips)
beng_51: posts small blind $1
kolaz03: posts big blind $3
*** HOLE CARDS ***
beng_51: raises $3 to $6
kolaz03: calls $3
*** FLOP *** [9h 5h As]
kolaz03: checks
beng_51: bets $3
kolaz03: calls $3
*** TURN *** [9h 5h As] [3d]
kolaz03: checks
beng_51: bets $6
kolaz03: calls $6
*** RIVER *** [9h 5h As 3d] [2h]
kolaz03: checks
beng_51: checks
*** SHOW DOWN ***
kolaz03: shows [Ts 5s] (a pair of Fives)
beng_51: mucks hand
kolaz03 collected $29.50 from pot
*** SUMMARY ***
Total pot $30 | Rake $0.50
Board [9h 5h As 3d 2h]
Seat 2: beng_51 (button) (small blind) mucked
Seat 5: kolaz03 (big blind) showed [Ts 5s] and won ($29.50) with a pair of Fives


