PokerStars Hand #146077915671:  Hold'em Limit ($3/$6 USD) - 2015/12/28 16:07:40 ET
Table 'Brauna' 6-max Seat #6 is the button
Seat 3: scorpio04 ($243.17 in chips)
Seat 6: PikkuHUMPPA ($172.93 in chips)
PikkuHUMPPA: posts small blind $1
SashaYuvelir: is sitting out
scorpio04: posts big blind $3
*** HOLE CARDS ***
PikkuHUMPPA: raises $3 to $6
scorpio04: calls $3
*** FLOP *** [7d Jc 2d]
scorpio04: checks
PikkuHUMPPA: bets $3
SashaYuvelir leaves the table
scorpio04: raises $3 to $6
PikkuHUMPPA: calls $3
*** TURN *** [7d Jc 2d] [Kd]
scorpio04: bets $6
PikkuHUMPPA: raises $6 to $12
scorpio04: calls $6
*** RIVER *** [7d Jc 2d Kd] [3h]
scorpio04: checks
PikkuHUMPPA: bets $6
scorpio04: calls $6
*** SHOW DOWN ***
PikkuHUMPPA: shows [Kc 8s] (a pair of Kings)
scorpio04: mucks hand
PikkuHUMPPA collected $59.50 from pot
*** SUMMARY ***
Total pot $60 | Rake $0.50
Board [7d Jc 2d Kd 3h]
Seat 3: scorpio04 (big blind) mucked
Seat 6: PikkuHUMPPA (button) (small blind) showed [Kc 8s] and won ($59.50) with a pair of Kings


