PokerStars Hand #148018316328:  Hold'em Limit ($3/$6 USD) - 2016/01/31 16:36:03 ET
Table 'Bredichina II' 2-max Seat #1 is the button
Seat 1: favete lin ($74.88 in chips)
Seat 2: igmade ($117 in chips)
favete lin: posts small blind $1
igmade: posts big blind $3
*** HOLE CARDS ***
favete lin: raises $3 to $6
igmade: calls $3
*** FLOP *** [5c 8d Qd]
igmade: checks
favete lin: bets $3
igmade: folds
Uncalled bet ($3) returned to favete lin
favete lin collected $11.76 from pot
favete lin: doesn't show hand
*** SUMMARY ***
Total pot $12 | Rake $0.24
Board [5c 8d Qd]
Seat 1: favete lin (button) (small blind) collected ($11.76)
Seat 2: igmade (big blind) folded on the Flop


PokerStars Hand #148018382002:  Hold'em Limit ($3/$6 USD) - 2016/01/31 16:37:02 ET
Table 'Bredichina II' 2-max Seat #1 is the button
Seat 1: favete lin ($119.64 in chips)
Seat 2: igmade ($71 in chips)
favete lin: posts small blind $1
igmade: posts big blind $3
*** HOLE CARDS ***
favete lin: raises $3 to $6
igmade: raises $3 to $9
favete lin: calls $3
*** FLOP *** [Ks Td Js]
igmade: bets $3
favete lin: calls $3
*** TURN *** [Ks Td Js] [4c]
igmade: bets $6
favete lin: raises $6 to $12
igmade: folds
Uncalled bet ($6) returned to favete lin
favete lin collected $35.50 from pot
favete lin: doesn't show hand
*** SUMMARY ***
Total pot $36 | Rake $0.50
Board [Ks Td Js 4c]
Seat 1: favete lin (button) (small blind) collected ($35.50)
Seat 2: igmade (big blind) folded on the Turn


PokerStars Hand #148018356514:  Hold'em Limit ($3/$6 USD) - 2016/01/31 16:36:40 ET
Table 'Bredichina II' 2-max Seat #2 is the button
Seat 1: favete lin ($105.14 in chips)
Seat 2: igmade ($86 in chips)
igmade: posts small blind $1
favete lin: posts big blind $3
*** HOLE CARDS ***
igmade: raises $3 to $6
favete lin: calls $3
*** FLOP *** [Td Ts Qs]
favete lin: checks
igmade: bets $3
favete lin: calls $3
*** TURN *** [Td Ts Qs] [9c]
favete lin: checks
igmade: checks
*** RIVER *** [Td Ts Qs 9c] [9d]
favete lin: checks
igmade: bets $6
favete lin: calls $6
*** SHOW DOWN ***
igmade: shows [6d 8c] (two pair, Tens and Nines)
favete lin: shows [6h As] (two pair, Tens and Nines - Ace kicker)
favete lin collected $29.50 from pot
*** SUMMARY ***
Total pot $30 | Rake $0.50
Board [Td Ts Qs 9c 9d]
Seat 1: favete lin (big blind) showed [6h As] and won ($29.50) with two pair, Tens and Nines
Seat 2: igmade (button) (small blind) showed [6d 8c] and lost with two pair, Tens and Nines


PokerStars Hand #148018336738:  Hold'em Limit ($3/$6 USD) - 2016/01/31 16:36:23 ET
Table 'Bredichina II' 2-max Seat #1 is the button
Seat 1: favete lin ($81.64 in chips)
Seat 2: igmade ($110 in chips)
favete lin: posts small blind $1
igmade: posts big blind $3
*** HOLE CARDS ***
favete lin: raises $3 to $6
igmade: raises $3 to $9
favete lin: calls $3
*** FLOP *** [2h 9h 7h]
igmade: bets $3
favete lin: calls $3
*** TURN *** [2h 9h 7h] [8d]
igmade: bets $6
favete lin: calls $6
*** RIVER *** [2h 9h 7h 8d] [7s]
igmade: bets $6
favete lin: calls $6
*** SHOW DOWN ***
igmade: shows [Tc 4c] (a pair of Sevens)
favete lin: shows [4h 4s] (two pair, Sevens and Fours)
favete lin collected $47.50 from pot
*** SUMMARY ***
Total pot $48 | Rake $0.50
Board [2h 9h 7h 8d 7s]
Seat 1: favete lin (button) (small blind) showed [4h 4s] and won ($47.50) with two pair, Sevens and Fours
Seat 2: igmade (big blind) showed [Tc 4c] and lost with a pair of Sevens


PokerStars Hand #148018330580:  Hold'em Limit ($3/$6 USD) - 2016/01/31 16:36:17 ET
Table 'Bredichina II' 2-max Seat #2 is the button
Seat 1: favete lin ($80.64 in chips)
Seat 2: igmade ($111 in chips)
igmade: posts small blind $1
favete lin: posts big blind $3
*** HOLE CARDS ***
igmade: folds
Uncalled bet ($2) returned to favete lin
favete lin collected $2 from pot
favete lin: doesn't show hand
*** SUMMARY ***
Total pot $2 | Rake $0
Seat 1: favete lin (big blind) collected ($2)
Seat 2: igmade (button) (small blind) folded before Flop


PokerStars Hand #148018451823:  Hold'em Limit ($3/$6 USD) - 2016/01/31 16:38:04 ET
Table 'Bredichina II' 2-max Seat #1 is the button
Seat 1: favete lin ($155.64 in chips)
Seat 2: igmade ($33.88 in chips)
favete lin: posts small blind $1
igmade: posts big blind $3
*** HOLE CARDS ***
favete lin: calls $2
igmade: raises $3 to $6
favete lin: calls $3
*** FLOP *** [4s 8h 2s]
igmade: bets $3
favete lin: calls $3
*** TURN *** [4s 8h 2s] [3c]
igmade: bets $6
favete lin: folds
Uncalled bet ($6) returned to igmade
favete lin leaves the table
igmade collected $17.64 from pot
*** SUMMARY ***
Total pot $18 | Rake $0.36
Board [4s 8h 2s 3c]
Seat 1: favete lin (button) (small blind) folded on the Turn
Seat 2: igmade (big blind) collected ($17.64)


PokerStars Hand #148018433080:  Hold'em Limit ($3/$6 USD) - 2016/01/31 16:37:48 ET
Table 'Bredichina II' 2-max Seat #2 is the button
Seat 1: favete lin ($158.64 in chips)
Seat 2: igmade ($31 in chips)
igmade: posts small blind $1
favete lin: posts big blind $3
*** HOLE CARDS ***
igmade: calls $2
favete lin: checks
*** FLOP *** [Qd Jh 8c]
favete lin: checks
igmade: bets $3
favete lin: folds
Uncalled bet ($3) returned to igmade
igmade collected $5.88 from pot
*** SUMMARY ***
Total pot $6 | Rake $0.12
Board [Qd Jh 8c]
Seat 1: favete lin (big blind) folded on the Flop
Seat 2: igmade (button) (small blind) collected ($5.88)


PokerStars Hand #148018400000:  Hold'em Limit ($3/$6 USD) - 2016/01/31 16:37:18 ET
Table 'Bredichina II' 2-max Seat #2 is the button
Seat 1: favete lin ($137.14 in chips)
Seat 2: igmade ($53 in chips)
igmade: posts small blind $1
favete lin: posts big blind $3
*** HOLE CARDS ***
igmade: folds
Uncalled bet ($2) returned to favete lin
favete lin collected $2 from pot
favete lin: doesn't show hand
*** SUMMARY ***
Total pot $2 | Rake $0
Seat 1: favete lin (big blind) collected ($2)
Seat 2: igmade (button) (small blind) folded before Flop


