PokerStars Hand #145344724292:  Hold'em Limit ($3/$6 USD) - 2015/12/14 14:59:27 ET
Table 'Brendelia II' 2-max Seat #2 is the button
Seat 1: balrog25 ($187.34 in chips)
Seat 2: PostPoner ($111.82 in chips)
PostPoner: posts small blind $1
balrog25: posts big blind $3
*** HOLE CARDS ***
PostPoner: folds
Uncalled bet ($2) returned to balrog25
balrog25 collected $2 from pot
balrog25: doesn't show hand
*** SUMMARY ***
Total pot $2 | Rake $0
Seat 1: balrog25 (big blind) collected ($2)
Seat 2: PostPoner (button) (small blind) folded before Flop


PokerStars Hand #145344720259:  Hold'em Limit ($3/$6 USD) - 2015/12/14 14:59:22 ET
Table 'Brendelia II' 2-max Seat #1 is the button
Seat 1: balrog25 ($188.34 in chips)
Seat 2: PostPoner ($110.82 in chips)
balrog25: posts small blind $1
PostPoner: posts big blind $3
*** HOLE CARDS ***
balrog25: folds
Uncalled bet ($2) returned to PostPoner
PostPoner collected $2 from pot
PostPoner: doesn't show hand
*** SUMMARY ***
Total pot $2 | Rake $0
Seat 1: balrog25 (button) (small blind) folded before Flop
Seat 2: PostPoner (big blind) collected ($2)


PokerStars Hand #145344728045:  Hold'em Limit ($3/$6 USD) - 2015/12/14 14:59:31 ET
Table 'Brendelia II' 2-max Seat #1 is the button
Seat 1: balrog25 ($188.34 in chips)
Seat 2: PostPoner ($110.82 in chips)
balrog25: posts small blind $1
PostPoner: posts big blind $3
*** HOLE CARDS ***
balrog25: raises $3 to $6
PostPoner: raises $3 to $9
balrog25: calls $3
*** FLOP *** [7h Td Kd]
PostPoner: bets $3
balrog25: calls $3
*** TURN *** [7h Td Kd] [9d]
PostPoner: bets $6
balrog25: calls $6
*** RIVER *** [7h Td Kd 9d] [3c]
PostPoner: bets $6
balrog25: raises $6 to $12
PostPoner: calls $6
*** SHOW DOWN ***
balrog25: shows [9h Ts] (two pair, Tens and Nines)
PostPoner: mucks hand
balrog25 collected $59.50 from pot
*** SUMMARY ***
Total pot $60 | Rake $0.50
Board [7h Td Kd 9d 3c]
Seat 1: balrog25 (button) (small blind) showed [9h Ts] and won ($59.50) with two pair, Tens and Nines
Seat 2: PostPoner (big blind) mucked


PokerStars Hand #145344764113:  Hold'em Limit ($3/$6 USD) - 2015/12/14 15:00:13 ET
Table 'Brendelia II' 2-max Seat #1 is the button
Seat 1: balrog25 ($202.84 in chips)
Seat 2: PostPoner ($95.32 in chips)
balrog25: posts small blind $1
PostPoner: posts big blind $3
*** HOLE CARDS ***
balrog25: raises $3 to $6
PostPoner: calls $3
*** FLOP *** [Jh Ks 4d]
PostPoner: checks
balrog25: bets $3
PostPoner: folds
Uncalled bet ($3) returned to balrog25
balrog25 collected $11.76 from pot
balrog25: doesn't show hand
*** SUMMARY ***
Total pot $12 | Rake $0.24
Board [Jh Ks 4d]
Seat 1: balrog25 (button) (small blind) collected ($11.76)
Seat 2: PostPoner (big blind) folded on the Flop


PokerStars Hand #145344743093:  Hold'em Limit ($3/$6 USD) - 2015/12/14 14:59:50 ET
Table 'Brendelia II' 2-max Seat #2 is the button
Seat 1: balrog25 ($217.84 in chips)
Seat 2: PostPoner ($80.82 in chips)
PostPoner: posts small blind $1
balrog25: posts big blind $3
*** HOLE CARDS ***
PostPoner: raises $3 to $6
balrog25: calls $3
*** FLOP *** [6s 9d 7h]
balrog25: checks
PostPoner: bets $3
balrog25: calls $3
*** TURN *** [6s 9d 7h] [9c]
balrog25: checks
PostPoner: bets $6
balrog25: calls $6
*** RIVER *** [6s 9d 7h 9c] [Td]
balrog25: checks
PostPoner: bets $6
balrog25: folds
Uncalled bet ($6) returned to PostPoner
PostPoner collected $29.50 from pot
PostPoner: doesn't show hand
*** SUMMARY ***
Total pot $30 | Rake $0.50
Board [6s 9d 7h 9c Td]
Seat 1: balrog25 (big blind) folded on the River
Seat 2: PostPoner (button) (small blind) collected ($29.50)


PokerStars Hand #145344771970:  Hold'em Limit ($3/$6 USD) - 2015/12/14 15:00:23 ET
Table 'Brendelia II' 2-max Seat #2 is the button
Seat 1: balrog25 ($208.60 in chips)
Seat 2: PostPoner ($89.32 in chips)
PostPoner: posts small blind $1
balrog25: posts big blind $3
*** HOLE CARDS ***
PostPoner: raises $3 to $6
balrog25: raises $3 to $9
PostPoner: calls $3
*** FLOP *** [7s 8h 7c]
balrog25: bets $3
PostPoner: calls $3
*** TURN *** [7s 8h 7c] [4d]
balrog25: checks
PostPoner: bets $6
balrog25: calls $6
*** RIVER *** [7s 8h 7c 4d] [8d]
balrog25: checks
PostPoner: checks
*** SHOW DOWN ***
balrog25: shows [Qd Td] (two pair, Eights and Sevens)
PostPoner: shows [Kh 5s] (two pair, Eights and Sevens - King kicker)
PostPoner collected $35.50 from pot
*** SUMMARY ***
Total pot $36 | Rake $0.50
Board [7s 8h 7c 4d 8d]
Seat 1: balrog25 (big blind) showed [Qd Td] and lost with two pair, Eights and Sevens
Seat 2: PostPoner (button) (small blind) showed [Kh 5s] and won ($35.50) with two pair, Eights and Sevens


PokerStars Hand #145344802012:  Hold'em Limit ($3/$6 USD) - 2015/12/14 15:00:56 ET
Table 'Brendelia II' 2-max Seat #1 is the button
Seat 1: balrog25 ($190.60 in chips)
Seat 2: PostPoner ($106.82 in chips)
balrog25: posts small blind $1
PostPoner: posts big blind $3
*** HOLE CARDS ***
balrog25: raises $3 to $6
PostPoner: calls $3
*** FLOP *** [4s 5c 7s]
PostPoner: checks
balrog25: bets $3
PostPoner: calls $3
*** TURN *** [4s 5c 7s] [3h]
PostPoner: checks
balrog25: checks
*** RIVER *** [4s 5c 7s 3h] [2s]
PostPoner: checks
balrog25: bets $6
PostPoner: folds
Uncalled bet ($6) returned to balrog25
balrog25 collected $17.64 from pot
balrog25: doesn't show hand
*** SUMMARY ***
Total pot $18 | Rake $0.36
Board [4s 5c 7s 3h 2s]
Seat 1: balrog25 (button) (small blind) collected ($17.64)
Seat 2: PostPoner (big blind) folded on the River


PokerStars Hand #145344827257:  Hold'em Limit ($3/$6 USD) - 2015/12/14 15:01:23 ET
Table 'Brendelia II' 2-max Seat #2 is the button
Seat 1: balrog25 ($199.24 in chips)
Seat 2: PostPoner ($97.82 in chips)
PostPoner: posts small blind $1
balrog25: posts big blind $3
*** HOLE CARDS ***
PostPoner: folds
Uncalled bet ($2) returned to balrog25
balrog25 collected $2 from pot
balrog25: doesn't show hand
*** SUMMARY ***
Total pot $2 | Rake $0
Seat 1: balrog25 (big blind) collected ($2)
Seat 2: PostPoner (button) (small blind) folded before Flop


PokerStars Hand #145344858184:  Hold'em Limit ($3/$6 USD) - 2015/12/14 15:01:55 ET
Table 'Brendelia II' 2-max Seat #2 is the button
Seat 1: balrog25 ($203.24 in chips)
Seat 2: PostPoner ($93.82 in chips)
PostPoner: posts small blind $1
balrog25: posts big blind $3
*** HOLE CARDS ***
PostPoner: raises $3 to $6
balrog25: folds
Uncalled bet ($3) returned to PostPoner
PostPoner collected $6 from pot
PostPoner: doesn't show hand
*** SUMMARY ***
Total pot $6 | Rake $0
Seat 1: balrog25 (big blind) folded before Flop
Seat 2: PostPoner (button) (small blind) collected ($6)


PokerStars Hand #145344831362:  Hold'em Limit ($3/$6 USD) - 2015/12/14 15:01:27 ET
Table 'Brendelia II' 2-max Seat #1 is the button
Seat 1: balrog25 ($200.24 in chips)
Seat 2: PostPoner ($96.82 in chips)
balrog25: posts small blind $1
PostPoner: posts big blind $3
*** HOLE CARDS ***
balrog25: raises $3 to $6
PostPoner: folds
Uncalled bet ($3) returned to balrog25
balrog25 collected $6 from pot
balrog25: doesn't show hand
*** SUMMARY ***
Total pot $6 | Rake $0
Seat 1: balrog25 (button) (small blind) collected ($6)
Seat 2: PostPoner (big blind) folded before Flop


PokerStars Hand #145344862931:  Hold'em Limit ($3/$6 USD) - 2015/12/14 15:02:00 ET
Table 'Brendelia II' 2-max Seat #1 is the button
Seat 1: balrog25 ($200.24 in chips)
Seat 2: PostPoner ($96.82 in chips)
balrog25: posts small blind $1
PostPoner: posts big blind $3
*** HOLE CARDS ***
balrog25: raises $3 to $6
PostPoner: raises $3 to $9
balrog25: calls $3
*** FLOP *** [2h Kc 9s]
PostPoner: bets $3
balrog25: calls $3
*** TURN *** [2h Kc 9s] [7s]
PostPoner: bets $6
balrog25: calls $6
*** RIVER *** [2h Kc 9s 7s] [4s]
PostPoner: checks
balrog25: checks
*** SHOW DOWN ***
PostPoner: shows [Ac 7c] (a pair of Sevens)
balrog25: mucks hand
PostPoner collected $35.50 from pot
*** SUMMARY ***
Total pot $36 | Rake $0.50
Board [2h Kc 9s 7s 4s]
Seat 1: balrog25 (button) (small blind) mucked
Seat 2: PostPoner (big blind) showed [Ac 7c] and won ($35.50) with a pair of Sevens


