PokerStars Hand #171020468682:  Hold'em Limit ($3/$6 USD) - 2017/05/28 8:15:17 ET
Table 'Brendelia' 6-max Seat #5 is the button
Seat 2: hirokoba ($184.54 in chips)
Seat 5: kiwi/mike ($61.68 in chips)
kiwi/mike: posts small blind $1
krossguard: is sitting out
hirokoba: posts big blind $3
*** HOLE CARDS ***
kiwi/mike: folds
Uncalled bet ($2) returned to hirokoba
hirokoba collected $2 from pot
hirokoba: doesn't show hand
*** SUMMARY ***
Total pot $2 | Rake $0
Seat 2: hirokoba (big blind) collected ($2)
Seat 5: kiwi/mike (button) (small blind) folded before Flop


PokerStars Hand #171020476551:  Hold'em Limit ($3/$6 USD) - 2017/05/28 8:15:33 ET
Table 'Brendelia' 6-max Seat #5 is the button
Seat 2: hirokoba ($188.54 in chips)
Seat 5: kiwi/mike ($57.68 in chips)
kiwi/mike: posts small blind $1
hirokoba: posts big blind $3
*** HOLE CARDS ***
kiwi/mike: folds
Uncalled bet ($2) returned to hirokoba
hirokoba collected $2 from pot
hirokoba: doesn't show hand
*** SUMMARY ***
Total pot $2 | Rake $0
Seat 2: hirokoba (big blind) collected ($2)
Seat 5: kiwi/mike (button) (small blind) folded before Flop


PokerStars Hand #171020471842:  Hold'em Limit ($3/$6 USD) - 2017/05/28 8:15:23 ET
Table 'Brendelia' 6-max Seat #2 is the button
Seat 2: hirokoba ($185.54 in chips)
Seat 5: kiwi/mike ($60.68 in chips)
hirokoba: posts small blind $1
kiwi/mike: posts big blind $3
*** HOLE CARDS ***
hirokoba: raises $3 to $6
kiwi/mike: folds
Uncalled bet ($3) returned to hirokoba
hirokoba collected $6 from pot
hirokoba: doesn't show hand
*** SUMMARY ***
Total pot $6 | Rake $0
Seat 2: hirokoba (button) (small blind) collected ($6)
Seat 5: kiwi/mike (big blind) folded before Flop


PokerStars Hand #171020479700:  Hold'em Limit ($3/$6 USD) - 2017/05/28 8:15:39 ET
Table 'Brendelia' 6-max Seat #2 is the button
Seat 2: hirokoba ($189.54 in chips)
Seat 5: kiwi/mike ($56.68 in chips)
hirokoba: posts small blind $1
kiwi/mike: posts big blind $3
*** HOLE CARDS ***
hirokoba: raises $3 to $6
kiwi/mike: folds
Uncalled bet ($3) returned to hirokoba
hirokoba collected $6 from pot
hirokoba: doesn't show hand
*** SUMMARY ***
Total pot $6 | Rake $0
Seat 2: hirokoba (button) (small blind) collected ($6)
Seat 5: kiwi/mike (big blind) folded before Flop


PokerStars Hand #171020483386:  Hold'em Limit ($3/$6 USD) - 2017/05/28 8:15:47 ET
Table 'Brendelia' 6-max Seat #5 is the button
Seat 2: hirokoba ($192.54 in chips)
Seat 5: kiwi/mike ($53.68 in chips)
kiwi/mike: posts small blind $1
hirokoba: posts big blind $3
*** HOLE CARDS ***
kiwi/mike: folds
Uncalled bet ($2) returned to hirokoba
hirokoba collected $2 from pot
hirokoba: doesn't show hand
*** SUMMARY ***
Total pot $2 | Rake $0
Seat 2: hirokoba (big blind) collected ($2)
Seat 5: kiwi/mike (button) (small blind) folded before Flop


