PokerStars Hand #147061439756:  Hold'em Limit ($3/$6 USD) - 2016/01/15 0:37:35 ET
Table 'Bressole' 2-max Seat #1 is the button
Seat 1: Rus29APX ($114 in chips)
Seat 2: bluffualot ($105.76 in chips)
Rus29APX: posts small blind $1
bluffualot: posts big blind $3
*** HOLE CARDS ***
Rus29APX: raises $3 to $6
bluffualot: folds
Uncalled bet ($3) returned to Rus29APX
Rus29APX collected $6 from pot
Rus29APX: doesn't show hand
*** SUMMARY ***
Total pot $6 | Rake $0
Seat 1: Rus29APX (button) (small blind) collected ($6)
Seat 2: bluffualot (big blind) folded before Flop


PokerStars Hand #147061436238:  Hold'em Limit ($3/$6 USD) - 2016/01/15 0:37:23 ET
Table 'Bressole' 2-max Seat #2 is the button
Seat 1: Rus29APX ($120 in chips)
Seat 2: bluffualot ($100 in chips)
bluffualot: posts small blind $1
Rus29APX: posts big blind $3
*** HOLE CARDS ***
bluffualot: raises $3 to $6
Rus29APX: calls $3
*** FLOP *** [Ac 8d Js]
Rus29APX: checks
bluffualot: bets $3
Rus29APX: folds
Uncalled bet ($3) returned to bluffualot
bluffualot collected $11.76 from pot
*** SUMMARY ***
Total pot $12 | Rake $0.24
Board [Ac 8d Js]
Seat 1: Rus29APX (big blind) folded on the Flop
Seat 2: bluffualot (button) (small blind) collected ($11.76)


PokerStars Hand #147061450288:  Hold'em Limit ($3/$6 USD) - 2016/01/15 0:38:12 ET
Table 'Bressole' 2-max Seat #2 is the button
Seat 1: Rus29APX ($137.50 in chips)
Seat 2: bluffualot ($81.76 in chips)
bluffualot: posts small blind $1
Rus29APX: posts big blind $3
*** HOLE CARDS ***
bluffualot: raises $3 to $6
Rus29APX: calls $3
*** FLOP *** [Ah 5s Td]
Rus29APX: checks
bluffualot: bets $3
Rus29APX: calls $3
*** TURN *** [Ah 5s Td] [Jd]
Rus29APX: checks
bluffualot: checks
*** RIVER *** [Ah 5s Td Jd] [Jc]
Rus29APX: checks
bluffualot: bets $6
Rus29APX: calls $6
*** SHOW DOWN ***
bluffualot: shows [7c Js] (three of a kind, Jacks)
Rus29APX: mucks hand
bluffualot collected $29.50 from pot
*** SUMMARY ***
Total pot $30 | Rake $0.50
Board [Ah 5s Td Jd Jc]
Seat 1: Rus29APX (big blind) mucked
Seat 2: bluffualot (button) (small blind) showed [7c Js] and won ($29.50) with three of a kind, Jacks


PokerStars Hand #147061442727:  Hold'em Limit ($3/$6 USD) - 2016/01/15 0:37:46 ET
Table 'Bressole' 2-max Seat #1 is the button
Seat 1: Rus29APX ($114 in chips)
Seat 2: bluffualot ($105.76 in chips)
Rus29APX: posts small blind $1
bluffualot: posts big blind $3
*** HOLE CARDS ***
Rus29APX: raises $3 to $6
bluffualot: raises $3 to $9
Rus29APX: calls $3
*** FLOP *** [9d 8h 2d]
bluffualot: bets $3
Rus29APX: calls $3
*** TURN *** [9d 8h 2d] [2s]
bluffualot: bets $6
Rus29APX: calls $6
*** RIVER *** [9d 8h 2d 2s] [5h]
bluffualot: bets $6
Rus29APX: calls $6
*** SHOW DOWN ***
bluffualot: shows [Kd Td] (a pair of Deuces)
Rus29APX: shows [Ac 4s] (a pair of Deuces - Ace kicker)
Rus29APX collected $47.50 from pot
*** SUMMARY ***
Total pot $48 | Rake $0.50
Board [9d 8h 2d 2s 5h]
Seat 1: Rus29APX (button) (small blind) showed [Ac 4s] and won ($47.50) with a pair of Deuces
Seat 2: bluffualot (big blind) showed [Kd Td] and lost with a pair of Deuces


PokerStars Hand #147061448860:  Hold'em Limit ($3/$6 USD) - 2016/01/15 0:38:07 ET
Table 'Bressole' 2-max Seat #1 is the button
Seat 1: Rus29APX ($134.50 in chips)
Seat 2: bluffualot ($84.76 in chips)
Rus29APX: posts small blind $1
bluffualot: posts big blind $3
*** HOLE CARDS ***
Rus29APX: raises $3 to $6
bluffualot: folds
Uncalled bet ($3) returned to Rus29APX
Rus29APX collected $6 from pot
Rus29APX: doesn't show hand
*** SUMMARY ***
Total pot $6 | Rake $0
Seat 1: Rus29APX (button) (small blind) collected ($6)
Seat 2: bluffualot (big blind) folded before Flop


PokerStars Hand #147061446914:  Hold'em Limit ($3/$6 USD) - 2016/01/15 0:38:00 ET
Table 'Bressole' 2-max Seat #2 is the button
Seat 1: Rus29APX ($137.50 in chips)
Seat 2: bluffualot ($81.76 in chips)
bluffualot: posts small blind $1
Rus29APX: posts big blind $3
*** HOLE CARDS ***
bluffualot: raises $3 to $6
Rus29APX: folds
Uncalled bet ($3) returned to bluffualot
bluffualot collected $6 from pot
bluffualot: doesn't show hand
*** SUMMARY ***
Total pot $6 | Rake $0
Seat 1: Rus29APX (big blind) folded before Flop
Seat 2: bluffualot (button) (small blind) collected ($6)


PokerStars Hand #147061455423:  Hold'em Limit ($3/$6 USD) - 2016/01/15 0:38:30 ET
Table 'Bressole' 2-max Seat #1 is the button
Seat 1: Rus29APX ($122.50 in chips)
Seat 2: bluffualot ($96.26 in chips)
Rus29APX: posts small blind $1
bluffualot: posts big blind $3
*** HOLE CARDS ***
Rus29APX: raises $3 to $6
bluffualot: calls $3
*** FLOP *** [Kh Qd 5h]
bluffualot: bets $3
Rus29APX: calls $3
*** TURN *** [Kh Qd 5h] [9c]
bluffualot: bets $6
Rus29APX: calls $6
*** RIVER *** [Kh Qd 5h 9c] [2c]
bluffualot: bets $6
Rus29APX: calls $6
*** SHOW DOWN ***
bluffualot: shows [5s Qc] (two pair, Queens and Fives)
Rus29APX: mucks hand
bluffualot collected $41.50 from pot
*** SUMMARY ***
Total pot $42 | Rake $0.50
Board [Kh Qd 5h 9c 2c]
Seat 1: Rus29APX (button) (small blind) mucked
Seat 2: bluffualot (big blind) showed [5s Qc] and won ($41.50) with two pair, Queens and Fives


PokerStars Hand #147061475047:  Hold'em Limit ($3/$6 USD) - 2016/01/15 0:39:39 ET
Table 'Bressole' 2-max Seat #1 is the button
Seat 1: Rus29APX ($103.90 in chips)
Seat 2: bluffualot ($113.28 in chips)
Rus29APX: posts small blind $1
bluffualot: posts big blind $3
*** HOLE CARDS ***
Rus29APX: raises $3 to $6
bluffualot: calls $3
*** FLOP *** [6c 2c Jd]
bluffualot: checks
Rus29APX: bets $3
bluffualot: calls $3
*** TURN *** [6c 2c Jd] [3s]
bluffualot: checks
Rus29APX: bets $6
bluffualot: folds
Uncalled bet ($6) returned to Rus29APX
Rus29APX collected $17.64 from pot
Rus29APX: doesn't show hand
*** SUMMARY ***
Total pot $18 | Rake $0.36
Board [6c 2c Jd 3s]
Seat 1: Rus29APX (button) (small blind) collected ($17.64)
Seat 2: bluffualot (big blind) folded on the Turn


PokerStars Hand #147061470649:  Hold'em Limit ($3/$6 USD) - 2016/01/15 0:39:23 ET
Table 'Bressole' 2-max Seat #2 is the button
Seat 1: Rus29APX ($98.14 in chips)
Seat 2: bluffualot ($119.28 in chips)
bluffualot: posts small blind $1
Rus29APX: posts big blind $3
*** HOLE CARDS ***
bluffualot: raises $3 to $6
Rus29APX: calls $3
*** FLOP *** [4s 5c Ks]
Rus29APX: checks
bluffualot: checks
*** TURN *** [4s 5c Ks] [5h]
Rus29APX: bets $6
bluffualot: folds
Uncalled bet ($6) returned to Rus29APX
Rus29APX collected $11.76 from pot
Rus29APX: doesn't show hand
*** SUMMARY ***
Total pot $12 | Rake $0.24
Board [4s 5c Ks 5h]
Seat 1: Rus29APX (big blind) collected ($11.76)
Seat 2: bluffualot (button) (small blind) folded on the Turn


PokerStars Hand #147061465715:  Hold'em Limit ($3/$6 USD) - 2016/01/15 0:39:06 ET
Table 'Bressole' 2-max Seat #1 is the button
Seat 1: Rus29APX ($110.14 in chips)
Seat 2: bluffualot ($107.76 in chips)
Rus29APX: posts small blind $1
bluffualot: posts big blind $3
*** HOLE CARDS ***
Rus29APX: raises $3 to $6
bluffualot: raises $3 to $9
Rus29APX: calls $3
*** FLOP *** [Kc 8h 4s]
bluffualot: bets $3
Rus29APX: calls $3
*** TURN *** [Kc 8h 4s] [3s]
bluffualot: checks
Rus29APX: checks
*** RIVER *** [Kc 8h 4s 3s] [2h]
bluffualot: checks
Rus29APX: checks
*** SHOW DOWN ***
bluffualot: shows [Ac Jd] (high card Ace)
Rus29APX: mucks hand
bluffualot collected $23.52 from pot
*** SUMMARY ***
Total pot $24 | Rake $0.48
Board [Kc 8h 4s 3s 2h]
Seat 1: Rus29APX (button) (small blind) mucked
Seat 2: bluffualot (big blind) showed [Ac Jd] and won ($23.52) with high card Ace


PokerStars Hand #147061483343:  Hold'em Limit ($3/$6 USD) - 2016/01/15 0:40:07 ET
Table 'Bressole' 2-max Seat #1 is the button
Seat 1: Rus29APX ($103.54 in chips)
Seat 2: bluffualot ($112.92 in chips)
Rus29APX: posts small blind $1
bluffualot: posts big blind $3
*** HOLE CARDS ***
Rus29APX: raises $3 to $6
bluffualot: raises $3 to $9
Rus29APX: calls $3
*** FLOP *** [Qs 9s 4h]
bluffualot: bets $3
Rus29APX: calls $3
*** TURN *** [Qs 9s 4h] [Jh]
bluffualot: checks
Rus29APX: bets $6
bluffualot: calls $6
*** RIVER *** [Qs 9s 4h Jh] [6c]
bluffualot: checks
Rus29APX: bets $6
bluffualot: raises $6 to $12
Rus29APX: calls $6
*** SHOW DOWN ***
bluffualot: shows [6h 6s] (three of a kind, Sixes)
Rus29APX: mucks hand
bluffualot collected $59.50 from pot
*** SUMMARY ***
Total pot $60 | Rake $0.50
Board [Qs 9s 4h Jh 6c]
Seat 1: Rus29APX (button) (small blind) mucked
Seat 2: bluffualot (big blind) showed [6h 6s] and won ($59.50) with three of a kind, Sixes


PokerStars Hand #147061488967:  Hold'em Limit ($3/$6 USD) - 2016/01/15 0:40:27 ET
Table 'Bressole' 2-max Seat #2 is the button
Seat 1: Rus29APX ($73.54 in chips)
Seat 2: bluffualot ($142.42 in chips)
bluffualot: posts small blind $1
Rus29APX: posts big blind $3
*** HOLE CARDS ***
bluffualot: raises $3 to $6
Rus29APX: calls $3
*** FLOP *** [Td Qd Js]
Rus29APX: checks
bluffualot: bets $3
Rus29APX: calls $3
*** TURN *** [Td Qd Js] [5d]
Rus29APX: checks
bluffualot: checks
*** RIVER *** [Td Qd Js 5d] [7h]
Rus29APX: bets $6
bluffualot: calls $6
*** SHOW DOWN ***
Rus29APX: shows [5c Ac] (a pair of Fives)
bluffualot: shows [Jh 3s] (a pair of Jacks)
bluffualot collected $29.50 from pot
*** SUMMARY ***
Total pot $30 | Rake $0.50
Board [Td Qd Js 5d 7h]
Seat 1: Rus29APX (big blind) showed [5c Ac] and lost with a pair of Fives
Seat 2: bluffualot (button) (small blind) showed [Jh 3s] and won ($29.50) with a pair of Jacks


PokerStars Hand #147061478350:  Hold'em Limit ($3/$6 USD) - 2016/01/15 0:39:50 ET
Table 'Bressole' 2-max Seat #2 is the button
Seat 1: Rus29APX ($112.54 in chips)
Seat 2: bluffualot ($104.28 in chips)
bluffualot: posts small blind $1
Rus29APX: posts big blind $3
*** HOLE CARDS ***
bluffualot: raises $3 to $6
Rus29APX: calls $3
*** FLOP *** [2d Qs Th]
Rus29APX: checks
bluffualot: bets $3
Rus29APX: calls $3
*** TURN *** [2d Qs Th] [3d]
Rus29APX: checks
bluffualot: bets $6
Rus29APX: folds
Uncalled bet ($6) returned to bluffualot
bluffualot collected $17.64 from pot
*** SUMMARY ***
Total pot $18 | Rake $0.36
Board [2d Qs Th 3d]
Seat 1: Rus29APX (big blind) folded on the Turn
Seat 2: bluffualot (button) (small blind) collected ($17.64)


PokerStars Hand #147061494680:  Hold'em Limit ($3/$6 USD) - 2016/01/15 0:40:47 ET
Table 'Bressole' 2-max Seat #1 is the button
Seat 1: Rus29APX ($58.54 in chips)
Seat 2: bluffualot ($156.92 in chips)
Rus29APX: posts small blind $1
bluffualot: posts big blind $3
*** HOLE CARDS ***
Rus29APX: raises $3 to $6
bluffualot: calls $3
*** FLOP *** [6c Ad Kd]
bluffualot: checks
Rus29APX: bets $3
bluffualot: calls $3
*** TURN *** [6c Ad Kd] [7h]
bluffualot: bets $6
Rus29APX: calls $6
*** RIVER *** [6c Ad Kd 7h] [Qs]
bluffualot: bets $6
Rus29APX: calls $6
*** SHOW DOWN ***
bluffualot: shows [8c 9s] (high card Ace)
Rus29APX: shows [4d Qd] (a pair of Queens)
Rus29APX collected $41.50 from pot
*** SUMMARY ***
Total pot $42 | Rake $0.50
Board [6c Ad Kd 7h Qs]
Seat 1: Rus29APX (button) (small blind) showed [4d Qd] and won ($41.50) with a pair of Queens
Seat 2: bluffualot (big blind) showed [8c 9s] and lost with high card Ace


PokerStars Hand #147061505788:  Hold'em Limit ($3/$6 USD) - 2016/01/15 0:41:26 ET
Table 'Bressole' 2-max Seat #2 is the button
Seat 1: Rus29APX ($150.56 in chips)
Seat 2: bluffualot ($123.92 in chips)
bluffualot: posts small blind $1
Rus29APX: posts big blind $3
*** HOLE CARDS ***
bluffualot: raises $3 to $6
Rus29APX: folds
Uncalled bet ($3) returned to bluffualot
bluffualot collected $6 from pot
*** SUMMARY ***
Total pot $6 | Rake $0
Seat 1: Rus29APX (big blind) folded before Flop
Seat 2: bluffualot (button) (small blind) collected ($6)


PokerStars Hand #147061503207:  Hold'em Limit ($3/$6 USD) - 2016/01/15 0:41:17 ET
Table 'Bressole' 2-max Seat #1 is the button
Seat 1: Rus29APX ($144.80 in chips)
Seat 2: bluffualot ($129.92 in chips)
Rus29APX: posts small blind $1
bluffualot: posts big blind $3
*** HOLE CARDS ***
Rus29APX: raises $3 to $6
bluffualot: calls $3
*** FLOP *** [Jd Td Qs]
bluffualot: checks
Rus29APX: bets $3
bluffualot: folds
Uncalled bet ($3) returned to Rus29APX
Rus29APX collected $11.76 from pot
Rus29APX: doesn't show hand
*** SUMMARY ***
Total pot $12 | Rake $0.24
Board [Jd Td Qs]
Seat 1: Rus29APX (button) (small blind) collected ($11.76)
Seat 2: bluffualot (big blind) folded on the Flop


PokerStars Hand #147061499408:  Hold'em Limit ($3/$6 USD) - 2016/01/15 0:41:03 ET
Table 'Bressole' 2-max Seat #2 is the button
Seat 1: Rus29APX ($139.04 in chips)
Seat 2: bluffualot ($135.92 in chips)
bluffualot: posts small blind $1
Rus29APX: posts big blind $3
*** HOLE CARDS ***
bluffualot: raises $3 to $6
Rus29APX: calls $3
*** FLOP *** [7d 8h Ks]
Rus29APX: checks
bluffualot: checks
*** TURN *** [7d 8h Ks] [6d]
Rus29APX: bets $6
bluffualot: folds
Uncalled bet ($6) returned to Rus29APX
Rus29APX collected $11.76 from pot
Rus29APX: doesn't show hand
*** SUMMARY ***
Total pot $12 | Rake $0.24
Board [7d 8h Ks 6d]
Seat 1: Rus29APX (big blind) collected ($11.76)
Seat 2: bluffualot (button) (small blind) folded on the Turn


PokerStars Hand #147061507240:  Hold'em Limit ($3/$6 USD) - 2016/01/15 0:41:31 ET
Table 'Bressole' 2-max Seat #1 is the button
Seat 1: Rus29APX ($147.56 in chips)
Seat 2: bluffualot ($126.92 in chips)
Rus29APX: posts small blind $1
bluffualot: posts big blind $3
*** HOLE CARDS ***
Rus29APX: raises $3 to $6
bluffualot: raises $3 to $9
Rus29APX: calls $3
*** FLOP *** [9d Th Kc]
bluffualot: bets $3
Rus29APX: raises $3 to $6
bluffualot: calls $3
*** TURN *** [9d Th Kc] [4d]
bluffualot: checks
Rus29APX: bets $6
bluffualot: raises $6 to $12
Rus29APX: calls $6
*** RIVER *** [9d Th Kc 4d] [2c]
bluffualot: bets $6
Rus29APX: calls $6
*** SHOW DOWN ***
bluffualot: shows [Ks Ah] (a pair of Kings)
Rus29APX: mucks hand
bluffualot collected $65.50 from pot
*** SUMMARY ***
Total pot $66 | Rake $0.50
Board [9d Th Kc 4d 2c]
Seat 1: Rus29APX (button) (small blind) mucked
Seat 2: bluffualot (big blind) showed [Ks Ah] and won ($65.50) with a pair of Kings


PokerStars Hand #147061524657:  Hold'em Limit ($3/$6 USD) - 2016/01/15 0:42:28 ET
Table 'Bressole' 2-max Seat #2 is the button
Seat 1: Rus29APX ($107.20 in chips)
Seat 2: bluffualot ($165.94 in chips)
bluffualot: posts small blind $1
Rus29APX: posts big blind $3
*** HOLE CARDS ***
bluffualot: raises $3 to $6
Rus29APX: raises $3 to $9
bluffualot: calls $3
*** FLOP *** [7h 9h Ah]
Rus29APX: bets $3
bluffualot: folds
Uncalled bet ($3) returned to Rus29APX
Rus29APX collected $17.64 from pot
Rus29APX: doesn't show hand
*** SUMMARY ***
Total pot $18 | Rake $0.36
Board [7h 9h Ah]
Seat 1: Rus29APX (big blind) collected ($17.64)
Seat 2: bluffualot (button) (small blind) folded on the Flop


PokerStars Hand #147061523156:  Hold'em Limit ($3/$6 USD) - 2016/01/15 0:42:23 ET
Table 'Bressole' 2-max Seat #1 is the button
Seat 1: Rus29APX ($108.20 in chips)
Seat 2: bluffualot ($164.94 in chips)
Rus29APX: posts small blind $1
bluffualot: posts big blind $3
*** HOLE CARDS ***
Rus29APX: folds
Uncalled bet ($2) returned to bluffualot
bluffualot collected $2 from pot
*** SUMMARY ***
Total pot $2 | Rake $0
Seat 1: Rus29APX (button) (small blind) folded before Flop
Seat 2: bluffualot (big blind) collected ($2)


PokerStars Hand #147061526998:  Hold'em Limit ($3/$6 USD) - 2016/01/15 0:42:36 ET
Table 'Bressole' 2-max Seat #1 is the button
Seat 1: Rus29APX ($115.84 in chips)
Seat 2: bluffualot ($156.94 in chips)
Rus29APX: posts small blind $1
bluffualot: posts big blind $3
*** HOLE CARDS ***
Rus29APX: raises $3 to $6
bluffualot: calls $3
*** FLOP *** [8s 7s Ts]
bluffualot: bets $3
Rus29APX: calls $3
*** TURN *** [8s 7s Ts] [9d]
bluffualot: bets $6
Rus29APX: calls $6
*** RIVER *** [8s 7s Ts 9d] [2s]
bluffualot: bets $6
Rus29APX: calls $6
*** SHOW DOWN ***
bluffualot: shows [7c Js] (a flush, Jack high)
Rus29APX: mucks hand
bluffualot collected $41.50 from pot
*** SUMMARY ***
Total pot $42 | Rake $0.50
Board [8s 7s Ts 9d 2s]
Seat 1: Rus29APX (button) (small blind) mucked
Seat 2: bluffualot (big blind) showed [7c Js] and won ($41.50) with a flush, Jack high


PokerStars Hand #147061521515:  Hold'em Limit ($3/$6 USD) - 2016/01/15 0:42:18 ET
Table 'Bressole' 2-max Seat #2 is the button
Seat 1: Rus29APX ($111.20 in chips)
Seat 2: bluffualot ($161.94 in chips)
bluffualot: posts small blind $1
Rus29APX: posts big blind $3
*** HOLE CARDS ***
bluffualot: raises $3 to $6
Rus29APX: folds
Uncalled bet ($3) returned to bluffualot
bluffualot collected $6 from pot
*** SUMMARY ***
Total pot $6 | Rake $0
Seat 1: Rus29APX (big blind) folded before Flop
Seat 2: bluffualot (button) (small blind) collected ($6)


PokerStars Hand #147061517871:  Hold'em Limit ($3/$6 USD) - 2016/01/15 0:42:05 ET
Table 'Bressole' 2-max Seat #1 is the button
Seat 1: Rus29APX ($123.20 in chips)
Seat 2: bluffualot ($150.42 in chips)
Rus29APX: posts small blind $1
bluffualot: posts big blind $3
*** HOLE CARDS ***
Rus29APX: raises $3 to $6
bluffualot: raises $3 to $9
Rus29APX: calls $3
*** FLOP *** [5c 7c 2h]
bluffualot: bets $3
Rus29APX: calls $3
*** TURN *** [5c 7c 2h] [As]
bluffualot: bets $6
Rus29APX: folds
Uncalled bet ($6) returned to bluffualot
bluffualot collected $23.52 from pot
*** SUMMARY ***
Total pot $24 | Rake $0.48
Board [5c 7c 2h As]
Seat 1: Rus29APX (button) (small blind) folded on the Turn
Seat 2: bluffualot (big blind) collected ($23.52)


PokerStars Hand #147061512786:  Hold'em Limit ($3/$6 USD) - 2016/01/15 0:41:50 ET
Table 'Bressole' 2-max Seat #2 is the button
Seat 1: Rus29APX ($114.56 in chips)
Seat 2: bluffualot ($159.42 in chips)
bluffualot: posts small blind $1
Rus29APX: posts big blind $3
*** HOLE CARDS ***
bluffualot: raises $3 to $6
Rus29APX: raises $3 to $9
bluffualot: calls $3
*** FLOP *** [As 3h Jh]
Rus29APX: bets $3
bluffualot: folds
Uncalled bet ($3) returned to Rus29APX
Rus29APX collected $17.64 from pot
Rus29APX: doesn't show hand
*** SUMMARY ***
Total pot $18 | Rake $0.36
Board [As 3h Jh]
Seat 1: Rus29APX (big blind) collected ($17.64)
Seat 2: bluffualot (button) (small blind) folded on the Flop


PokerStars Hand #147061547311:  Hold'em Limit ($3/$6 USD) - 2016/01/15 0:43:43 ET
Table 'Bressole' 2-max Seat #1 is the button
Seat 1: Rus29APX ($91.34 in chips)
Seat 2: bluffualot ($179.46 in chips)
Rus29APX: posts small blind $1
bluffualot: posts big blind $3
*** HOLE CARDS ***
Rus29APX: folds
Uncalled bet ($2) returned to bluffualot
bluffualot collected $2 from pot
*** SUMMARY ***
Total pot $2 | Rake $0
Seat 1: Rus29APX (button) (small blind) folded before Flop
Seat 2: bluffualot (big blind) collected ($2)


PokerStars Hand #147061539007:  Hold'em Limit ($3/$6 USD) - 2016/01/15 0:43:16 ET
Table 'Bressole' 2-max Seat #1 is the button
Seat 1: Rus29APX ($118.34 in chips)
Seat 2: bluffualot ($153.44 in chips)
Rus29APX: posts small blind $1
bluffualot: posts big blind $3
*** HOLE CARDS ***
Rus29APX: raises $3 to $6
bluffualot: calls $3
*** FLOP *** [3d 6c Th]
bluffualot: checks
Rus29APX: bets $3
bluffualot: calls $3
*** TURN *** [3d 6c Th] [Ks]
bluffualot: checks
Rus29APX: checks
*** RIVER *** [3d 6c Th Ks] [8d]
bluffualot: bets $6
Rus29APX: calls $6
*** SHOW DOWN ***
bluffualot: shows [6d Tc] (two pair, Tens and Sixes)
Rus29APX: mucks hand
bluffualot collected $29.50 from pot
*** SUMMARY ***
Total pot $30 | Rake $0.50
Board [3d 6c Th Ks 8d]
Seat 1: Rus29APX (button) (small blind) mucked
Seat 2: bluffualot (big blind) showed [6d Tc] and won ($29.50) with two pair, Tens and Sixes


PokerStars Hand #147061542981:  Hold'em Limit ($3/$6 USD) - 2016/01/15 0:43:29 ET
Table 'Bressole' 2-max Seat #2 is the button
Seat 1: Rus29APX ($103.34 in chips)
Seat 2: bluffualot ($167.94 in chips)
bluffualot: posts small blind $1
Rus29APX: posts big blind $3
*** HOLE CARDS ***
bluffualot: raises $3 to $6
Rus29APX: raises $3 to $9
bluffualot: raises $3 to $12
Betting is capped
Rus29APX: calls $3
*** FLOP *** [6d Ac 7d]
Rus29APX: checks
bluffualot: bets $3
Rus29APX: folds
Uncalled bet ($3) returned to bluffualot
bluffualot collected $23.52 from pot
*** SUMMARY ***
Total pot $24 | Rake $0.48
Board [6d Ac 7d]
Seat 1: Rus29APX (big blind) folded on the Flop
Seat 2: bluffualot (button) (small blind) collected ($23.52)


PokerStars Hand #147061532357:  Hold'em Limit ($3/$6 USD) - 2016/01/15 0:42:54 ET
Table 'Bressole' 2-max Seat #2 is the button
Seat 1: Rus29APX ($94.84 in chips)
Seat 2: bluffualot ($177.44 in chips)
bluffualot: posts small blind $1
Rus29APX: posts big blind $3
*** HOLE CARDS ***
bluffualot: raises $3 to $6
Rus29APX: calls $3
*** FLOP *** [Jd Th 6s]
Rus29APX: checks
bluffualot: bets $3
Rus29APX: raises $3 to $6
bluffualot: calls $3
*** TURN *** [Jd Th 6s] [6d]
Rus29APX: bets $6
bluffualot: calls $6
*** RIVER *** [Jd Th 6s 6d] [Kc]
Rus29APX: bets $6
bluffualot: calls $6
*** SHOW DOWN ***
Rus29APX: shows [Js 3s] (two pair, Jacks and Sixes)
bluffualot: mucks hand
Rus29APX collected $47.50 from pot
*** SUMMARY ***
Total pot $48 | Rake $0.50
Board [Jd Th 6s 6d Kc]
Seat 1: Rus29APX (big blind) showed [Js 3s] and won ($47.50) with two pair, Jacks and Sixes
Seat 2: bluffualot (button) (small blind) mucked


PokerStars Hand #147061554678:  Hold'em Limit ($3/$6 USD) - 2016/01/15 0:44:08 ET
Table 'Bressole' 2-max Seat #1 is the button
Seat 1: Rus29APX ($75.34 in chips)
Seat 2: bluffualot ($194.96 in chips)
Rus29APX: posts small blind $1
bluffualot: posts big blind $3
*** HOLE CARDS ***
Rus29APX: raises $3 to $6
bluffualot: calls $3
*** FLOP *** [5s 2c Ac]
bluffualot: checks
Rus29APX: bets $3
bluffualot: folds
Uncalled bet ($3) returned to Rus29APX
Rus29APX collected $11.76 from pot
Rus29APX: doesn't show hand
*** SUMMARY ***
Total pot $12 | Rake $0.24
Board [5s 2c Ac]
Seat 1: Rus29APX (button) (small blind) collected ($11.76)
Seat 2: bluffualot (big blind) folded on the Flop


PokerStars Hand #147061557961:  Hold'em Limit ($3/$6 USD) - 2016/01/15 0:44:19 ET
Table 'Bressole' 2-max Seat #2 is the button
Seat 1: Rus29APX ($81.10 in chips)
Seat 2: bluffualot ($188.96 in chips)
bluffualot: posts small blind $1
Rus29APX: posts big blind $3
*** HOLE CARDS ***
bluffualot: raises $3 to $6
Rus29APX: calls $3
*** FLOP *** [6s Js 2s]
Rus29APX: checks
bluffualot: bets $3
Rus29APX: raises $3 to $6
bluffualot: calls $3
*** TURN *** [6s Js 2s] [3c]
Rus29APX: bets $6
bluffualot: calls $6
*** RIVER *** [6s Js 2s 3c] [Qd]
Rus29APX: bets $6
bluffualot: calls $6
*** SHOW DOWN ***
Rus29APX: shows [6d Qc] (two pair, Queens and Sixes)
bluffualot: mucks hand
Rus29APX collected $47.50 from pot
*** SUMMARY ***
Total pot $48 | Rake $0.50
Board [6s Js 2s 3c Qd]
Seat 1: Rus29APX (big blind) showed [6d Qc] and won ($47.50) with two pair, Queens and Sixes
Seat 2: bluffualot (button) (small blind) mucked


PokerStars Hand #147061562414:  Hold'em Limit ($3/$6 USD) - 2016/01/15 0:44:33 ET
Table 'Bressole' 2-max Seat #1 is the button
Seat 1: Rus29APX ($104.60 in chips)
Seat 2: bluffualot ($164.96 in chips)
Rus29APX: posts small blind $1
bluffualot: posts big blind $3
*** HOLE CARDS ***
Rus29APX: raises $3 to $6
bluffualot: calls $3
*** FLOP *** [Th 6s 9c]
bluffualot: bets $3
Rus29APX: calls $3
*** TURN *** [Th 6s 9c] [9h]
bluffualot: bets $6
Rus29APX: calls $6
*** RIVER *** [Th 6s 9c 9h] [Qc]
bluffualot: bets $6
Rus29APX: calls $6
*** SHOW DOWN ***
bluffualot: shows [Kh Js] (a straight, Nine to King)
Rus29APX: mucks hand
bluffualot collected $41.50 from pot
*** SUMMARY ***
Total pot $42 | Rake $0.50
Board [Th 6s 9c 9h Qc]
Seat 1: Rus29APX (button) (small blind) mucked
Seat 2: bluffualot (big blind) showed [Kh Js] and won ($41.50) with a straight, Nine to King


PokerStars Hand #147061549238:  Hold'em Limit ($3/$6 USD) - 2016/01/15 0:43:49 ET
Table 'Bressole' 2-max Seat #2 is the button
Seat 1: Rus29APX ($90.34 in chips)
Seat 2: bluffualot ($180.46 in chips)
bluffualot: posts small blind $1
Rus29APX: posts big blind $3
*** HOLE CARDS ***
bluffualot: raises $3 to $6
Rus29APX: calls $3
*** FLOP *** [9d 7s 6s]
Rus29APX: checks
bluffualot: bets $3
Rus29APX: calls $3
*** TURN *** [9d 7s 6s] [5d]
Rus29APX: checks
bluffualot: checks
*** RIVER *** [9d 7s 6s 5d] [2c]
Rus29APX: checks
bluffualot: bets $6
Rus29APX: calls $6
*** SHOW DOWN ***
bluffualot: shows [Qd 7h] (a pair of Sevens)
Rus29APX: mucks hand
bluffualot collected $29.50 from pot
*** SUMMARY ***
Total pot $30 | Rake $0.50
Board [9d 7s 6s 5d 2c]
Seat 1: Rus29APX (big blind) mucked
Seat 2: bluffualot (button) (small blind) showed [Qd 7h] and won ($29.50) with a pair of Sevens


PokerStars Hand #147061574529:  Hold'em Limit ($3/$6 USD) - 2016/01/15 0:45:13 ET
Table 'Bressole' 2-max Seat #1 is the button
Seat 1: Rus29APX ($68.60 in chips)
Seat 2: bluffualot ($199.96 in chips)
Rus29APX: posts small blind $1
bluffualot: posts big blind $3
*** HOLE CARDS ***
Rus29APX: raises $3 to $6
bluffualot: calls $3
*** FLOP *** [2s Js 6h]
bluffualot: checks
Rus29APX: bets $3
bluffualot: calls $3
*** TURN *** [2s Js 6h] [8s]
bluffualot: checks
Rus29APX: bets $6
bluffualot: folds
Uncalled bet ($6) returned to Rus29APX
Rus29APX collected $17.64 from pot
Rus29APX: doesn't show hand
*** SUMMARY ***
Total pot $18 | Rake $0.36
Board [2s Js 6h 8s]
Seat 1: Rus29APX (button) (small blind) collected ($17.64)
Seat 2: bluffualot (big blind) folded on the Turn


PokerStars Hand #147061580184:  Hold'em Limit ($3/$6 USD) - 2016/01/15 0:45:32 ET
Table 'Bressole' 2-max Seat #2 is the button
Seat 1: Rus29APX ($237.24 in chips)
Seat 2: bluffualot ($190.96 in chips)
bluffualot: posts small blind $1
Rus29APX: posts big blind $3
*** HOLE CARDS ***
bluffualot: raises $3 to $6
Rus29APX: calls $3
*** FLOP *** [8h 7c Tc]
Rus29APX: checks
bluffualot: bets $3
Rus29APX: folds
Uncalled bet ($3) returned to bluffualot
bluffualot collected $11.76 from pot
bluffualot: doesn't show hand
*** SUMMARY ***
Total pot $12 | Rake $0.24
Board [8h 7c Tc]
Seat 1: Rus29APX (big blind) folded on the Flop
Seat 2: bluffualot (button) (small blind) collected ($11.76)


PokerStars Hand #147061586636:  Hold'em Limit ($3/$6 USD) - 2016/01/15 0:45:53 ET
Table 'Bressole' 2-max Seat #1 is the button
Seat 1: Rus29APX ($231.24 in chips)
Seat 2: bluffualot ($196.72 in chips)
Rus29APX: posts small blind $1
bluffualot: posts big blind $3
*** HOLE CARDS ***
Rus29APX: raises $3 to $6
bluffualot: calls $3
*** FLOP *** [7c Ah 3h]
bluffualot: checks
Rus29APX: bets $3
bluffualot: calls $3
*** TURN *** [7c Ah 3h] [4s]
bluffualot: checks
Rus29APX: bets $6
bluffualot: calls $6
*** RIVER *** [7c Ah 3h 4s] [7s]
bluffualot: checks
Rus29APX: bets $6
bluffualot: calls $6
*** SHOW DOWN ***
Rus29APX: shows [4h Ad] (two pair, Aces and Sevens)
bluffualot: mucks hand
Rus29APX collected $41.50 from pot
*** SUMMARY ***
Total pot $42 | Rake $0.50
Board [7c Ah 3h 4s 7s]
Seat 1: Rus29APX (button) (small blind) showed [4h Ad] and won ($41.50) with two pair, Aces and Sevens
Seat 2: bluffualot (big blind) mucked


PokerStars Hand #147061600283:  Hold'em Limit ($3/$6 USD) - 2016/01/15 0:46:38 ET
Table 'Bressole' 2-max Seat #2 is the button
Seat 1: Rus29APX ($257.24 in chips)
Seat 2: bluffualot ($169.22 in chips)
bluffualot: posts small blind $1
Rus29APX: posts big blind $3
*** HOLE CARDS ***
bluffualot: raises $3 to $6
Rus29APX: raises $3 to $9
bluffualot: calls $3
*** FLOP *** [7c Tc Ks]
Rus29APX: bets $3
bluffualot: calls $3
*** TURN *** [7c Tc Ks] [Ah]
Rus29APX: bets $6
bluffualot: calls $6
*** RIVER *** [7c Tc Ks Ah] [2h]
Rus29APX: checks
bluffualot: checks
*** SHOW DOWN ***
Rus29APX: shows [3h 3s] (a pair of Threes)
bluffualot: mucks hand
Rus29APX collected $35.50 from pot
*** SUMMARY ***
Total pot $36 | Rake $0.50
Board [7c Tc Ks Ah 2h]
Seat 1: Rus29APX (big blind) showed [3h 3s] and won ($35.50) with a pair of Threes
Seat 2: bluffualot (button) (small blind) mucked


PokerStars Hand #147061591678:  Hold'em Limit ($3/$6 USD) - 2016/01/15 0:46:10 ET
Table 'Bressole' 2-max Seat #2 is the button
Seat 1: Rus29APX ($251.74 in chips)
Seat 2: bluffualot ($175.72 in chips)
bluffualot: posts small blind $1
Rus29APX: posts big blind $3
*** HOLE CARDS ***
bluffualot: raises $3 to $6
Rus29APX: calls $3
*** FLOP *** [6d 2c 8c]
Rus29APX: checks
bluffualot: bets $3
Rus29APX: raises $3 to $6
bluffualot: calls $3
*** TURN *** [6d 2c 8c] [Kd]
Rus29APX: bets $6
bluffualot: calls $6
*** RIVER *** [6d 2c 8c Kd] [9c]
Rus29APX: bets $6
bluffualot: calls $6
*** SHOW DOWN ***
Rus29APX: shows [5d 9h] (a pair of Nines)
bluffualot: mucks hand
Rus29APX collected $47.50 from pot
*** SUMMARY ***
Total pot $48 | Rake $0.50
Board [6d 2c 8c Kd 9c]
Seat 1: Rus29APX (big blind) showed [5d 9h] and won ($47.50) with a pair of Nines
Seat 2: bluffualot (button) (small blind) mucked


PokerStars Hand #147061596072:  Hold'em Limit ($3/$6 USD) - 2016/01/15 0:46:24 ET
Table 'Bressole' 2-max Seat #1 is the button
Seat 1: Rus29APX ($275.24 in chips)
Seat 2: bluffualot ($151.72 in chips)
Rus29APX: posts small blind $1
bluffualot: posts big blind $3
*** HOLE CARDS ***
Rus29APX: raises $3 to $6
bluffualot: raises $3 to $9
Rus29APX: calls $3
*** FLOP *** [6d Qd 2h]
bluffualot: bets $3
Rus29APX: calls $3
*** TURN *** [6d Qd 2h] [Ts]
bluffualot: checks
Rus29APX: checks
*** RIVER *** [6d Qd 2h Ts] [3c]
bluffualot: bets $6
Rus29APX: calls $6
*** SHOW DOWN ***
bluffualot: shows [Qh Tc] (two pair, Queens and Tens)
Rus29APX: mucks hand
bluffualot collected $35.50 from pot
*** SUMMARY ***
Total pot $36 | Rake $0.50
Board [6d Qd 2h Ts 3c]
Seat 1: Rus29APX (button) (small blind) mucked
Seat 2: bluffualot (big blind) showed [Qh Tc] and won ($35.50) with two pair, Queens and Tens


PokerStars Hand #147061605527:  Hold'em Limit ($3/$6 USD) - 2016/01/15 0:46:56 ET
Table 'Bressole' 2-max Seat #1 is the button
Seat 1: Rus29APX ($274.74 in chips)
Seat 2: bluffualot ($151.22 in chips)
Rus29APX: posts small blind $1
bluffualot: posts big blind $3
*** HOLE CARDS ***
Rus29APX: raises $3 to $6
bluffualot: calls $3
*** FLOP *** [5c 5h Jc]
bluffualot: checks
Rus29APX: bets $3
bluffualot: raises $3 to $6
Rus29APX: calls $3
*** TURN *** [5c 5h Jc] [Kh]
bluffualot: bets $6
Rus29APX: calls $6
*** RIVER *** [5c 5h Jc Kh] [7d]
bluffualot: checks
Rus29APX: bets $6
bluffualot: calls $6
*** SHOW DOWN ***
Rus29APX: shows [8h Js] (two pair, Jacks and Fives)
bluffualot: mucks hand
Rus29APX collected $47.50 from pot
*** SUMMARY ***
Total pot $48 | Rake $0.50
Board [5c 5h Jc Kh 7d]
Seat 1: Rus29APX (button) (small blind) showed [8h Js] and won ($47.50) with two pair, Jacks and Fives
Seat 2: bluffualot (big blind) mucked


PokerStars Hand #147061611111:  Hold'em Limit ($3/$6 USD) - 2016/01/15 0:47:14 ET
Table 'Bressole' 2-max Seat #2 is the button
Seat 1: Rus29APX ($298.24 in chips)
Seat 2: bluffualot ($127.22 in chips)
bluffualot: posts small blind $1
Rus29APX: posts big blind $3
*** HOLE CARDS ***
bluffualot: raises $3 to $6
Rus29APX: raises $3 to $9
bluffualot: calls $3
*** FLOP *** [Ts Ah 8d]
Rus29APX: bets $3
bluffualot: calls $3
*** TURN *** [Ts Ah 8d] [9s]
Rus29APX: bets $6
bluffualot: folds
Uncalled bet ($6) returned to Rus29APX
Rus29APX collected $23.52 from pot
Rus29APX: doesn't show hand
*** SUMMARY ***
Total pot $24 | Rake $0.48
Board [Ts Ah 8d 9s]
Seat 1: Rus29APX (big blind) collected ($23.52)
Seat 2: bluffualot (button) (small blind) folded on the Turn


PokerStars Hand #147061626453:  Hold'em Limit ($3/$6 USD) - 2016/01/15 0:48:05 ET
Table 'Bressole' 2-max Seat #2 is the button
Seat 1: Rus29APX ($300.76 in chips)
Seat 2: bluffualot ($123.86 in chips)
bluffualot: posts small blind $1
Rus29APX: posts big blind $3
*** HOLE CARDS ***
bluffualot: raises $3 to $6
Rus29APX: calls $3
*** FLOP *** [As 3c 4c]
Rus29APX: checks
bluffualot: checks
*** TURN *** [As 3c 4c] [6c]
Rus29APX: bets $6
bluffualot: folds
Uncalled bet ($6) returned to Rus29APX
Rus29APX collected $11.76 from pot
Rus29APX: doesn't show hand
*** SUMMARY ***
Total pot $12 | Rake $0.24
Board [As 3c 4c 6c]
Seat 1: Rus29APX (big blind) collected ($11.76)
Seat 2: bluffualot (button) (small blind) folded on the Turn


PokerStars Hand #147061630174:  Hold'em Limit ($3/$6 USD) - 2016/01/15 0:48:17 ET
Table 'Bressole' 2-max Seat #1 is the button
Seat 1: Rus29APX ($306.52 in chips)
Seat 2: bluffualot ($117.86 in chips)
Rus29APX: posts small blind $1
bluffualot: posts big blind $3
*** HOLE CARDS ***
Rus29APX: raises $3 to $6
bluffualot: calls $3
*** FLOP *** [7h 2c 7d]
bluffualot: checks
Rus29APX: bets $3
bluffualot: calls $3
*** TURN *** [7h 2c 7d] [4c]
bluffualot: checks
Rus29APX: checks
*** RIVER *** [7h 2c 7d 4c] [Jd]
bluffualot: checks
Rus29APX: checks
*** SHOW DOWN ***
bluffualot: shows [6d Kc] (a pair of Sevens)
Rus29APX: mucks hand
bluffualot collected $17.64 from pot
*** SUMMARY ***
Total pot $18 | Rake $0.36
Board [7h 2c 7d 4c Jd]
Seat 1: Rus29APX (button) (small blind) mucked
Seat 2: bluffualot (big blind) showed [6d Kc] and won ($17.64) with a pair of Sevens


PokerStars Hand #147061614861:  Hold'em Limit ($3/$6 USD) - 2016/01/15 0:47:27 ET
Table 'Bressole' 2-max Seat #1 is the button
Seat 1: Rus29APX ($309.76 in chips)
Seat 2: bluffualot ($115.22 in chips)
Rus29APX: posts small blind $1
bluffualot: posts big blind $3
*** HOLE CARDS ***
Rus29APX: raises $3 to $6
bluffualot: calls $3
*** FLOP *** [Th Jh 6s]
bluffualot: checks
Rus29APX: bets $3
bluffualot: calls $3
*** TURN *** [Th Jh 6s] [Jd]
bluffualot: checks
Rus29APX: checks
*** RIVER *** [Th Jh 6s Jd] [Qh]
bluffualot: bets $6
Rus29APX: folds
Uncalled bet ($6) returned to bluffualot
bluffualot collected $17.64 from pot
*** SUMMARY ***
Total pot $18 | Rake $0.36
Board [Th Jh 6s Jd Qh]
Seat 1: Rus29APX (button) (small blind) folded on the River
Seat 2: bluffualot (big blind) collected ($17.64)


PokerStars Hand #147061636974:  Hold'em Limit ($3/$6 USD) - 2016/01/15 0:48:40 ET
Table 'Bressole' 2-max Seat #1 is the button
Seat 1: Rus29APX ($294.52 in chips)
Seat 2: bluffualot ($129.50 in chips)
Rus29APX: posts small blind $1
bluffualot: posts big blind $3
*** HOLE CARDS ***
Rus29APX: raises $3 to $6
bluffualot: raises $3 to $9
Rus29APX: calls $3
*** FLOP *** [9h 9d Ks]
bluffualot: bets $3
Rus29APX: folds
Uncalled bet ($3) returned to bluffualot
bluffualot collected $17.64 from pot
*** SUMMARY ***
Total pot $18 | Rake $0.36
Board [9h 9d Ks]
Seat 1: Rus29APX (button) (small blind) folded on the Flop
Seat 2: bluffualot (big blind) collected ($17.64)


PokerStars Hand #147061635094:  Hold'em Limit ($3/$6 USD) - 2016/01/15 0:48:34 ET
Table 'Bressole' 2-max Seat #2 is the button
Seat 1: Rus29APX ($297.52 in chips)
Seat 2: bluffualot ($126.50 in chips)
bluffualot: posts small blind $1
Rus29APX: posts big blind $3
*** HOLE CARDS ***
bluffualot: raises $3 to $6
Rus29APX: folds
Uncalled bet ($3) returned to bluffualot
bluffualot collected $6 from pot
*** SUMMARY ***
Total pot $6 | Rake $0
Seat 1: Rus29APX (big blind) folded before Flop
Seat 2: bluffualot (button) (small blind) collected ($6)


PokerStars Hand #147061654078:  Hold'em Limit ($3/$6 USD) - 2016/01/15 0:49:36 ET
Table 'Bressole' 2-max Seat #1 is the button
Seat 1: Rus29APX ($285.28 in chips)
Seat 2: bluffualot ($138.14 in chips)
Rus29APX: posts small blind $1
bluffualot: posts big blind $3
*** HOLE CARDS ***
Rus29APX: raises $3 to $6
bluffualot: calls $3
*** FLOP *** [9d 4d 6s]
bluffualot: checks
Rus29APX: bets $3
bluffualot: raises $3 to $6
Rus29APX: calls $3
*** TURN *** [9d 4d 6s] [Kc]
bluffualot: bets $6
Rus29APX: calls $6
*** RIVER *** [9d 4d 6s Kc] [5s]
bluffualot: bets $6
Rus29APX: calls $6
*** SHOW DOWN ***
bluffualot: shows [Jd 6d] (a pair of Sixes)
Rus29APX: mucks hand
bluffualot collected $47.50 from pot
*** SUMMARY ***
Total pot $48 | Rake $0.50
Board [9d 4d 6s Kc 5s]
Seat 1: Rus29APX (button) (small blind) mucked
Seat 2: bluffualot (big blind) showed [Jd 6d] and won ($47.50) with a pair of Sixes


PokerStars Hand #147061652575:  Hold'em Limit ($3/$6 USD) - 2016/01/15 0:49:31 ET
Table 'Bressole' 2-max Seat #2 is the button
Seat 1: Rus29APX ($288.28 in chips)
Seat 2: bluffualot ($135.14 in chips)
bluffualot: posts small blind $1
Rus29APX: posts big blind $3
*** HOLE CARDS ***
bluffualot: raises $3 to $6
Rus29APX: folds
Uncalled bet ($3) returned to bluffualot
bluffualot collected $6 from pot
bluffualot: doesn't show hand
*** SUMMARY ***
Total pot $6 | Rake $0
Seat 1: Rus29APX (big blind) folded before Flop
Seat 2: bluffualot (button) (small blind) collected ($6)


PokerStars Hand #147061645366:  Hold'em Limit ($3/$6 USD) - 2016/01/15 0:49:08 ET
Table 'Bressole' 2-max Seat #1 is the button
Seat 1: Rus29APX ($282.52 in chips)
Seat 2: bluffualot ($141.14 in chips)
Rus29APX: posts small blind $1
bluffualot: posts big blind $3
*** HOLE CARDS ***
Rus29APX: raises $3 to $6
bluffualot: calls $3
*** FLOP *** [6s Jh 5s]
bluffualot: checks
Rus29APX: bets $3
bluffualot: folds
Uncalled bet ($3) returned to Rus29APX
Rus29APX collected $11.76 from pot
Rus29APX: doesn't show hand
*** SUMMARY ***
Total pot $12 | Rake $0.24
Board [6s Jh 5s]
Seat 1: Rus29APX (button) (small blind) collected ($11.76)
Seat 2: bluffualot (big blind) folded on the Flop


PokerStars Hand #147061640773:  Hold'em Limit ($3/$6 USD) - 2016/01/15 0:48:52 ET
Table 'Bressole' 2-max Seat #2 is the button
Seat 1: Rus29APX ($285.52 in chips)
Seat 2: bluffualot ($138.14 in chips)
bluffualot: posts small blind $1
Rus29APX: posts big blind $3
*** HOLE CARDS ***
bluffualot: raises $3 to $6
Rus29APX: folds
Uncalled bet ($3) returned to bluffualot
bluffualot collected $6 from pot
*** SUMMARY ***
Total pot $6 | Rake $0
Seat 1: Rus29APX (big blind) folded before Flop
Seat 2: bluffualot (button) (small blind) collected ($6)


PokerStars Hand #147061671635:  Hold'em Limit ($3/$6 USD) - 2016/01/15 0:50:36 ET
Table 'Bressole' 2-max Seat #1 is the button
Seat 1: Rus29APX ($307.28 in chips)
Seat 2: bluffualot ($114.64 in chips)
Rus29APX: posts small blind $1
bluffualot: posts big blind $3
*** HOLE CARDS ***
Rus29APX: folds
Uncalled bet ($2) returned to bluffualot
bluffualot collected $2 from pot
*** SUMMARY ***
Total pot $2 | Rake $0
Seat 1: Rus29APX (button) (small blind) folded before Flop
Seat 2: bluffualot (big blind) collected ($2)


PokerStars Hand #147061665913:  Hold'em Limit ($3/$6 USD) - 2016/01/15 0:50:17 ET
Table 'Bressole' 2-max Seat #2 is the button
Seat 1: Rus29APX ($283.78 in chips)
Seat 2: bluffualot ($138.64 in chips)
bluffualot: posts small blind $1
Rus29APX: posts big blind $3
*** HOLE CARDS ***
bluffualot: raises $3 to $6
Rus29APX: raises $3 to $9
bluffualot: calls $3
*** FLOP *** [9d 7h 5c]
Rus29APX: bets $3
bluffualot: calls $3
*** TURN *** [9d 7h 5c] [Tc]
Rus29APX: bets $6
bluffualot: calls $6
*** RIVER *** [9d 7h 5c Tc] [Ac]
Rus29APX: bets $6
bluffualot: calls $6
*** SHOW DOWN ***
Rus29APX: shows [As Ad] (three of a kind, Aces)
bluffualot: mucks hand
Rus29APX collected $47.50 from pot
*** SUMMARY ***
Total pot $48 | Rake $0.50
Board [9d 7h 5c Tc Ac]
Seat 1: Rus29APX (big blind) showed [As Ad] and won ($47.50) with three of a kind, Aces
Seat 2: bluffualot (button) (small blind) mucked


PokerStars Hand #147061664602:  Hold'em Limit ($3/$6 USD) - 2016/01/15 0:50:12 ET
Table 'Bressole' 2-max Seat #1 is the button
Seat 1: Rus29APX ($284.78 in chips)
Seat 2: bluffualot ($137.64 in chips)
Rus29APX: posts small blind $1
bluffualot: posts big blind $3
*** HOLE CARDS ***
Rus29APX: folds
Uncalled bet ($2) returned to bluffualot
bluffualot collected $2 from pot
*** SUMMARY ***
Total pot $2 | Rake $0
Seat 1: Rus29APX (button) (small blind) folded before Flop
Seat 2: bluffualot (big blind) collected ($2)


PokerStars Hand #147061659369:  Hold'em Limit ($3/$6 USD) - 2016/01/15 0:49:54 ET
Table 'Bressole' 2-max Seat #2 is the button
Seat 1: Rus29APX ($261.28 in chips)
Seat 2: bluffualot ($161.64 in chips)
bluffualot: posts small blind $1
Rus29APX: posts big blind $3
*** HOLE CARDS ***
bluffualot: raises $3 to $6
Rus29APX: calls $3
*** FLOP *** [9h 2c 3c]
Rus29APX: checks
bluffualot: bets $3
Rus29APX: raises $3 to $6
bluffualot: calls $3
*** TURN *** [9h 2c 3c] [Ks]
Rus29APX: bets $6
bluffualot: calls $6
*** RIVER *** [9h 2c 3c Ks] [5h]
Rus29APX: bets $6
bluffualot: calls $6
*** SHOW DOWN ***
Rus29APX: shows [Kd 9s] (two pair, Kings and Nines)
bluffualot: mucks hand
Rus29APX collected $47.50 from pot
*** SUMMARY ***
Total pot $48 | Rake $0.50
Board [9h 2c 3c Ks 5h]
Seat 1: Rus29APX (big blind) showed [Kd 9s] and won ($47.50) with two pair, Kings and Nines
Seat 2: bluffualot (button) (small blind) mucked


PokerStars Hand #147061673219:  Hold'em Limit ($3/$6 USD) - 2016/01/15 0:50:41 ET
Table 'Bressole' 2-max Seat #2 is the button
Seat 1: Rus29APX ($306.28 in chips)
Seat 2: bluffualot ($115.64 in chips)
bluffualot: posts small blind $1
Rus29APX: posts big blind $3
*** HOLE CARDS ***
bluffualot: raises $3 to $6
Rus29APX: calls $3
*** FLOP *** [Ts 6d Qd]
Rus29APX: checks
bluffualot: bets $3
Rus29APX: calls $3
*** TURN *** [Ts 6d Qd] [Jd]
Rus29APX: checks
bluffualot: bets $6
Rus29APX: calls $6
*** RIVER *** [Ts 6d Qd Jd] [5d]
Rus29APX: bets $6
bluffualot: calls $6
*** SHOW DOWN ***
Rus29APX: shows [3d Ks] (a flush, Queen high)
bluffualot: mucks hand
Rus29APX collected $41.50 from pot
*** SUMMARY ***
Total pot $42 | Rake $0.50
Board [Ts 6d Qd Jd 5d]
Seat 1: Rus29APX (big blind) showed [3d Ks] and won ($41.50) with a flush, Queen high
Seat 2: bluffualot (button) (small blind) mucked


PokerStars Hand #147061678007:  Hold'em Limit ($3/$6 USD) - 2016/01/15 0:50:57 ET
Table 'Bressole' 2-max Seat #1 is the button
Seat 1: Rus29APX ($326.78 in chips)
Seat 2: bluffualot ($94.64 in chips)
Rus29APX: posts small blind $1
bluffualot: posts big blind $3
*** HOLE CARDS ***
Rus29APX: raises $3 to $6
bluffualot: raises $3 to $9
Rus29APX: calls $3
*** FLOP *** [2c 3c Kc]
bluffualot: bets $3
Rus29APX: calls $3
*** TURN *** [2c 3c Kc] [7h]
bluffualot: checks
Rus29APX: checks
*** RIVER *** [2c 3c Kc 7h] [5c]
bluffualot: checks
Rus29APX: bets $6
bluffualot: folds
Uncalled bet ($6) returned to Rus29APX
Rus29APX collected $23.52 from pot
Rus29APX: doesn't show hand
*** SUMMARY ***
Total pot $24 | Rake $0.48
Board [2c 3c Kc 7h 5c]
Seat 1: Rus29APX (button) (small blind) collected ($23.52)
Seat 2: bluffualot (big blind) folded on the River


PokerStars Hand #147061690777:  Hold'em Limit ($3/$6 USD) - 2016/01/15 0:51:40 ET
Table 'Bressole' 2-max Seat #2 is the button
Seat 1: Rus29APX ($322.94 in chips)
Seat 2: bluffualot ($97.14 in chips)
bluffualot: posts small blind $1
Rus29APX: posts big blind $3
*** HOLE CARDS ***
bluffualot: raises $3 to $6
Rus29APX: calls $3
*** FLOP *** [Qh 7d 4s]
Rus29APX: checks
bluffualot: checks
*** TURN *** [Qh 7d 4s] [9c]
Rus29APX: bets $6
bluffualot: calls $6
*** RIVER *** [Qh 7d 4s 9c] [6d]
Rus29APX: bets $6
bluffualot: calls $6
*** SHOW DOWN ***
Rus29APX: shows [2d Jh] (high card Queen)
bluffualot: shows [5s Kh] (high card King)
bluffualot collected $35.50 from pot
*** SUMMARY ***
Total pot $36 | Rake $0.50
Board [Qh 7d 4s 9c 6d]
Seat 1: Rus29APX (big blind) showed [2d Jh] and lost with high card Queen
Seat 2: bluffualot (button) (small blind) showed [5s Kh] and won ($35.50) with high card King


PokerStars Hand #147061683358:  Hold'em Limit ($3/$6 USD) - 2016/01/15 0:51:15 ET
Table 'Bressole' 2-max Seat #2 is the button
Seat 1: Rus29APX ($338.30 in chips)
Seat 2: bluffualot ($82.64 in chips)
bluffualot: posts small blind $1
Rus29APX: posts big blind $3
*** HOLE CARDS ***
bluffualot: raises $3 to $6
Rus29APX: calls $3
*** FLOP *** [3s 7d 8h]
Rus29APX: checks
bluffualot: bets $3
Rus29APX: raises $3 to $6
bluffualot: folds
Uncalled bet ($3) returned to Rus29APX
Rus29APX collected $17.64 from pot
Rus29APX: doesn't show hand
*** SUMMARY ***
Total pot $18 | Rake $0.36
Board [3s 7d 8h]
Seat 1: Rus29APX (big blind) collected ($17.64)
Seat 2: bluffualot (button) (small blind) folded on the Flop


PokerStars Hand #147061686576:  Hold'em Limit ($3/$6 USD) - 2016/01/15 0:51:26 ET
Table 'Bressole' 2-max Seat #1 is the button
Seat 1: Rus29APX ($346.94 in chips)
Seat 2: bluffualot ($73.64 in chips)
Rus29APX: posts small blind $1
bluffualot: posts big blind $3
*** HOLE CARDS ***
Rus29APX: raises $3 to $6
bluffualot: raises $3 to $9
Rus29APX: calls $3
*** FLOP *** [Kc Qd 3d]
bluffualot: bets $3
Rus29APX: calls $3
*** TURN *** [Kc Qd 3d] [9h]
bluffualot: bets $6
Rus29APX: calls $6
*** RIVER *** [Kc Qd 3d 9h] [7h]
bluffualot: bets $6
Rus29APX: calls $6
*** SHOW DOWN ***
bluffualot: shows [Js Kh] (a pair of Kings)
Rus29APX: mucks hand
bluffualot collected $47.50 from pot
*** SUMMARY ***
Total pot $48 | Rake $0.50
Board [Kc Qd 3d 9h 7h]
Seat 1: Rus29APX (button) (small blind) mucked
Seat 2: bluffualot (big blind) showed [Js Kh] and won ($47.50) with a pair of Kings


PokerStars Hand #147061700620:  Hold'em Limit ($3/$6 USD) - 2016/01/15 0:52:14 ET
Table 'Bressole' 2-max Seat #2 is the button
Seat 1: Rus29APX ($334.44 in chips)
Seat 2: bluffualot ($84.64 in chips)
bluffualot: posts small blind $1
Rus29APX: posts big blind $3
*** HOLE CARDS ***
bluffualot: raises $3 to $6
Rus29APX: calls $3
*** FLOP *** [Ks 8s 5d]
Rus29APX: checks
bluffualot: bets $3
Rus29APX: raises $3 to $6
bluffualot: calls $3
*** TURN *** [Ks 8s 5d] [5h]
Rus29APX: bets $6
bluffualot: calls $6
*** RIVER *** [Ks 8s 5d 5h] [9d]
Rus29APX: bets $6
bluffualot: calls $6
*** SHOW DOWN ***
Rus29APX: shows [5s 7h] (three of a kind, Fives)
bluffualot: mucks hand
Rus29APX collected $47.50 from pot
*** SUMMARY ***
Total pot $48 | Rake $0.50
Board [Ks 8s 5d 5h 9d]
Seat 1: Rus29APX (big blind) showed [5s 7h] and won ($47.50) with three of a kind, Fives
Seat 2: bluffualot (button) (small blind) mucked


PokerStars Hand #147061694953:  Hold'em Limit ($3/$6 USD) - 2016/01/15 0:51:55 ET
Table 'Bressole' 2-max Seat #1 is the button
Seat 1: Rus29APX ($304.94 in chips)
Seat 2: bluffualot ($114.64 in chips)
Rus29APX: posts small blind $1
bluffualot: posts big blind $3
*** HOLE CARDS ***
Rus29APX: raises $3 to $6
bluffualot: raises $3 to $9
Rus29APX: calls $3
*** FLOP *** [3d 8h 6s]
bluffualot: bets $3
Rus29APX: raises $3 to $6
bluffualot: raises $3 to $9
Rus29APX: calls $3
*** TURN *** [3d 8h 6s] [Jc]
bluffualot: bets $6
Rus29APX: calls $6
*** RIVER *** [3d 8h 6s Jc] [Jh]
bluffualot: bets $6
Rus29APX: calls $6
*** SHOW DOWN ***
bluffualot: shows [8s 5s] (two pair, Jacks and Eights)
Rus29APX: shows [Qd 8c] (two pair, Jacks and Eights - Queen kicker)
Rus29APX collected $59.50 from pot
*** SUMMARY ***
Total pot $60 | Rake $0.50
Board [3d 8h 6s Jc Jh]
Seat 1: Rus29APX (button) (small blind) showed [Qd 8c] and won ($59.50) with two pair, Jacks and Eights
Seat 2: bluffualot (big blind) showed [8s 5s] and lost with two pair, Jacks and Eights


