PokerStars Hand #146478105731:  Hold'em Limit ($3/$6 USD) - 2016/01/04 18:00:55 ET
Table 'Bressole' 2-max Seat #2 is the button
Seat 1: ovidius2009 ($85.44 in chips)
Seat 2: Desktop775 ($129.70 in chips)
Desktop775: posts small blind $1
ovidius2009: posts big blind $3
*** HOLE CARDS ***
Desktop775: raises $3 to $6
ovidius2009: calls $3
*** FLOP *** [Ac Kc Ah]
ovidius2009: checks
Desktop775: bets $3
ovidius2009: calls $3
*** TURN *** [Ac Kc Ah] [8h]
ovidius2009: checks
Desktop775: bets $6
ovidius2009: calls $6
*** RIVER *** [Ac Kc Ah 8h] [7d]
ovidius2009: checks
Desktop775: checks
*** SHOW DOWN ***
ovidius2009: shows [Td 9d] (a pair of Aces)
Desktop775: shows [3h 3d] (two pair, Aces and Threes)
Desktop775 collected $29.50 from pot
*** SUMMARY ***
Total pot $30 | Rake $0.50
Board [Ac Kc Ah 8h 7d]
Seat 1: ovidius2009 (big blind) showed [Td 9d] and lost with a pair of Aces
Seat 2: Desktop775 (button) (small blind) showed [3h 3d] and won ($29.50) with two pair, Aces and Threes


PokerStars Hand #146478146771:  Hold'em Limit ($3/$6 USD) - 2016/01/04 18:01:38 ET
Table 'Bressole' 2-max Seat #2 is the button
Seat 1: ovidius2009 ($90.94 in chips)
Seat 2: Desktop775 ($123.20 in chips)
Desktop775: posts small blind $1
ovidius2009: posts big blind $3
*** HOLE CARDS ***
Desktop775: raises $3 to $6
ovidius2009: calls $3
*** FLOP *** [8c Kd 5d]
ovidius2009: checks
Desktop775: bets $3
ovidius2009: calls $3
*** TURN *** [8c Kd 5d] [6s]
ovidius2009: checks
Desktop775: bets $6
ovidius2009: calls $6
*** RIVER *** [8c Kd 5d 6s] [9h]
ovidius2009: checks
Desktop775: bets $6
ovidius2009: calls $6
*** SHOW DOWN ***
Desktop775: shows [2h Kh] (a pair of Kings)
ovidius2009: mucks hand
Desktop775 collected $41.50 from pot
*** SUMMARY ***
Total pot $42 | Rake $0.50
Board [8c Kd 5d 6s 9h]
Seat 1: ovidius2009 (big blind) mucked
Seat 2: Desktop775 (button) (small blind) showed [2h Kh] and won ($41.50) with a pair of Kings


PokerStars Hand #146478126860:  Hold'em Limit ($3/$6 USD) - 2016/01/04 18:01:18 ET
Table 'Bressole' 2-max Seat #1 is the button
Seat 1: ovidius2009 ($70.44 in chips)
Seat 2: Desktop775 ($144.20 in chips)
ovidius2009: posts small blind $1
Desktop775: posts big blind $3
*** HOLE CARDS ***
ovidius2009: calls $2
Desktop775: raises $3 to $6
ovidius2009: calls $3
*** FLOP *** [Ts 2c 9h]
Desktop775: bets $3
ovidius2009: calls $3
*** TURN *** [Ts 2c 9h] [3c]
Desktop775: bets $6
ovidius2009: calls $6
*** RIVER *** [Ts 2c 9h 3c] [Td]
Desktop775: checks
ovidius2009: bets $6
Desktop775: calls $6
*** SHOW DOWN ***
ovidius2009: shows [Jd 9s] (two pair, Tens and Nines)
Desktop775: mucks hand
ovidius2009 collected $41.50 from pot
*** SUMMARY ***
Total pot $42 | Rake $0.50
Board [Ts 2c 9h 3c Td]
Seat 1: ovidius2009 (button) (small blind) showed [Jd 9s] and won ($41.50) with two pair, Tens and Nines
Seat 2: Desktop775 (big blind) mucked


PokerStars Hand #146478166563:  Hold'em Limit ($3/$6 USD) - 2016/01/04 18:01:59 ET
Table 'Bressole' 2-max Seat #1 is the button
Seat 1: ovidius2009 ($69.94 in chips)
Seat 2: Desktop775 ($143.70 in chips)
ovidius2009: posts small blind $1
Desktop775: posts big blind $3
*** HOLE CARDS ***
ovidius2009: calls $2
Desktop775: checks
*** FLOP *** [8h 8c Th]
Desktop775: bets $3
ovidius2009: calls $3
*** TURN *** [8h 8c Th] [Kh]
Desktop775: bets $6
ovidius2009: calls $6
*** RIVER *** [8h 8c Th Kh] [7s]
Desktop775: bets $6
ovidius2009: folds
Uncalled bet ($6) returned to Desktop775
Desktop775 collected $23.52 from pot
Desktop775: doesn't show hand
*** SUMMARY ***
Total pot $24 | Rake $0.48
Board [8h 8c Th Kh 7s]
Seat 1: ovidius2009 (button) (small blind) folded on the River
Seat 2: Desktop775 (big blind) collected ($23.52)


PokerStars Hand #146478206044:  Hold'em Limit ($3/$6 USD) - 2016/01/04 18:02:40 ET
Table 'Bressole' 2-max Seat #1 is the button
Seat 1: ovidius2009 ($78.44 in chips)
Seat 2: Desktop775 ($134.22 in chips)
ovidius2009: posts small blind $1
Desktop775: posts big blind $3
*** HOLE CARDS ***
ovidius2009: calls $2
Desktop775: checks
*** FLOP *** [Ah 8h 3s]
Desktop775: checks
ovidius2009: bets $3
Desktop775: folds
Uncalled bet ($3) returned to ovidius2009
ovidius2009 collected $5.88 from pot
ovidius2009: doesn't show hand
*** SUMMARY ***
Total pot $6 | Rake $0.12
Board [Ah 8h 3s]
Seat 1: ovidius2009 (button) (small blind) collected ($5.88)
Seat 2: Desktop775 (big blind) folded on the Flop


PokerStars Hand #146478183949:  Hold'em Limit ($3/$6 USD) - 2016/01/04 18:02:17 ET
Table 'Bressole' 2-max Seat #2 is the button
Seat 1: ovidius2009 ($57.94 in chips)
Seat 2: Desktop775 ($155.22 in chips)
Desktop775: posts small blind $1
ovidius2009: posts big blind $3
*** HOLE CARDS ***
Desktop775: raises $3 to $6
ovidius2009: calls $3
*** FLOP *** [Ad 6h 5s]
ovidius2009: checks
Desktop775: bets $3
ovidius2009: calls $3
*** TURN *** [Ad 6h 5s] [4c]
ovidius2009: checks
Desktop775: bets $6
ovidius2009: calls $6
*** RIVER *** [Ad 6h 5s 4c] [2c]
ovidius2009: checks
Desktop775: bets $6
ovidius2009: calls $6
*** SHOW DOWN ***
Desktop775: shows [7h Ac] (a pair of Aces)
ovidius2009: shows [4h 2h] (two pair, Fours and Deuces)
ovidius2009 collected $41.50 from pot
*** SUMMARY ***
Total pot $42 | Rake $0.50
Board [Ad 6h 5s 4c 2c]
Seat 1: ovidius2009 (big blind) showed [4h 2h] and won ($41.50) with two pair, Fours and Deuces
Seat 2: Desktop775 (button) (small blind) showed [7h Ac] and lost with a pair of Aces


PokerStars Hand #146478220972:  Hold'em Limit ($3/$6 USD) - 2016/01/04 18:02:55 ET
Table 'Bressole' 2-max Seat #2 is the button
Seat 1: ovidius2009 ($81.32 in chips)
Seat 2: Desktop775 ($131.22 in chips)
Desktop775: posts small blind $1
ovidius2009: posts big blind $3
*** HOLE CARDS ***
Desktop775: raises $3 to $6
ovidius2009: calls $3
*** FLOP *** [Td 8c 6s]
ovidius2009: checks
Desktop775: bets $3
ovidius2009: calls $3
*** TURN *** [Td 8c 6s] [Kd]
ovidius2009: checks
Desktop775: bets $6
ovidius2009: folds
Uncalled bet ($6) returned to Desktop775
Desktop775 collected $17.64 from pot
Desktop775: doesn't show hand
*** SUMMARY ***
Total pot $18 | Rake $0.36
Board [Td 8c 6s Kd]
Seat 1: ovidius2009 (big blind) folded on the Turn
Seat 2: Desktop775 (button) (small blind) collected ($17.64)


PokerStars Hand #146478251691:  Hold'em Limit ($3/$6 USD) - 2016/01/04 18:03:27 ET
Table 'Bressole' 2-max Seat #2 is the button
Seat 1: ovidius2009 ($51.32 in chips)
Seat 2: Desktop775 ($160.36 in chips)
Desktop775: posts small blind $1
ovidius2009: posts big blind $3
*** HOLE CARDS ***
Desktop775: raises $3 to $6
ovidius2009: calls $3
*** FLOP *** [Qd 5s 5h]
ovidius2009: checks
Desktop775: bets $3
ovidius2009: calls $3
*** TURN *** [Qd 5s 5h] [Jc]
ovidius2009: checks
Desktop775: bets $6
ovidius2009: calls $6
*** RIVER *** [Qd 5s 5h Jc] [3s]
ovidius2009: checks
Desktop775: bets $6
ovidius2009: calls $6
*** SHOW DOWN ***
Desktop775: shows [Ah Jd] (two pair, Jacks and Fives)
ovidius2009: mucks hand
Desktop775 collected $41.50 from pot
*** SUMMARY ***
Total pot $42 | Rake $0.50
Board [Qd 5s 5h Jc 3s]
Seat 1: ovidius2009 (big blind) mucked
Seat 2: Desktop775 (button) (small blind) showed [Ah Jd] and won ($41.50) with two pair, Jacks and Fives


PokerStars Hand #146478234755:  Hold'em Limit ($3/$6 USD) - 2016/01/04 18:03:10 ET
Table 'Bressole' 2-max Seat #1 is the button
Seat 1: ovidius2009 ($72.32 in chips)
Seat 2: Desktop775 ($139.86 in chips)
ovidius2009: posts small blind $1
Desktop775: posts big blind $3
*** HOLE CARDS ***
ovidius2009: calls $2
Desktop775: raises $3 to $6
ovidius2009: calls $3
*** FLOP *** [5h 3s Td]
Desktop775: bets $3
ovidius2009: calls $3
*** TURN *** [5h 3s Td] [Ad]
Desktop775: bets $6
ovidius2009: calls $6
*** RIVER *** [5h 3s Td Ad] [7c]
Desktop775: bets $6
ovidius2009: calls $6
*** SHOW DOWN ***
Desktop775: shows [8c As] (a pair of Aces)
ovidius2009: mucks hand
Desktop775 collected $41.50 from pot
*** SUMMARY ***
Total pot $42 | Rake $0.50
Board [5h 3s Td Ad 7c]
Seat 1: ovidius2009 (button) (small blind) mucked
Seat 2: Desktop775 (big blind) showed [8c As] and won ($41.50) with a pair of Aces


PokerStars Hand #146478295262:  Hold'em Limit ($3/$6 USD) - 2016/01/04 18:04:11 ET
Table 'Bressole' 2-max Seat #2 is the button
Seat 1: ovidius2009 ($50.82 in chips)
Seat 2: Desktop775 ($159.86 in chips)
Desktop775: posts small blind $1
ovidius2009: posts big blind $3
*** HOLE CARDS ***
Desktop775: folds
Uncalled bet ($2) returned to ovidius2009
ovidius2009 collected $2 from pot
ovidius2009: doesn't show hand
*** SUMMARY ***
Total pot $2 | Rake $0
Seat 1: ovidius2009 (big blind) collected ($2)
Seat 2: Desktop775 (button) (small blind) folded before Flop


PokerStars Hand #146478274366:  Hold'em Limit ($3/$6 USD) - 2016/01/04 18:03:51 ET
Table 'Bressole' 2-max Seat #1 is the button
Seat 1: ovidius2009 ($30.32 in chips)
Seat 2: Desktop775 ($180.86 in chips)
ovidius2009: posts small blind $1
Desktop775: posts big blind $3
*** HOLE CARDS ***
ovidius2009: calls $2
Desktop775: checks
*** FLOP *** [2s 4d 5h]
Desktop775: checks
ovidius2009: checks
*** TURN *** [2s 4d 5h] [9c]
Desktop775: bets $6
ovidius2009: calls $6
*** RIVER *** [2s 4d 5h 9c] [Qd]
Desktop775: bets $6
ovidius2009: raises $6 to $12
Desktop775: calls $6
*** SHOW DOWN ***
ovidius2009: shows [Ac 3d] (a straight, Ace to Five)
Desktop775: mucks hand
ovidius2009 collected $41.50 from pot
*** SUMMARY ***
Total pot $42 | Rake $0.50
Board [2s 4d 5h 9c Qd]
Seat 1: ovidius2009 (button) (small blind) showed [Ac 3d] and won ($41.50) with a straight, Ace to Five
Seat 2: Desktop775 (big blind) mucked


PokerStars Hand #146478317821:  Hold'em Limit ($3/$6 USD) - 2016/01/04 18:04:35 ET
Table 'Bressole' 2-max Seat #2 is the button
Seat 1: ovidius2009 ($69.32 in chips)
Seat 2: Desktop775 ($140.86 in chips)
Desktop775: posts small blind $1
ovidius2009: posts big blind $3
*** HOLE CARDS ***
Desktop775: raises $3 to $6
ovidius2009: calls $3
*** FLOP *** [7d 4s Js]
ovidius2009: checks
Desktop775: bets $3
ovidius2009: folds
Uncalled bet ($3) returned to Desktop775
Desktop775 collected $11.76 from pot
Desktop775: doesn't show hand
*** SUMMARY ***
Total pot $12 | Rake $0.24
Board [7d 4s Js]
Seat 1: ovidius2009 (big blind) folded on the Flop
Seat 2: Desktop775 (button) (small blind) collected ($11.76)


PokerStars Hand #146478299739:  Hold'em Limit ($3/$6 USD) - 2016/01/04 18:04:16 ET
Table 'Bressole' 2-max Seat #1 is the button
Seat 1: ovidius2009 ($51.82 in chips)
Seat 2: Desktop775 ($158.86 in chips)
ovidius2009: posts small blind $1
Desktop775: posts big blind $3
*** HOLE CARDS ***
ovidius2009: calls $2
Desktop775: checks
*** FLOP *** [5d 2d 5c]
Desktop775: bets $3
ovidius2009: calls $3
*** TURN *** [5d 2d 5c] [6d]
Desktop775: bets $6
ovidius2009: calls $6
*** RIVER *** [5d 2d 5c 6d] [5h]
Desktop775: bets $6
ovidius2009: calls $6
*** SHOW DOWN ***
Desktop775: shows [4c 3s] (a straight, Deuce to Six)
ovidius2009: shows [2h Kh] (a full house, Fives full of Deuces)
ovidius2009 collected $35.50 from pot
*** SUMMARY ***
Total pot $36 | Rake $0.50
Board [5d 2d 5c 6d 5h]
Seat 1: ovidius2009 (button) (small blind) showed [2h Kh] and won ($35.50) with a full house, Fives full of Deuces
Seat 2: Desktop775 (big blind) showed [4c 3s] and lost with a straight, Deuce to Six


PokerStars Hand #146478331808:  Hold'em Limit ($3/$6 USD) - 2016/01/04 18:04:49 ET
Table 'Bressole' 2-max Seat #1 is the button
Seat 1: ovidius2009 ($63.32 in chips)
Seat 2: Desktop775 ($146.62 in chips)
ovidius2009: posts small blind $1
Desktop775: posts big blind $3
*** HOLE CARDS ***
ovidius2009: calls $2
Desktop775: raises $3 to $6
ovidius2009: calls $3
*** FLOP *** [Qc Kd 4c]
Desktop775: bets $3
ovidius2009: calls $3
*** TURN *** [Qc Kd 4c] [Js]
Desktop775: bets $6
ovidius2009: calls $6
*** RIVER *** [Qc Kd 4c Js] [Tc]
Desktop775: checks
ovidius2009: checks
*** SHOW DOWN ***
Desktop775: shows [3d 4d] (a pair of Fours)
ovidius2009: shows [Ts 2c] (a pair of Tens)
ovidius2009 collected $29.50 from pot
*** SUMMARY ***
Total pot $30 | Rake $0.50
Board [Qc Kd 4c Js Tc]
Seat 1: ovidius2009 (button) (small blind) showed [Ts 2c] and won ($29.50) with a pair of Tens
Seat 2: Desktop775 (big blind) showed [3d 4d] and lost with a pair of Fours


PokerStars Hand #146478373273:  Hold'em Limit ($3/$6 USD) - 2016/01/04 18:05:32 ET
Table 'Bressole' 2-max Seat #1 is the button
Seat 1: ovidius2009 ($92.32 in chips)
Seat 2: Desktop775 ($116.62 in chips)
ovidius2009: posts small blind $1
Desktop775: posts big blind $3
*** HOLE CARDS ***
ovidius2009: calls $2
Desktop775: raises $3 to $6
ovidius2009: calls $3
*** FLOP *** [6d Jh 4c]
Desktop775: checks
ovidius2009: checks
*** TURN *** [6d Jh 4c] [8h]
Desktop775: checks
ovidius2009: checks
*** RIVER *** [6d Jh 4c 8h] [Ks]
Desktop775: checks
ovidius2009: checks
*** SHOW DOWN ***
Desktop775: shows [9h Qs] (high card King)
ovidius2009: mucks hand
Desktop775 collected $11.76 from pot
*** SUMMARY ***
Total pot $12 | Rake $0.24
Board [6d Jh 4c 8h Ks]
Seat 1: ovidius2009 (button) (small blind) mucked
Seat 2: Desktop775 (big blind) showed [9h Qs] and won ($11.76) with high card King


PokerStars Hand #146478350854:  Hold'em Limit ($3/$6 USD) - 2016/01/04 18:05:09 ET
Table 'Bressole' 2-max Seat #2 is the button
Seat 1: ovidius2009 ($77.82 in chips)
Seat 2: Desktop775 ($131.62 in chips)
Desktop775: posts small blind $1
ovidius2009: posts big blind $3
*** HOLE CARDS ***
Desktop775: raises $3 to $6
ovidius2009: calls $3
*** FLOP *** [9c 7h 4s]
ovidius2009: checks
Desktop775: bets $3
ovidius2009: calls $3
*** TURN *** [9c 7h 4s] [Qc]
ovidius2009: checks
Desktop775: bets $6
ovidius2009: calls $6
*** RIVER *** [9c 7h 4s Qc] [Th]
ovidius2009: checks
Desktop775: checks
*** SHOW DOWN ***
ovidius2009: shows [Ks 7c] (a pair of Sevens)
Desktop775: mucks hand
ovidius2009 collected $29.50 from pot
*** SUMMARY ***
Total pot $30 | Rake $0.50
Board [9c 7h 4s Qc Th]
Seat 1: ovidius2009 (big blind) showed [Ks 7c] and won ($29.50) with a pair of Sevens
Seat 2: Desktop775 (button) (small blind) mucked


PokerStars Hand #146478507778:  Hold'em Limit ($3/$6 USD) - 2016/01/04 18:07:50 ET
Table 'Bressole' 2-max Seat #1 is the button
Seat 1: ovidius2009 ($106.82 in chips)
Seat 2: Desktop775 ($101.38 in chips)
ovidius2009: posts small blind $1
Desktop775: posts big blind $3
*** HOLE CARDS ***
ovidius2009: calls $2
Desktop775: checks
*** FLOP *** [Ac 7s Qc]
Desktop775: checks
ovidius2009: bets $3
Desktop775: folds
Uncalled bet ($3) returned to ovidius2009
ovidius2009 collected $5.88 from pot
ovidius2009: doesn't show hand
*** SUMMARY ***
Total pot $6 | Rake $0.12
Board [Ac 7s Qc]
Seat 1: ovidius2009 (button) (small blind) collected ($5.88)
Seat 2: Desktop775 (big blind) folded on the Flop


PokerStars Hand #146478480102:  Hold'em Limit ($3/$6 USD) - 2016/01/04 18:07:22 ET
Table 'Bressole' 2-max Seat #2 is the button
Seat 1: ovidius2009 ($86.32 in chips)
Seat 2: Desktop775 ($122.38 in chips)
Desktop775: posts small blind $1
ovidius2009: posts big blind $3
*** HOLE CARDS ***
Desktop775: raises $3 to $6
ovidius2009: calls $3
*** FLOP *** [8c 4h 7h]
ovidius2009: checks
Desktop775: bets $3
ovidius2009: calls $3
*** TURN *** [8c 4h 7h] [9d]
ovidius2009: checks
Desktop775: bets $6
ovidius2009: calls $6
*** RIVER *** [8c 4h 7h 9d] [2d]
ovidius2009: checks
Desktop775: bets $6
ovidius2009: calls $6
*** SHOW DOWN ***
Desktop775: shows [Qs 7s] (a pair of Sevens)
ovidius2009: shows [Jd 9c] (a pair of Nines)
ovidius2009 collected $41.50 from pot
*** SUMMARY ***
Total pot $42 | Rake $0.50
Board [8c 4h 7h 9d 2d]
Seat 1: ovidius2009 (big blind) showed [Jd 9c] and won ($41.50) with a pair of Nines
Seat 2: Desktop775 (button) (small blind) showed [Qs 7s] and lost with a pair of Sevens


PokerStars Hand #146478546320:  Hold'em Limit ($3/$6 USD) - 2016/01/04 18:08:30 ET
Table 'Bressole' 2-max Seat #2 is the button
Seat 1: ovidius2009 ($103.58 in chips)
Seat 2: Desktop775 ($104.02 in chips)
Desktop775: posts small blind $1
ovidius2009: posts big blind $3
*** HOLE CARDS ***
Desktop775: raises $3 to $6
ovidius2009: calls $3
*** FLOP *** [2c Qs As]
ovidius2009: checks
Desktop775: bets $3
ovidius2009: calls $3
*** TURN *** [2c Qs As] [Qc]
ovidius2009: checks
Desktop775: bets $6
ovidius2009: calls $6
*** RIVER *** [2c Qs As Qc] [Ad]
ovidius2009: checks
Desktop775: bets $6
ovidius2009: calls $6
*** SHOW DOWN ***
Desktop775: shows [Kh Ac] (a full house, Aces full of Queens)
ovidius2009: mucks hand
Desktop775 collected $41.50 from pot
*** SUMMARY ***
Total pot $42 | Rake $0.50
Board [2c Qs As Qc Ad]
Seat 1: ovidius2009 (big blind) mucked
Seat 2: Desktop775 (button) (small blind) showed [Kh Ac] and won ($41.50) with a full house, Aces full of Queens


PokerStars Hand #146478534692:  Hold'em Limit ($3/$6 USD) - 2016/01/04 18:08:18 ET
Table 'Bressole' 2-max Seat #1 is the button
Seat 1: ovidius2009 ($100.70 in chips)
Seat 2: Desktop775 ($107.02 in chips)
ovidius2009: posts small blind $1
Desktop775: posts big blind $3
*** HOLE CARDS ***
ovidius2009: calls $2
Desktop775: checks
*** FLOP *** [2h 5h Kc]
Desktop775: checks
ovidius2009: bets $3
Desktop775: folds
Uncalled bet ($3) returned to ovidius2009
ovidius2009 collected $5.88 from pot
ovidius2009: doesn't show hand
*** SUMMARY ***
Total pot $6 | Rake $0.12
Board [2h 5h Kc]
Seat 1: ovidius2009 (button) (small blind) collected ($5.88)
Seat 2: Desktop775 (big blind) folded on the Flop


PokerStars Hand #146478518628:  Hold'em Limit ($3/$6 USD) - 2016/01/04 18:08:02 ET
Table 'Bressole' 2-max Seat #2 is the button
Seat 1: ovidius2009 ($109.70 in chips)
Seat 2: Desktop775 ($98.38 in chips)
Desktop775: posts small blind $1
ovidius2009: posts big blind $3
*** HOLE CARDS ***
Desktop775: raises $3 to $6
ovidius2009: calls $3
*** FLOP *** [3c Qh 5s]
ovidius2009: checks
Desktop775: bets $3
ovidius2009: calls $3
*** TURN *** [3c Qh 5s] [Ah]
ovidius2009: checks
Desktop775: bets $6
ovidius2009: folds
Uncalled bet ($6) returned to Desktop775
Desktop775 collected $17.64 from pot
Desktop775: doesn't show hand
*** SUMMARY ***
Total pot $18 | Rake $0.36
Board [3c Qh 5s Ah]
Seat 1: ovidius2009 (big blind) folded on the Turn
Seat 2: Desktop775 (button) (small blind) collected ($17.64)


PokerStars Hand #146478618631:  Hold'em Limit ($3/$6 USD) - 2016/01/04 18:09:47 ET
Table 'Bressole' 2-max Seat #1 is the button
Seat 1: ovidius2009 ($124.46 in chips)
Seat 2: Desktop775 ($81.52 in chips)
ovidius2009: posts small blind $1
Desktop775: posts big blind $3
*** HOLE CARDS ***
ovidius2009: calls $2
Desktop775: checks
*** FLOP *** [5c 4c As]
Desktop775: checks
ovidius2009: bets $3
Desktop775: raises $3 to $6
ovidius2009: calls $3
*** TURN *** [5c 4c As] [Kc]
Desktop775: bets $6
ovidius2009: calls $6
*** RIVER *** [5c 4c As Kc] [6s]
Desktop775: bets $6
ovidius2009: calls $6
*** SHOW DOWN ***
Desktop775: shows [3c Qc] (a flush, King high)
ovidius2009: mucks hand
Desktop775 collected $41.50 from pot
*** SUMMARY ***
Total pot $42 | Rake $0.50
Board [5c 4c As Kc 6s]
Seat 1: ovidius2009 (button) (small blind) mucked
Seat 2: Desktop775 (big blind) showed [3c Qc] and won ($41.50) with a flush, King high


PokerStars Hand #146478601877:  Hold'em Limit ($3/$6 USD) - 2016/01/04 18:09:29 ET
Table 'Bressole' 2-max Seat #2 is the button
Seat 1: ovidius2009 ($109.96 in chips)
Seat 2: Desktop775 ($96.52 in chips)
Desktop775: posts small blind $1
ovidius2009: posts big blind $3
*** HOLE CARDS ***
Desktop775: raises $3 to $6
ovidius2009: calls $3
*** FLOP *** [Qd 5s Jh]
ovidius2009: bets $3
Desktop775: calls $3
*** TURN *** [Qd 5s Jh] [4d]
ovidius2009: bets $6
Desktop775: calls $6
*** RIVER *** [Qd 5s Jh 4d] [9d]
ovidius2009: checks
Desktop775: checks
*** SHOW DOWN ***
ovidius2009: shows [Js 2c] (a pair of Jacks)
Desktop775: mucks hand
ovidius2009 collected $29.50 from pot
*** SUMMARY ***
Total pot $30 | Rake $0.50
Board [Qd 5s Jh 4d 9d]
Seat 1: ovidius2009 (big blind) showed [Js 2c] and won ($29.50) with a pair of Jacks
Seat 2: Desktop775 (button) (small blind) mucked


PokerStars Hand #146478590375:  Hold'em Limit ($3/$6 USD) - 2016/01/04 18:09:17 ET
Table 'Bressole' 2-max Seat #1 is the button
Seat 1: ovidius2009 ($107.08 in chips)
Seat 2: Desktop775 ($99.52 in chips)
ovidius2009: posts small blind $1
Desktop775: posts big blind $3
*** HOLE CARDS ***
ovidius2009: calls $2
Desktop775: checks
*** FLOP *** [2s 6d Tc]
Desktop775: checks
ovidius2009: bets $3
Desktop775: folds
Uncalled bet ($3) returned to ovidius2009
ovidius2009 collected $5.88 from pot
ovidius2009: doesn't show hand
*** SUMMARY ***
Total pot $6 | Rake $0.12
Board [2s 6d Tc]
Seat 1: ovidius2009 (button) (small blind) collected ($5.88)
Seat 2: Desktop775 (big blind) folded on the Flop


PokerStars Hand #146478585637:  Hold'em Limit ($3/$6 USD) - 2016/01/04 18:09:12 ET
Table 'Bressole' 2-max Seat #2 is the button
Seat 1: ovidius2009 ($106.08 in chips)
Seat 2: Desktop775 ($100.52 in chips)
Desktop775: posts small blind $1
ovidius2009: posts big blind $3
*** HOLE CARDS ***
Desktop775: folds
Uncalled bet ($2) returned to ovidius2009
ovidius2009 collected $2 from pot
ovidius2009: doesn't show hand
*** SUMMARY ***
Total pot $2 | Rake $0
Seat 1: ovidius2009 (big blind) collected ($2)
Seat 2: Desktop775 (button) (small blind) folded before Flop


PokerStars Hand #146478563864:  Hold'em Limit ($3/$6 USD) - 2016/01/04 18:08:49 ET
Table 'Bressole' 2-max Seat #1 is the button
Seat 1: ovidius2009 ($82.58 in chips)
Seat 2: Desktop775 ($124.52 in chips)
ovidius2009: posts small blind $1
Desktop775: posts big blind $3
*** HOLE CARDS ***
ovidius2009: calls $2
Desktop775: raises $3 to $6
ovidius2009: calls $3
*** FLOP *** [4h 9s Qc]
Desktop775: bets $3
ovidius2009: raises $3 to $6
Desktop775: calls $3
*** TURN *** [4h 9s Qc] [3s]
Desktop775: checks
ovidius2009: bets $6
Desktop775: calls $6
*** RIVER *** [4h 9s Qc 3s] [Qh]
Desktop775: checks
ovidius2009: bets $6
Desktop775: calls $6
*** SHOW DOWN ***
ovidius2009: shows [Jd Qd] (three of a kind, Queens)
Desktop775: mucks hand
ovidius2009 collected $47.50 from pot
*** SUMMARY ***
Total pot $48 | Rake $0.50
Board [4h 9s Qc 3s Qh]
Seat 1: ovidius2009 (button) (small blind) showed [Jd Qd] and won ($47.50) with three of a kind, Queens
Seat 2: Desktop775 (big blind) mucked


PokerStars Hand #146478657742:  Hold'em Limit ($3/$6 USD) - 2016/01/04 18:10:28 ET
Table 'Bressole' 2-max Seat #1 is the button
Seat 1: ovidius2009 ($109.22 in chips)
Seat 2: Desktop775 ($96.02 in chips)
ovidius2009: posts small blind $1
Desktop775: posts big blind $3
*** HOLE CARDS ***
ovidius2009: calls $2
Desktop775: checks
*** FLOP *** [4d 2d 2c]
Desktop775: checks
ovidius2009: bets $3
Desktop775: raises $3 to $6
ovidius2009: calls $3
*** TURN *** [4d 2d 2c] [3h]
Desktop775: bets $6
ovidius2009: calls $6
*** RIVER *** [4d 2d 2c 3h] [8d]
Desktop775: bets $6
ovidius2009: folds
Uncalled bet ($6) returned to Desktop775
Desktop775 collected $29.50 from pot
Desktop775: doesn't show hand
*** SUMMARY ***
Total pot $30 | Rake $0.50
Board [4d 2d 2c 3h 8d]
Seat 1: ovidius2009 (button) (small blind) folded on the River
Seat 2: Desktop775 (big blind) collected ($29.50)


PokerStars Hand #146478635731:  Hold'em Limit ($3/$6 USD) - 2016/01/04 18:10:05 ET
Table 'Bressole' 2-max Seat #2 is the button
Seat 1: ovidius2009 ($103.46 in chips)
Seat 2: Desktop775 ($102.02 in chips)
Desktop775: posts small blind $1
ovidius2009: posts big blind $3
*** HOLE CARDS ***
Desktop775: raises $3 to $6
ovidius2009: calls $3
*** FLOP *** [As 8c 6h]
ovidius2009: checks
Desktop775: checks
*** TURN *** [As 8c 6h] [Jd]
ovidius2009: checks
Desktop775: checks
*** RIVER *** [As 8c 6h Jd] [6d]
ovidius2009: bets $6
Desktop775: folds
Uncalled bet ($6) returned to ovidius2009
ovidius2009 collected $11.76 from pot
ovidius2009: doesn't show hand
*** SUMMARY ***
Total pot $12 | Rake $0.24
Board [As 8c 6h Jd 6d]
Seat 1: ovidius2009 (big blind) collected ($11.76)
Seat 2: Desktop775 (button) (small blind) folded on the River


PokerStars Hand #146478714272:  Hold'em Limit ($3/$6 USD) - 2016/01/04 18:11:28 ET
Table 'Bressole' 2-max Seat #2 is the button
Seat 1: ovidius2009 ($126.22 in chips)
Seat 2: Desktop775 ($77.52 in chips)
Desktop775: posts small blind $1
ovidius2009: posts big blind $3
*** HOLE CARDS ***
Desktop775: raises $3 to $6
ovidius2009: calls $3
*** FLOP *** [Td 9d 3c]
ovidius2009: checks
Desktop775: checks
*** TURN *** [Td 9d 3c] [3d]
ovidius2009: checks
Desktop775: checks
*** RIVER *** [Td 9d 3c 3d] [2s]
ovidius2009: checks
Desktop775: checks
*** SHOW DOWN ***
ovidius2009: shows [4h 7c] (a pair of Threes)
Desktop775: shows [7d 6s] (a pair of Threes)
ovidius2009 collected $5.88 from pot
Desktop775 collected $5.88 from pot
*** SUMMARY ***
Total pot $12 | Rake $0.24
Board [Td 9d 3c 3d 2s]
Seat 1: ovidius2009 (big blind) showed [4h 7c] and won ($5.88) with a pair of Threes
Seat 2: Desktop775 (button) (small blind) showed [7d 6s] and won ($5.88) with a pair of Threes


PokerStars Hand #146478695169:  Hold'em Limit ($3/$6 USD) - 2016/01/04 18:11:07 ET
Table 'Bressole' 2-max Seat #1 is the button
Seat 1: ovidius2009 ($108.72 in chips)
Seat 2: Desktop775 ($95.52 in chips)
ovidius2009: posts small blind $1
Desktop775: posts big blind $3
*** HOLE CARDS ***
ovidius2009: calls $2
Desktop775: raises $3 to $6
ovidius2009: calls $3
*** FLOP *** [3d 6h 5c]
Desktop775: bets $3
ovidius2009: raises $3 to $6
Desktop775: calls $3
*** TURN *** [3d 6h 5c] [9h]
Desktop775: checks
ovidius2009: bets $6
Desktop775: calls $6
*** RIVER *** [3d 6h 5c 9h] [Kd]
Desktop775: checks
ovidius2009: checks
*** SHOW DOWN ***
Desktop775: shows [3h 4h] (a pair of Threes)
ovidius2009: shows [As 6c] (a pair of Sixes)
ovidius2009 collected $35.50 from pot
*** SUMMARY ***
Total pot $36 | Rake $0.50
Board [3d 6h 5c 9h Kd]
Seat 1: ovidius2009 (button) (small blind) showed [As 6c] and won ($35.50) with a pair of Sixes
Seat 2: Desktop775 (big blind) showed [3h 4h] and lost with a pair of Threes


PokerStars Hand #146478773833:  Hold'em Limit ($3/$6 USD) - 2016/01/04 18:12:31 ET
Table 'Bressole' 2-max Seat #1 is the button
Seat 1: ovidius2009 ($84.10 in chips)
Seat 2: Desktop775 ($118.40 in chips)
ovidius2009: posts small blind $1
Desktop775: posts big blind $3
*** HOLE CARDS ***
ovidius2009: calls $2
Desktop775: raises $3 to $6
ovidius2009: calls $3
*** FLOP *** [2c Js 9d]
Desktop775: checks
ovidius2009: checks
*** TURN *** [2c Js 9d] [9c]
Desktop775: bets $6
ovidius2009: calls $6
*** RIVER *** [2c Js 9d 9c] [As]
Desktop775: bets $6
ovidius2009: folds
Uncalled bet ($6) returned to Desktop775
Desktop775 collected $23.52 from pot
Desktop775: doesn't show hand
*** SUMMARY ***
Total pot $24 | Rake $0.48
Board [2c Js 9d 9c As]
Seat 1: ovidius2009 (button) (small blind) folded on the River
Seat 2: Desktop775 (big blind) collected ($23.52)


PokerStars Hand #146478733276:  Hold'em Limit ($3/$6 USD) - 2016/01/04 18:11:48 ET
Table 'Bressole' 2-max Seat #1 is the button
Seat 1: ovidius2009 ($126.10 in chips)
Seat 2: Desktop775 ($77.40 in chips)
ovidius2009: posts small blind $1
Desktop775: posts big blind $3
*** HOLE CARDS ***
ovidius2009: calls $2
Desktop775: raises $3 to $6
ovidius2009: calls $3
*** FLOP *** [6h 5d 7c]
Desktop775: bets $3
ovidius2009: calls $3
*** TURN *** [6h 5d 7c] [5c]
Desktop775: bets $6
ovidius2009: calls $6
*** RIVER *** [6h 5d 7c 5c] [Kh]
Desktop775: checks
ovidius2009: bets $6
Desktop775: calls $6
*** SHOW DOWN ***
ovidius2009: shows [Jc 3h] (a pair of Fives)
Desktop775: shows [9c Ad] (a pair of Fives - Ace kicker)
Desktop775 collected $41.50 from pot
*** SUMMARY ***
Total pot $42 | Rake $0.50
Board [6h 5d 7c 5c Kh]
Seat 1: ovidius2009 (button) (small blind) showed [Jc 3h] and lost with a pair of Fives
Seat 2: Desktop775 (big blind) showed [9c Ad] and won ($41.50) with a pair of Fives


PokerStars Hand #146478834943:  Hold'em Limit ($3/$6 USD) - 2016/01/04 18:13:36 ET
Table 'Bressole' 2-max Seat #2 is the button
Seat 1: ovidius2009 ($62.86 in chips)
Seat 2: Desktop775 ($138.42 in chips)
Desktop775: posts small blind $1
ovidius2009: posts big blind $3
*** HOLE CARDS ***
Desktop775: raises $3 to $6
ovidius2009: calls $3
*** FLOP *** [9h Js Qh]
ovidius2009: checks
Desktop775: checks
*** TURN *** [9h Js Qh] [8s]
ovidius2009: bets $6
Desktop775: folds
Uncalled bet ($6) returned to ovidius2009
ovidius2009 collected $11.76 from pot
ovidius2009: doesn't show hand
*** SUMMARY ***
Total pot $12 | Rake $0.24
Board [9h Js Qh 8s]
Seat 1: ovidius2009 (big blind) collected ($11.76)
Seat 2: Desktop775 (button) (small blind) folded on the Turn


PokerStars Hand #146478817504:  Hold'em Limit ($3/$6 USD) - 2016/01/04 18:13:18 ET
Table 'Bressole' 2-max Seat #1 is the button
Seat 1: ovidius2009 ($57.10 in chips)
Seat 2: Desktop775 ($144.42 in chips)
ovidius2009: posts small blind $1
Desktop775: posts big blind $3
*** HOLE CARDS ***
ovidius2009: calls $2
Desktop775: checks
*** FLOP *** [9d 7c 8c]
Desktop775: checks
ovidius2009: bets $3
Desktop775: calls $3
*** TURN *** [9d 7c 8c] [3s]
Desktop775: checks
ovidius2009: bets $6
Desktop775: folds
Uncalled bet ($6) returned to ovidius2009
ovidius2009 collected $11.76 from pot
ovidius2009: doesn't show hand
*** SUMMARY ***
Total pot $12 | Rake $0.24
Board [9d 7c 8c 3s]
Seat 1: ovidius2009 (button) (small blind) collected ($11.76)
Seat 2: Desktop775 (big blind) folded on the Turn


PokerStars Hand #146478791229:  Hold'em Limit ($3/$6 USD) - 2016/01/04 18:12:50 ET
Table 'Bressole' 2-max Seat #2 is the button
Seat 1: ovidius2009 ($72.10 in chips)
Seat 2: Desktop775 ($129.92 in chips)
Desktop775: posts small blind $1
ovidius2009: posts big blind $3
*** HOLE CARDS ***
Desktop775: raises $3 to $6
ovidius2009: calls $3
*** FLOP *** [Jh Ah Qh]
ovidius2009: checks
Desktop775: bets $3
ovidius2009: calls $3
*** TURN *** [Jh Ah Qh] [2d]
ovidius2009: checks
Desktop775: bets $6
ovidius2009: calls $6
*** RIVER *** [Jh Ah Qh 2d] [3s]
ovidius2009: checks
Desktop775: checks
*** SHOW DOWN ***
ovidius2009: shows [7d Kc] (high card Ace)
Desktop775: shows [Jc 4d] (a pair of Jacks)
Desktop775 collected $29.50 from pot
*** SUMMARY ***
Total pot $30 | Rake $0.50
Board [Jh Ah Qh 2d 3s]
Seat 1: ovidius2009 (big blind) showed [7d Kc] and lost with high card Ace
Seat 2: Desktop775 (button) (small blind) showed [Jc 4d] and won ($29.50) with a pair of Jacks


PokerStars Hand #146478891382:  Hold'em Limit ($3/$6 USD) - 2016/01/04 18:14:37 ET
Table 'Bressole' 2-max Seat #1 is the button
Seat 1: ovidius2009 ($56.26 in chips)
Seat 2: Desktop775 ($143.92 in chips)
ovidius2009: posts small blind $1
Desktop775: posts big blind $3
*** HOLE CARDS ***
ovidius2009: calls $2
Desktop775: checks
*** FLOP *** [5h Th 7c]
Desktop775: checks
ovidius2009: bets $3
Desktop775: calls $3
*** TURN *** [5h Th 7c] [4c]
Desktop775: checks
ovidius2009: bets $6
Desktop775: calls $6
*** RIVER *** [5h Th 7c 4c] [2c]
Desktop775: checks
ovidius2009: checks
*** SHOW DOWN ***
Desktop775: shows [5c Ks] (a pair of Fives)
ovidius2009: mucks hand
Desktop775 collected $23.52 from pot
*** SUMMARY ***
Total pot $24 | Rake $0.48
Board [5h Th 7c 4c 2c]
Seat 1: ovidius2009 (button) (small blind) mucked
Seat 2: Desktop775 (big blind) showed [5c Ks] and won ($23.52) with a pair of Fives


PokerStars Hand #146478873390:  Hold'em Limit ($3/$6 USD) - 2016/01/04 18:14:17 ET
Table 'Bressole' 2-max Seat #2 is the button
Seat 1: ovidius2009 ($77.26 in chips)
Seat 2: Desktop775 ($123.42 in chips)
Desktop775: posts small blind $1
ovidius2009: posts big blind $3
*** HOLE CARDS ***
Desktop775: raises $3 to $6
ovidius2009: calls $3
*** FLOP *** [Tc 2d 2c]
ovidius2009: checks
Desktop775: bets $3
ovidius2009: calls $3
*** TURN *** [Tc 2d 2c] [4h]
ovidius2009: checks
Desktop775: bets $6
ovidius2009: calls $6
*** RIVER *** [Tc 2d 2c 4h] [Kc]
ovidius2009: checks
Desktop775: bets $6
ovidius2009: calls $6
*** SHOW DOWN ***
Desktop775: shows [Jd Td] (two pair, Tens and Deuces)
ovidius2009: mucks hand
Desktop775 collected $41.50 from pot
*** SUMMARY ***
Total pot $42 | Rake $0.50
Board [Tc 2d 2c 4h Kc]
Seat 1: ovidius2009 (big blind) mucked
Seat 2: Desktop775 (button) (small blind) showed [Jd Td] and won ($41.50) with two pair, Tens and Deuces


PokerStars Hand #146478850648:  Hold'em Limit ($3/$6 USD) - 2016/01/04 18:13:53 ET
Table 'Bressole' 2-max Seat #1 is the button
Seat 1: ovidius2009 ($68.62 in chips)
Seat 2: Desktop775 ($132.42 in chips)
ovidius2009: posts small blind $1
Desktop775: posts big blind $3
*** HOLE CARDS ***
ovidius2009: calls $2
Desktop775: checks
*** FLOP *** [5s Ks 8d]
Desktop775: checks
ovidius2009: checks
*** TURN *** [5s Ks 8d] [Th]
Desktop775: checks
ovidius2009: checks
*** RIVER *** [5s Ks 8d Th] [Ts]
Desktop775: bets $6
ovidius2009: calls $6
*** SHOW DOWN ***
Desktop775: shows [2s 4c] (a pair of Tens)
ovidius2009: shows [Kc 8s] (two pair, Kings and Tens)
ovidius2009 collected $17.64 from pot
*** SUMMARY ***
Total pot $18 | Rake $0.36
Board [5s Ks 8d Th Ts]
Seat 1: ovidius2009 (button) (small blind) showed [Kc 8s] and won ($17.64) with two pair, Kings and Tens
Seat 2: Desktop775 (big blind) showed [2s 4c] and lost with a pair of Tens


PokerStars Hand #146478940276:  Hold'em Limit ($3/$6 USD) - 2016/01/04 18:15:29 ET
Table 'Bressole' 2-max Seat #2 is the button
Seat 1: ovidius2009 ($58.64 in chips)
Seat 2: Desktop775 ($140.32 in chips)
Desktop775: posts small blind $1
ovidius2009: posts big blind $3
*** HOLE CARDS ***
Desktop775: raises $3 to $6
ovidius2009: calls $3
*** FLOP *** [3s Kc 4h]
ovidius2009: checks
Desktop775: checks
*** TURN *** [3s Kc 4h] [9s]
ovidius2009: bets $6
Desktop775: calls $6
*** RIVER *** [3s Kc 4h 9s] [7d]
ovidius2009: bets $6
Desktop775: calls $6
*** SHOW DOWN ***
ovidius2009: shows [6h Kh] (a pair of Kings)
Desktop775: mucks hand
ovidius2009 collected $35.50 from pot
*** SUMMARY ***
Total pot $36 | Rake $0.50
Board [3s Kc 4h 9s 7d]
Seat 1: ovidius2009 (big blind) showed [6h Kh] and won ($35.50) with a pair of Kings
Seat 2: Desktop775 (button) (small blind) mucked


PokerStars Hand #146478924263:  Hold'em Limit ($3/$6 USD) - 2016/01/04 18:15:12 ET
Table 'Bressole' 2-max Seat #1 is the button
Seat 1: ovidius2009 ($44.14 in chips)
Seat 2: Desktop775 ($155.32 in chips)
ovidius2009: posts small blind $1
Desktop775: posts big blind $3
*** HOLE CARDS ***
ovidius2009: calls $2
Desktop775: raises $3 to $6
ovidius2009: calls $3
*** FLOP *** [6c Jh 4d]
Desktop775: bets $3
ovidius2009: calls $3
*** TURN *** [6c Jh 4d] [5s]
Desktop775: bets $6
ovidius2009: calls $6
*** RIVER *** [6c Jh 4d 5s] [Kd]
Desktop775: checks
ovidius2009: checks
*** SHOW DOWN ***
Desktop775: shows [Ah 8s] (high card Ace)
ovidius2009: shows [7d 5c] (a pair of Fives)
ovidius2009 collected $29.50 from pot
*** SUMMARY ***
Total pot $30 | Rake $0.50
Board [6c Jh 4d 5s Kd]
Seat 1: ovidius2009 (button) (small blind) showed [7d 5c] and won ($29.50) with a pair of Fives
Seat 2: Desktop775 (big blind) showed [Ah 8s] and lost with high card Ace


PokerStars Hand #146479016315:  Hold'em Limit ($3/$6 USD) - 2016/01/04 18:16:51 ET
Table 'Bressole' 2-max Seat #1 is the button
Seat 1: ovidius2009 ($41.14 in chips)
Seat 2: Desktop775 ($156.22 in chips)
ovidius2009: posts small blind $1
Desktop775: posts big blind $3
*** HOLE CARDS ***
ovidius2009: calls $2
Desktop775: checks
*** FLOP *** [Ah 9h Js]
Desktop775: checks
ovidius2009: checks
*** TURN *** [Ah 9h Js] [Ac]
Desktop775: checks
ovidius2009: checks
*** RIVER *** [Ah 9h Js Ac] [Kc]
Desktop775: checks
ovidius2009: bets $6
Desktop775: calls $6
*** SHOW DOWN ***
ovidius2009: shows [As Td] (three of a kind, Aces)
Desktop775: mucks hand
ovidius2009 collected $17.64 from pot
*** SUMMARY ***
Total pot $18 | Rake $0.36
Board [Ah 9h Js Ac Kc]
Seat 1: ovidius2009 (button) (small blind) showed [As Td] and won ($17.64) with three of a kind, Aces
Seat 2: Desktop775 (big blind) mucked


PokerStars Hand #146478980707:  Hold'em Limit ($3/$6 USD) - 2016/01/04 18:16:13 ET
Table 'Bressole' 2-max Seat #2 is the button
Seat 1: ovidius2009 ($55.14 in chips)
Seat 2: Desktop775 ($142.82 in chips)
Desktop775: posts small blind $1
ovidius2009: posts big blind $3
*** HOLE CARDS ***
Desktop775: folds
Uncalled bet ($2) returned to ovidius2009
ovidius2009 collected $2 from pot
ovidius2009: doesn't show hand
*** SUMMARY ***
Total pot $2 | Rake $0
Seat 1: ovidius2009 (big blind) collected ($2)
Seat 2: Desktop775 (button) (small blind) folded before Flop


PokerStars Hand #146478959339:  Hold'em Limit ($3/$6 USD) - 2016/01/04 18:15:50 ET
Table 'Bressole' 2-max Seat #1 is the button
Seat 1: ovidius2009 ($76.14 in chips)
Seat 2: Desktop775 ($122.32 in chips)
ovidius2009: posts small blind $1
Desktop775: posts big blind $3
*** HOLE CARDS ***
ovidius2009: calls $2
Desktop775: checks
*** FLOP *** [Jc 9h 5c]
Desktop775: bets $3
ovidius2009: raises $3 to $6
Desktop775: calls $3
*** TURN *** [Jc 9h 5c] [Kd]
Desktop775: checks
ovidius2009: checks
*** RIVER *** [Jc 9h 5c Kd] [2s]
Desktop775: checks
ovidius2009: bets $6
Desktop775: raises $6 to $12
ovidius2009: calls $6
*** SHOW DOWN ***
Desktop775: shows [Js 5d] (two pair, Jacks and Fives)
ovidius2009: mucks hand
Desktop775 collected $41.50 from pot
*** SUMMARY ***
Total pot $42 | Rake $0.50
Board [Jc 9h 5c Kd 2s]
Seat 1: ovidius2009 (button) (small blind) mucked
Seat 2: Desktop775 (big blind) showed [Js 5d] and won ($41.50) with two pair, Jacks and Fives


PokerStars Hand #146478984725:  Hold'em Limit ($3/$6 USD) - 2016/01/04 18:16:17 ET
Table 'Bressole' 2-max Seat #1 is the button
Seat 1: ovidius2009 ($56.14 in chips)
Seat 2: Desktop775 ($141.82 in chips)
ovidius2009: posts small blind $1
Desktop775: posts big blind $3
*** HOLE CARDS ***
ovidius2009: calls $2
Desktop775: raises $3 to $6
ovidius2009: calls $3
*** FLOP *** [8d Js 4c]
Desktop775: bets $3
ovidius2009: calls $3
*** TURN *** [8d Js 4c] [Kh]
Desktop775: bets $6
ovidius2009: folds
Uncalled bet ($6) returned to Desktop775
Desktop775 collected $17.64 from pot
Desktop775: doesn't show hand
*** SUMMARY ***
Total pot $18 | Rake $0.36
Board [8d Js 4c Kh]
Seat 1: ovidius2009 (button) (small blind) folded on the Turn
Seat 2: Desktop775 (big blind) collected ($17.64)


PokerStars Hand #146478998192:  Hold'em Limit ($3/$6 USD) - 2016/01/04 18:16:31 ET
Table 'Bressole' 2-max Seat #2 is the button
Seat 1: ovidius2009 ($47.14 in chips)
Seat 2: Desktop775 ($150.46 in chips)
Desktop775: posts small blind $1
ovidius2009: posts big blind $3
*** HOLE CARDS ***
Desktop775: raises $3 to $6
ovidius2009: calls $3
*** FLOP *** [Kh 7h 2d]
ovidius2009: checks
Desktop775: checks
*** TURN *** [Kh 7h 2d] [2c]
ovidius2009: checks
Desktop775: checks
*** RIVER *** [Kh 7h 2d 2c] [Kc]
ovidius2009: checks
Desktop775: bets $6
ovidius2009: folds
Uncalled bet ($6) returned to Desktop775
Desktop775 collected $11.76 from pot
Desktop775: doesn't show hand
*** SUMMARY ***
Total pot $12 | Rake $0.24
Board [Kh 7h 2d 2c Kc]
Seat 1: ovidius2009 (big blind) folded on the River
Seat 2: Desktop775 (button) (small blind) collected ($11.76)


PokerStars Hand #146479066380:  Hold'em Limit ($3/$6 USD) - 2016/01/04 18:17:44 ET
Table 'Bressole' 2-max Seat #2 is the button
Seat 1: ovidius2009 ($40.42 in chips)
Seat 2: Desktop775 ($155.72 in chips)
Desktop775: posts small blind $1
ovidius2009: posts big blind $3
*** HOLE CARDS ***
Desktop775: raises $3 to $6
ovidius2009: calls $3
*** FLOP *** [Jd 8s 9s]
ovidius2009: checks
Desktop775: checks
*** TURN *** [Jd 8s 9s] [Ks]
ovidius2009: checks
Desktop775: checks
*** RIVER *** [Jd 8s 9s Ks] [Kc]
ovidius2009: bets $6
Desktop775: calls $6
*** SHOW DOWN ***
ovidius2009: shows [Kh 4h] (three of a kind, Kings)
Desktop775: mucks hand
ovidius2009 collected $23.52 from pot
*** SUMMARY ***
Total pot $24 | Rake $0.48
Board [Jd 8s 9s Ks Kc]
Seat 1: ovidius2009 (big blind) showed [Kh 4h] and won ($23.52) with three of a kind, Kings
Seat 2: Desktop775 (button) (small blind) mucked


PokerStars Hand #146479032651:  Hold'em Limit ($3/$6 USD) - 2016/01/04 18:17:08 ET
Table 'Bressole' 2-max Seat #2 is the button
Seat 1: ovidius2009 ($49.78 in chips)
Seat 2: Desktop775 ($147.22 in chips)
Desktop775: posts small blind $1
ovidius2009: posts big blind $3
*** HOLE CARDS ***
Desktop775: raises $3 to $6
ovidius2009: calls $3
*** FLOP *** [Qc 3s Kd]
ovidius2009: checks
Desktop775: bets $3
ovidius2009: calls $3
*** TURN *** [Qc 3s Kd] [7d]
ovidius2009: checks
Desktop775: checks
*** RIVER *** [Qc 3s Kd 7d] [5c]
ovidius2009: checks
Desktop775: checks
*** SHOW DOWN ***
ovidius2009: shows [5s 9s] (a pair of Fives)
Desktop775: mucks hand
ovidius2009 collected $17.64 from pot
*** SUMMARY ***
Total pot $18 | Rake $0.36
Board [Qc 3s Kd 7d 5c]
Seat 1: ovidius2009 (big blind) showed [5s 9s] and won ($17.64) with a pair of Fives
Seat 2: Desktop775 (button) (small blind) mucked


PokerStars Hand #146479048820:  Hold'em Limit ($3/$6 USD) - 2016/01/04 18:17:26 ET
Table 'Bressole' 2-max Seat #1 is the button
Seat 1: ovidius2009 ($58.42 in chips)
Seat 2: Desktop775 ($138.22 in chips)
ovidius2009: posts small blind $1
Desktop775: posts big blind $3
*** HOLE CARDS ***
ovidius2009: calls $2
Desktop775: checks
*** FLOP *** [Ad 5c 4c]
Desktop775: bets $3
ovidius2009: calls $3
*** TURN *** [Ad 5c 4c] [3c]
Desktop775: bets $6
ovidius2009: calls $6
*** RIVER *** [Ad 5c 4c 3c] [9h]
Desktop775: bets $6
ovidius2009: calls $6
*** SHOW DOWN ***
Desktop775: shows [7s 5d] (a pair of Fives)
ovidius2009: mucks hand
Desktop775 collected $35.50 from pot
*** SUMMARY ***
Total pot $36 | Rake $0.50
Board [Ad 5c 4c 3c 9h]
Seat 1: ovidius2009 (button) (small blind) mucked
Seat 2: Desktop775 (big blind) showed [7s 5d] and won ($35.50) with a pair of Fives


PokerStars Hand #146479093455:  Hold'em Limit ($3/$6 USD) - 2016/01/04 18:18:14 ET
Table 'Bressole' 2-max Seat #2 is the button
Seat 1: ovidius2009 ($54.82 in chips)
Seat 2: Desktop775 ($140.72 in chips)
Desktop775: posts small blind $1
ovidius2009: posts big blind $3
*** HOLE CARDS ***
Desktop775: raises $3 to $6
ovidius2009: calls $3
*** FLOP *** [2s 4d 7s]
ovidius2009: checks
Desktop775: bets $3
ovidius2009: calls $3
*** TURN *** [2s 4d 7s] [5h]
ovidius2009: checks
Desktop775: bets $6
ovidius2009: calls $6
*** RIVER *** [2s 4d 7s 5h] [Qc]
ovidius2009: checks
Desktop775: bets $6
ovidius2009: calls $6
*** SHOW DOWN ***
Desktop775: shows [7c Kh] (a pair of Sevens)
ovidius2009: mucks hand
Desktop775 collected $41.50 from pot
*** SUMMARY ***
Total pot $42 | Rake $0.50
Board [2s 4d 7s 5h Qc]
Seat 1: ovidius2009 (big blind) mucked
Seat 2: Desktop775 (button) (small blind) showed [7c Kh] and won ($41.50) with a pair of Sevens


PokerStars Hand #146479131653:  Hold'em Limit ($3/$6 USD) - 2016/01/04 18:18:56 ET
Table 'Bressole' 2-max Seat #2 is the button
Seat 1: ovidius2009 ($39.58 in chips)
Seat 2: Desktop775 ($155.22 in chips)
Desktop775: posts small blind $1
ovidius2009: posts big blind $3
*** HOLE CARDS ***
Desktop775: folds
Uncalled bet ($2) returned to ovidius2009
ovidius2009 collected $2 from pot
ovidius2009: doesn't show hand
*** SUMMARY ***
Total pot $2 | Rake $0
Seat 1: ovidius2009 (big blind) collected ($2)
Seat 2: Desktop775 (button) (small blind) folded before Flop


PokerStars Hand #146479113284:  Hold'em Limit ($3/$6 USD) - 2016/01/04 18:18:35 ET
Table 'Bressole' 2-max Seat #1 is the button
Seat 1: ovidius2009 ($33.82 in chips)
Seat 2: Desktop775 ($161.22 in chips)
ovidius2009: posts small blind $1
Desktop775: posts big blind $3
*** HOLE CARDS ***
ovidius2009: calls $2
Desktop775: checks
*** FLOP *** [Ts 5s 9c]
Desktop775: checks
ovidius2009: bets $3
Desktop775: calls $3
*** TURN *** [Ts 5s 9c] [Qh]
Desktop775: checks
ovidius2009: checks
*** RIVER *** [Ts 5s 9c Qh] [4s]
Desktop775: checks
ovidius2009: checks
*** SHOW DOWN ***
Desktop775: shows [Kc 8h] (high card King)
ovidius2009: shows [6h 6s] (a pair of Sixes)
ovidius2009 collected $11.76 from pot
*** SUMMARY ***
Total pot $12 | Rake $0.24
Board [Ts 5s 9c Qh 4s]
Seat 1: ovidius2009 (button) (small blind) showed [6h 6s] and won ($11.76) with a pair of Sixes
Seat 2: Desktop775 (big blind) showed [Kc 8h] and lost with high card King


PokerStars Hand #146479082256:  Hold'em Limit ($3/$6 USD) - 2016/01/04 18:18:02 ET
Table 'Bressole' 2-max Seat #1 is the button
Seat 1: ovidius2009 ($51.94 in chips)
Seat 2: Desktop775 ($143.72 in chips)
ovidius2009: posts small blind $1
Desktop775: posts big blind $3
*** HOLE CARDS ***
ovidius2009: calls $2
Desktop775: checks
*** FLOP *** [4s Js 3s]
Desktop775: checks
ovidius2009: bets $3
Desktop775: folds
Uncalled bet ($3) returned to ovidius2009
ovidius2009 collected $5.88 from pot
ovidius2009: doesn't show hand
*** SUMMARY ***
Total pot $6 | Rake $0.12
Board [4s Js 3s]
Seat 1: ovidius2009 (button) (small blind) collected ($5.88)
Seat 2: Desktop775 (big blind) folded on the Flop


PokerStars Hand #146479148806:  Hold'em Limit ($3/$6 USD) - 2016/01/04 18:19:14 ET
Table 'Bressole' 2-max Seat #2 is the button
Seat 1: ovidius2009 ($46.34 in chips)
Seat 2: Desktop775 ($148.22 in chips)
Desktop775: posts small blind $1
ovidius2009: posts big blind $3
*** HOLE CARDS ***
Desktop775: raises $3 to $6
ovidius2009: calls $3
*** FLOP *** [4d Tc 4h]
ovidius2009: checks
Desktop775: checks
*** TURN *** [4d Tc 4h] [8d]
ovidius2009: checks
Desktop775: checks
*** RIVER *** [4d Tc 4h 8d] [5d]
ovidius2009: checks
Desktop775: bets $6
ovidius2009: calls $6
*** SHOW DOWN ***
Desktop775: shows [9d 5s] (two pair, Fives and Fours)
ovidius2009: mucks hand
Desktop775 collected $23.52 from pot
*** SUMMARY ***
Total pot $24 | Rake $0.48
Board [4d Tc 4h 8d 5d]
Seat 1: ovidius2009 (big blind) mucked
Seat 2: Desktop775 (button) (small blind) showed [9d 5s] and won ($23.52) with two pair, Fives and Fours


PokerStars Hand #146479163263:  Hold'em Limit ($3/$6 USD) - 2016/01/04 18:19:30 ET
Table 'Bressole' 2-max Seat #1 is the button
Seat 1: ovidius2009 ($34.34 in chips)
Seat 2: Desktop775 ($159.74 in chips)
ovidius2009: posts small blind $1
Desktop775: posts big blind $3
*** HOLE CARDS ***
ovidius2009: calls $2
Desktop775: raises $3 to $6
ovidius2009: calls $3
*** FLOP *** [9c Ad 4c]
Desktop775: bets $3
ovidius2009: calls $3
*** TURN *** [9c Ad 4c] [6c]
Desktop775: bets $6
ovidius2009: calls $6
*** RIVER *** [9c Ad 4c 6c] [4s]
Desktop775: bets $6
ovidius2009: folds
Uncalled bet ($6) returned to Desktop775
Desktop775 collected $29.50 from pot
Desktop775: doesn't show hand
*** SUMMARY ***
Total pot $30 | Rake $0.50
Board [9c Ad 4c 6c 4s]
Seat 1: ovidius2009 (button) (small blind) folded on the River
Seat 2: Desktop775 (big blind) collected ($29.50)


PokerStars Hand #146479182301:  Hold'em Limit ($3/$6 USD) - 2016/01/04 18:19:50 ET
Table 'Bressole' 2-max Seat #2 is the button
Seat 1: ovidius2009 ($19.34 in chips)
Seat 2: Desktop775 ($174.24 in chips)
Desktop775: posts small blind $1
ovidius2009: posts big blind $3
*** HOLE CARDS ***
Desktop775: raises $3 to $6
ovidius2009: calls $3
*** FLOP *** [3h Jd Ac]
ovidius2009: checks
Desktop775: checks
*** TURN *** [3h Jd Ac] [Kd]
ovidius2009: checks
Desktop775: checks
*** RIVER *** [3h Jd Ac Kd] [9c]
ovidius2009: bets $6
Desktop775: folds
Uncalled bet ($6) returned to ovidius2009
ovidius2009 collected $11.76 from pot
ovidius2009: doesn't show hand
*** SUMMARY ***
Total pot $12 | Rake $0.24
Board [3h Jd Ac Kd 9c]
Seat 1: ovidius2009 (big blind) collected ($11.76)
Seat 2: Desktop775 (button) (small blind) folded on the River


PokerStars Hand #146479135943:  Hold'em Limit ($3/$6 USD) - 2016/01/04 18:19:00 ET
Table 'Bressole' 2-max Seat #1 is the button
Seat 1: ovidius2009 ($40.58 in chips)
Seat 2: Desktop775 ($154.22 in chips)
ovidius2009: posts small blind $1
Desktop775: posts big blind $3
*** HOLE CARDS ***
ovidius2009: calls $2
Desktop775: checks
*** FLOP *** [6c Kh 5d]
Desktop775: bets $3
ovidius2009: calls $3
*** TURN *** [6c Kh 5d] [Js]
Desktop775: checks
ovidius2009: bets $6
Desktop775: folds
Uncalled bet ($6) returned to ovidius2009
ovidius2009 collected $11.76 from pot
ovidius2009: doesn't show hand
*** SUMMARY ***
Total pot $12 | Rake $0.24
Board [6c Kh 5d Js]
Seat 1: ovidius2009 (button) (small blind) collected ($11.76)
Seat 2: Desktop775 (big blind) folded on the Turn


PokerStars Hand #146479207116:  Hold'em Limit ($3/$6 USD) - 2016/01/04 18:20:17 ET
Table 'Bressole' 2-max Seat #2 is the button
Seat 1: ovidius2009 ($27.98 in chips)
Seat 2: Desktop775 ($165.24 in chips)
Desktop775: posts small blind $1
ovidius2009: posts big blind $3
*** HOLE CARDS ***
Desktop775: raises $3 to $6
ovidius2009: calls $3
*** FLOP *** [7c Ks Qd]
ovidius2009: checks
Desktop775: checks
*** TURN *** [7c Ks Qd] [Qs]
ovidius2009: checks
Desktop775: checks
*** RIVER *** [7c Ks Qd Qs] [9d]
ovidius2009: checks
Desktop775: checks
*** SHOW DOWN ***
ovidius2009: shows [3s Jc] (a pair of Queens)
Desktop775: mucks hand
ovidius2009 collected $11.76 from pot
*** SUMMARY ***
Total pot $12 | Rake $0.24
Board [7c Ks Qd Qs 9d]
Seat 1: ovidius2009 (big blind) showed [3s Jc] and won ($11.76) with a pair of Queens
Seat 2: Desktop775 (button) (small blind) mucked


PokerStars Hand #146479222212:  Hold'em Limit ($3/$6 USD) - 2016/01/04 18:20:34 ET
Table 'Bressole' 2-max Seat #1 is the button
Seat 1: ovidius2009 ($33.74 in chips)
Seat 2: Desktop775 ($159.24 in chips)
ovidius2009: posts small blind $1
Desktop775: posts big blind $3
*** HOLE CARDS ***
ovidius2009: calls $2
Desktop775: checks
*** FLOP *** [9d 4s Ts]
Desktop775: bets $3
ovidius2009: calls $3
*** TURN *** [9d 4s Ts] [9c]
Desktop775: bets $6
ovidius2009: calls $6
*** RIVER *** [9d 4s Ts 9c] [9s]
Desktop775: checks
ovidius2009: checks
*** SHOW DOWN ***
Desktop775: shows [8d Qs] (three of a kind, Nines)
ovidius2009: shows [8c Kc] (three of a kind, Nines - King kicker)
ovidius2009 collected $23.52 from pot
*** SUMMARY ***
Total pot $24 | Rake $0.48
Board [9d 4s Ts 9c 9s]
Seat 1: ovidius2009 (button) (small blind) showed [8c Kc] and won ($23.52) with three of a kind, Nines
Seat 2: Desktop775 (big blind) showed [8d Qs] and lost with three of a kind, Nines


PokerStars Hand #146479237997:  Hold'em Limit ($3/$6 USD) - 2016/01/04 18:20:51 ET
Table 'Bressole' 2-max Seat #2 is the button
Seat 1: ovidius2009 ($45.26 in chips)
Seat 2: Desktop775 ($147.24 in chips)
Desktop775: posts small blind $1
ovidius2009: posts big blind $3
*** HOLE CARDS ***
Desktop775: raises $3 to $6
ovidius2009: calls $3
*** FLOP *** [8s Ah 6c]
ovidius2009: checks
Desktop775: bets $3
ovidius2009: calls $3
*** TURN *** [8s Ah 6c] [Qd]
ovidius2009: checks
Desktop775: bets $6
ovidius2009: calls $6
*** RIVER *** [8s Ah 6c Qd] [9s]
ovidius2009: checks
Desktop775: bets $6
ovidius2009: calls $6
*** SHOW DOWN ***
Desktop775: shows [8h Qs] (two pair, Queens and Eights)
ovidius2009: mucks hand
Desktop775 collected $41.50 from pot
*** SUMMARY ***
Total pot $42 | Rake $0.50
Board [8s Ah 6c Qd 9s]
Seat 1: ovidius2009 (big blind) mucked
Seat 2: Desktop775 (button) (small blind) showed [8h Qs] and won ($41.50) with two pair, Queens and Eights


PokerStars Hand #146479196928:  Hold'em Limit ($3/$6 USD) - 2016/01/04 18:20:06 ET
Table 'Bressole' 2-max Seat #1 is the button
Seat 1: ovidius2009 ($25.10 in chips)
Seat 2: Desktop775 ($168.24 in chips)
ovidius2009: posts small blind $1
Desktop775: posts big blind $3
*** HOLE CARDS ***
ovidius2009: calls $2
Desktop775: checks
*** FLOP *** [5h 4h 4s]
Desktop775: checks
ovidius2009: bets $3
Desktop775: folds
Uncalled bet ($3) returned to ovidius2009
ovidius2009 collected $5.88 from pot
ovidius2009: doesn't show hand
*** SUMMARY ***
Total pot $6 | Rake $0.12
Board [5h 4h 4s]
Seat 1: ovidius2009 (button) (small blind) collected ($5.88)
Seat 2: Desktop775 (big blind) folded on the Flop


PokerStars Hand #146479273307:  Hold'em Limit ($3/$6 USD) - 2016/01/04 18:21:30 ET
Table 'Bressole' 2-max Seat #2 is the button
Seat 1: ovidius2009 ($27.14 in chips)
Seat 2: Desktop775 ($164.74 in chips)
Desktop775: posts small blind $1
ovidius2009: posts big blind $3
*** HOLE CARDS ***
Desktop775: folds
Uncalled bet ($2) returned to ovidius2009
ovidius2009 collected $2 from pot
ovidius2009: doesn't show hand
*** SUMMARY ***
Total pot $2 | Rake $0
Seat 1: ovidius2009 (big blind) collected ($2)
Seat 2: Desktop775 (button) (small blind) folded before Flop


PokerStars Hand #146479258115:  Hold'em Limit ($3/$6 USD) - 2016/01/04 18:21:13 ET
Table 'Bressole' 2-max Seat #1 is the button
Seat 1: ovidius2009 ($24.26 in chips)
Seat 2: Desktop775 ($167.74 in chips)
ovidius2009: posts small blind $1
Desktop775: posts big blind $3
*** HOLE CARDS ***
ovidius2009: calls $2
Desktop775: checks
*** FLOP *** [Ts 6d 3s]
Desktop775: checks
ovidius2009: checks
*** TURN *** [Ts 6d 3s] [Kc]
Desktop775: checks
ovidius2009: checks
*** RIVER *** [Ts 6d 3s Kc] [Jd]
Desktop775: checks
ovidius2009: checks
*** SHOW DOWN ***
Desktop775: shows [4h 8c] (high card King)
ovidius2009: shows [2h Qd] (high card King - Queen kicker)
ovidius2009 collected $5.88 from pot
*** SUMMARY ***
Total pot $6 | Rake $0.12
Board [Ts 6d 3s Kc Jd]
Seat 1: ovidius2009 (button) (small blind) showed [2h Qd] and won ($5.88) with high card King
Seat 2: Desktop775 (big blind) showed [4h 8c] and lost with high card King


PokerStars Hand #146479277486:  Hold'em Limit ($3/$6 USD) - 2016/01/04 18:21:34 ET
Table 'Bressole' 2-max Seat #1 is the button
Seat 1: ovidius2009 ($28.14 in chips)
Seat 2: Desktop775 ($163.74 in chips)
ovidius2009: posts small blind $1
Desktop775: posts big blind $3
*** HOLE CARDS ***
ovidius2009: calls $2
Desktop775: raises $3 to $6
ovidius2009: calls $3
*** FLOP *** [6s 5h Ts]
Desktop775: bets $3
ovidius2009: calls $3
*** TURN *** [6s 5h Ts] [3c]
Desktop775: bets $6
ovidius2009: calls $6
*** RIVER *** [6s 5h Ts 3c] [Qh]
Desktop775: checks
ovidius2009: bets $6
Desktop775: calls $6
*** SHOW DOWN ***
ovidius2009: shows [Qd Ah] (a pair of Queens)
Desktop775: mucks hand
ovidius2009 collected $41.50 from pot
*** SUMMARY ***
Total pot $42 | Rake $0.50
Board [6s 5h Ts 3c Qh]
Seat 1: ovidius2009 (button) (small blind) showed [Qd Ah] and won ($41.50) with a pair of Queens
Seat 2: Desktop775 (big blind) mucked


PokerStars Hand #146479316128:  Hold'em Limit ($3/$6 USD) - 2016/01/04 18:22:17 ET
Table 'Bressole' 2-max Seat #1 is the button
Seat 1: ovidius2009 ($42.64 in chips)
Seat 2: Desktop775 ($148.50 in chips)
ovidius2009: posts small blind $1
Desktop775: posts big blind $3
*** HOLE CARDS ***
ovidius2009: calls $2
Desktop775: raises $3 to $6
ovidius2009: calls $3
*** FLOP *** [Qd 2d 3h]
Desktop775: bets $3
ovidius2009: folds
Uncalled bet ($3) returned to Desktop775
Desktop775 collected $11.76 from pot
Desktop775: doesn't show hand
*** SUMMARY ***
Total pot $12 | Rake $0.24
Board [Qd 2d 3h]
Seat 1: ovidius2009 (button) (small blind) folded on the Flop
Seat 2: Desktop775 (big blind) collected ($11.76)


PokerStars Hand #146479299665:  Hold'em Limit ($3/$6 USD) - 2016/01/04 18:21:59 ET
Table 'Bressole' 2-max Seat #2 is the button
Seat 1: ovidius2009 ($48.64 in chips)
Seat 2: Desktop775 ($142.74 in chips)
Desktop775: posts small blind $1
ovidius2009: posts big blind $3
*** HOLE CARDS ***
Desktop775: raises $3 to $6
ovidius2009: calls $3
*** FLOP *** [7s 5c 2c]
ovidius2009: checks
Desktop775: checks
*** TURN *** [7s 5c 2c] [5s]
ovidius2009: checks
Desktop775: checks
*** RIVER *** [7s 5c 2c 5s] [2h]
ovidius2009: checks
Desktop775: checks
*** SHOW DOWN ***
ovidius2009: shows [3h 9c] (two pair, Fives and Deuces)
Desktop775: shows [Qs 4d] (two pair, Fives and Deuces - Queen kicker)
Desktop775 collected $11.76 from pot
*** SUMMARY ***
Total pot $12 | Rake $0.24
Board [7s 5c 2c 5s 2h]
Seat 1: ovidius2009 (big blind) showed [3h 9c] and lost with two pair, Fives and Deuces
Seat 2: Desktop775 (button) (small blind) showed [Qs 4d] and won ($11.76) with two pair, Fives and Deuces


