PokerStars Hand #145374295286:  Hold'em Limit ($3/$6 USD) - 2015/12/15 7:00:07 ET
Table 'Bressole II' 6-max Seat #5 is the button
Seat 3: _fayzulllo_ ($66 in chips)
Seat 5: chezlaw ($125.76 in chips)
chezlaw: posts small blind $1
scorpio04 joins the table at seat #4
_fayzulllo_: posts big blind $3
*** HOLE CARDS ***
chezlaw: folds
Uncalled bet ($2) returned to _fayzulllo_
_fayzulllo_ collected $2 from pot
_fayzulllo_: doesn't show hand
*** SUMMARY ***
Total pot $2 | Rake $0
Seat 3: _fayzulllo_ (big blind) collected ($2)
Seat 5: chezlaw (button) (small blind) folded before Flop


PokerStars Hand #145374281199:  Hold'em Limit ($3/$6 USD) - 2015/12/15 6:59:35 ET
Table 'Bressole II' 6-max Seat #3 is the button
Seat 3: _fayzulllo_ ($72 in chips)
Seat 5: chezlaw ($120 in chips)
TbIP-TbIP 88: is sitting out
TbIP-TbIP 88 leaves the table
_fayzulllo_: posts small blind $1
chezlaw: posts big blind $3
*** HOLE CARDS ***
_fayzulllo_: raises $3 to $6
chezlaw: calls $3
*** FLOP *** [4h 3h 9s]
chezlaw: checks
_fayzulllo_: checks
*** TURN *** [4h 3h 9s] [5c]
chezlaw: checks
_fayzulllo_: checks
*** RIVER *** [4h 3h 9s 5c] [Jc]
chezlaw: checks
_fayzulllo_: checks
*** SHOW DOWN ***
chezlaw: shows [9h 7s] (a pair of Nines)
_fayzulllo_: mucks hand
chezlaw collected $11.76 from pot
*** SUMMARY ***
Total pot $12 | Rake $0.24
Board [4h 3h 9s 5c Jc]
Seat 3: _fayzulllo_ (button) (small blind) mucked
Seat 5: chezlaw (big blind) showed [9h 7s] and won ($11.76) with a pair of Nines


