PokerStars Hand #163179195361:  Hold'em Limit ($3/$6 USD) - 2016/12/19 4:18:13 ET
Table 'Brigitta' 6-max Seat #1 is the button
Seat 1: aremom4e ($120 in chips)
Seat 4: TbIP-TbIP 88 ($72 in chips)
aremom4e: posts small blind $1
TbIP-TbIP 88: posts big blind $3
*** HOLE CARDS ***
aremom4e: raises $3 to $6
TbIP-TbIP 88: calls $3
*** FLOP *** [8s Ac Ad]
TbIP-TbIP 88: checks
aremom4e: bets $3
TbIP-TbIP 88: raises $3 to $6
aremom4e: calls $3
*** TURN *** [8s Ac Ad] [Ks]
TbIP-TbIP 88: checks
aremom4e: bets $6
TbIP-TbIP 88: calls $6
*** RIVER *** [8s Ac Ad Ks] [Kh]
TbIP-TbIP 88: checks
aremom4e: bets $6
AzureCaper joins the table at seat #2
TbIP-TbIP 88: calls $6
*** SHOW DOWN ***
aremom4e: shows [Kc 7s] (a full house, Kings full of Aces)
TbIP-TbIP 88: mucks hand
aremom4e collected $47.50 from pot
*** SUMMARY ***
Total pot $48 | Rake $0.50
Board [8s Ac Ad Ks Kh]
Seat 1: aremom4e (button) (small blind) showed [Kc 7s] and won ($47.50) with a full house, Kings full of Aces
Seat 4: TbIP-TbIP 88 (big blind) mucked


PokerStars Hand #163179607850:  Hold'em Limit ($3/$6 USD) - 2016/12/19 4:38:32 ET
Table 'Brigitta' 6-max Seat #6 is the button
Seat 3: jacobkimm ($227.62 in chips)
Seat 6: TbIP-TbIP 88 ($101.65 in chips)
TbIP-TbIP 88: posts small blind $1
jacobkimm: posts big blind $3
*** HOLE CARDS ***
TbIP-TbIP 88: folds
Uncalled bet ($2) returned to jacobkimm
jacobkimm collected $2 from pot
*** SUMMARY ***
Total pot $2 | Rake $0
Seat 3: jacobkimm (big blind) collected ($2)
Seat 6: TbIP-TbIP 88 (button) (small blind) folded before Flop


PokerStars Hand #163179605187:  Hold'em Limit ($3/$6 USD) - 2016/12/19 4:38:24 ET
Table 'Brigitta' 6-max Seat #3 is the button
Seat 3: jacobkimm ($228.62 in chips)
Seat 6: TbIP-TbIP 88 ($100.65 in chips)
jacobkimm: posts small blind $1
HAOYUN88888: is sitting out
TbIP-TbIP 88: posts big blind $3
*** HOLE CARDS ***
jacobkimm: folds
Uncalled bet ($2) returned to TbIP-TbIP 88
TbIP-TbIP 88 collected $2 from pot
TbIP-TbIP 88: doesn't show hand
*** SUMMARY ***
Total pot $2 | Rake $0
Seat 3: jacobkimm (button) (small blind) folded before Flop
Seat 6: TbIP-TbIP 88 (big blind) collected ($2)


PokerStars Hand #163179698422:  Hold'em Limit ($3/$6 USD) - 2016/12/19 4:42:54 ET
Table 'Brigitta' 6-max Seat #3 is the button
Seat 3: jacobkimm ($229.82 in chips)
Seat 4: habari786 ($64.75 in chips)
jacobkimm: posts small blind $1
habari786: posts big blind $3
*** HOLE CARDS ***
jacobkimm: folds
Uncalled bet ($2) returned to habari786
habari786 collected $2 from pot
habari786: doesn't show hand
*** SUMMARY ***
Total pot $2 | Rake $0
Seat 3: jacobkimm (button) (small blind) folded before Flop
Seat 4: habari786 (big blind) collected ($2)


PokerStars Hand #163179701651:  Hold'em Limit ($3/$6 USD) - 2016/12/19 4:43:03 ET
Table 'Brigitta' 6-max Seat #4 is the button
Seat 3: jacobkimm ($228.82 in chips)
Seat 4: habari786 ($65.75 in chips)
habari786: posts small blind $1
jacobkimm: posts big blind $3
*** HOLE CARDS ***
habari786: folds
Uncalled bet ($2) returned to jacobkimm
jacobkimm collected $2 from pot
*** SUMMARY ***
Total pot $2 | Rake $0
Seat 3: jacobkimm (big blind) collected ($2)
Seat 4: habari786 (button) (small blind) folded before Flop


