PokerStars Hand #145705654126:  Hold'em Limit ($3/$6 USD) - 2015/12/21 16:03:56 ET
Table 'Brigitta III' 2-max Seat #1 is the button
Seat 1: Alex119387 ($373.34 in chips)
Seat 2: NIGHTyxa ($96.90 in chips)
Alex119387: posts small blind $1
NIGHTyxa: posts big blind $3
*** HOLE CARDS ***
Alex119387: raises $3 to $6
NIGHTyxa: folds
Uncalled bet ($3) returned to Alex119387
Alex119387 collected $6 from pot
Alex119387: doesn't show hand
*** SUMMARY ***
Total pot $6 | Rake $0
Seat 1: Alex119387 (button) (small blind) collected ($6)
Seat 2: NIGHTyxa (big blind) folded before Flop


PokerStars Hand #145705649003:  Hold'em Limit ($3/$6 USD) - 2015/12/21 16:03:51 ET
Table 'Brigitta III' 2-max Seat #2 is the button
Seat 1: Alex119387 ($376.34 in chips)
Seat 2: NIGHTyxa ($93.90 in chips)
NIGHTyxa: posts small blind $1
Alex119387: posts big blind $3
*** HOLE CARDS ***
NIGHTyxa: raises $3 to $6
Alex119387: folds
Uncalled bet ($3) returned to NIGHTyxa
NIGHTyxa collected $6 from pot
NIGHTyxa: doesn't show hand
*** SUMMARY ***
Total pot $6 | Rake $0
Seat 1: Alex119387 (big blind) folded before Flop
Seat 2: NIGHTyxa (button) (small blind) collected ($6)


PokerStars Hand #145705644944:  Hold'em Limit ($3/$6 USD) - 2015/12/21 16:03:46 ET
Table 'Brigitta III' 2-max Seat #1 is the button
Seat 1: Alex119387 ($377.34 in chips)
Seat 2: NIGHTyxa ($92.90 in chips)
Alex119387: posts small blind $1
NIGHTyxa: posts big blind $3
*** HOLE CARDS ***
Alex119387: folds
Uncalled bet ($2) returned to NIGHTyxa
NIGHTyxa collected $2 from pot
NIGHTyxa: doesn't show hand
*** SUMMARY ***
Total pot $2 | Rake $0
Seat 1: Alex119387 (button) (small blind) folded before Flop
Seat 2: NIGHTyxa (big blind) collected ($2)


PokerStars Hand #145705636220:  Hold'em Limit ($3/$6 USD) - 2015/12/21 16:03:37 ET
Table 'Brigitta III' 2-max Seat #2 is the button
Seat 1: Alex119387 ($383.34 in chips)
Seat 2: NIGHTyxa ($87.14 in chips)
NIGHTyxa: posts small blind $1
Alex119387: posts big blind $3
*** HOLE CARDS ***
NIGHTyxa: raises $3 to $6
Alex119387: calls $3
*** FLOP *** [2c 3d Jc]
Alex119387: checks
NIGHTyxa: bets $3
Alex119387: folds
Uncalled bet ($3) returned to NIGHTyxa
NIGHTyxa collected $11.76 from pot
NIGHTyxa: doesn't show hand
*** SUMMARY ***
Total pot $12 | Rake $0.24
Board [2c 3d Jc]
Seat 1: Alex119387 (big blind) folded on the Flop
Seat 2: NIGHTyxa (button) (small blind) collected ($11.76)


PokerStars Hand #145705632264:  Hold'em Limit ($3/$6 USD) - 2015/12/21 16:03:33 ET
Table 'Brigitta III' 2-max Seat #1 is the button
Seat 1: Alex119387 ($384.34 in chips)
Seat 2: NIGHTyxa ($86.14 in chips)
Alex119387: posts small blind $1
NIGHTyxa: posts big blind $3
*** HOLE CARDS ***
Alex119387: folds
Uncalled bet ($2) returned to NIGHTyxa
NIGHTyxa collected $2 from pot
NIGHTyxa: doesn't show hand
*** SUMMARY ***
Total pot $2 | Rake $0
Seat 1: Alex119387 (button) (small blind) folded before Flop
Seat 2: NIGHTyxa (big blind) collected ($2)


PokerStars Hand #145705721465:  Hold'em Limit ($3/$6 USD) - 2015/12/21 16:05:05 ET
Table 'Brigitta III' 2-max Seat #1 is the button
Seat 1: Alex119387 ($318.98 in chips)
Seat 2: NIGHTyxa ($149.40 in chips)
Alex119387: posts small blind $1
NIGHTyxa: posts big blind $3
*** HOLE CARDS ***
Alex119387: raises $3 to $6
NIGHTyxa: calls $3
*** FLOP *** [5s Jc 3s]
NIGHTyxa: checks
Alex119387: bets $3
NIGHTyxa: calls $3
*** TURN *** [5s Jc 3s] [7s]
NIGHTyxa: checks
Alex119387: checks
*** RIVER *** [5s Jc 3s 7s] [4d]
NIGHTyxa: checks
Alex119387: bets $6
NIGHTyxa: calls $6
*** SHOW DOWN ***
Alex119387: shows [Tc 5c] (a pair of Fives)
NIGHTyxa: shows [Ah 7c] (a pair of Sevens)
NIGHTyxa collected $29.50 from pot
*** SUMMARY ***
Total pot $30 | Rake $0.50
Board [5s Jc 3s 7s 4d]
Seat 1: Alex119387 (button) (small blind) showed [Tc 5c] and lost with a pair of Fives
Seat 2: NIGHTyxa (big blind) showed [Ah 7c] and won ($29.50) with a pair of Sevens


PokerStars Hand #145705715508:  Hold'em Limit ($3/$6 USD) - 2015/12/21 16:04:59 ET
Table 'Brigitta III' 2-max Seat #2 is the button
Seat 1: Alex119387 ($321.98 in chips)
Seat 2: NIGHTyxa ($146.40 in chips)
NIGHTyxa: posts small blind $1
Alex119387: posts big blind $3
*** HOLE CARDS ***
NIGHTyxa: raises $3 to $6
Alex119387: folds
Uncalled bet ($3) returned to NIGHTyxa
NIGHTyxa collected $6 from pot
NIGHTyxa: doesn't show hand
*** SUMMARY ***
Total pot $6 | Rake $0
Seat 1: Alex119387 (big blind) folded before Flop
Seat 2: NIGHTyxa (button) (small blind) collected ($6)


PokerStars Hand #145705699868:  Hold'em Limit ($3/$6 USD) - 2015/12/21 16:04:43 ET
Table 'Brigitta III' 2-max Seat #1 is the button
Seat 1: Alex119387 ($345.98 in chips)
Seat 2: NIGHTyxa ($122.90 in chips)
Alex119387: posts small blind $1
NIGHTyxa: posts big blind $3
*** HOLE CARDS ***
Alex119387: calls $2
NIGHTyxa: checks
*** FLOP *** [4h 6c 5s]
NIGHTyxa: bets $3
Alex119387: raises $3 to $6
NIGHTyxa: raises $3 to $9
Alex119387: calls $3
*** TURN *** [4h 6c 5s] [7c]
NIGHTyxa: checks
Alex119387: bets $6
NIGHTyxa: calls $6
*** RIVER *** [4h 6c 5s 7c] [Td]
NIGHTyxa: checks
Alex119387: bets $6
NIGHTyxa: calls $6
*** SHOW DOWN ***
Alex119387: shows [5c Ks] (a pair of Fives)
NIGHTyxa: shows [5d 4c] (two pair, Fives and Fours)
NIGHTyxa collected $47.50 from pot
*** SUMMARY ***
Total pot $48 | Rake $0.50
Board [4h 6c 5s 7c Td]
Seat 1: Alex119387 (button) (small blind) showed [5c Ks] and lost with a pair of Fives
Seat 2: NIGHTyxa (big blind) showed [5d 4c] and won ($47.50) with two pair, Fives and Fours


PokerStars Hand #145705692213:  Hold'em Limit ($3/$6 USD) - 2015/12/21 16:04:35 ET
Table 'Brigitta III' 2-max Seat #2 is the button
Seat 1: Alex119387 ($337.34 in chips)
Seat 2: NIGHTyxa ($131.90 in chips)
NIGHTyxa: posts small blind $1
Alex119387: posts big blind $3
*** HOLE CARDS ***
NIGHTyxa: raises $3 to $6
Alex119387: raises $3 to $9
NIGHTyxa: calls $3
*** FLOP *** [Jh Kc 8d]
Alex119387: bets $3
NIGHTyxa: folds
Uncalled bet ($3) returned to Alex119387
Alex119387 collected $17.64 from pot
Alex119387: doesn't show hand
*** SUMMARY ***
Total pot $18 | Rake $0.36
Board [Jh Kc 8d]
Seat 1: Alex119387 (big blind) collected ($17.64)
Seat 2: NIGHTyxa (button) (small blind) folded on the Flop


PokerStars Hand #145705678114:  Hold'em Limit ($3/$6 USD) - 2015/12/21 16:04:21 ET
Table 'Brigitta III' 2-max Seat #1 is the button
Seat 1: Alex119387 ($358.34 in chips)
Seat 2: NIGHTyxa ($111.40 in chips)
Alex119387: posts small blind $1
NIGHTyxa: posts big blind $3
*** HOLE CARDS ***
Alex119387: raises $3 to $6
NIGHTyxa: calls $3
*** FLOP *** [5h 9d Kh]
NIGHTyxa: checks
Alex119387: bets $3
NIGHTyxa: calls $3
*** TURN *** [5h 9d Kh] [9s]
NIGHTyxa: checks
Alex119387: bets $6
NIGHTyxa: calls $6
*** RIVER *** [5h 9d Kh 9s] [Ah]
NIGHTyxa: checks
Alex119387: bets $6
NIGHTyxa: calls $6
*** SHOW DOWN ***
Alex119387: shows [7c 6c] (a pair of Nines)
NIGHTyxa: shows [Js Ks] (two pair, Kings and Nines)
NIGHTyxa collected $41.50 from pot
*** SUMMARY ***
Total pot $42 | Rake $0.50
Board [5h 9d Kh 9s Ah]
Seat 1: Alex119387 (button) (small blind) showed [7c 6c] and lost with a pair of Nines
Seat 2: NIGHTyxa (big blind) showed [Js Ks] and won ($41.50) with two pair, Kings and Nines


PokerStars Hand #145705658813:  Hold'em Limit ($3/$6 USD) - 2015/12/21 16:04:01 ET
Table 'Brigitta III' 2-max Seat #2 is the button
Seat 1: Alex119387 ($376.34 in chips)
Seat 2: NIGHTyxa ($93.90 in chips)
NIGHTyxa: posts small blind $1
Alex119387: posts big blind $3
*** HOLE CARDS ***
NIGHTyxa: raises $3 to $6
Alex119387: calls $3
*** FLOP *** [2d 7d Kd]
Alex119387: checks
NIGHTyxa: bets $3
Alex119387: raises $3 to $6
NIGHTyxa: calls $3
*** TURN *** [2d 7d Kd] [4h]
Alex119387: checks
NIGHTyxa: bets $6
Alex119387: calls $6
*** RIVER *** [2d 7d Kd 4h] [7c]
Alex119387: checks
NIGHTyxa: checks
*** SHOW DOWN ***
Alex119387: shows [2s Ah] (two pair, Sevens and Deuces)
NIGHTyxa: shows [Ks 3h] (two pair, Kings and Sevens)
NIGHTyxa collected $35.50 from pot
*** SUMMARY ***
Total pot $36 | Rake $0.50
Board [2d 7d Kd 4h 7c]
Seat 1: Alex119387 (big blind) showed [2s Ah] and lost with two pair, Sevens and Deuces
Seat 2: NIGHTyxa (button) (small blind) showed [Ks 3h] and won ($35.50) with two pair, Kings and Sevens


PokerStars Hand #145705776866:  Hold'em Limit ($3/$6 USD) - 2015/12/21 16:06:02 ET
Table 'Brigitta III' 2-max Seat #1 is the button
Seat 1: Alex119387 ($288.48 in chips)
Seat 2: NIGHTyxa ($177.90 in chips)
Alex119387: posts small blind $1
NIGHTyxa: posts big blind $3
*** HOLE CARDS ***
Alex119387: calls $2
NIGHTyxa: checks
*** FLOP *** [Kc Qh Ah]
NIGHTyxa: checks
Alex119387: checks
*** TURN *** [Kc Qh Ah] [7h]
NIGHTyxa: checks
Alex119387: bets $6
NIGHTyxa: calls $6
*** RIVER *** [Kc Qh Ah 7h] [4d]
NIGHTyxa: checks
Alex119387: bets $6
NIGHTyxa: folds
Uncalled bet ($6) returned to Alex119387
Alex119387 collected $17.64 from pot
Alex119387: doesn't show hand
*** SUMMARY ***
Total pot $18 | Rake $0.36
Board [Kc Qh Ah 7h 4d]
Seat 1: Alex119387 (button) (small blind) collected ($17.64)
Seat 2: NIGHTyxa (big blind) folded on the River


PokerStars Hand #145705764463:  Hold'em Limit ($3/$6 USD) - 2015/12/21 16:05:49 ET
Table 'Brigitta III' 2-max Seat #2 is the button
Seat 1: Alex119387 ($303.48 in chips)
Seat 2: NIGHTyxa ($163.40 in chips)
NIGHTyxa: posts small blind $1
Alex119387: posts big blind $3
*** HOLE CARDS ***
NIGHTyxa: raises $3 to $6
Alex119387: calls $3
*** FLOP *** [Jd 4d 2s]
Alex119387: checks
NIGHTyxa: bets $3
Alex119387: calls $3
*** TURN *** [Jd 4d 2s] [3h]
Alex119387: checks
NIGHTyxa: bets $6
Alex119387: calls $6
*** RIVER *** [Jd 4d 2s 3h] [6h]
Alex119387: checks
NIGHTyxa: checks
*** SHOW DOWN ***
Alex119387: shows [Kd 7h] (high card King)
NIGHTyxa: shows [3d Kc] (a pair of Threes)
NIGHTyxa collected $29.50 from pot
*** SUMMARY ***
Total pot $30 | Rake $0.50
Board [Jd 4d 2s 3h 6h]
Seat 1: Alex119387 (big blind) showed [Kd 7h] and lost with high card King
Seat 2: NIGHTyxa (button) (small blind) showed [3d Kc] and won ($29.50) with a pair of Threes


PokerStars Hand #145705748533:  Hold'em Limit ($3/$6 USD) - 2015/12/21 16:05:33 ET
Table 'Brigitta III' 2-max Seat #1 is the button
Seat 1: Alex119387 ($327.48 in chips)
Seat 2: NIGHTyxa ($139.90 in chips)
Alex119387: posts small blind $1
NIGHTyxa: posts big blind $3
*** HOLE CARDS ***
Alex119387: raises $3 to $6
NIGHTyxa: calls $3
*** FLOP *** [7c As 7d]
NIGHTyxa: checks
Alex119387: checks
*** TURN *** [7c As 7d] [Td]
NIGHTyxa: checks
Alex119387: checks
*** RIVER *** [7c As 7d Td] [6d]
NIGHTyxa: bets $6
Alex119387: raises $6 to $12
NIGHTyxa: raises $6 to $18
Alex119387: calls $6
*** SHOW DOWN ***
NIGHTyxa: shows [Jd 3d] (a flush, Jack high)
Alex119387: mucks hand
NIGHTyxa collected $47.50 from pot
*** SUMMARY ***
Total pot $48 | Rake $0.50
Board [7c As 7d Td 6d]
Seat 1: Alex119387 (button) (small blind) mucked
Seat 2: NIGHTyxa (big blind) showed [Jd 3d] and won ($47.50) with a flush, Jack high


PokerStars Hand #145705735788:  Hold'em Limit ($3/$6 USD) - 2015/12/21 16:05:20 ET
Table 'Brigitta III' 2-max Seat #2 is the button
Seat 1: Alex119387 ($303.98 in chips)
Seat 2: NIGHTyxa ($163.90 in chips)
NIGHTyxa: posts small blind $1
Alex119387: posts big blind $3
*** HOLE CARDS ***
NIGHTyxa: raises $3 to $6
Alex119387: raises $3 to $9
NIGHTyxa: calls $3
*** FLOP *** [3c Ad 9c]
Alex119387: bets $3
NIGHTyxa: calls $3
*** TURN *** [3c Ad 9c] [As]
Alex119387: bets $6
NIGHTyxa: calls $6
*** RIVER *** [3c Ad 9c As] [Js]
Alex119387: bets $6
NIGHTyxa: calls $6
*** SHOW DOWN ***
Alex119387: shows [Jh Ts] (two pair, Aces and Jacks)
NIGHTyxa: mucks hand
Alex119387 collected $47.50 from pot
*** SUMMARY ***
Total pot $48 | Rake $0.50
Board [3c Ad 9c As Js]
Seat 1: Alex119387 (big blind) showed [Jh Ts] and won ($47.50) with two pair, Aces and Jacks
Seat 2: NIGHTyxa (button) (small blind) mucked


PokerStars Hand #145705841707:  Hold'em Limit ($3/$6 USD) - 2015/12/21 16:07:07 ET
Table 'Brigitta III' 2-max Seat #1 is the button
Seat 1: Alex119387 ($278 in chips)
Seat 2: NIGHTyxa ($187.40 in chips)
Alex119387: posts small blind $1
NIGHTyxa: posts big blind $3
*** HOLE CARDS ***
Alex119387: calls $2
NIGHTyxa: raises $3 to $6
Alex119387: calls $3
*** FLOP *** [4c 4d Qc]
NIGHTyxa: bets $3
Alex119387: folds
Uncalled bet ($3) returned to NIGHTyxa
NIGHTyxa collected $11.76 from pot
NIGHTyxa: doesn't show hand
*** SUMMARY ***
Total pot $12 | Rake $0.24
Board [4c 4d Qc]
Seat 1: Alex119387 (button) (small blind) folded on the Flop
Seat 2: NIGHTyxa (big blind) collected ($11.76)


PokerStars Hand #145705836601:  Hold'em Limit ($3/$6 USD) - 2015/12/21 16:07:02 ET
Table 'Brigitta III' 2-max Seat #2 is the button
Seat 1: Alex119387 ($277 in chips)
Seat 2: NIGHTyxa ($188.40 in chips)
NIGHTyxa: posts small blind $1
Alex119387: posts big blind $3
*** HOLE CARDS ***
NIGHTyxa: folds
Uncalled bet ($2) returned to Alex119387
Alex119387 collected $2 from pot
Alex119387: doesn't show hand
*** SUMMARY ***
Total pot $2 | Rake $0
Seat 1: Alex119387 (big blind) collected ($2)
Seat 2: NIGHTyxa (button) (small blind) folded before Flop


PokerStars Hand #145705817831:  Hold'em Limit ($3/$6 USD) - 2015/12/21 16:06:43 ET
Table 'Brigitta III' 2-max Seat #2 is the button
Seat 1: Alex119387 ($297 in chips)
Seat 2: NIGHTyxa ($168.90 in chips)
NIGHTyxa: posts small blind $1
Alex119387: posts big blind $3
*** HOLE CARDS ***
NIGHTyxa: folds
Uncalled bet ($2) returned to Alex119387
Alex119387 collected $2 from pot
Alex119387: doesn't show hand
*** SUMMARY ***
Total pot $2 | Rake $0
Seat 1: Alex119387 (big blind) collected ($2)
Seat 2: NIGHTyxa (button) (small blind) folded before Flop


PokerStars Hand #145705813187:  Hold'em Limit ($3/$6 USD) - 2015/12/21 16:06:38 ET
Table 'Brigitta III' 2-max Seat #1 is the button
Seat 1: Alex119387 ($298 in chips)
Seat 2: NIGHTyxa ($167.90 in chips)
Alex119387: posts small blind $1
NIGHTyxa: posts big blind $3
*** HOLE CARDS ***
Alex119387: folds
Uncalled bet ($2) returned to NIGHTyxa
NIGHTyxa collected $2 from pot
NIGHTyxa: doesn't show hand
*** SUMMARY ***
Total pot $2 | Rake $0
Seat 1: Alex119387 (button) (small blind) folded before Flop
Seat 2: NIGHTyxa (big blind) collected ($2)


PokerStars Hand #145705808342:  Hold'em Limit ($3/$6 USD) - 2015/12/21 16:06:33 ET
Table 'Brigitta III' 2-max Seat #2 is the button
Seat 1: Alex119387 ($301 in chips)
Seat 2: NIGHTyxa ($164.90 in chips)
NIGHTyxa: posts small blind $1
Alex119387: posts big blind $3
*** HOLE CARDS ***
NIGHTyxa: raises $3 to $6
Alex119387: folds
Uncalled bet ($3) returned to NIGHTyxa
NIGHTyxa collected $6 from pot
NIGHTyxa: doesn't show hand
*** SUMMARY ***
Total pot $6 | Rake $0
Seat 1: Alex119387 (big blind) folded before Flop
Seat 2: NIGHTyxa (button) (small blind) collected ($6)


PokerStars Hand #145705796121:  Hold'em Limit ($3/$6 USD) - 2015/12/21 16:06:21 ET
Table 'Brigitta III' 2-max Seat #1 is the button
Seat 1: Alex119387 ($298.12 in chips)
Seat 2: NIGHTyxa ($167.90 in chips)
Alex119387: posts small blind $1
NIGHTyxa: posts big blind $3
*** HOLE CARDS ***
Alex119387: calls $2
NIGHTyxa: checks
*** FLOP *** [7s 8s 9d]
NIGHTyxa: checks
Alex119387: checks
*** TURN *** [7s 8s 9d] [4h]
NIGHTyxa: checks
Alex119387: checks
*** RIVER *** [7s 8s 9d 4h] [Ks]
NIGHTyxa: checks
Alex119387: bets $6
NIGHTyxa: folds
Uncalled bet ($6) returned to Alex119387
Alex119387 collected $5.88 from pot
Alex119387: doesn't show hand
*** SUMMARY ***
Total pot $6 | Rake $0.12
Board [7s 8s 9d 4h Ks]
Seat 1: Alex119387 (button) (small blind) collected ($5.88)
Seat 2: NIGHTyxa (big blind) folded on the River


PokerStars Hand #145705791799:  Hold'em Limit ($3/$6 USD) - 2015/12/21 16:06:16 ET
Table 'Brigitta III' 2-max Seat #2 is the button
Seat 1: Alex119387 ($297.12 in chips)
Seat 2: NIGHTyxa ($168.90 in chips)
NIGHTyxa: posts small blind $1
Alex119387: posts big blind $3
*** HOLE CARDS ***
NIGHTyxa: folds
Uncalled bet ($2) returned to Alex119387
Alex119387 collected $2 from pot
Alex119387: doesn't show hand
*** SUMMARY ***
Total pot $2 | Rake $0
Seat 1: Alex119387 (big blind) collected ($2)
Seat 2: NIGHTyxa (button) (small blind) folded before Flop


