PokerStars Hand #150532772040:  Hold'em Limit ($3/$6 USD) - 2016/03/18 7:31:53 ET
Table 'Briseis' 6-max Seat #3 is the button
Seat 3: cutio ($48 in chips)
Seat 4: TbIP-TbIP 88 ($72 in chips)
cutio: posts small blind $1
TbIP-TbIP 88: posts big blind $3
*** HOLE CARDS ***
cutio: calls $2
TbIP-TbIP 88: checks
*** FLOP *** [4h Th 8h]
TbIP-TbIP 88: bets $3
cutio: raises $3 to $6
TbIP-TbIP 88: calls $3
*** TURN *** [4h Th 8h] [Td]
TbIP-TbIP 88: checks
cutio: bets $6
TbIP-TbIP 88: calls $6
*** RIVER *** [4h Th 8h Td] [3h]
TbIP-TbIP 88: bets $6
cutio: calls $6
*** SHOW DOWN ***
TbIP-TbIP 88: shows [2h 8s] (a flush, Ten high)
cutio: mucks hand
TbIP-TbIP 88 collected $41.50 from pot
*** SUMMARY ***
Total pot $42 | Rake $0.50
Board [4h Th 8h Td 3h]
Seat 3: cutio (button) (small blind) mucked
Seat 4: TbIP-TbIP 88 (big blind) showed [2h 8s] and won ($41.50) with a flush, Ten high


PokerStars Hand #150532811319:  Hold'em Limit ($3/$6 USD) - 2016/03/18 7:33:13 ET
Table 'Briseis' 6-max Seat #4 is the button
Seat 3: cutio ($20 in chips)
Seat 4: TbIP-TbIP 88 ($99.26 in chips)
TbIP-TbIP 88: posts small blind $1
cutio: posts big blind $3
*** HOLE CARDS ***
TbIP-TbIP 88: raises $3 to $6
cutio: calls $3
*** FLOP *** [As 8c Qh]
cutio: checks
TbIP-TbIP 88: bets $3
cutio: folds
Uncalled bet ($3) returned to TbIP-TbIP 88
TbIP-TbIP 88 collected $11.76 from pot
TbIP-TbIP 88: doesn't show hand
*** SUMMARY ***
Total pot $12 | Rake $0.24
Board [As 8c Qh]
Seat 3: cutio (big blind) folded on the Flop
Seat 4: TbIP-TbIP 88 (button) (small blind) collected ($11.76)


PokerStars Hand #150532801679:  Hold'em Limit ($3/$6 USD) - 2016/03/18 7:32:53 ET
Table 'Briseis' 6-max Seat #4 is the button
Seat 3: cutio ($27 in chips)
Seat 4: TbIP-TbIP 88 ($92.50 in chips)
TbIP-TbIP 88: posts small blind $1
cutio: posts big blind $3
*** HOLE CARDS ***
TbIP-TbIP 88: raises $3 to $6
cutio: calls $3
*** FLOP *** [Qc Ts Ks]
cutio: checks
TbIP-TbIP 88: bets $3
cutio: folds
Uncalled bet ($3) returned to TbIP-TbIP 88
TbIP-TbIP 88 collected $11.76 from pot
TbIP-TbIP 88: doesn't show hand
*** SUMMARY ***
Total pot $12 | Rake $0.24
Board [Qc Ts Ks]
Seat 3: cutio (big blind) folded on the Flop
Seat 4: TbIP-TbIP 88 (button) (small blind) collected ($11.76)


PokerStars Hand #150532808842:  Hold'em Limit ($3/$6 USD) - 2016/03/18 7:33:08 ET
Table 'Briseis' 6-max Seat #3 is the button
Seat 3: cutio ($21 in chips)
Seat 4: TbIP-TbIP 88 ($98.26 in chips)
cutio: posts small blind $1
TbIP-TbIP 88: posts big blind $3
*** HOLE CARDS ***
cutio: folds
Uncalled bet ($2) returned to TbIP-TbIP 88
TbIP-TbIP 88 collected $2 from pot
TbIP-TbIP 88: doesn't show hand
*** SUMMARY ***
Total pot $2 | Rake $0
Seat 3: cutio (button) (small blind) folded before Flop
Seat 4: TbIP-TbIP 88 (big blind) collected ($2)


PokerStars Hand #150532842199:  Hold'em Limit ($3/$6 USD) - 2016/03/18 7:34:16 ET
Table 'Briseis' 6-max Seat #2 is the button
Seat 2: Agrotait ($85.50 in chips)
Seat 3: cutio ($36 in chips)
Agrotait: posts small blind $1
cutio: posts big blind $3
*** HOLE CARDS ***
Agrotait: raises $3 to $6
cutio: calls $3
*** FLOP *** [Qc 5d 5c]
cutio: checks
Agrotait: bets $3
cutio: folds
Uncalled bet ($3) returned to Agrotait
Agrotait collected $11.76 from pot
Agrotait: doesn't show hand
*** SUMMARY ***
Total pot $12 | Rake $0.24
Board [Qc 5d 5c]
Seat 2: Agrotait (button) (small blind) collected ($11.76)
Seat 3: cutio (big blind) folded on the Flop


PokerStars Hand #150532827995:  Hold'em Limit ($3/$6 USD) - 2016/03/18 7:33:47 ET
Table 'Briseis' 6-max Seat #3 is the button
Seat 2: Agrotait ($72 in chips)
Seat 3: cutio ($14 in chips)
cutio: posts small blind $1
Agrotait: posts big blind $3
*** HOLE CARDS ***
cutio: calls $2
Agrotait: raises $3 to $6
cutio: calls $3
*** FLOP *** [4s Th 3s]
Agrotait: bets $3
cutio: raises $3 to $6
Agrotait: raises $3 to $9
cutio: calls $2 and is all-in
Uncalled bet ($1) returned to Agrotait
*** TURN *** [4s Th 3s] [3d]
*** RIVER *** [4s Th 3s 3d] [Qc]
*** SHOW DOWN ***
Agrotait: shows [Ks Tc] (two pair, Tens and Threes)
cutio: shows [4c 7h] (two pair, Fours and Threes)
Agrotait collected $27.50 from pot
*** SUMMARY ***
Total pot $28 | Rake $0.50
Board [4s Th 3s 3d Qc]
Seat 2: Agrotait (big blind) showed [Ks Tc] and won ($27.50) with two pair, Tens and Threes
Seat 3: cutio (button) (small blind) showed [4c 7h] and lost with two pair, Fours and Threes


PokerStars Hand #150532848981:  Hold'em Limit ($3/$6 USD) - 2016/03/18 7:34:30 ET
Table 'Briseis' 6-max Seat #3 is the button
Seat 2: Agrotait ($91.26 in chips)
Seat 3: cutio ($30 in chips)
cutio: posts small blind $1
Agrotait: posts big blind $3
*** HOLE CARDS ***
cutio: calls $2
Agrotait: raises $3 to $6
cutio: calls $3
*** FLOP *** [Ts Qh 5d]
Agrotait: bets $3
cutio: calls $3
*** TURN *** [Ts Qh 5d] [5c]
Agrotait: bets $6
cutio: raises $6 to $12
Agrotait: raises $6 to $18
cutio: raises $3 to $21 and is all-in
Betting is capped
Agrotait: calls $3
*** RIVER *** [Ts Qh 5d 5c] [6h]
*** SHOW DOWN ***
Agrotait: shows [Jd Qd] (two pair, Queens and Fives)
cutio: shows [6s Qs] (two pair, Queens and Sixes)
cutio collected $59.50 from pot
*** SUMMARY ***
Total pot $60 | Rake $0.50
Board [Ts Qh 5d 5c 6h]
Seat 2: Agrotait (big blind) showed [Jd Qd] and lost with two pair, Queens and Fives
Seat 3: cutio (button) (small blind) showed [6s Qs] and won ($59.50) with two pair, Queens and Sixes


PokerStars Hand #150532882741:  Hold'em Limit ($3/$6 USD) - 2016/03/18 7:35:38 ET
Table 'Briseis' 6-max Seat #3 is the button
Seat 2: Agrotait ($72 in chips)
Seat 3: cutio ($74 in chips)
cutio: posts small blind $1
Agrotait: posts big blind $3
*** HOLE CARDS ***
cutio: calls $2
Agrotait: checks
*** FLOP *** [2s Qs 7c]
Agrotait: bets $3
cutio: folds
Uncalled bet ($3) returned to Agrotait
Agrotait collected $5.88 from pot
Agrotait: doesn't show hand
*** SUMMARY ***
Total pot $6 | Rake $0.12
Board [2s Qs 7c]
Seat 2: Agrotait (big blind) collected ($5.88)
Seat 3: cutio (button) (small blind) folded on the Flop


PokerStars Hand #150532872784:  Hold'em Limit ($3/$6 USD) - 2016/03/18 7:35:18 ET
Table 'Briseis' 6-max Seat #2 is the button
Seat 2: Agrotait ($61.26 in chips)
Seat 3: cutio ($59.50 in chips)
Agrotait: posts small blind $1
cutio: posts big blind $3
*** HOLE CARDS ***
Agrotait: raises $3 to $6
cutio: calls $3
*** FLOP *** [Qh 6h Kh]
cutio: checks
Agrotait: bets $3
cutio: calls $3
*** TURN *** [Qh 6h Kh] [8h]
cutio: checks
Agrotait: checks
*** RIVER *** [Qh 6h Kh 8h] [9c]
cutio: bets $6
Agrotait: calls $6
*** SHOW DOWN ***
cutio: shows [Th 7d] (a flush, King high)
Agrotait: mucks hand
cutio collected $29.50 from pot
*** SUMMARY ***
Total pot $30 | Rake $0.50
Board [Qh 6h Kh 8h 9c]
Seat 2: Agrotait (button) (small blind) mucked
Seat 3: cutio (big blind) showed [Th 7d] and won ($29.50) with a flush, King high


PokerStars Hand #150532888498:  Hold'em Limit ($3/$6 USD) - 2016/03/18 7:35:49 ET
Table 'Briseis' 6-max Seat #2 is the button
Seat 2: Agrotait ($74.88 in chips)
Seat 3: cutio ($71 in chips)
Agrotait: posts small blind $1
cutio: posts big blind $3
*** HOLE CARDS ***
Agrotait: raises $3 to $6
cutio: calls $3
*** FLOP *** [3c 7d 2s]
cutio: checks
Agrotait: bets $3
cutio: calls $3
*** TURN *** [3c 7d 2s] [4d]
cutio: checks
Agrotait: checks
*** RIVER *** [3c 7d 2s 4d] [5c]
cutio: bets $6
Agrotait: calls $6
*** SHOW DOWN ***
cutio: shows [4h Ac] (a straight, Ace to Five)
TbIP-TbIP 88 joins the table at seat #4
Agrotait: mucks hand
cutio collected $29.50 from pot
*** SUMMARY ***
Total pot $30 | Rake $0.50
Board [3c 7d 2s 4d 5c]
Seat 2: Agrotait (button) (small blind) mucked
Seat 3: cutio (big blind) showed [4h Ac] and won ($29.50) with a straight, Ace to Five


PokerStars Hand #150532939959:  Hold'em Limit ($3/$6 USD) - 2016/03/18 7:37:33 ET
Table 'Briseis' 6-max Seat #2 is the button
Seat 2: Agrotait ($72 in chips)
Seat 3: cutio ($94 in chips)
Agrotait: posts small blind $1
cutio: posts big blind $3
*** HOLE CARDS ***
Agrotait: folds
Uncalled bet ($2) returned to cutio
cutio collected $2 from pot
cutio: doesn't show hand
*** SUMMARY ***
Total pot $2 | Rake $0
Seat 2: Agrotait (button) (small blind) folded before Flop
Seat 3: cutio (big blind) collected ($2)


PokerStars Hand #150532920076:  Hold'em Limit ($3/$6 USD) - 2016/03/18 7:36:53 ET
Table 'Briseis' 6-max Seat #3 is the button
Seat 2: Agrotait ($68 in chips)
Seat 3: cutio ($76.50 in chips)
cutio: posts small blind $1
TbIP-TbIP 88: is sitting out
Agrotait: posts big blind $3
*** HOLE CARDS ***
TbIP-TbIP 88 leaves the table
cutio: calls $2
Agrotait: checks
*** FLOP *** [Jh Qd Td]
Agrotait: bets $3
cutio: calls $3
*** TURN *** [Jh Qd Td] [Jc]
Agrotait: checks
cutio: checks
*** RIVER *** [Jh Qd Td Jc] [7h]
krytalex joins the table at seat #4
Agrotait: bets $6
cutio: raises $6 to $12
Agrotait: calls $6
*** SHOW DOWN ***
cutio: shows [9s Kd] (a straight, Nine to King)
Agrotait: mucks hand
cutio collected $35.50 from pot
*** SUMMARY ***
Total pot $36 | Rake $0.50
Board [Jh Qd Td Jc 7h]
Seat 2: Agrotait (big blind) mucked
Seat 3: cutio (button) (small blind) showed [9s Kd] and won ($35.50) with a straight, Nine to King


PokerStars Hand #150532984510:  Hold'em Limit ($3/$6 USD) - 2016/03/18 7:39:03 ET
Table 'Briseis' 6-max Seat #4 is the button
Seat 3: cutio ($77 in chips)
Seat 4: krytalex ($133.83 in chips)
krytalex: posts small blind $1
Agrotait: is sitting out
cutio: posts big blind $3
*** HOLE CARDS ***
krytalex: raises $3 to $6
cutio: folds
Uncalled bet ($3) returned to krytalex
krytalex collected $6 from pot
*** SUMMARY ***
Total pot $6 | Rake $0
Seat 3: cutio (big blind) folded before Flop
Seat 4: krytalex (button) (small blind) collected ($6)


PokerStars Hand #150532997736:  Hold'em Limit ($3/$6 USD) - 2016/03/18 7:39:30 ET
Table 'Briseis' 6-max Seat #3 is the button
Seat 3: cutio ($87.50 in chips)
Seat 4: krytalex ($122.83 in chips)
cutio: posts small blind $1
krytalex: posts big blind $3
*** HOLE CARDS ***
Agrotait leaves the table
cutio: calls $2
krytalex: raises $3 to $6
cutio: calls $3
*** FLOP *** [Qh 3h 6h]
krytalex: bets $3
cutio: calls $3
*** TURN *** [Qh 3h 6h] [Th]
krytalex: bets $6
cutio: calls $6
*** RIVER *** [Qh 3h 6h Th] [6s]
krytalex: checks
cutio: bets $6
krytalex: calls $6
*** SHOW DOWN ***
cutio: shows [9h 5h] (a flush, Queen high)
krytalex: mucks hand
cutio collected $41.50 from pot
krytalex said, "suka"
*** SUMMARY ***
Total pot $42 | Rake $0.50
Board [Qh 3h 6h Th 6s]
Seat 3: cutio (button) (small blind) showed [9h 5h] and won ($41.50) with a flush, Queen high
Seat 4: krytalex (big blind) mucked


PokerStars Hand #150532989445:  Hold'em Limit ($3/$6 USD) - 2016/03/18 7:39:13 ET
Table 'Briseis' 6-max Seat #4 is the button
Seat 3: cutio ($73 in chips)
Seat 4: krytalex ($137.83 in chips)
krytalex: posts small blind $1
cutio: posts big blind $3
*** HOLE CARDS ***
krytalex: raises $3 to $6
cutio: calls $3
*** FLOP *** [Kd As Ac]
cutio: checks
krytalex: bets $3
cutio: calls $3
*** TURN *** [Kd As Ac] [3s]
cutio: checks
krytalex: checks
*** RIVER *** [Kd As Ac 3s] [6c]
cutio: bets $6
krytalex: calls $6
*** SHOW DOWN ***
cutio: shows [Ks 9s] (two pair, Aces and Kings)
krytalex: mucks hand
cutio collected $29.50 from pot
*** SUMMARY ***
Total pot $30 | Rake $0.50
Board [Kd As Ac 3s 6c]
Seat 3: cutio (big blind) showed [Ks 9s] and won ($29.50) with two pair, Aces and Kings
Seat 4: krytalex (button) (small blind) mucked


PokerStars Hand #150533009224:  Hold'em Limit ($3/$6 USD) - 2016/03/18 7:39:53 ET
Table 'Briseis' 6-max Seat #4 is the button
Seat 3: cutio ($108 in chips)
Seat 4: krytalex ($101.83 in chips)
krytalex: posts small blind $1
cutio: posts big blind $3
*** HOLE CARDS ***
krytalex: raises $3 to $6
cutio said, "bleat"
cutio: calls $3
*** FLOP *** [Ad 7c 5c]
cutio: checks
krytalex: bets $3
cutio: calls $3
*** TURN *** [Ad 7c 5c] [Qh]
cutio: checks
krytalex: bets $6
cutio: folds
Uncalled bet ($6) returned to krytalex
krytalex collected $17.64 from pot
*** SUMMARY ***
Total pot $18 | Rake $0.36
Board [Ad 7c 5c Qh]
Seat 3: cutio (big blind) folded on the Turn
Seat 4: krytalex (button) (small blind) collected ($17.64)


PokerStars Hand #150533020497:  Hold'em Limit ($3/$6 USD) - 2016/03/18 7:40:16 ET
Table 'Briseis' 6-max Seat #3 is the button
Seat 3: cutio ($99 in chips)
Seat 4: krytalex ($110.47 in chips)
cutio: posts small blind $1
krytalex: posts big blind $3
*** HOLE CARDS ***
cutio: calls $2
krytalex: checks
*** FLOP *** [6c 4h 8c]
krytalex: bets $3
cutio: raises $3 to $6
krytalex: raises $3 to $9
cutio: calls $3
*** TURN *** [6c 4h 8c] [6s]
krytalex: bets $6
cutio: raises $6 to $12
krytalex: raises $6 to $18
cutio: raises $6 to $24
Betting is capped
krytalex: calls $6
*** RIVER *** [6c 4h 8c 6s] [5s]
krytalex: bets $6
cutio: raises $6 to $12
krytalex: raises $6 to $18
cutio: raises $6 to $24
Betting is capped
krytalex: calls $6
*** SHOW DOWN ***
cutio: shows [Kh 6h] (three of a kind, Sixes)
krytalex: shows [7h 5c] (a straight, Four to Eight)
krytalex collected $119.50 from pot
*** SUMMARY ***
Total pot $120 | Rake $0.50
Board [6c 4h 8c 6s 5s]
Seat 3: cutio (button) (small blind) showed [Kh 6h] and lost with three of a kind, Sixes
Seat 4: krytalex (big blind) showed [7h 5c] and won ($119.50) with a straight, Four to Eight


