PokerStars Hand #152383306373:  Hold'em Limit ($3/$6 USD) - 2016/04/24 13:11:58 ET
Table 'Briseis II' 6-max Seat #1 is the button
Seat 1: LolDnkaments ($72 in chips)
Seat 5: vitamin168 ($270.27 in chips)
LolDnkaments: posts small blind $1
laapin: is sitting out
vitamin168: posts big blind $3
*** HOLE CARDS ***
LolDnkaments: raises $3 to $6
vitamin168: calls $3
*** FLOP *** [6h Qc 8s]
vitamin168: checks
LolDnkaments: checks
*** TURN *** [6h Qc 8s] [3c]
vitamin168: bets $6
laapin leaves the table
LolDnkaments: calls $6
*** RIVER *** [6h Qc 8s 3c] [Ks]
vitamin168: bets $6
LolDnkaments: calls $6
*** SHOW DOWN ***
vitamin168: shows [Qh 9s] (a pair of Queens)
LolDnkaments: mucks hand
vitamin168 collected $35.50 from pot
*** SUMMARY ***
Total pot $36 | Rake $0.50
Board [6h Qc 8s 3c Ks]
Seat 1: LolDnkaments (button) (small blind) mucked
Seat 5: vitamin168 (big blind) showed [Qh 9s] and won ($35.50) with a pair of Queens


PokerStars Hand #152383387338:  Hold'em Limit ($3/$6 USD) - 2016/04/24 13:13:24 ET
Table 'Briseis II' 6-max Seat #5 is the button
Seat 1: LolDnkaments ($79 in chips)
Seat 5: vitamin168 ($313.27 in chips)
vitamin168: posts small blind $1
LolDnkaments: posts big blind $3
*** HOLE CARDS ***
vitamin168: folds
Uncalled bet ($2) returned to LolDnkaments
LolDnkaments collected $2 from pot
LolDnkaments: doesn't show hand
*** SUMMARY ***
Total pot $2 | Rake $0
Seat 1: LolDnkaments (big blind) collected ($2)
Seat 5: vitamin168 (button) (small blind) folded before Flop


PokerStars Hand #152383378737:  Hold'em Limit ($3/$6 USD) - 2016/04/24 13:13:14 ET
Table 'Briseis II' 6-max Seat #1 is the button
Seat 1: LolDnkaments ($76 in chips)
Seat 5: vitamin168 ($316.27 in chips)
LolDnkaments: posts small blind $1
vitamin168: posts big blind $3
*** HOLE CARDS ***
LolDnkaments: raises $3 to $6
vitamin168: folds
Uncalled bet ($3) returned to LolDnkaments
LolDnkaments collected $6 from pot
LolDnkaments: doesn't show hand
*** SUMMARY ***
Total pot $6 | Rake $0
Seat 1: LolDnkaments (button) (small blind) collected ($6)
Seat 5: vitamin168 (big blind) folded before Flop


PokerStars Hand #152383374218:  Hold'em Limit ($3/$6 USD) - 2016/04/24 13:13:10 ET
Table 'Briseis II' 6-max Seat #5 is the button
Seat 1: LolDnkaments ($75 in chips)
Seat 5: vitamin168 ($317.27 in chips)
vitamin168: posts small blind $1
LolDnkaments: posts big blind $3
*** HOLE CARDS ***
vitamin168: folds
Uncalled bet ($2) returned to LolDnkaments
LolDnkaments collected $2 from pot
LolDnkaments: doesn't show hand
*** SUMMARY ***
Total pot $2 | Rake $0
Seat 1: LolDnkaments (big blind) collected ($2)
Seat 5: vitamin168 (button) (small blind) folded before Flop


PokerStars Hand #152383364555:  Hold'em Limit ($3/$6 USD) - 2016/04/24 13:12:59 ET
Table 'Briseis II' 6-max Seat #1 is the button
Seat 1: LolDnkaments ($72 in chips)
Seat 5: vitamin168 ($320.27 in chips)
LolDnkaments: posts small blind $1
vitamin168: posts big blind $3
*** HOLE CARDS ***
LolDnkaments: raises $3 to $6
vitamin168: folds
Uncalled bet ($3) returned to LolDnkaments
LolDnkaments collected $6 from pot
LolDnkaments: doesn't show hand
*** SUMMARY ***
Total pot $6 | Rake $0
Seat 1: LolDnkaments (button) (small blind) collected ($6)
Seat 5: vitamin168 (big blind) folded before Flop


PokerStars Hand #152383331213:  Hold'em Limit ($3/$6 USD) - 2016/04/24 13:12:25 ET
Table 'Briseis II' 6-max Seat #5 is the button
Seat 1: LolDnkaments ($72 in chips)
Seat 5: vitamin168 ($287.77 in chips)
vitamin168: posts small blind $1
LolDnkaments: posts big blind $3
*** HOLE CARDS ***
vitamin168: raises $3 to $6
LolDnkaments: calls $3
*** FLOP *** [Jh 9s 3s]
LolDnkaments: checks
vitamin168: bets $3
LolDnkaments: calls $3
*** TURN *** [Jh 9s 3s] [Kh]
LolDnkaments: checks
vitamin168: bets $6
LolDnkaments: raises $6 to $12
vitamin168: raises $6 to $18
LolDnkaments: calls $6
*** RIVER *** [Jh 9s 3s Kh] [2s]
LolDnkaments: checks
vitamin168: bets $6
LolDnkaments: calls $6
*** SHOW DOWN ***
vitamin168: shows [Qd Td] (a straight, Nine to King)
LolDnkaments: mucks hand
vitamin168 collected $65.50 from pot
*** SUMMARY ***
Total pot $66 | Rake $0.50
Board [Jh 9s 3s Kh 2s]
Seat 1: LolDnkaments (big blind) mucked
Seat 5: vitamin168 (button) (small blind) showed [Qd Td] and won ($65.50) with a straight, Nine to King


PokerStars Hand #152383421694:  Hold'em Limit ($3/$6 USD) - 2016/04/24 13:14:00 ET
Table 'Briseis II' 6-max Seat #1 is the button
Seat 1: LolDnkaments ($106.50 in chips)
Seat 5: vitamin168 ($285.27 in chips)
LolDnkaments: posts small blind $1
vitamin168: posts big blind $3
*** HOLE CARDS ***
LolDnkaments: raises $3 to $6
vitamin168: calls $3
*** FLOP *** [5s 8h 3c]
vitamin168: checks
LolDnkaments: bets $3
vitamin168: calls $3
*** TURN *** [5s 8h 3c] [As]
vitamin168: checks
LolDnkaments: bets $6
vitamin168: folds
Uncalled bet ($6) returned to LolDnkaments
LolDnkaments collected $17.64 from pot
LolDnkaments: doesn't show hand
*** SUMMARY ***
Total pot $18 | Rake $0.36
Board [5s 8h 3c As]
Seat 1: LolDnkaments (button) (small blind) collected ($17.64)
Seat 5: vitamin168 (big blind) folded on the Turn


PokerStars Hand #152383400852:  Hold'em Limit ($3/$6 USD) - 2016/04/24 13:13:38 ET
Table 'Briseis II' 6-max Seat #5 is the button
Seat 1: LolDnkaments ($83 in chips)
Seat 5: vitamin168 ($309.27 in chips)
vitamin168: posts small blind $1
Yuriy Ceza11 was removed from the table for failing to post
LolDnkaments: posts big blind $3
*** HOLE CARDS ***
vitamin168: raises $3 to $6
LolDnkaments: raises $3 to $9
vitamin168: calls $3
*** FLOP *** [7h 8c 9h]
LolDnkaments: bets $3
vitamin168: calls $3
*** TURN *** [7h 8c 9h] [6c]
LolDnkaments: bets $6
vitamin168: raises $6 to $12
LolDnkaments: calls $6
*** RIVER *** [7h 8c 9h 6c] [Qc]
LolDnkaments: checks
vitamin168: checks
*** SHOW DOWN ***
LolDnkaments: shows [Ad 9s] (a pair of Nines)
vitamin168: mucks hand
LolDnkaments collected $47.50 from pot
*** SUMMARY ***
Total pot $48 | Rake $0.50
Board [7h 8c 9h 6c Qc]
Seat 1: LolDnkaments (big blind) showed [Ad 9s] and won ($47.50) with a pair of Nines
Seat 5: vitamin168 (button) (small blind) mucked


PokerStars Hand #152383392069:  Hold'em Limit ($3/$6 USD) - 2016/04/24 13:13:28 ET
Table 'Briseis II' 6-max Seat #1 is the button
Seat 1: LolDnkaments ($80 in chips)
Seat 5: vitamin168 ($312.27 in chips)
LolDnkaments: posts small blind $1
vitamin168: posts big blind $3
*** HOLE CARDS ***
LolDnkaments: raises $3 to $6
vitamin168: folds
Uncalled bet ($3) returned to LolDnkaments
LolDnkaments collected $6 from pot
LolDnkaments: doesn't show hand
*** SUMMARY ***
Total pot $6 | Rake $0
Seat 1: LolDnkaments (button) (small blind) collected ($6)
Seat 5: vitamin168 (big blind) folded before Flop


PokerStars Hand #152383501686:  Hold'em Limit ($3/$6 USD) - 2016/04/24 13:15:25 ET
Table 'Briseis II' 6-max Seat #1 is the button
Seat 1: LolDnkaments ($122.39 in chips)
Seat 5: vitamin168 ($267.66 in chips)
LolDnkaments: posts small blind $1
vitamin168: posts big blind $3
*** HOLE CARDS ***
LolDnkaments: raises $3 to $6
vitamin168: folds
Uncalled bet ($3) returned to LolDnkaments
LolDnkaments collected $6 from pot
LolDnkaments: doesn't show hand
*** SUMMARY ***
Total pot $6 | Rake $0
Seat 1: LolDnkaments (button) (small blind) collected ($6)
Seat 5: vitamin168 (big blind) folded before Flop


PokerStars Hand #152383496687:  Hold'em Limit ($3/$6 USD) - 2016/04/24 13:15:19 ET
Table 'Briseis II' 6-max Seat #5 is the button
Seat 1: LolDnkaments ($121.39 in chips)
Seat 5: vitamin168 ($268.66 in chips)
vitamin168: posts small blind $1
LolDnkaments: posts big blind $3
*** HOLE CARDS ***
vitamin168: folds
Uncalled bet ($2) returned to LolDnkaments
LolDnkaments collected $2 from pot
LolDnkaments: doesn't show hand
*** SUMMARY ***
Total pot $2 | Rake $0
Seat 1: LolDnkaments (big blind) collected ($2)
Seat 5: vitamin168 (button) (small blind) folded before Flop


PokerStars Hand #152383481439:  Hold'em Limit ($3/$6 USD) - 2016/04/24 13:15:04 ET
Table 'Briseis II' 6-max Seat #1 is the button
Seat 1: LolDnkaments ($130.39 in chips)
Seat 5: vitamin168 ($260.02 in chips)
LolDnkaments: posts small blind $1
vitamin168: posts big blind $3
*** HOLE CARDS ***
LolDnkaments: raises $3 to $6
vitamin168: raises $3 to $9
LolDnkaments: calls $3
*** FLOP *** [Td As 8h]
vitamin168: bets $3
LolDnkaments: folds
Uncalled bet ($3) returned to vitamin168
vitamin168 collected $17.64 from pot
vitamin168: doesn't show hand
*** SUMMARY ***
Total pot $18 | Rake $0.36
Board [Td As 8h]
Seat 1: LolDnkaments (button) (small blind) folded on the Flop
Seat 5: vitamin168 (big blind) collected ($17.64)


PokerStars Hand #152383476873:  Hold'em Limit ($3/$6 USD) - 2016/04/24 13:14:59 ET
Table 'Briseis II' 6-max Seat #5 is the button
Seat 1: LolDnkaments ($129.39 in chips)
Seat 5: vitamin168 ($261.02 in chips)
vitamin168: posts small blind $1
LolDnkaments: posts big blind $3
*** HOLE CARDS ***
vitamin168: folds
Uncalled bet ($2) returned to LolDnkaments
LolDnkaments collected $2 from pot
LolDnkaments: doesn't show hand
*** SUMMARY ***
Total pot $2 | Rake $0
Seat 1: LolDnkaments (big blind) collected ($2)
Seat 5: vitamin168 (button) (small blind) folded before Flop


PokerStars Hand #152383459828:  Hold'em Limit ($3/$6 USD) - 2016/04/24 13:14:41 ET
Table 'Briseis II' 6-max Seat #1 is the button
Seat 1: LolDnkaments ($114.89 in chips)
Seat 5: vitamin168 ($276.02 in chips)
LolDnkaments: posts small blind $1
vitamin168: posts big blind $3
*** HOLE CARDS ***
LolDnkaments: raises $3 to $6
vitamin168: calls $3
*** FLOP *** [6h 6c 7h]
vitamin168: checks
LolDnkaments: bets $3
vitamin168: calls $3
*** TURN *** [6h 6c 7h] [7d]
vitamin168: checks
LolDnkaments: checks
*** RIVER *** [6h 6c 7h 7d] [8h]
vitamin168: bets $6
LolDnkaments: calls $6
*** SHOW DOWN ***
vitamin168: shows [9h Js] (two pair, Sevens and Sixes)
LolDnkaments: shows [Kc Jh] (two pair, Sevens and Sixes - King kicker)
LolDnkaments collected $29.50 from pot
*** SUMMARY ***
Total pot $30 | Rake $0.50
Board [6h 6c 7h 7d 8h]
Seat 1: LolDnkaments (button) (small blind) showed [Kc Jh] and won ($29.50) with two pair, Sevens and Sixes
Seat 5: vitamin168 (big blind) showed [9h Js] and lost with two pair, Sevens and Sixes


PokerStars Hand #152383442889:  Hold'em Limit ($3/$6 USD) - 2016/04/24 13:14:23 ET
Table 'Briseis II' 6-max Seat #5 is the button
Seat 1: LolDnkaments ($115.14 in chips)
Seat 5: vitamin168 ($276.27 in chips)
vitamin168: posts small blind $1
LolDnkaments: posts big blind $3
*** HOLE CARDS ***
vitamin168: raises $3 to $6
LolDnkaments: raises $3 to $9
vitamin168: calls $3
*** FLOP *** [3s 2d 4c]
LolDnkaments: bets $3
vitamin168: calls $3
*** TURN *** [3s 2d 4c] [4h]
LolDnkaments: checks
vitamin168: bets $6
LolDnkaments: calls $6
*** RIVER *** [3s 2d 4c 4h] [Ac]
LolDnkaments: checks
vitamin168: bets $6
LolDnkaments: calls $6
*** SHOW DOWN ***
vitamin168: shows [Ad 9d] (two pair, Aces and Fours)
LolDnkaments: shows [As 9c] (two pair, Aces and Fours)
LolDnkaments collected $23.75 from pot
vitamin168 collected $23.75 from pot
*** SUMMARY ***
Total pot $48 | Rake $0.50
Board [3s 2d 4c 4h Ac]
Seat 1: LolDnkaments (big blind) showed [As 9c] and won ($23.75) with two pair, Aces and Fours
Seat 5: vitamin168 (button) (small blind) showed [Ad 9d] and won ($23.75) with two pair, Aces and Fours


PokerStars Hand #152383545980:  Hold'em Limit ($3/$6 USD) - 2016/04/24 13:16:11 ET
Table 'Briseis II' 6-max Seat #1 is the button
Seat 1: LolDnkaments ($157.53 in chips)
Seat 5: vitamin168 ($231.66 in chips)
LolDnkaments: posts small blind $1
vitamin168: posts big blind $3
*** HOLE CARDS ***
LolDnkaments: raises $3 to $6
vitamin168: calls $3
*** FLOP *** [2c 6d Qs]
vitamin168: checks
LolDnkaments: bets $3
vitamin168: folds
Uncalled bet ($3) returned to LolDnkaments
LolDnkaments collected $11.76 from pot
LolDnkaments: doesn't show hand
*** SUMMARY ***
Total pot $12 | Rake $0.24
Board [2c 6d Qs]
Seat 1: LolDnkaments (button) (small blind) collected ($11.76)
Seat 5: vitamin168 (big blind) folded on the Flop


PokerStars Hand #152383523684:  Hold'em Limit ($3/$6 USD) - 2016/04/24 13:15:48 ET
Table 'Briseis II' 6-max Seat #5 is the button
Seat 1: LolDnkaments ($137.03 in chips)
Seat 5: vitamin168 ($252.66 in chips)
vitamin168: posts small blind $1
LolDnkaments: posts big blind $3
*** HOLE CARDS ***
vitamin168: raises $3 to $6
LolDnkaments: calls $3
*** FLOP *** [4d Qs 4h]
LolDnkaments: checks
vitamin168: bets $3
LolDnkaments: calls $3
*** TURN *** [4d Qs 4h] [2c]
LolDnkaments: checks
vitamin168: bets $6
LolDnkaments: calls $6
*** RIVER *** [4d Qs 4h 2c] [8s]
LolDnkaments: checks
vitamin168: bets $6
LolDnkaments: calls $6
*** SHOW DOWN ***
vitamin168: shows [6s 9d] (a pair of Fours)
LolDnkaments: shows [Kd 8c] (two pair, Eights and Fours)
LolDnkaments collected $41.50 from pot
*** SUMMARY ***
Total pot $42 | Rake $0.50
Board [4d Qs 4h 2c 8s]
Seat 1: LolDnkaments (big blind) showed [Kd 8c] and won ($41.50) with two pair, Eights and Fours
Seat 5: vitamin168 (button) (small blind) showed [6s 9d] and lost with a pair of Fours


PokerStars Hand #152383518396:  Hold'em Limit ($3/$6 USD) - 2016/04/24 13:15:42 ET
Table 'Briseis II' 6-max Seat #1 is the button
Seat 1: LolDnkaments ($134.03 in chips)
Seat 5: vitamin168 ($255.66 in chips)
LolDnkaments: posts small blind $1
vitamin168: posts big blind $3
*** HOLE CARDS ***
LolDnkaments: raises $3 to $6
vitamin168: folds
Uncalled bet ($3) returned to LolDnkaments
LolDnkaments collected $6 from pot
LolDnkaments: doesn't show hand
*** SUMMARY ***
Total pot $6 | Rake $0
Seat 1: LolDnkaments (button) (small blind) collected ($6)
Seat 5: vitamin168 (big blind) folded before Flop


PokerStars Hand #152383507154:  Hold'em Limit ($3/$6 USD) - 2016/04/24 13:15:30 ET
Table 'Briseis II' 6-max Seat #5 is the button
Seat 1: LolDnkaments ($125.39 in chips)
Seat 5: vitamin168 ($264.66 in chips)
vitamin168: posts small blind $1
LolDnkaments: posts big blind $3
*** HOLE CARDS ***
vitamin168: raises $3 to $6
LolDnkaments: raises $3 to $9
vitamin168: calls $3
*** FLOP *** [Td 5h Jh]
LolDnkaments: bets $3
vitamin168: folds
Uncalled bet ($3) returned to LolDnkaments
LolDnkaments collected $17.64 from pot
LolDnkaments: doesn't show hand
*** SUMMARY ***
Total pot $18 | Rake $0.36
Board [Td 5h Jh]
Seat 1: LolDnkaments (big blind) collected ($17.64)
Seat 5: vitamin168 (button) (small blind) folded on the Flop


PokerStars Hand #152383596041:  Hold'em Limit ($3/$6 USD) - 2016/04/24 13:17:04 ET
Table 'Briseis II' 6-max Seat #1 is the button
Seat 1: LolDnkaments ($168.79 in chips)
Seat 5: vitamin168 ($219.18 in chips)
LolDnkaments: posts small blind $1
vitamin168: posts big blind $3
*** HOLE CARDS ***
LolDnkaments: raises $3 to $6
vitamin168: calls $3
*** FLOP *** [7s Jd Kd]
vitamin168: checks
LolDnkaments: bets $3
vitamin168: calls $3
*** TURN *** [7s Jd Kd] [7d]
vitamin168: checks
LolDnkaments: checks
*** RIVER *** [7s Jd Kd 7d] [2d]
vitamin168: bets $6
LolDnkaments: calls $6
*** SHOW DOWN ***
vitamin168: shows [5d 4d] (a flush, King high)
LolDnkaments: mucks hand
vitamin168 collected $29.50 from pot
*** SUMMARY ***
Total pot $30 | Rake $0.50
Board [7s Jd Kd 7d 2d]
Seat 1: LolDnkaments (button) (small blind) mucked
Seat 5: vitamin168 (big blind) showed [5d 4d] and won ($29.50) with a flush, King high


PokerStars Hand #152383570339:  Hold'em Limit ($3/$6 USD) - 2016/04/24 13:16:37 ET
Table 'Briseis II' 6-max Seat #1 is the button
Seat 1: LolDnkaments ($151.29 in chips)
Seat 5: vitamin168 ($237.18 in chips)
LolDnkaments: posts small blind $1
vitamin168: posts big blind $3
*** HOLE CARDS ***
LolDnkaments: raises $3 to $6
vitamin168: folds
Uncalled bet ($3) returned to LolDnkaments
LolDnkaments collected $6 from pot
LolDnkaments: doesn't show hand
*** SUMMARY ***
Total pot $6 | Rake $0
Seat 1: LolDnkaments (button) (small blind) collected ($6)
Seat 5: vitamin168 (big blind) folded before Flop


PokerStars Hand #152383556465:  Hold'em Limit ($3/$6 USD) - 2016/04/24 13:16:22 ET
Table 'Briseis II' 6-max Seat #5 is the button
Seat 1: LolDnkaments ($163.29 in chips)
Seat 5: vitamin168 ($225.66 in chips)
vitamin168: posts small blind $1
LolDnkaments: posts big blind $3
*** HOLE CARDS ***
vitamin168: raises $3 to $6
LolDnkaments: raises $3 to $9
vitamin168: calls $3
*** FLOP *** [Ah 6h Td]
LolDnkaments: bets $3
vitamin168: raises $3 to $6
LolDnkaments: folds
Uncalled bet ($3) returned to vitamin168
vitamin168 collected $23.52 from pot
vitamin168: doesn't show hand
*** SUMMARY ***
Total pot $24 | Rake $0.48
Board [Ah 6h Td]
Seat 1: LolDnkaments (big blind) folded on the Flop
Seat 5: vitamin168 (button) (small blind) collected ($23.52)


PokerStars Hand #152383575911:  Hold'em Limit ($3/$6 USD) - 2016/04/24 13:16:42 ET
Table 'Briseis II' 6-max Seat #5 is the button
Seat 1: LolDnkaments ($154.29 in chips)
Seat 5: vitamin168 ($234.18 in chips)
vitamin168: posts small blind $1
LolDnkaments: posts big blind $3
*** HOLE CARDS ***
vitamin168: raises $3 to $6
LolDnkaments: calls $3
*** FLOP *** [7s Jh 2d]
LolDnkaments: checks
vitamin168: bets $3
LolDnkaments: calls $3
*** TURN *** [7s Jh 2d] [As]
LolDnkaments: checks
vitamin168: bets $6
LolDnkaments: calls $6
*** RIVER *** [7s Jh 2d As] [3d]
LolDnkaments: checks
vitamin168: checks
*** SHOW DOWN ***
LolDnkaments: shows [5h 7d] (a pair of Sevens)
vitamin168: mucks hand
LolDnkaments collected $29.50 from pot
*** SUMMARY ***
Total pot $30 | Rake $0.50
Board [7s Jh 2d As 3d]
Seat 1: LolDnkaments (big blind) showed [5h 7d] and won ($29.50) with a pair of Sevens
Seat 5: vitamin168 (button) (small blind) mucked


PokerStars Hand #152383621405:  Hold'em Limit ($3/$6 USD) - 2016/04/24 13:17:30 ET
Table 'Briseis II' 6-max Seat #5 is the button
Seat 1: LolDnkaments ($153.79 in chips)
Seat 5: vitamin168 ($233.68 in chips)
vitamin168: posts small blind $1
LolDnkaments: posts big blind $3
*** HOLE CARDS ***
vitamin168: raises $3 to $6
LolDnkaments: folds
Uncalled bet ($3) returned to vitamin168
vitamin168 collected $6 from pot
vitamin168: doesn't show hand
*** SUMMARY ***
Total pot $6 | Rake $0
Seat 1: LolDnkaments (big blind) folded before Flop
Seat 5: vitamin168 (button) (small blind) collected ($6)


PokerStars Hand #152383627732:  Hold'em Limit ($3/$6 USD) - 2016/04/24 13:17:37 ET
Table 'Briseis II' 6-max Seat #1 is the button
Seat 1: LolDnkaments ($150.79 in chips)
Seat 5: vitamin168 ($236.68 in chips)
LolDnkaments: posts small blind $1
vitamin168: posts big blind $3
*** HOLE CARDS ***
LolDnkaments: raises $3 to $6
vitamin168: calls $3
*** FLOP *** [Qc Jc 9c]
vitamin168: checks
LolDnkaments: bets $3
vitamin168: raises $3 to $6
LolDnkaments: calls $3
*** TURN *** [Qc Jc 9c] [Qs]
vitamin168: bets $6
LolDnkaments: folds
Uncalled bet ($6) returned to vitamin168
vitamin168 collected $23.52 from pot
vitamin168: doesn't show hand
*** SUMMARY ***
Total pot $24 | Rake $0.48
Board [Qc Jc 9c Qs]
Seat 1: LolDnkaments (button) (small blind) folded on the Turn
Seat 5: vitamin168 (big blind) collected ($23.52)


PokerStars Hand #152383644462:  Hold'em Limit ($3/$6 USD) - 2016/04/24 13:17:54 ET
Table 'Briseis II' 6-max Seat #5 is the button
Seat 1: LolDnkaments ($138.79 in chips)
Seat 5: vitamin168 ($248.20 in chips)
vitamin168: posts small blind $1
LolDnkaments: posts big blind $3
*** HOLE CARDS ***
vitamin168: raises $3 to $6
LolDnkaments: folds
Uncalled bet ($3) returned to vitamin168
vitamin168 collected $6 from pot
vitamin168: doesn't show hand
*** SUMMARY ***
Total pot $6 | Rake $0
Seat 1: LolDnkaments (big blind) folded before Flop
Seat 5: vitamin168 (button) (small blind) collected ($6)


PokerStars Hand #152383650541:  Hold'em Limit ($3/$6 USD) - 2016/04/24 13:18:01 ET
Table 'Briseis II' 6-max Seat #1 is the button
Seat 1: LolDnkaments ($135.79 in chips)
Seat 5: vitamin168 ($251.20 in chips)
LolDnkaments: posts small blind $1
vitamin168: posts big blind $3
*** HOLE CARDS ***
LolDnkaments: folds
Uncalled bet ($2) returned to vitamin168
vitamin168 collected $2 from pot
vitamin168: doesn't show hand
*** SUMMARY ***
Total pot $2 | Rake $0
Seat 1: LolDnkaments (button) (small blind) folded before Flop
Seat 5: vitamin168 (big blind) collected ($2)


PokerStars Hand #152383661026:  Hold'em Limit ($3/$6 USD) - 2016/04/24 13:18:12 ET
Table 'Briseis II' 6-max Seat #5 is the button
Seat 1: LolDnkaments ($134.79 in chips)
Seat 5: vitamin168 ($252.20 in chips)
vitamin168: posts small blind $1
LolDnkaments: posts big blind $3
*** HOLE CARDS ***
vitamin168: raises $3 to $6
LolDnkaments: folds
Uncalled bet ($3) returned to vitamin168
vitamin168 collected $6 from pot
vitamin168: doesn't show hand
*** SUMMARY ***
Total pot $6 | Rake $0
Seat 1: LolDnkaments (big blind) folded before Flop
Seat 5: vitamin168 (button) (small blind) collected ($6)


PokerStars Hand #152383670637:  Hold'em Limit ($3/$6 USD) - 2016/04/24 13:18:22 ET
Table 'Briseis II' 6-max Seat #1 is the button
Seat 1: LolDnkaments ($131.79 in chips)
Seat 5: vitamin168 ($255.20 in chips)
LolDnkaments: posts small blind $1
vitamin168: posts big blind $3
*** HOLE CARDS ***
LolDnkaments: raises $3 to $6
vitamin168: raises $3 to $9
LolDnkaments: calls $3
*** FLOP *** [5h Ks Jh]
vitamin168: bets $3
LolDnkaments: calls $3
*** TURN *** [5h Ks Jh] [4c]
vitamin168: checks
LolDnkaments: bets $6
vitamin168: calls $6
*** RIVER *** [5h Ks Jh 4c] [Ah]
vitamin168: bets $6
LolDnkaments: folds
Uncalled bet ($6) returned to vitamin168
vitamin168 collected $35.50 from pot
vitamin168: doesn't show hand
*** SUMMARY ***
Total pot $36 | Rake $0.50
Board [5h Ks Jh 4c Ah]
Seat 1: LolDnkaments (button) (small blind) folded on the River
Seat 5: vitamin168 (big blind) collected ($35.50)


PokerStars Hand #152383701323:  Hold'em Limit ($3/$6 USD) - 2016/04/24 13:18:54 ET
Table 'Briseis II' 6-max Seat #5 is the button
Seat 1: LolDnkaments ($113.79 in chips)
Seat 5: vitamin168 ($272.70 in chips)
vitamin168: posts small blind $1
LolDnkaments: posts big blind $3
*** HOLE CARDS ***
vitamin168: raises $3 to $6
LolDnkaments: calls $3
*** FLOP *** [5h 2d Qc]
LolDnkaments: checks
vitamin168: bets $3
LolDnkaments: raises $3 to $6
vitamin168: raises $3 to $9
LolDnkaments: calls $3
*** TURN *** [5h 2d Qc] [9d]
LolDnkaments: checks
vitamin168: bets $6
LolDnkaments: raises $6 to $12
vitamin168: raises $6 to $18
LolDnkaments: calls $6
*** RIVER *** [5h 2d Qc 9d] [Js]
LolDnkaments: checks
vitamin168: bets $6
LolDnkaments: folds
Uncalled bet ($6) returned to vitamin168
vitamin168 collected $65.50 from pot
vitamin168: doesn't show hand
*** SUMMARY ***
Total pot $66 | Rake $0.50
Board [5h 2d Qc 9d Js]
Seat 1: LolDnkaments (big blind) folded on the River
Seat 5: vitamin168 (button) (small blind) collected ($65.50)


PokerStars Hand #152383745752:  Hold'em Limit ($3/$6 USD) - 2016/04/24 13:19:41 ET
Table 'Briseis II' 6-max Seat #5 is the button
Seat 1: LolDnkaments ($86.55 in chips)
Seat 5: vitamin168 ($299.20 in chips)
vitamin168: posts small blind $1
LolDnkaments: posts big blind $3
*** HOLE CARDS ***
vitamin168: raises $3 to $6
LolDnkaments: calls $3
*** FLOP *** [8c Ts 5h]
LolDnkaments: checks
vitamin168: checks
*** TURN *** [8c Ts 5h] [7d]
LolDnkaments: checks
vitamin168: checks
*** RIVER *** [8c Ts 5h 7d] [Ks]
LolDnkaments: checks
vitamin168: bets $6
LolDnkaments: folds
Uncalled bet ($6) returned to vitamin168
vitamin168 collected $11.76 from pot
vitamin168: doesn't show hand
*** SUMMARY ***
Total pot $12 | Rake $0.24
Board [8c Ts 5h 7d Ks]
Seat 1: LolDnkaments (big blind) folded on the River
Seat 5: vitamin168 (button) (small blind) collected ($11.76)


PokerStars Hand #152383734540:  Hold'em Limit ($3/$6 USD) - 2016/04/24 13:19:30 ET
Table 'Briseis II' 6-max Seat #1 is the button
Seat 1: LolDnkaments ($80.79 in chips)
Seat 5: vitamin168 ($305.20 in chips)
LolDnkaments: posts small blind $1
vitamin168: posts big blind $3
*** HOLE CARDS ***
LolDnkaments: raises $3 to $6
vitamin168: calls $3
*** FLOP *** [2d 9h 2s]
vitamin168: checks
LolDnkaments: bets $3
vitamin168: folds
Uncalled bet ($3) returned to LolDnkaments
LolDnkaments collected $11.76 from pot
LolDnkaments: doesn't show hand
*** SUMMARY ***
Total pot $12 | Rake $0.24
Board [2d 9h 2s]
Seat 1: LolDnkaments (button) (small blind) collected ($11.76)
Seat 5: vitamin168 (big blind) folded on the Flop


PokerStars Hand #152383768789:  Hold'em Limit ($3/$6 USD) - 2016/04/24 13:20:05 ET
Table 'Briseis II' 6-max Seat #1 is the button
Seat 1: LolDnkaments ($80.55 in chips)
Seat 5: vitamin168 ($304.96 in chips)
LolDnkaments: posts small blind $1
vitamin168: posts big blind $3
*** HOLE CARDS ***
LolDnkaments: raises $3 to $6
vitamin168: raises $3 to $9
LolDnkaments: calls $3
*** FLOP *** [5h Kd 3s]
vitamin168: bets $3
LolDnkaments: calls $3
*** TURN *** [5h Kd 3s] [3c]
vitamin168: bets $6
LolDnkaments: raises $6 to $12
vitamin168: folds
Uncalled bet ($6) returned to LolDnkaments
LolDnkaments collected $35.50 from pot
LolDnkaments: doesn't show hand
Makomar joins the table at seat #6
*** SUMMARY ***
Total pot $36 | Rake $0.50
Board [5h Kd 3s 3c]
Seat 1: LolDnkaments (button) (small blind) collected ($35.50)
Seat 5: vitamin168 (big blind) folded on the Turn


PokerStars Hand #152388259354:  Hold'em Limit ($3/$6 USD) - 2016/04/24 14:38:01 ET
Table 'Briseis II' 6-max Seat #4 is the button
Seat 4: LolDnkaments ($104.87 in chips)
Seat 6: Makomar ($120 in chips)
LolDnkaments: posts small blind $1
Makomar: posts big blind $3
*** HOLE CARDS ***
LolDnkaments: raises $3 to $6
Makomar: raises $3 to $9
LolDnkaments: calls $3
*** FLOP *** [Ac 7d 4c]
Makomar: bets $3
LolDnkaments: calls $3
*** TURN *** [Ac 7d 4c] [6d]
Makomar: checks
LolDnkaments: bets $6
Makomar: calls $6
*** RIVER *** [Ac 7d 4c 6d] [4s]
Makomar: checks
LolDnkaments: bets $6
Makomar: calls $6
*** SHOW DOWN ***
LolDnkaments: shows [4h Ks] (three of a kind, Fours)
Makomar: mucks hand
LolDnkaments collected $47.50 from pot
*** SUMMARY ***
Total pot $48 | Rake $0.50
Board [Ac 7d 4c 6d 4s]
Seat 4: LolDnkaments (button) (small blind) showed [4h Ks] and won ($47.50) with three of a kind, Fours
Seat 6: Makomar (big blind) mucked


PokerStars Hand #152388221693:  Hold'em Limit ($3/$6 USD) - 2016/04/24 14:37:24 ET
Table 'Briseis II' 6-max Seat #6 is the button
Seat 4: LolDnkaments ($87.37 in chips)
Seat 6: Makomar ($105 in chips)
Makomar: posts small blind $1
LolDnkaments: posts big blind $3
*** HOLE CARDS ***
Makomar: raises $3 to $6
LolDnkaments: raises $3 to $9
Makomar: calls $3
*** FLOP *** [8s 9d Tc]
LolDnkaments: bets $3
Makomar: calls $3
*** TURN *** [8s 9d Tc] [4d]
LolDnkaments: bets $6
Makomar: calls $6
*** RIVER *** [8s 9d Tc 4d] [Js]
LolDnkaments: bets $6
Makomar: folds
Uncalled bet ($6) returned to LolDnkaments
LolDnkaments collected $35.50 from pot
LolDnkaments: doesn't show hand
*** SUMMARY ***
Total pot $36 | Rake $0.50
Board [8s 9d Tc 4d Js]
Seat 4: LolDnkaments (big blind) collected ($35.50)
Seat 6: Makomar (button) (small blind) folded on the River


PokerStars Hand #152390823170:  Hold'em Limit ($3/$6 USD) - 2016/04/24 15:20:44 ET
Table 'Briseis II' 6-max Seat #5 is the button
Seat 4: JoeBlack1982 ($102.59 in chips)
Seat 5: Kajind ($182.07 in chips)
Kajind: posts small blind $1
aloven: is sitting out
JoeBlack1982: posts big blind $3
*** HOLE CARDS ***
Kajind: raises $3 to $6
KidTaxMan leaves the table
aloven leaves the table
JoeBlack1982: calls $3
*** FLOP *** [2s Tc 7h]
JoeBlack1982: bets $3
Kajind: calls $3
*** TURN *** [2s Tc 7h] [3c]
JoeBlack1982: bets $6
Kajind: raises $6 to $12
JoeBlack1982: calls $6
*** RIVER *** [2s Tc 7h 3c] [5d]
JoeBlack1982: checks
Kajind: bets $6
JoeBlack1982: calls $6
*** SHOW DOWN ***
Kajind: shows [8d 9s] (high card Ten)
JoeBlack1982: shows [7d Qs] (a pair of Sevens)
JoeBlack1982 collected $53.50 from pot
*** SUMMARY ***
Total pot $54 | Rake $0.50
Board [2s Tc 7h 3c 5d]
Seat 4: JoeBlack1982 (big blind) showed [7d Qs] and won ($53.50) with a pair of Sevens
Seat 5: Kajind (button) (small blind) showed [8d 9s] and lost with high card Ten


PokerStars Hand #152403475736:  Hold'em Limit ($3/$6 USD) - 2016/04/24 19:27:44 ET
Table 'Briseis II' 6-max Seat #1 is the button
Seat 1: Jeelsy ($50.95 in chips)
Seat 6: Actionni13 ($206.89 in chips)
Jeelsy: posts small blind $1
Actionni13: posts big blind $3
*** HOLE CARDS ***
Jeelsy: folds
Uncalled bet ($2) returned to Actionni13
Actionni13 collected $2 from pot
Actionni13: doesn't show hand
*** SUMMARY ***
Total pot $2 | Rake $0
Seat 1: Jeelsy (button) (small blind) folded before Flop
Seat 6: Actionni13 (big blind) collected ($2)


PokerStars Hand #152403468803:  Hold'em Limit ($3/$6 USD) - 2016/04/24 19:27:32 ET
Table 'Briseis II' 6-max Seat #6 is the button
Seat 1: Jeelsy ($56.95 in chips)
Seat 6: Actionni13 ($201.13 in chips)
Actionni13: posts small blind $1
Jeelsy: posts big blind $3
*** HOLE CARDS ***
Actionni13: raises $3 to $6
Jeelsy: calls $3
*** FLOP *** [2d Qc 3c]
Jeelsy: checks
Actionni13: bets $3
Jeelsy: folds
Uncalled bet ($3) returned to Actionni13
Actionni13 collected $11.76 from pot
Actionni13: doesn't show hand
*** SUMMARY ***
Total pot $12 | Rake $0.24
Board [2d Qc 3c]
Seat 1: Jeelsy (big blind) folded on the Flop
Seat 6: Actionni13 (button) (small blind) collected ($11.76)


PokerStars Hand #152403478839:  Hold'em Limit ($3/$6 USD) - 2016/04/24 19:27:49 ET
Table 'Briseis II' 6-max Seat #6 is the button
Seat 1: Jeelsy ($49.95 in chips)
Seat 6: Actionni13 ($207.89 in chips)
Actionni13: posts small blind $1
Jeelsy: posts big blind $3
*** HOLE CARDS ***
Muhamed999 joins the table at seat #2
Actionni13: raises $3 to $6
Jeelsy: calls $3
*** FLOP *** [Qc 6d Kc]
Jeelsy: checks
Actionni13: bets $3
Jeelsy: calls $3
*** TURN *** [Qc 6d Kc] [7c]
Jeelsy: checks
Actionni13: checks
*** RIVER *** [Qc 6d Kc 7c] [2s]
Jeelsy: bets $6
Actionni13: folds
Uncalled bet ($6) returned to Jeelsy
Jeelsy collected $17.64 from pot
Jeelsy: doesn't show hand
*** SUMMARY ***
Total pot $18 | Rake $0.36
Board [Qc 6d Kc 7c 2s]
Seat 1: Jeelsy (big blind) collected ($17.64)
Seat 6: Actionni13 (button) (small blind) folded on the River


PokerStars Hand #152403667681:  Hold'em Limit ($3/$6 USD) - 2016/04/24 19:33:13 ET
Table 'Briseis II' 6-max Seat #2 is the button
Seat 2: Muhamed999 ($63.65 in chips)
Seat 5: Zubasa07 ($505.47 in chips)
Muhamed999: posts small blind $1
Pelurile was removed from the table for failing to post
Zubasa07: posts big blind $3
*** HOLE CARDS ***
Muhamed999: folds
Uncalled bet ($2) returned to Zubasa07
Zubasa07 collected $2 from pot
Zubasa07: doesn't show hand
*** SUMMARY ***
Total pot $2 | Rake $0
Seat 2: Muhamed999 (button) (small blind) folded before Flop
Seat 5: Zubasa07 (big blind) collected ($2)


PokerStars Hand #152403663849:  Hold'em Limit ($3/$6 USD) - 2016/04/24 19:33:06 ET
Table 'Briseis II' 6-max Seat #5 is the button
Seat 2: Muhamed999 ($62.65 in chips)
Seat 5: Zubasa07 ($506.47 in chips)
Zubasa07: posts small blind $1
Actionni13: is sitting out
Muhamed999: posts big blind $3
*** HOLE CARDS ***
Zubasa07: folds
Uncalled bet ($2) returned to Muhamed999
Muhamed999 collected $2 from pot
Muhamed999: doesn't show hand
*** SUMMARY ***
Total pot $2 | Rake $0
Seat 2: Muhamed999 (big blind) collected ($2)
Seat 5: Zubasa07 (button) (small blind) folded before Flop


PokerStars Hand #152403846061:  Hold'em Limit ($3/$6 USD) - 2016/04/24 19:38:07 ET
Table 'Briseis II' 6-max Seat #2 is the button
Seat 2: Muhamed999 ($23.42 in chips)
Seat 6: Actionni13 ($170.72 in chips)
Muhamed999: posts small blind $1
Zubasa07: is sitting out
Actionni13: posts big blind $3
*** HOLE CARDS ***
Muhamed999: folds
Uncalled bet ($2) returned to Actionni13
Zubasa07 leaves the table
Actionni13 collected $2 from pot
Actionni13: doesn't show hand
*** SUMMARY ***
Total pot $2 | Rake $0
Seat 2: Muhamed999 (button) (small blind) folded before Flop
Seat 6: Actionni13 (big blind) collected ($2)


PokerStars Hand #152403849130:  Hold'em Limit ($3/$6 USD) - 2016/04/24 19:38:12 ET
Table 'Briseis II' 6-max Seat #6 is the button
Seat 2: Muhamed999 ($22.42 in chips)
Seat 6: Actionni13 ($171.72 in chips)
Actionni13: posts small blind $1
Muhamed999: posts big blind $3
*** HOLE CARDS ***
Actionni13: raises $3 to $6
Muhamed999: folds
Uncalled bet ($3) returned to Actionni13
Actionni13 collected $6 from pot
Actionni13: doesn't show hand
*** SUMMARY ***
Total pot $6 | Rake $0
Seat 2: Muhamed999 (big blind) folded before Flop
Seat 6: Actionni13 (button) (small blind) collected ($6)


PokerStars Hand #152403868821:  Hold'em Limit ($3/$6 USD) - 2016/04/24 19:38:48 ET
Table 'Briseis II' 6-max Seat #6 is the button
Seat 2: Muhamed999 ($28.06 in chips)
Seat 6: Actionni13 ($165.72 in chips)
Actionni13: posts small blind $1
Muhamed999: posts big blind $3
*** HOLE CARDS ***
Actionni13: raises $3 to $6
Muhamed999: folds
Uncalled bet ($3) returned to Actionni13
Actionni13 collected $6 from pot
Actionni13: doesn't show hand
*** SUMMARY ***
Total pot $6 | Rake $0
Seat 2: Muhamed999 (big blind) folded before Flop
Seat 6: Actionni13 (button) (small blind) collected ($6)


PokerStars Hand #152403854007:  Hold'em Limit ($3/$6 USD) - 2016/04/24 19:38:21 ET
Table 'Briseis II' 6-max Seat #2 is the button
Seat 2: Muhamed999 ($19.42 in chips)
Seat 6: Actionni13 ($174.72 in chips)
Muhamed999: posts small blind $1
Actionni13: posts big blind $3
*** HOLE CARDS ***
Muhamed999: raises $3 to $6
Actionni13: calls $3
*** FLOP *** [5h 8d Ac]
Actionni13: checks
Muhamed999: bets $3
Actionni13: calls $3
*** TURN *** [5h 8d Ac] [As]
Actionni13: checks
Muhamed999: bets $6
Actionni13: folds
Uncalled bet ($6) returned to Muhamed999
Muhamed999 collected $17.64 from pot
Muhamed999: doesn't show hand
*** SUMMARY ***
Total pot $18 | Rake $0.36
Board [5h 8d Ac As]
Seat 2: Muhamed999 (button) (small blind) collected ($17.64)
Seat 6: Actionni13 (big blind) folded on the Turn


PokerStars Hand #152403872755:  Hold'em Limit ($3/$6 USD) - 2016/04/24 19:38:55 ET
Table 'Briseis II' 6-max Seat #2 is the button
Seat 2: Muhamed999 ($25.06 in chips)
Seat 6: Actionni13 ($168.72 in chips)
Muhamed999: posts small blind $1
Actionni13: posts big blind $3
*** HOLE CARDS ***
Muhamed999: raises $3 to $6
Actionni13: calls $3
*** FLOP *** [6d 3d 5c]
Actionni13: checks
Muhamed999: checks
*** TURN *** [6d 3d 5c] [Kh]
Actionni13: checks
Muhamed999: bets $6
Actionni13: folds
Uncalled bet ($6) returned to Muhamed999
Muhamed999 collected $11.76 from pot
Muhamed999: doesn't show hand
*** SUMMARY ***
Total pot $12 | Rake $0.24
Board [6d 3d 5c Kh]
Seat 2: Muhamed999 (button) (small blind) collected ($11.76)
Seat 6: Actionni13 (big blind) folded on the Turn


PokerStars Hand #152403885640:  Hold'em Limit ($3/$6 USD) - 2016/04/24 19:39:17 ET
Table 'Briseis II' 6-max Seat #6 is the button
Seat 2: Muhamed999 ($30.82 in chips)
Seat 6: Actionni13 ($162.72 in chips)
Actionni13: posts small blind $1
Muhamed999: posts big blind $3
*** HOLE CARDS ***
Actionni13: raises $3 to $6
Muhamed999: raises $3 to $9
Actionni13: calls $3
*** FLOP *** [4c Ts Jc]
Muhamed999: bets $3
Actionni13: folds
Uncalled bet ($3) returned to Muhamed999
Muhamed999 collected $17.64 from pot
Muhamed999: doesn't show hand
*** SUMMARY ***
Total pot $18 | Rake $0.36
Board [4c Ts Jc]
Seat 2: Muhamed999 (big blind) collected ($17.64)
Seat 6: Actionni13 (button) (small blind) folded on the Flop


PokerStars Hand #152403893959:  Hold'em Limit ($3/$6 USD) - 2016/04/24 19:39:32 ET
Table 'Briseis II' 6-max Seat #2 is the button
Seat 2: Muhamed999 ($39.46 in chips)
Seat 6: Actionni13 ($153.72 in chips)
Muhamed999: posts small blind $1
Actionni13: posts big blind $3
*** HOLE CARDS ***
Muhamed999: folds
Uncalled bet ($2) returned to Actionni13
Actionni13 collected $2 from pot
Actionni13: doesn't show hand
*** SUMMARY ***
Total pot $2 | Rake $0
Seat 2: Muhamed999 (button) (small blind) folded before Flop
Seat 6: Actionni13 (big blind) collected ($2)


PokerStars Hand #152403904582:  Hold'em Limit ($3/$6 USD) - 2016/04/24 19:39:51 ET
Table 'Briseis II' 6-max Seat #2 is the button
Seat 2: Muhamed999 ($47.10 in chips)
Seat 6: Actionni13 ($150 in chips)
Muhamed999: posts small blind $1
Actionni13: posts big blind $3
*** HOLE CARDS ***
Muhamed999: folds
Uncalled bet ($2) returned to Actionni13
Actionni13 collected $2 from pot
Actionni13: doesn't show hand
*** SUMMARY ***
Total pot $2 | Rake $0
Seat 2: Muhamed999 (button) (small blind) folded before Flop
Seat 6: Actionni13 (big blind) collected ($2)


PokerStars Hand #152403897186:  Hold'em Limit ($3/$6 USD) - 2016/04/24 19:39:38 ET
Table 'Briseis II' 6-max Seat #6 is the button
Seat 2: Muhamed999 ($38.46 in chips)
Seat 6: Actionni13 ($154.72 in chips)
Actionni13: posts small blind $1
Muhamed999: posts big blind $3
*** HOLE CARDS ***
Actionni13: raises $3 to $6
Muhamed999: raises $3 to $9
Actionni13: calls $3
*** FLOP *** [9h Kc 8s]
Muhamed999: bets $3
Actionni13: folds
Uncalled bet ($3) returned to Muhamed999
Muhamed999 collected $17.64 from pot
Muhamed999: doesn't show hand
*** SUMMARY ***
Total pot $18 | Rake $0.36
Board [9h Kc 8s]
Seat 2: Muhamed999 (big blind) collected ($17.64)
Seat 6: Actionni13 (button) (small blind) folded on the Flop


PokerStars Hand #152403913579:  Hold'em Limit ($3/$6 USD) - 2016/04/24 19:40:07 ET
Table 'Briseis II' 6-max Seat #2 is the button
Seat 2: Muhamed999 ($43.10 in chips)
Seat 6: Actionni13 ($154 in chips)
Muhamed999: posts small blind $1
Actionni13: posts big blind $3
*** HOLE CARDS ***
Muhamed999: raises $3 to $6
Actionni13: calls $3
*** FLOP *** [2c As 9s]
Actionni13: checks
Muhamed999: checks
*** TURN *** [2c As 9s] [9c]
Actionni13: checks
Muhamed999: bets $6
Actionni13: calls $6
*** RIVER *** [2c As 9s 9c] [5s]
Actionni13: checks
Muhamed999: bets $6
Actionni13: calls $6
*** SHOW DOWN ***
Muhamed999: shows [Jd 8s] (a pair of Nines)
Actionni13: shows [6s Kd] (a pair of Nines - Ace+King kicker)
Actionni13 collected $35.50 from pot
*** SUMMARY ***
Total pot $36 | Rake $0.50
Board [2c As 9s 9c 5s]
Seat 2: Muhamed999 (button) (small blind) showed [Jd 8s] and lost with a pair of Nines
Seat 6: Actionni13 (big blind) showed [6s Kd] and won ($35.50) with a pair of Nines


PokerStars Hand #152403926386:  Hold'em Limit ($3/$6 USD) - 2016/04/24 19:40:30 ET
Table 'Briseis II' 6-max Seat #6 is the button
Seat 2: Muhamed999 ($25.10 in chips)
Seat 6: Actionni13 ($171.50 in chips)
Actionni13: posts small blind $1
Muhamed999: posts big blind $3
*** HOLE CARDS ***
Actionni13: raises $3 to $6
Muhamed999: calls $3
*** FLOP *** [Qh Ad 2s]
Muhamed999: checks
Actionni13: bets $3
Muhamed999: folds
Uncalled bet ($3) returned to Actionni13
Actionni13 collected $11.76 from pot
Actionni13: doesn't show hand
*** SUMMARY ***
Total pot $12 | Rake $0.24
Board [Qh Ad 2s]
Seat 2: Muhamed999 (big blind) folded on the Flop
Seat 6: Actionni13 (button) (small blind) collected ($11.76)


PokerStars Hand #152403907536:  Hold'em Limit ($3/$6 USD) - 2016/04/24 19:39:56 ET
Table 'Briseis II' 6-max Seat #6 is the button
Seat 2: Muhamed999 ($46.10 in chips)
Seat 6: Actionni13 ($151 in chips)
Actionni13: posts small blind $1
Muhamed999: posts big blind $3
*** HOLE CARDS ***
Actionni13: raises $3 to $6
Muhamed999: folds
Uncalled bet ($3) returned to Actionni13
Actionni13 collected $6 from pot
Actionni13: doesn't show hand
*** SUMMARY ***
Total pot $6 | Rake $0
Seat 2: Muhamed999 (big blind) folded before Flop
Seat 6: Actionni13 (button) (small blind) collected ($6)


PokerStars Hand #152403932457:  Hold'em Limit ($3/$6 USD) - 2016/04/24 19:40:41 ET
Table 'Briseis II' 6-max Seat #2 is the button
Seat 2: Muhamed999 ($19.10 in chips)
Seat 6: Actionni13 ($177.26 in chips)
Muhamed999: posts small blind $1
Actionni13: posts big blind $3
*** HOLE CARDS ***
Muhamed999: raises $3 to $6
Actionni13: calls $3
*** FLOP *** [6h Qs 5c]
Actionni13: checks
Muhamed999: bets $3
Actionni13: calls $3
*** TURN *** [6h Qs 5c] [4h]
Actionni13: bets $6
Muhamed999: raises $4.10 to $10.10 and is all-in
Actionni13: calls $4.10
*** RIVER *** [6h Qs 5c 4h] [Ac]
*** SHOW DOWN ***
Actionni13: shows [5s 3s] (a pair of Fives)
Muhamed999: shows [Qd 8s] (a pair of Queens)
Muhamed999 collected $37.70 from pot
*** SUMMARY ***
Total pot $38.20 | Rake $0.50
Board [6h Qs 5c 4h Ac]
Seat 2: Muhamed999 (button) (small blind) showed [Qd 8s] and won ($37.70) with a pair of Queens
Seat 6: Actionni13 (big blind) showed [5s 3s] and lost with a pair of Fives


PokerStars Hand #152403945942:  Hold'em Limit ($3/$6 USD) - 2016/04/24 19:41:05 ET
Table 'Briseis II' 6-max Seat #6 is the button
Seat 2: Muhamed999 ($37.70 in chips)
Seat 6: Actionni13 ($158.16 in chips)
Actionni13: posts small blind $1
Muhamed999: posts big blind $3
*** HOLE CARDS ***
Actionni13: raises $3 to $6
Muhamed999: folds
Uncalled bet ($3) returned to Actionni13
Actionni13 collected $6 from pot
Actionni13: doesn't show hand
*** SUMMARY ***
Total pot $6 | Rake $0
Seat 2: Muhamed999 (big blind) folded before Flop
Seat 6: Actionni13 (button) (small blind) collected ($6)


PokerStars Hand #152403952314:  Hold'em Limit ($3/$6 USD) - 2016/04/24 19:41:16 ET
Table 'Briseis II' 6-max Seat #2 is the button
Seat 2: Muhamed999 ($34.70 in chips)
Seat 6: Actionni13 ($161.16 in chips)
Muhamed999: posts small blind $1
Actionni13: posts big blind $3
*** HOLE CARDS ***
Muhamed999: raises $3 to $6
Actionni13: raises $3 to $9
Muhamed999: calls $3
*** FLOP *** [Th 5c 8s]
Actionni13: bets $3
Muhamed999: calls $3
*** TURN *** [Th 5c 8s] [5h]
Actionni13: bets $6
Muhamed999: calls $6
*** RIVER *** [Th 5c 8s 5h] [7c]
Actionni13: checks
Muhamed999: checks
*** SHOW DOWN ***
Actionni13: shows [Js Qc] (a pair of Fives)
Muhamed999: shows [9h Ac] (a pair of Fives - Ace kicker)
Muhamed999 collected $35.50 from pot
*** SUMMARY ***
Total pot $36 | Rake $0.50
Board [Th 5c 8s 5h 7c]
Seat 2: Muhamed999 (button) (small blind) showed [9h Ac] and won ($35.50) with a pair of Fives
Seat 6: Actionni13 (big blind) showed [Js Qc] and lost with a pair of Fives


PokerStars Hand #152403967924:  Hold'em Limit ($3/$6 USD) - 2016/04/24 19:41:43 ET
Table 'Briseis II' 6-max Seat #6 is the button
Seat 2: Muhamed999 ($52.20 in chips)
Seat 6: Actionni13 ($150 in chips)
Actionni13: posts small blind $1
Muhamed999: posts big blind $3
*** HOLE CARDS ***
Actionni13: raises $3 to $6
Muhamed999: calls $3
*** FLOP *** [4d 2h Kd]
Muhamed999: checks
Actionni13: bets $3
Muhamed999: raises $3 to $6
Actionni13: calls $3
*** TURN *** [4d 2h Kd] [Ts]
Muhamed999: bets $6
Actionni13: folds
Uncalled bet ($6) returned to Muhamed999
Muhamed999 collected $23.52 from pot
Muhamed999: doesn't show hand
*** SUMMARY ***
Total pot $24 | Rake $0.48
Board [4d 2h Kd Ts]
Seat 2: Muhamed999 (big blind) collected ($23.52)
Seat 6: Actionni13 (button) (small blind) folded on the Turn


