PokerStars Hand #151253927004:  Hold'em Limit ($3/$6 USD) - 2016/04/01 3:23:05 ET
Table 'Briseis' 6-max Seat #5 is the button
Seat 4: VolkovDmitri ($123 in chips)
Seat 5: zepsweden ($119.64 in chips)
zepsweden: posts small blind $1
VolkovDmitri: posts big blind $3
*** HOLE CARDS ***
zepsweden: folds
Uncalled bet ($2) returned to VolkovDmitri
VolkovDmitri collected $2 from pot
VolkovDmitri: doesn't show hand
*** SUMMARY ***
Total pot $2 | Rake $0
Seat 4: VolkovDmitri (big blind) collected ($2)
Seat 5: zepsweden (button) (small blind) folded before Flop


PokerStars Hand #151253924377:  Hold'em Limit ($3/$6 USD) - 2016/04/01 3:22:57 ET
Table 'Briseis' 6-max Seat #4 is the button
Seat 4: VolkovDmitri ($124 in chips)
Seat 5: zepsweden ($118.64 in chips)
VolkovDmitri: posts small blind $1
zepsweden: posts big blind $3
*** HOLE CARDS ***
VolkovDmitri: folds
Uncalled bet ($2) returned to zepsweden
zepsweden collected $2 from pot
zepsweden: doesn't show hand
*** SUMMARY ***
Total pot $2 | Rake $0
Seat 4: VolkovDmitri (button) (small blind) folded before Flop
Seat 5: zepsweden (big blind) collected ($2)


PokerStars Hand #151253922754:  Hold'em Limit ($3/$6 USD) - 2016/04/01 3:22:52 ET
Table 'Briseis' 6-max Seat #5 is the button
Seat 4: VolkovDmitri ($123 in chips)
Seat 5: zepsweden ($119.64 in chips)
zepsweden: posts small blind $1
VolkovDmitri: posts big blind $3
*** HOLE CARDS ***
zepsweden: folds
Uncalled bet ($2) returned to VolkovDmitri
VolkovDmitri collected $2 from pot
VolkovDmitri: doesn't show hand
*** SUMMARY ***
Total pot $2 | Rake $0
Seat 4: VolkovDmitri (big blind) collected ($2)
Seat 5: zepsweden (button) (small blind) folded before Flop


PokerStars Hand #151253920500:  Hold'em Limit ($3/$6 USD) - 2016/04/01 3:22:44 ET
Table 'Briseis' 6-max Seat #4 is the button
Seat 4: VolkovDmitri ($120 in chips)
Seat 5: zepsweden ($122.64 in chips)
VolkovDmitri: posts small blind $1
zepsweden: posts big blind $3
*** HOLE CARDS ***
VolkovDmitri: raises $3 to $6
zepsweden: folds
Uncalled bet ($3) returned to VolkovDmitri
VolkovDmitri collected $6 from pot
VolkovDmitri: doesn't show hand
*** SUMMARY ***
Total pot $6 | Rake $0
Seat 4: VolkovDmitri (button) (small blind) collected ($6)
Seat 5: zepsweden (big blind) folded before Flop


PokerStars Hand #151253903241:  Hold'em Limit ($3/$6 USD) - 2016/04/01 3:21:49 ET
Table 'Briseis' 6-max Seat #5 is the button
Seat 4: VolkovDmitri ($125.76 in chips)
Seat 5: zepsweden ($114 in chips)
zepsweden: posts small blind $1
VolkovDmitri: posts big blind $3
*** HOLE CARDS ***
zepsweden: calls $2
VolkovDmitri: raises $3 to $6
zepsweden: raises $3 to $9
VolkovDmitri: calls $3
*** FLOP *** [Qh 4d Ad]
VolkovDmitri: checks
zepsweden: bets $3
VolkovDmitri: folds
Uncalled bet ($3) returned to zepsweden
zepsweden collected $17.64 from pot
zepsweden: doesn't show hand
*** SUMMARY ***
Total pot $18 | Rake $0.36
Board [Qh 4d Ad]
Seat 4: VolkovDmitri (big blind) folded on the Flop
Seat 5: zepsweden (button) (small blind) collected ($17.64)


PokerStars Hand #151253928535:  Hold'em Limit ($3/$6 USD) - 2016/04/01 3:23:11 ET
Table 'Briseis' 6-max Seat #4 is the button
Seat 4: VolkovDmitri ($124 in chips)
Seat 5: zepsweden ($118.64 in chips)
VolkovDmitri: posts small blind $1
zepsweden: posts big blind $3
*** HOLE CARDS ***
VolkovDmitri: raises $3 to $6
zepsweden: calls $3
*** FLOP *** [Jd 9h 2d]
zepsweden: checks
VolkovDmitri: bets $3
zepsweden: folds
Uncalled bet ($3) returned to VolkovDmitri
VolkovDmitri collected $11.76 from pot
VolkovDmitri: doesn't show hand
*** SUMMARY ***
Total pot $12 | Rake $0.24
Board [Jd 9h 2d]
Seat 4: VolkovDmitri (button) (small blind) collected ($11.76)
Seat 5: zepsweden (big blind) folded on the Flop


PokerStars Hand #151253938582:  Hold'em Limit ($3/$6 USD) - 2016/04/01 3:23:43 ET
Table 'Briseis' 6-max Seat #5 is the button
Seat 4: VolkovDmitri ($129.76 in chips)
Seat 5: zepsweden ($112.64 in chips)
zepsweden: posts small blind $1
VolkovDmitri: posts big blind $3
*** HOLE CARDS ***
zepsweden: raises $3 to $6
VolkovDmitri: calls $3
*** FLOP *** [6d Qh Kh]
VolkovDmitri: bets $3
zepsweden: raises $3 to $6
VolkovDmitri: calls $3
*** TURN *** [6d Qh Kh] [6s]
VolkovDmitri: checks
zepsweden: bets $6
VolkovDmitri: calls $6
*** RIVER *** [6d Qh Kh 6s] [Kc]
VolkovDmitri: checks
zepsweden: bets $6
VolkovDmitri: folds
Uncalled bet ($6) returned to zepsweden
zepsweden collected $35.50 from pot
zepsweden: doesn't show hand
*** SUMMARY ***
Total pot $36 | Rake $0.50
Board [6d Qh Kh 6s Kc]
Seat 4: VolkovDmitri (big blind) folded on the River
Seat 5: zepsweden (button) (small blind) collected ($35.50)


PokerStars Hand #151253961715:  Hold'em Limit ($3/$6 USD) - 2016/04/01 3:24:58 ET
Table 'Briseis' 6-max Seat #4 is the button
Seat 4: VolkovDmitri ($120 in chips)
Seat 5: zepsweden ($130.14 in chips)
VolkovDmitri: posts small blind $1
zepsweden: posts big blind $3
*** HOLE CARDS ***
VolkovDmitri: raises $3 to $6
zepsweden: raises $3 to $9
VolkovDmitri: calls $3
*** FLOP *** [5s 7d Jh]
zepsweden: bets $3
VolkovDmitri: calls $3
*** TURN *** [5s 7d Jh] [Ac]
zepsweden: bets $6
VolkovDmitri: calls $6
*** RIVER *** [5s 7d Jh Ac] [7s]
derdex joins the table at seat #6
zepsweden: bets $6
VolkovDmitri: folds
Uncalled bet ($6) returned to zepsweden
zepsweden collected $35.50 from pot
zepsweden: doesn't show hand
*** SUMMARY ***
Total pot $36 | Rake $0.50
Board [5s 7d Jh Ac 7s]
Seat 4: VolkovDmitri (button) (small blind) folded on the River
Seat 5: zepsweden (big blind) collected ($35.50)


PokerStars Hand #151254994623:  Hold'em Limit ($3/$6 USD) - 2016/04/01 4:17:37 ET
Table 'Briseis' 6-max Seat #6 is the button
Seat 5: zepsweden ($377.32 in chips)
Seat 6: derdex ($165.60 in chips)
derdex: posts small blind $1
RockKillerTY: is sitting out
zepsweden: posts big blind $3
*** HOLE CARDS ***
derdex: folds
Uncalled bet ($2) returned to zepsweden
zepsweden collected $2 from pot
zepsweden: doesn't show hand
derdex leaves the table
*** SUMMARY ***
Total pot $2 | Rake $0
Seat 5: zepsweden (big blind) collected ($2)
Seat 6: derdex (button) (small blind) folded before Flop


