PokerStars Hand #162764236421:  Hold'em Limit ($3/$6 USD) - 2016/12/11 7:57:58 ET
Table 'Briseis II' 6-max Seat #5 is the button
Seat 4: ToDaFelt ($162.42 in chips)
Seat 5: SilaSoNi ($78.81 in chips)
SilaSoNi: posts small blind $1
ABATAPP: is sitting out
ToDaFelt: posts big blind $3
*** HOLE CARDS ***
SilaSoNi: raises $3 to $6
ToDaFelt: calls $3
*** FLOP *** [Qs 9s 7h]
ToDaFelt: checks
SilaSoNi: bets $3
ToDaFelt: folds
Uncalled bet ($3) returned to SilaSoNi
SilaSoNi collected $11.76 from pot
SilaSoNi: doesn't show hand
*** SUMMARY ***
Total pot $12 | Rake $0.24
Board [Qs 9s 7h]
Seat 4: ToDaFelt (big blind) folded on the Flop
Seat 5: SilaSoNi (button) (small blind) collected ($11.76)


PokerStars Hand #162764245282:  Hold'em Limit ($3/$6 USD) - 2016/12/11 7:58:14 ET
Table 'Briseis II' 6-max Seat #4 is the button
Seat 4: ToDaFelt ($156.42 in chips)
Seat 5: SilaSoNi ($84.57 in chips)
ToDaFelt: posts small blind $1
SilaSoNi: posts big blind $3
*** HOLE CARDS ***
ToDaFelt: raises $3 to $6
SilaSoNi: raises $3 to $9
ToDaFelt: calls $3
*** FLOP *** [3d Qh 7h]
SilaSoNi: bets $3
ToDaFelt: calls $3
*** TURN *** [3d Qh 7h] [7d]
SilaSoNi: bets $6
ToDaFelt: calls $6
*** RIVER *** [3d Qh 7h 7d] [8h]
SilaSoNi: bets $6
ToDaFelt: raises $6 to $12
SilaSoNi: calls $6
*** SHOW DOWN ***
ToDaFelt: shows [Jh Kh] (a flush, King high)
SilaSoNi: mucks hand
ToDaFelt collected $59.50 from pot
*** SUMMARY ***
Total pot $60 | Rake $0.50
Board [3d Qh 7h 7d 8h]
Seat 4: ToDaFelt (button) (small blind) showed [Jh Kh] and won ($59.50) with a flush, King high
Seat 5: SilaSoNi (big blind) mucked


PokerStars Hand #162764263847:  Hold'em Limit ($3/$6 USD) - 2016/12/11 7:58:48 ET
Table 'Briseis II' 6-max Seat #4 is the button
Seat 4: ToDaFelt ($186.92 in chips)
Seat 5: SilaSoNi ($53.57 in chips)
ToDaFelt: posts small blind $1
SilaSoNi: posts big blind $3
*** HOLE CARDS ***
ToDaFelt: raises $3 to $6
SilaSoNi: calls $3
*** FLOP *** [2s 7c 4h]
SilaSoNi: checks
ToDaFelt: bets $3
SilaSoNi: raises $3 to $6
ToDaFelt: calls $3
*** TURN *** [2s 7c 4h] [3c]
SilaSoNi: bets $6
ToDaFelt: raises $6 to $12
TbIP-TbIP 88 joins the table at seat #1
SilaSoNi: calls $6
*** RIVER *** [2s 7c 4h 3c] [Qh]
SilaSoNi: checks
ToDaFelt: bets $6
SilaSoNi: calls $6
*** SHOW DOWN ***
ToDaFelt: shows [8c 5h] (high card Queen)
SilaSoNi: shows [3h Ah] (a pair of Threes)
SilaSoNi collected $59.50 from pot
*** SUMMARY ***
Total pot $60 | Rake $0.50
Board [2s 7c 4h 3c Qh]
Seat 4: ToDaFelt (button) (small blind) showed [8c 5h] and lost with high card Queen
Seat 5: SilaSoNi (big blind) showed [3h Ah] and won ($59.50) with a pair of Threes


PokerStars Hand #162764261122:  Hold'em Limit ($3/$6 USD) - 2016/12/11 7:58:43 ET
Table 'Briseis II' 6-max Seat #5 is the button
Seat 4: ToDaFelt ($185.92 in chips)
Seat 5: SilaSoNi ($54.57 in chips)
SilaSoNi: posts small blind $1
ToDaFelt: posts big blind $3
*** HOLE CARDS ***
SilaSoNi: folds
Uncalled bet ($2) returned to ToDaFelt
ToDaFelt collected $2 from pot
ToDaFelt: doesn't show hand
*** SUMMARY ***
Total pot $2 | Rake $0
Seat 4: ToDaFelt (big blind) collected ($2)
Seat 5: SilaSoNi (button) (small blind) folded before Flop


PokerStars Hand #162764376864:  Hold'em Limit ($3/$6 USD) - 2016/12/11 8:02:00 ET
Table 'Briseis II' 6-max Seat #5 is the button
Seat 4: ToDaFelt ($122.66 in chips)
Seat 5: SilaSoNi ($49.60 in chips)
SilaSoNi: posts small blind $1
TbIP-TbIP 88: is sitting out
ToDaFelt: posts big blind $3
*** HOLE CARDS ***
SilaSoNi: raises $3 to $6
ToDaFelt: raises $3 to $9
SilaSoNi: raises $3 to $12
Betting is capped
ToDaFelt: calls $3
*** FLOP *** [Ks Kc Ts]
ToDaFelt: checks
SilaSoNi: checks
*** TURN *** [Ks Kc Ts] [8h]
ToDaFelt: checks
SilaSoNi: checks
*** RIVER *** [Ks Kc Ts 8h] [5d]
humlefar was removed from the table for failing to post
ToDaFelt: checks
SilaSoNi: bets $6
funjetje joins the table at seat #3
ToDaFelt: folds
Uncalled bet ($6) returned to SilaSoNi
SilaSoNi collected $23.52 from pot
SilaSoNi: doesn't show hand
*** SUMMARY ***
Total pot $24 | Rake $0.48
Board [Ks Kc Ts 8h 5d]
Seat 4: ToDaFelt (big blind) folded on the River
Seat 5: SilaSoNi (button) (small blind) collected ($23.52)


PokerStars Hand #162764395428:  Hold'em Limit ($3/$6 USD) - 2016/12/11 8:02:29 ET
Table 'Briseis II' 6-max Seat #4 is the button
Seat 4: ToDaFelt ($110.66 in chips)
Seat 5: SilaSoNi ($61.12 in chips)
ToDaFelt: posts small blind $1
SilaSoNi: posts big blind $3
feilinho joins the table at seat #6
*** HOLE CARDS ***
ToDaFelt: raises $3 to $6
SilaSoNi: raises $3 to $9
ToDaFelt: calls $3
*** FLOP *** [9s Kh Ts]
SilaSoNi: bets $3
ToDaFelt: folds
Uncalled bet ($3) returned to SilaSoNi
TbIP-TbIP 88 leaves the table
SilaSoNi collected $17.64 from pot
SilaSoNi: doesn't show hand
*** SUMMARY ***
Total pot $18 | Rake $0.36
Board [9s Kh Ts]
Seat 4: ToDaFelt (button) (small blind) folded on the Flop
Seat 5: SilaSoNi (big blind) collected ($17.64)


