PokerStars Hand #147772696983:  Hold'em Limit ($3/$6 USD) - 2016/01/27 12:49:10 ET
Table 'Brita II' 6-max Seat #4 is the button
Seat 2: iceman141 ($73.16 in chips)
Seat 4: AzureCaper ($72 in chips)
AzureCaper: posts small blind $1
iceman141: posts big blind $3
*** HOLE CARDS ***
AzureCaper: raises $3 to $6
iceman141: calls $3
*** FLOP *** [3h 3c Qd]
iceman141: checks
AzureCaper: bets $3
iceman141: folds
Uncalled bet ($3) returned to AzureCaper
AzureCaper collected $11.76 from pot
AzureCaper: doesn't show hand
*** SUMMARY ***
Total pot $12 | Rake $0.24
Board [3h 3c Qd]
Seat 2: iceman141 (big blind) folded on the Flop
Seat 4: AzureCaper (button) (small blind) collected ($11.76)


PokerStars Hand #147772686444:  Hold'em Limit ($3/$6 USD) - 2016/01/27 12:49:00 ET
Table 'Brita II' 6-max Seat #2 is the button
Seat 2: iceman141 ($67.40 in chips)
Seat 4: AzureCaper ($72 in chips)
iceman141: posts small blind $1
AzureCaper: posts big blind $3
*** HOLE CARDS ***
iceman141: raises $3 to $6
AzureCaper: calls $3
*** FLOP *** [Ad Qd 7c]
AzureCaper: checks
iceman141: bets $3
AzureCaper: folds
Uncalled bet ($3) returned to iceman141
iceman141 collected $11.76 from pot
iceman141: doesn't show hand
*** SUMMARY ***
Total pot $12 | Rake $0.24
Board [Ad Qd 7c]
Seat 2: iceman141 (button) (small blind) collected ($11.76)
Seat 4: AzureCaper (big blind) folded on the Flop


PokerStars Hand #147772663994:  Hold'em Limit ($3/$6 USD) - 2016/01/27 12:48:37 ET
Table 'Brita II' 6-max Seat #4 is the button
Seat 2: iceman141 ($58.76 in chips)
Seat 4: AzureCaper ($73 in chips)
AzureCaper: posts small blind $1
iceman141: posts big blind $3
*** HOLE CARDS ***
AzureCaper: raises $3 to $6
iceman141: calls $3
*** FLOP *** [Js 8s 6d]
iceman141: checks
AzureCaper: bets $3
iceman141: calls $3
*** TURN *** [Js 8s 6d] [4d]
iceman141: checks
AzureCaper: checks
*** RIVER *** [Js 8s 6d 4d] [5c]
iceman141: bets $6
AzureCaper: folds
Uncalled bet ($6) returned to iceman141
iceman141 collected $17.64 from pot
iceman141: doesn't show hand
*** SUMMARY ***
Total pot $18 | Rake $0.36
Board [Js 8s 6d 4d 5c]
Seat 2: iceman141 (big blind) collected ($17.64)
Seat 4: AzureCaper (button) (small blind) folded on the River


PokerStars Hand #147772744347:  Hold'em Limit ($3/$6 USD) - 2016/01/27 12:49:57 ET
Table 'Brita II' 6-max Seat #4 is the button
Seat 2: iceman141 ($81.80 in chips)
Seat 4: AzureCaper ($72 in chips)
AzureCaper: posts small blind $1
iceman141: posts big blind $3
*** HOLE CARDS ***
AzureCaper: raises $3 to $6
iceman141: folds
Uncalled bet ($3) returned to AzureCaper
AzureCaper collected $6 from pot
AzureCaper: doesn't show hand
*** SUMMARY ***
Total pot $6 | Rake $0
Seat 2: iceman141 (big blind) folded before Flop
Seat 4: AzureCaper (button) (small blind) collected ($6)


PokerStars Hand #147772738365:  Hold'em Limit ($3/$6 USD) - 2016/01/27 12:49:51 ET
Table 'Brita II' 6-max Seat #2 is the button
Seat 2: iceman141 ($78.80 in chips)
Seat 4: AzureCaper ($72 in chips)
iceman141: posts small blind $1
AzureCaper: posts big blind $3
*** HOLE CARDS ***
iceman141: raises $3 to $6
AzureCaper: folds
Uncalled bet ($3) returned to iceman141
iceman141 collected $6 from pot
iceman141: doesn't show hand
*** SUMMARY ***
Total pot $6 | Rake $0
Seat 2: iceman141 (button) (small blind) collected ($6)
Seat 4: AzureCaper (big blind) folded before Flop


PokerStars Hand #147772723688:  Hold'em Limit ($3/$6 USD) - 2016/01/27 12:49:37 ET
Table 'Brita II' 6-max Seat #4 is the button
Seat 2: iceman141 ($70.16 in chips)
Seat 4: AzureCaper ($74.76 in chips)
AzureCaper: posts small blind $1
iceman141: posts big blind $3
*** HOLE CARDS ***
AzureCaper: raises $3 to $6
iceman141: calls $3
*** FLOP *** [Jd 4d 6s]
iceman141: bets $3
AzureCaper: calls $3
*** TURN *** [Jd 4d 6s] [5h]
iceman141: bets $6
AzureCaper: folds
Uncalled bet ($6) returned to iceman141
iceman141 collected $17.64 from pot
iceman141: doesn't show hand
*** SUMMARY ***
Total pot $18 | Rake $0.36
Board [Jd 4d 6s 5h]
Seat 2: iceman141 (big blind) collected ($17.64)
Seat 4: AzureCaper (button) (small blind) folded on the Turn


PokerStars Hand #147772706459:  Hold'em Limit ($3/$6 USD) - 2016/01/27 12:49:19 ET
Table 'Brita II' 6-max Seat #2 is the button
Seat 2: iceman141 ($67.16 in chips)
Seat 4: AzureCaper ($77.76 in chips)
iceman141: posts small blind $1
AzureCaper: posts big blind $3
*** HOLE CARDS ***
iceman141: raises $3 to $6
AzureCaper: folds
Uncalled bet ($3) returned to iceman141
iceman141 collected $6 from pot
iceman141: doesn't show hand
*** SUMMARY ***
Total pot $6 | Rake $0
Seat 2: iceman141 (button) (small blind) collected ($6)
Seat 4: AzureCaper (big blind) folded before Flop


