PokerStars Hand #151931881886:  Hold'em Limit ($3/$6 USD) - 2016/04/14 22:15:02 ET
Table 'Brita' 6-max Seat #3 is the button
Seat 3: Mackeral ($50 in chips)
Seat 4: AzureCaper ($72 in chips)
Mackeral: posts small blind $1
AzureCaper: posts big blind $3
*** HOLE CARDS ***
Mackeral: folds
Uncalled bet ($2) returned to AzureCaper
AzureCaper collected $2 from pot
AzureCaper: doesn't show hand
*** SUMMARY ***
Total pot $2 | Rake $0
Seat 3: Mackeral (button) (small blind) folded before Flop
Seat 4: AzureCaper (big blind) collected ($2)


PokerStars Hand #151931899718:  Hold'em Limit ($3/$6 USD) - 2016/04/14 22:15:53 ET
Table 'Brita' 6-max Seat #3 is the button
Seat 3: Mackeral ($42.52 in chips)
Seat 4: AzureCaper ($92.50 in chips)
Mackeral: posts small blind $1
AzureCaper: posts big blind $3
*** HOLE CARDS ***
Mackeral: folds
Uncalled bet ($2) returned to AzureCaper
AzureCaper collected $2 from pot
AzureCaper: doesn't show hand
*** SUMMARY ***
Total pot $2 | Rake $0
Seat 3: Mackeral (button) (small blind) folded before Flop
Seat 4: AzureCaper (big blind) collected ($2)


PokerStars Hand #151931892393:  Hold'em Limit ($3/$6 USD) - 2016/04/14 22:15:32 ET
Table 'Brita' 6-max Seat #4 is the button
Seat 3: Mackeral ($63.52 in chips)
Seat 4: AzureCaper ($72 in chips)
AzureCaper: posts small blind $1
Mackeral: posts big blind $3
*** HOLE CARDS ***
AzureCaper: raises $3 to $6
Mackeral: calls $3
*** FLOP *** [8s Kd 3c]
Mackeral: checks
AzureCaper: bets $3
Mackeral: calls $3
*** TURN *** [8s Kd 3c] [4d]
Mackeral: checks
AzureCaper: bets $6
Mackeral: calls $6
*** RIVER *** [8s Kd 3c 4d] [2d]
Mackeral: checks
AzureCaper: bets $6
Mackeral: calls $6
*** SHOW DOWN ***
AzureCaper: shows [Ks Qs] (a pair of Kings)
Mackeral: mucks hand
AzureCaper collected $41.50 from pot
*** SUMMARY ***
Total pot $42 | Rake $0.50
Board [8s Kd 3c 4d 2d]
Seat 3: Mackeral (big blind) mucked
Seat 4: AzureCaper (button) (small blind) showed [Ks Qs] and won ($41.50) with a pair of Kings


PokerStars Hand #151931889542:  Hold'em Limit ($3/$6 USD) - 2016/04/14 22:15:23 ET
Table 'Brita' 6-max Seat #3 is the button
Seat 3: Mackeral ($60.52 in chips)
Seat 4: AzureCaper ($72 in chips)
Mackeral: posts small blind $1
AzureCaper: posts big blind $3
*** HOLE CARDS ***
Mackeral: raises $3 to $6
AzureCaper: folds
Uncalled bet ($3) returned to Mackeral
Mackeral collected $6 from pot
Mackeral: doesn't show hand
*** SUMMARY ***
Total pot $6 | Rake $0
Seat 3: Mackeral (button) (small blind) collected ($6)
Seat 4: AzureCaper (big blind) folded before Flop


PokerStars Hand #151931884687:  Hold'em Limit ($3/$6 USD) - 2016/04/14 22:15:10 ET
Table 'Brita' 6-max Seat #4 is the button
Seat 3: Mackeral ($49 in chips)
Seat 4: AzureCaper ($73 in chips)
AzureCaper: posts small blind $1
Mackeral: posts big blind $3
*** HOLE CARDS ***
AzureCaper: raises $3 to $6
Mackeral: raises $3 to $9
AzureCaper: calls $3
*** FLOP *** [Td Kh Jh]
Mackeral: bets $3
AzureCaper: calls $3
*** TURN *** [Td Kh Jh] [6s]
Mackeral: bets $6
AzureCaper: folds
Uncalled bet ($6) returned to Mackeral
Mackeral collected $23.52 from pot
Mackeral: doesn't show hand
*** SUMMARY ***
Total pot $24 | Rake $0.48
Board [Td Kh Jh 6s]
Seat 3: Mackeral (big blind) collected ($23.52)
Seat 4: AzureCaper (button) (small blind) folded on the Turn


PokerStars Hand #151931903435:  Hold'em Limit ($3/$6 USD) - 2016/04/14 22:16:03 ET
Table 'Brita' 6-max Seat #3 is the button
Seat 3: Mackeral ($42.52 in chips)
Seat 4: AzureCaper ($92.50 in chips)
Mackeral: posts small blind $1
AzureCaper: posts big blind $3
*** HOLE CARDS ***
Mackeral: raises $3 to $6
AzureCaper: calls $3
*** FLOP *** [8c 4c 6h]
AzureCaper: checks
Mackeral: bets $3
AzureCaper: raises $3 to $6
Mackeral: calls $3
*** TURN *** [8c 4c 6h] [Jc]
AzureCaper: bets $6
Mackeral: calls $6
*** RIVER *** [8c 4c 6h Jc] [Ah]
AzureCaper: bets $6
Mackeral: calls $6
*** SHOW DOWN ***
AzureCaper: shows [7c 5d] (a straight, Four to Eight)
Mackeral: mucks hand
AzureCaper collected $47.50 from pot
*** SUMMARY ***
Total pot $48 | Rake $0.50
Board [8c 4c 6h Jc Ah]
Seat 3: Mackeral (button) (small blind) mucked
Seat 4: AzureCaper (big blind) showed [7c 5d] and won ($47.50) with a straight, Four to Eight


PokerStars Hand #151931901598:  Hold'em Limit ($3/$6 USD) - 2016/04/14 22:15:58 ET
Table 'Brita' 6-max Seat #4 is the button
Seat 3: Mackeral ($41.52 in chips)
Seat 4: AzureCaper ($93.50 in chips)
AzureCaper: posts small blind $1
Mackeral: posts big blind $3
*** HOLE CARDS ***
AzureCaper: folds
Uncalled bet ($2) returned to Mackeral
Mackeral collected $2 from pot
Mackeral: doesn't show hand
*** SUMMARY ***
Total pot $2 | Rake $0
Seat 3: Mackeral (big blind) collected ($2)
Seat 4: AzureCaper (button) (small blind) folded before Flop


PokerStars Hand #151931911778:  Hold'em Limit ($3/$6 USD) - 2016/04/14 22:16:27 ET
Table 'Brita' 6-max Seat #3 is the button
Seat 3: Mackeral ($19.52 in chips)
Seat 4: AzureCaper ($115 in chips)
Mackeral: posts small blind $1
AzureCaper: posts big blind $3
*** HOLE CARDS ***
Mackeral: raises $3 to $6
AzureCaper: calls $3
*** FLOP *** [6c 2d Ah]
AzureCaper: checks
Mackeral: bets $3
AzureCaper: calls $3
*** TURN *** [6c 2d Ah] [9d]
AzureCaper: checks
Mackeral: bets $6
AzureCaper: calls $6
*** RIVER *** [6c 2d Ah 9d] [7d]
AzureCaper: checks
Mackeral: checks
*** SHOW DOWN ***
AzureCaper: shows [8s 6d] (a pair of Sixes)
Mackeral: mucks hand
AzureCaper collected $29.50 from pot
*** SUMMARY ***
Total pot $30 | Rake $0.50
Board [6c 2d Ah 9d 7d]
Seat 3: Mackeral (button) (small blind) mucked
Seat 4: AzureCaper (big blind) showed [8s 6d] and won ($29.50) with a pair of Sixes


PokerStars Hand #151931927642:  Hold'em Limit ($3/$6 USD) - 2016/04/14 22:17:12 ET
Table 'Brita' 6-max Seat #3 is the button
Seat 3: Mackeral ($68.98 in chips)
Seat 4: AzureCaper ($111.50 in chips)
Mackeral: posts small blind $1
AzureCaper: posts big blind $3
*** HOLE CARDS ***
Mackeral: raises $3 to $6
AzureCaper: folds
Uncalled bet ($3) returned to Mackeral
Mackeral collected $6 from pot
Mackeral: doesn't show hand
*** SUMMARY ***
Total pot $6 | Rake $0
Seat 3: Mackeral (button) (small blind) collected ($6)
Seat 4: AzureCaper (big blind) folded before Flop


PokerStars Hand #151931921290:  Hold'em Limit ($3/$6 USD) - 2016/04/14 22:16:54 ET
Table 'Brita' 6-max Seat #4 is the button
Seat 3: Mackeral ($51.48 in chips)
Seat 4: AzureCaper ($129.50 in chips)
AzureCaper: posts small blind $1
Mackeral: posts big blind $3
*** HOLE CARDS ***
AzureCaper: raises $3 to $6
Mackeral: calls $3
*** FLOP *** [Qc 9d 7c]
Mackeral: checks
AzureCaper: bets $3
Mackeral: raises $3 to $6
AzureCaper: calls $3
*** TURN *** [Qc 9d 7c] [4c]
Mackeral: bets $6
AzureCaper: calls $6
*** RIVER *** [Qc 9d 7c 4c] [Td]
Mackeral: bets $6
AzureCaper: folds
Uncalled bet ($6) returned to Mackeral
Mackeral collected $35.50 from pot
Mackeral: doesn't show hand
*** SUMMARY ***
Total pot $36 | Rake $0.50
Board [Qc 9d 7c 4c Td]
Seat 3: Mackeral (big blind) collected ($35.50)
Seat 4: AzureCaper (button) (small blind) folded on the River


PokerStars Hand #151931910137:  Hold'em Limit ($3/$6 USD) - 2016/04/14 22:16:22 ET
Table 'Brita' 6-max Seat #4 is the button
Seat 3: Mackeral ($18.52 in chips)
Seat 4: AzureCaper ($116 in chips)
AzureCaper: posts small blind $1
Mackeral: posts big blind $3
*** HOLE CARDS ***
AzureCaper: folds
Uncalled bet ($2) returned to Mackeral
Mackeral collected $2 from pot
Mackeral: doesn't show hand
*** SUMMARY ***
Total pot $2 | Rake $0
Seat 3: Mackeral (big blind) collected ($2)
Seat 4: AzureCaper (button) (small blind) folded before Flop


PokerStars Hand #151931935503:  Hold'em Limit ($3/$6 USD) - 2016/04/14 22:17:35 ET
Table 'Brita' 6-max Seat #3 is the button
Seat 3: Mackeral ($65.98 in chips)
Seat 4: AzureCaper ($114.26 in chips)
Mackeral: posts small blind $1
AzureCaper: posts big blind $3
*** HOLE CARDS ***
Mackeral: raises $3 to $6
AzureCaper: calls $3
*** FLOP *** [2c 2s 8c]
AzureCaper: checks
Mackeral: bets $3
AzureCaper: folds
Uncalled bet ($3) returned to Mackeral
Mackeral collected $11.76 from pot
Mackeral: doesn't show hand
*** SUMMARY ***
Total pot $12 | Rake $0.24
Board [2c 2s 8c]
Seat 3: Mackeral (button) (small blind) collected ($11.76)
Seat 4: AzureCaper (big blind) folded on the Flop


PokerStars Hand #151931930160:  Hold'em Limit ($3/$6 USD) - 2016/04/14 22:17:20 ET
Table 'Brita' 6-max Seat #4 is the button
Seat 3: Mackeral ($71.98 in chips)
Seat 4: AzureCaper ($108.50 in chips)
AzureCaper: posts small blind $1
Mackeral: posts big blind $3
*** HOLE CARDS ***
AzureCaper: raises $3 to $6
Mackeral: calls $3
*** FLOP *** [3h 5d Kd]
pierrette56 joins the table at seat #1
Mackeral: checks
AzureCaper: bets $3
Mackeral: folds
Uncalled bet ($3) returned to AzureCaper
AzureCaper collected $11.76 from pot
AzureCaper: doesn't show hand
Velbor107 joins the table at seat #2
*** SUMMARY ***
Total pot $12 | Rake $0.24
Board [3h 5d Kd]
Seat 3: Mackeral (big blind) folded on the Flop
Seat 4: AzureCaper (button) (small blind) collected ($11.76)


PokerStars Hand #151932219045:  Hold'em Limit ($3/$6 USD) - 2016/04/14 22:30:59 ET
Table 'Brita' 6-max Seat #3 is the button
Seat 3: Mackeral ($35.62 in chips)
Seat 4: AzureCaper ($133.86 in chips)
Mackeral: posts small blind $1
AzureCaper: posts big blind $3
*** HOLE CARDS ***
Mackeral: folds
Uncalled bet ($2) returned to AzureCaper
AzureCaper collected $2 from pot
AzureCaper: doesn't show hand
*** SUMMARY ***
Total pot $2 | Rake $0
Seat 3: Mackeral (button) (small blind) folded before Flop
Seat 4: AzureCaper (big blind) collected ($2)


PokerStars Hand #151932217539:  Hold'em Limit ($3/$6 USD) - 2016/04/14 22:30:55 ET
Table 'Brita' 6-max Seat #4 is the button
Seat 3: Mackeral ($34.62 in chips)
Seat 4: AzureCaper ($134.86 in chips)
AzureCaper: posts small blind $1
Mackeral: posts big blind $3
*** HOLE CARDS ***
AzureCaper: folds
Uncalled bet ($2) returned to Mackeral
Mackeral collected $2 from pot
Mackeral: doesn't show hand
*** SUMMARY ***
Total pot $2 | Rake $0
Seat 3: Mackeral (big blind) collected ($2)
Seat 4: AzureCaper (button) (small blind) folded before Flop


PokerStars Hand #151932212790:  Hold'em Limit ($3/$6 USD) - 2016/04/14 22:30:40 ET
Table 'Brita' 6-max Seat #3 is the button
Seat 3: Mackeral ($28.86 in chips)
Seat 4: AzureCaper ($140.86 in chips)
Mackeral: posts small blind $1
AzureCaper: posts big blind $3
*** HOLE CARDS ***
Mackeral: raises $3 to $6
AzureCaper: calls $3
*** FLOP *** [7h 2d Th]
AzureCaper: checks
Mackeral: checks
*** TURN *** [7h 2d Th] [As]
AzureCaper: checks
Mackeral: checks
*** RIVER *** [7h 2d Th As] [6s]
AzureCaper: checks
Mackeral: checks
*** SHOW DOWN ***
AzureCaper: shows [5d 8d] (high card Ace)
Mackeral: shows [9h Ks] (high card Ace - King kicker)
Mackeral collected $11.76 from pot
*** SUMMARY ***
Total pot $12 | Rake $0.24
Board [7h 2d Th As 6s]
Seat 3: Mackeral (button) (small blind) showed [9h Ks] and won ($11.76) with high card Ace
Seat 4: AzureCaper (big blind) showed [5d 8d] and lost with high card Ace


PokerStars Hand #151932222976:  Hold'em Limit ($3/$6 USD) - 2016/04/14 22:31:11 ET
Table 'Brita' 6-max Seat #3 is the button
Seat 3: Mackeral ($31.62 in chips)
Seat 4: AzureCaper ($137.86 in chips)
Mackeral: posts small blind $1
AzureCaper: posts big blind $3
*** HOLE CARDS ***
Mackeral: raises $3 to $6
AzureCaper: folds
Uncalled bet ($3) returned to Mackeral
Mackeral collected $6 from pot
Mackeral: doesn't show hand
*** SUMMARY ***
Total pot $6 | Rake $0
Seat 3: Mackeral (button) (small blind) collected ($6)
Seat 4: AzureCaper (big blind) folded before Flop


PokerStars Hand #151932211083:  Hold'em Limit ($3/$6 USD) - 2016/04/14 22:30:35 ET
Table 'Brita' 6-max Seat #4 is the button
Seat 3: Mackeral ($27.86 in chips)
Seat 4: AzureCaper ($141.86 in chips)
AzureCaper: posts small blind $1
Velbor107: is sitting out
Mackeral: posts big blind $3
*** HOLE CARDS ***
AzureCaper: folds
Uncalled bet ($2) returned to Mackeral
Mackeral collected $2 from pot
Mackeral: doesn't show hand
Velbor107 leaves the table
*** SUMMARY ***
Total pot $2 | Rake $0
Seat 3: Mackeral (big blind) collected ($2)
Seat 4: AzureCaper (button) (small blind) folded before Flop


PokerStars Hand #151932227827:  Hold'em Limit ($3/$6 USD) - 2016/04/14 22:31:26 ET
Table 'Brita' 6-max Seat #3 is the button
Seat 3: Mackeral ($88.12 in chips)
Seat 4: AzureCaper ($137.86 in chips)
Mackeral: posts small blind $1
AzureCaper: posts big blind $3
*** HOLE CARDS ***
LilTuanAnh joins the table at seat #2
Mackeral: raises $3 to $6
AzureCaper: raises $3 to $9
Mackeral: calls $3
*** FLOP *** [As 2h 9s]
AzureCaper: bets $3
Mackeral: calls $3
*** TURN *** [As 2h 9s] [Kd]
AzureCaper: bets $6
Mackeral: calls $6
*** RIVER *** [As 2h 9s Kd] [Jc]
AzureCaper: bets $6
Mackeral: folds
Uncalled bet ($6) returned to AzureCaper
AzureCaper collected $35.50 from pot
AzureCaper: doesn't show hand
*** SUMMARY ***
Total pot $36 | Rake $0.50
Board [As 2h 9s Kd Jc]
Seat 3: Mackeral (button) (small blind) folded on the River
Seat 4: AzureCaper (big blind) collected ($35.50)


PokerStars Hand #151932225794:  Hold'em Limit ($3/$6 USD) - 2016/04/14 22:31:20 ET
Table 'Brita' 6-max Seat #4 is the button
Seat 3: Mackeral ($91.12 in chips)
Seat 4: AzureCaper ($134.86 in chips)
AzureCaper: posts small blind $1
Mackeral: posts big blind $3
*** HOLE CARDS ***
AzureCaper: raises $3 to $6
Mackeral: folds
Uncalled bet ($3) returned to AzureCaper
AzureCaper collected $6 from pot
*** SUMMARY ***
Total pot $6 | Rake $0
Seat 3: Mackeral (big blind) folded before Flop
Seat 4: AzureCaper (button) (small blind) collected ($6)


PokerStars Hand #151934540984:  Hold'em Limit ($3/$6 USD) - 2016/04/15 0:47:09 ET
Table 'Brita' 6-max Seat #4 is the button
Seat 1: skaluah ($45.10 in chips)
Seat 4: AzureCaper ($80.64 in chips)
AzureCaper: posts small blind $1
skaluah: posts big blind $3
*** HOLE CARDS ***
AzureCaper: raises $3 to $6
skaluah: raises $3 to $9
AzureCaper: calls $3
*** FLOP *** [2c 5s 6h]
skaluah: bets $3
AzureCaper: calls $3
*** TURN *** [2c 5s 6h] [Kc]
skaluah: bets $6
AzureCaper: calls $6
*** RIVER *** [2c 5s 6h Kc] [3s]
skaluah: bets $6
AzureCaper: folds
Uncalled bet ($6) returned to skaluah
skaluah collected $35.50 from pot
*** SUMMARY ***
Total pot $36 | Rake $0.50
Board [2c 5s 6h Kc 3s]
Seat 1: skaluah (big blind) collected ($35.50)
Seat 4: AzureCaper (button) (small blind) folded on the River


PokerStars Hand #151934535390:  Hold'em Limit ($3/$6 USD) - 2016/04/15 0:46:47 ET
Table 'Brita' 6-max Seat #1 is the button
Seat 1: skaluah ($54.10 in chips)
Seat 4: AzureCaper ($72 in chips)
skaluah: posts small blind $1
AzureCaper: posts big blind $3
*** HOLE CARDS ***
skaluah: raises $3 to $6
AzureCaper: calls $3
*** FLOP *** [Ac Th 9c]
AzureCaper: checks
skaluah: bets $3
AzureCaper: calls $3
*** TURN *** [Ac Th 9c] [9s]
AzureCaper: checks
skaluah: checks
*** RIVER *** [Ac Th 9c 9s] [3h]
AzureCaper: checks
skaluah: checks
*** SHOW DOWN ***
AzureCaper: shows [Qs Kc] (a pair of Nines)
skaluah: mucks hand
AzureCaper collected $17.64 from pot
*** SUMMARY ***
Total pot $18 | Rake $0.36
Board [Ac Th 9c 9s 3h]
Seat 1: skaluah (button) (small blind) mucked
Seat 4: AzureCaper (big blind) showed [Qs Kc] and won ($17.64) with a pair of Nines


PokerStars Hand #151934530163:  Hold'em Limit ($3/$6 USD) - 2016/04/15 0:46:27 ET
Table 'Brita' 6-max Seat #4 is the button
Seat 1: skaluah ($39.60 in chips)
Seat 4: AzureCaper ($85.29 in chips)
AzureCaper: posts small blind $1
MissEKAmouse: is sitting out
skaluah: posts big blind $3
*** HOLE CARDS ***
AzureCaper: raises $3 to $6
skaluah: calls $3
*** FLOP *** [2s 5s 8c]
skaluah: checks
AzureCaper: bets $3
skaluah: calls $3
*** TURN *** [2s 5s 8c] [Kh]
skaluah: checks
AzureCaper: bets $6
skaluah: calls $6
*** RIVER *** [2s 5s 8c Kh] [3c]
skaluah: checks
AzureCaper: checks
*** SHOW DOWN ***
skaluah: shows [5h Qh] (a pair of Fives)
AzureCaper: mucks hand
skaluah collected $29.50 from pot
*** SUMMARY ***
Total pot $30 | Rake $0.50
Board [2s 5s 8c Kh 3c]
Seat 1: skaluah (big blind) showed [5h Qh] and won ($29.50) with a pair of Fives
Seat 4: AzureCaper (button) (small blind) mucked


PokerStars Hand #151934555465:  Hold'em Limit ($3/$6 USD) - 2016/04/15 0:48:05 ET
Table 'Brita' 6-max Seat #4 is the button
Seat 1: skaluah ($36.36 in chips)
Seat 4: AzureCaper ($97.50 in chips)
AzureCaper: posts small blind $1
skaluah: posts big blind $3
*** HOLE CARDS ***
AzureCaper: folds
Uncalled bet ($2) returned to skaluah
skaluah collected $2 from pot
*** SUMMARY ***
Total pot $2 | Rake $0
Seat 1: skaluah (big blind) collected ($2)
Seat 4: AzureCaper (button) (small blind) folded before Flop


PokerStars Hand #151934552601:  Hold'em Limit ($3/$6 USD) - 2016/04/15 0:47:54 ET
Table 'Brita' 6-max Seat #1 is the button
Seat 1: skaluah ($30.60 in chips)
Seat 4: AzureCaper ($103.50 in chips)
skaluah: posts small blind $1
AzureCaper: posts big blind $3
*** HOLE CARDS ***
skaluah: raises $3 to $6
AzureCaper: calls $3
*** FLOP *** [9h 3d 2h]
AzureCaper: checks
skaluah: bets $3
AzureCaper: folds
Uncalled bet ($3) returned to skaluah
skaluah collected $11.76 from pot
*** SUMMARY ***
Total pot $12 | Rake $0.24
Board [9h 3d 2h]
Seat 1: skaluah (button) (small blind) collected ($11.76)
Seat 4: AzureCaper (big blind) folded on the Flop


PokerStars Hand #151934556636:  Hold'em Limit ($3/$6 USD) - 2016/04/15 0:48:10 ET
Table 'Brita' 6-max Seat #1 is the button
Seat 1: skaluah ($37.36 in chips)
Seat 4: AzureCaper ($96.50 in chips)
skaluah: posts small blind $1
AzureCaper: posts big blind $3
*** HOLE CARDS ***
skaluah: raises $3 to $6
AzureCaper: calls $3
*** FLOP *** [7c 4c 7d]
AzureCaper: checks
skaluah: checks
*** TURN *** [7c 4c 7d] [6s]
AzureCaper: checks
skaluah: checks
*** RIVER *** [7c 4c 7d 6s] [2d]
AzureCaper: checks
skaluah: checks
*** SHOW DOWN ***
AzureCaper: shows [8c Td] (a pair of Sevens)
skaluah: shows [Kc 9h] (a pair of Sevens - King kicker)
skaluah collected $11.76 from pot
*** SUMMARY ***
Total pot $12 | Rake $0.24
Board [7c 4c 7d 6s 2d]
Seat 1: skaluah (button) (small blind) showed [Kc 9h] and won ($11.76) with a pair of Sevens
Seat 4: AzureCaper (big blind) showed [8c Td] and lost with a pair of Sevens


PokerStars Hand #151934560094:  Hold'em Limit ($3/$6 USD) - 2016/04/15 0:48:24 ET
Table 'Brita' 6-max Seat #4 is the button
Seat 1: skaluah ($43.12 in chips)
Seat 4: AzureCaper ($90.50 in chips)
AzureCaper: posts small blind $1
skaluah: posts big blind $3
*** HOLE CARDS ***
AzureCaper: folds
Uncalled bet ($2) returned to skaluah
skaluah collected $2 from pot
*** SUMMARY ***
Total pot $2 | Rake $0
Seat 1: skaluah (big blind) collected ($2)
Seat 4: AzureCaper (button) (small blind) folded before Flop


PokerStars Hand #151934551499:  Hold'em Limit ($3/$6 USD) - 2016/04/15 0:47:50 ET
Table 'Brita' 6-max Seat #4 is the button
Seat 1: skaluah ($29.60 in chips)
Seat 4: AzureCaper ($104.50 in chips)
AzureCaper: posts small blind $1
skaluah: posts big blind $3
*** HOLE CARDS ***
AzureCaper: folds
Uncalled bet ($2) returned to skaluah
skaluah collected $2 from pot
*** SUMMARY ***
Total pot $2 | Rake $0
Seat 1: skaluah (big blind) collected ($2)
Seat 4: AzureCaper (button) (small blind) folded before Flop


PokerStars Hand #151934546863:  Hold'em Limit ($3/$6 USD) - 2016/04/15 0:47:32 ET
Table 'Brita' 6-max Seat #1 is the button
Seat 1: skaluah ($62.60 in chips)
Seat 4: AzureCaper ($72 in chips)
skaluah: posts small blind $1
AzureCaper: posts big blind $3
*** HOLE CARDS ***
skaluah: raises $3 to $6
AzureCaper: raises $3 to $9
skaluah: raises $3 to $12
Betting is capped
AzureCaper: calls $3
*** FLOP *** [As Kd 6h]
AzureCaper: checks
skaluah: bets $3
AzureCaper: raises $3 to $6
skaluah: raises $3 to $9
AzureCaper: calls $3
*** TURN *** [As Kd 6h] [8c]
AzureCaper: checks
skaluah: bets $6
AzureCaper: calls $6
*** RIVER *** [As Kd 6h 8c] [4s]
AzureCaper: checks
skaluah: bets $6
AzureCaper: calls $6
*** SHOW DOWN ***
skaluah: shows [Ac Tc] (a pair of Aces)
AzureCaper: shows [Ah Jd] (a pair of Aces - King+Jack kicker)
AzureCaper collected $65.50 from pot
*** SUMMARY ***
Total pot $66 | Rake $0.50
Board [As Kd 6h 8c 4s]
Seat 1: skaluah (button) (small blind) showed [Ac Tc] and lost with a pair of Aces
Seat 4: AzureCaper (big blind) showed [Ah Jd] and won ($65.50) with a pair of Aces


PokerStars Hand #151934569418:  Hold'em Limit ($3/$6 USD) - 2016/04/15 0:49:00 ET
Table 'Brita' 6-max Seat #4 is the button
Seat 1: skaluah ($55.52 in chips)
Seat 4: AzureCaper ($77.38 in chips)
AzureCaper: posts small blind $1
skaluah: posts big blind $3
*** HOLE CARDS ***
AzureCaper: folds
Uncalled bet ($2) returned to skaluah
skaluah collected $2 from pot
*** SUMMARY ***
Total pot $2 | Rake $0
Seat 1: skaluah (big blind) collected ($2)
Seat 4: AzureCaper (button) (small blind) folded before Flop


PokerStars Hand #151934566444:  Hold'em Limit ($3/$6 USD) - 2016/04/15 0:48:49 ET
Table 'Brita' 6-max Seat #1 is the button
Seat 1: skaluah ($49.76 in chips)
Seat 4: AzureCaper ($83.38 in chips)
skaluah: posts small blind $1
AzureCaper: posts big blind $3
*** HOLE CARDS ***
skaluah: raises $3 to $6
AzureCaper: calls $3
*** FLOP *** [3s Td Ah]
AzureCaper: checks
skaluah: bets $3
AzureCaper: folds
Uncalled bet ($3) returned to skaluah
skaluah collected $11.76 from pot
*** SUMMARY ***
Total pot $12 | Rake $0.24
Board [3s Td Ah]
Seat 1: skaluah (button) (small blind) collected ($11.76)
Seat 4: AzureCaper (big blind) folded on the Flop


PokerStars Hand #151934563917:  Hold'em Limit ($3/$6 USD) - 2016/04/15 0:48:38 ET
Table 'Brita' 6-max Seat #4 is the button
Seat 1: skaluah ($41.12 in chips)
Seat 4: AzureCaper ($92.38 in chips)
AzureCaper: posts small blind $1
skaluah: posts big blind $3
*** HOLE CARDS ***
AzureCaper: raises $3 to $6
skaluah: raises $3 to $9
AzureCaper: calls $3
*** FLOP *** [Qh Ac 6h]
skaluah: bets $3
AzureCaper: folds
Uncalled bet ($3) returned to skaluah
skaluah collected $17.64 from pot
*** SUMMARY ***
Total pot $18 | Rake $0.36
Board [Qh Ac 6h]
Seat 1: skaluah (big blind) collected ($17.64)
Seat 4: AzureCaper (button) (small blind) folded on the Flop


PokerStars Hand #151934573907:  Hold'em Limit ($3/$6 USD) - 2016/04/15 0:49:18 ET
Table 'Brita' 6-max Seat #1 is the button
Seat 1: skaluah ($60.52 in chips)
Seat 4: AzureCaper ($72.38 in chips)
skaluah: posts small blind $1
AzureCaper: posts big blind $3
*** HOLE CARDS ***
skaluah: raises $3 to $6
AzureCaper: calls $3
*** FLOP *** [Ts 7h 7c]
AzureCaper: checks
skaluah: checks
*** TURN *** [Ts 7h 7c] [Kh]
AzureCaper: bets $6
skaluah: folds
Uncalled bet ($6) returned to AzureCaper
AzureCaper collected $11.76 from pot
AzureCaper: doesn't show hand
*** SUMMARY ***
Total pot $12 | Rake $0.24
Board [Ts 7h 7c Kh]
Seat 1: skaluah (button) (small blind) folded on the Turn
Seat 4: AzureCaper (big blind) collected ($11.76)


PokerStars Hand #151934572507:  Hold'em Limit ($3/$6 USD) - 2016/04/15 0:49:12 ET
Table 'Brita' 6-max Seat #4 is the button
Seat 1: skaluah ($59.52 in chips)
Seat 4: AzureCaper ($73.38 in chips)
AzureCaper: posts small blind $1
skaluah: posts big blind $3
*** HOLE CARDS ***
AzureCaper: folds
Uncalled bet ($2) returned to skaluah
skaluah collected $2 from pot
*** SUMMARY ***
Total pot $2 | Rake $0
Seat 1: skaluah (big blind) collected ($2)
Seat 4: AzureCaper (button) (small blind) folded before Flop


PokerStars Hand #151934570819:  Hold'em Limit ($3/$6 USD) - 2016/04/15 0:49:05 ET
Table 'Brita' 6-max Seat #1 is the button
Seat 1: skaluah ($56.52 in chips)
Seat 4: AzureCaper ($76.38 in chips)
skaluah: posts small blind $1
AzureCaper: posts big blind $3
*** HOLE CARDS ***
skaluah: raises $3 to $6
AzureCaper: folds
Uncalled bet ($3) returned to skaluah
skaluah collected $6 from pot
*** SUMMARY ***
Total pot $6 | Rake $0
Seat 1: skaluah (button) (small blind) collected ($6)
Seat 4: AzureCaper (big blind) folded before Flop


PokerStars Hand #151934561289:  Hold'em Limit ($3/$6 USD) - 2016/04/15 0:48:29 ET
Table 'Brita' 6-max Seat #1 is the button
Seat 1: skaluah ($44.12 in chips)
Seat 4: AzureCaper ($89.50 in chips)
skaluah: posts small blind $1
AzureCaper: posts big blind $3
*** HOLE CARDS ***
skaluah: calls $2
AzureCaper: checks
*** FLOP *** [Kh 5h 3d]
AzureCaper: bets $3
skaluah: folds
Uncalled bet ($3) returned to AzureCaper
AzureCaper collected $5.88 from pot
AzureCaper: doesn't show hand
*** SUMMARY ***
Total pot $6 | Rake $0.12
Board [Kh 5h 3d]
Seat 1: skaluah (button) (small blind) folded on the Flop
Seat 4: AzureCaper (big blind) collected ($5.88)


PokerStars Hand #151934577971:  Hold'em Limit ($3/$6 USD) - 2016/04/15 0:49:34 ET
Table 'Brita' 6-max Seat #4 is the button
Seat 1: skaluah ($54.52 in chips)
Seat 4: AzureCaper ($78.14 in chips)
AzureCaper: posts small blind $1
skaluah: posts big blind $3
*** HOLE CARDS ***
AzureCaper: raises $3 to $6
skaluah: calls $3
*** FLOP *** [7d 9s 8c]
skaluah: checks
AzureCaper: bets $3
skaluah: calls $3
*** TURN *** [7d 9s 8c] [2c]
skaluah: checks
AzureCaper: bets $6
skaluah: raises $6 to $12
AzureCaper: calls $6
*** RIVER *** [7d 9s 8c 2c] [Qd]
skaluah: bets $6
AzureCaper: folds
Uncalled bet ($6) returned to skaluah
skaluah collected $41.50 from pot
*** SUMMARY ***
Total pot $42 | Rake $0.50
Board [7d 9s 8c 2c Qd]
Seat 1: skaluah (big blind) collected ($41.50)
Seat 4: AzureCaper (button) (small blind) folded on the River


PokerStars Hand #151934589784:  Hold'em Limit ($3/$6 USD) - 2016/04/15 0:50:20 ET
Table 'Brita' 6-max Seat #4 is the button
Seat 1: skaluah ($75.02 in chips)
Seat 4: AzureCaper ($74.76 in chips)
AzureCaper: posts small blind $1
skaluah: posts big blind $3
*** HOLE CARDS ***
AzureCaper: folds
Uncalled bet ($2) returned to skaluah
skaluah collected $2 from pot
*** SUMMARY ***
Total pot $2 | Rake $0
Seat 1: skaluah (big blind) collected ($2)
Seat 4: AzureCaper (button) (small blind) folded before Flop


PokerStars Hand #151934588158:  Hold'em Limit ($3/$6 USD) - 2016/04/15 0:50:14 ET
Table 'Brita' 6-max Seat #1 is the button
Seat 1: skaluah ($72.02 in chips)
Seat 4: AzureCaper ($77.76 in chips)
skaluah: posts small blind $1
AzureCaper: posts big blind $3
*** HOLE CARDS ***
skaluah: raises $3 to $6
AzureCaper: folds
Uncalled bet ($3) returned to skaluah
skaluah collected $6 from pot
*** SUMMARY ***
Total pot $6 | Rake $0
Seat 1: skaluah (button) (small blind) collected ($6)
Seat 4: AzureCaper (big blind) folded before Flop


PokerStars Hand #151934584911:  Hold'em Limit ($3/$6 USD) - 2016/04/15 0:50:01 ET
Table 'Brita' 6-max Seat #4 is the button
Seat 1: skaluah ($78.02 in chips)
Seat 4: AzureCaper ($72 in chips)
AzureCaper: posts small blind $1
skaluah: posts big blind $3
*** HOLE CARDS ***
AzureCaper: raises $3 to $6
skaluah: calls $3
*** FLOP *** [Kd 3h 4h]
skaluah: checks
AzureCaper: bets $3
skaluah: folds
Uncalled bet ($3) returned to AzureCaper
AzureCaper collected $11.76 from pot
AzureCaper: doesn't show hand
*** SUMMARY ***
Total pot $12 | Rake $0.24
Board [Kd 3h 4h]
Seat 1: skaluah (big blind) folded on the Flop
Seat 4: AzureCaper (button) (small blind) collected ($11.76)


PokerStars Hand #151934582397:  Hold'em Limit ($3/$6 USD) - 2016/04/15 0:49:51 ET
Table 'Brita' 6-max Seat #1 is the button
Seat 1: skaluah ($75.02 in chips)
Seat 4: AzureCaper ($72 in chips)
skaluah: posts small blind $1
AzureCaper: posts big blind $3
*** HOLE CARDS ***
skaluah: raises $3 to $6
AzureCaper: folds
Uncalled bet ($3) returned to skaluah
skaluah collected $6 from pot
*** SUMMARY ***
Total pot $6 | Rake $0
Seat 1: skaluah (button) (small blind) collected ($6)
Seat 4: AzureCaper (big blind) folded before Flop


PokerStars Hand #151934606006:  Hold'em Limit ($3/$6 USD) - 2016/04/15 0:51:24 ET
Table 'Brita' 6-max Seat #1 is the button
Seat 1: skaluah ($108.80 in chips)
Seat 4: AzureCaper ($72 in chips)
skaluah: posts small blind $1
AzureCaper: posts big blind $3
*** HOLE CARDS ***
skaluah: raises $3 to $6
AzureCaper: folds
Uncalled bet ($3) returned to skaluah
skaluah collected $6 from pot
*** SUMMARY ***
Total pot $6 | Rake $0
Seat 1: skaluah (button) (small blind) collected ($6)
Seat 4: AzureCaper (big blind) folded before Flop


PokerStars Hand #151934602070:  Hold'em Limit ($3/$6 USD) - 2016/04/15 0:51:08 ET
Table 'Brita' 6-max Seat #4 is the button
Seat 1: skaluah ($100.16 in chips)
Seat 4: AzureCaper ($72 in chips)
AzureCaper: posts small blind $1
skaluah: posts big blind $3
*** HOLE CARDS ***
AzureCaper: raises $3 to $6
skaluah: raises $3 to $9
AzureCaper: calls $3
*** FLOP *** [Qc 3c 7d]
skaluah: bets $3
AzureCaper: folds
Uncalled bet ($3) returned to skaluah
skaluah collected $17.64 from pot
*** SUMMARY ***
Total pot $18 | Rake $0.36
Board [Qc 3c 7d]
Seat 1: skaluah (big blind) collected ($17.64)
Seat 4: AzureCaper (button) (small blind) folded on the Flop


PokerStars Hand #151934595384:  Hold'em Limit ($3/$6 USD) - 2016/04/15 0:50:42 ET
Table 'Brita' 6-max Seat #4 is the button
Seat 1: skaluah ($90.52 in chips)
Seat 4: AzureCaper ($72 in chips)
AzureCaper: posts small blind $1
skaluah: posts big blind $3
*** HOLE CARDS ***
AzureCaper: folds
Uncalled bet ($2) returned to skaluah
skaluah collected $2 from pot
*** SUMMARY ***
Total pot $2 | Rake $0
Seat 1: skaluah (big blind) collected ($2)
Seat 4: AzureCaper (button) (small blind) folded before Flop


PokerStars Hand #151934597355:  Hold'em Limit ($3/$6 USD) - 2016/04/15 0:50:50 ET
Table 'Brita' 6-max Seat #1 is the button
Seat 1: skaluah ($91.52 in chips)
Seat 4: AzureCaper ($72 in chips)
skaluah: posts small blind $1
AzureCaper: posts big blind $3
*** HOLE CARDS ***
skaluah: raises $3 to $6
AzureCaper: calls $3
*** FLOP *** [3h Tc 8s]
AzureCaper: checks
skaluah: bets $3
AzureCaper: calls $3
*** TURN *** [3h Tc 8s] [Jh]
AzureCaper: checks
skaluah: bets $6
AzureCaper: folds
Uncalled bet ($6) returned to skaluah
skaluah collected $17.64 from pot
*** SUMMARY ***
Total pot $18 | Rake $0.36
Board [3h Tc 8s Jh]
Seat 1: skaluah (button) (small blind) collected ($17.64)
Seat 4: AzureCaper (big blind) folded on the Turn


PokerStars Hand #151934613439:  Hold'em Limit ($3/$6 USD) - 2016/04/15 0:51:54 ET
Table 'Brita' 6-max Seat #1 is the button
Seat 1: skaluah ($126.30 in chips)
Seat 4: AzureCaper ($72 in chips)
skaluah: posts small blind $1
AzureCaper: posts big blind $3
*** HOLE CARDS ***
skaluah: raises $3 to $6
AzureCaper: folds
Uncalled bet ($3) returned to skaluah
skaluah collected $6 from pot
*** SUMMARY ***
Total pot $6 | Rake $0
Seat 1: skaluah (button) (small blind) collected ($6)
Seat 4: AzureCaper (big blind) folded before Flop


PokerStars Hand #151934619710:  Hold'em Limit ($3/$6 USD) - 2016/04/15 0:52:19 ET
Table 'Brita' 6-max Seat #4 is the button
Seat 1: skaluah ($133.30 in chips)
Seat 4: AzureCaper ($72 in chips)
AzureCaper: posts small blind $1
skaluah: posts big blind $3
*** HOLE CARDS ***
AzureCaper: raises $3 to $6
skaluah: calls $3
*** FLOP *** [7h 3s Jc]
skaluah: bets $3
AzureCaper: calls $3
*** TURN *** [7h 3s Jc] [Td]
skaluah: checks
AzureCaper: bets $6
skaluah: folds
Uncalled bet ($6) returned to AzureCaper
AzureCaper collected $17.64 from pot
AzureCaper: doesn't show hand
*** SUMMARY ***
Total pot $18 | Rake $0.36
Board [7h 3s Jc Td]
Seat 1: skaluah (big blind) folded on the Turn
Seat 4: AzureCaper (button) (small blind) collected ($17.64)


PokerStars Hand #151934617965:  Hold'em Limit ($3/$6 USD) - 2016/04/15 0:52:12 ET
Table 'Brita' 6-max Seat #1 is the button
Seat 1: skaluah ($130.30 in chips)
Seat 4: AzureCaper ($72 in chips)
skaluah: posts small blind $1
AzureCaper: posts big blind $3
*** HOLE CARDS ***
skaluah: raises $3 to $6
AzureCaper: folds
Uncalled bet ($3) returned to skaluah
skaluah collected $6 from pot
*** SUMMARY ***
Total pot $6 | Rake $0
Seat 1: skaluah (button) (small blind) collected ($6)
Seat 4: AzureCaper (big blind) folded before Flop


PokerStars Hand #151934615009:  Hold'em Limit ($3/$6 USD) - 2016/04/15 0:52:00 ET
Table 'Brita' 6-max Seat #4 is the button
Seat 1: skaluah ($129.30 in chips)
Seat 4: AzureCaper ($72 in chips)
AzureCaper: posts small blind $1
skaluah: posts big blind $3
*** HOLE CARDS ***
AzureCaper: folds
Uncalled bet ($2) returned to skaluah
skaluah collected $2 from pot
*** SUMMARY ***
Total pot $2 | Rake $0
Seat 1: skaluah (big blind) collected ($2)
Seat 4: AzureCaper (button) (small blind) folded before Flop


PokerStars Hand #151934608070:  Hold'em Limit ($3/$6 USD) - 2016/04/15 0:51:32 ET
Table 'Brita' 6-max Seat #4 is the button
Seat 1: skaluah ($111.80 in chips)
Seat 4: AzureCaper ($72 in chips)
AzureCaper: posts small blind $1
skaluah: posts big blind $3
*** HOLE CARDS ***
AzureCaper: raises $3 to $6
skaluah: calls $3
*** FLOP *** [6s 9c Qs]
skaluah: checks
AzureCaper: bets $3
skaluah: calls $3
*** TURN *** [6s 9c Qs] [Qc]
skaluah: checks
AzureCaper: bets $6
skaluah: calls $6
*** RIVER *** [6s 9c Qs Qc] [Jh]
skaluah: checks
AzureCaper: checks
*** SHOW DOWN ***
skaluah: shows [2c 6h] (two pair, Queens and Sixes)
AzureCaper: mucks hand
skaluah collected $29.50 from pot
*** SUMMARY ***
Total pot $30 | Rake $0.50
Board [6s 9c Qs Qc Jh]
Seat 1: skaluah (big blind) showed [2c 6h] and won ($29.50) with two pair, Queens and Sixes
Seat 4: AzureCaper (button) (small blind) mucked


PokerStars Hand #151934631542:  Hold'em Limit ($3/$6 USD) - 2016/04/15 0:53:06 ET
Table 'Brita' 6-max Seat #4 is the button
Seat 1: skaluah ($103.30 in chips)
Seat 4: AzureCaper ($101.14 in chips)
AzureCaper: posts small blind $1
skaluah: posts big blind $3
*** HOLE CARDS ***
AzureCaper: raises $3 to $6
skaluah: calls $3
*** FLOP *** [2c Js 5c]
skaluah: bets $3
AzureCaper: calls $3
*** TURN *** [2c Js 5c] [4s]
skaluah: bets $6
AzureCaper: calls $6
*** RIVER *** [2c Js 5c 4s] [Ac]
skaluah: checks
AzureCaper: checks
*** SHOW DOWN ***
skaluah: shows [6d 4c] (a pair of Fours)
AzureCaper: shows [4h 6h] (a pair of Fours)
skaluah collected $14.75 from pot
AzureCaper collected $14.75 from pot
*** SUMMARY ***
Total pot $30 | Rake $0.50
Board [2c Js 5c 4s Ac]
Seat 1: skaluah (big blind) showed [6d 4c] and won ($14.75) with a pair of Fours
Seat 4: AzureCaper (button) (small blind) showed [4h 6h] and won ($14.75) with a pair of Fours


PokerStars Hand #151934624105:  Hold'em Limit ($3/$6 USD) - 2016/04/15 0:52:36 ET
Table 'Brita' 6-max Seat #1 is the button
Seat 1: skaluah ($124.30 in chips)
Seat 4: AzureCaper ($80.64 in chips)
skaluah: posts small blind $1
AzureCaper: posts big blind $3
*** HOLE CARDS ***
skaluah: calls $2
AzureCaper: raises $3 to $6
skaluah: calls $3
*** FLOP *** [7c 4d 7d]
AzureCaper: bets $3
skaluah: calls $3
*** TURN *** [7c 4d 7d] [9h]
AzureCaper: bets $6
skaluah: calls $6
*** RIVER *** [7c 4d 7d 9h] [4c]
AzureCaper: checks
skaluah: bets $6
AzureCaper: calls $6
*** SHOW DOWN ***
skaluah: shows [3s 6c] (two pair, Sevens and Fours)
AzureCaper: shows [Ts Ah] (two pair, Sevens and Fours - Ace kicker)
AzureCaper collected $41.50 from pot
*** SUMMARY ***
Total pot $42 | Rake $0.50
Board [7c 4d 7d 9h 4c]
Seat 1: skaluah (button) (small blind) showed [3s 6c] and lost with two pair, Sevens and Fours
Seat 4: AzureCaper (big blind) showed [Ts Ah] and won ($41.50) with two pair, Sevens and Fours


PokerStars Hand #151934637164:  Hold'em Limit ($3/$6 USD) - 2016/04/15 0:53:29 ET
Table 'Brita' 6-max Seat #1 is the button
Seat 1: skaluah ($103.05 in chips)
Seat 4: AzureCaper ($100.89 in chips)
skaluah: posts small blind $1
AzureCaper: posts big blind $3
*** HOLE CARDS ***
skaluah: calls $2
AzureCaper: raises $3 to $6
skaluah: calls $3
*** FLOP *** [7s 5h 2d]
AzureCaper: bets $3
skaluah: calls $3
*** TURN *** [7s 5h 2d] [Jh]
AzureCaper: bets $6
skaluah: raises $6 to $12
AzureCaper: calls $6
*** RIVER *** [7s 5h 2d Jh] [9s]
AzureCaper: checks
skaluah: bets $6
AzureCaper: calls $6
*** SHOW DOWN ***
skaluah: shows [5c 5d] (three of a kind, Fives)
AzureCaper: mucks hand
skaluah collected $53.50 from pot
*** SUMMARY ***
Total pot $54 | Rake $0.50
Board [7s 5h 2d Jh 9s]
Seat 1: skaluah (button) (small blind) showed [5c 5d] and won ($53.50) with three of a kind, Fives
Seat 4: AzureCaper (big blind) mucked


PokerStars Hand #151934646174:  Hold'em Limit ($3/$6 USD) - 2016/04/15 0:54:04 ET
Table 'Brita' 6-max Seat #1 is the button
Seat 1: skaluah ($138.19 in chips)
Seat 4: AzureCaper ($72 in chips)
skaluah: posts small blind $1
AzureCaper: posts big blind $3
*** HOLE CARDS ***
skaluah: calls $2
AzureCaper: checks
*** FLOP *** [9c 5s Js]
AzureCaper: checks
skaluah: bets $3
AzureCaper: folds
Uncalled bet ($3) returned to skaluah
skaluah collected $5.88 from pot
*** SUMMARY ***
Total pot $6 | Rake $0.12
Board [9c 5s Js]
Seat 1: skaluah (button) (small blind) collected ($5.88)
Seat 4: AzureCaper (big blind) folded on the Flop


PokerStars Hand #151934642504:  Hold'em Limit ($3/$6 USD) - 2016/04/15 0:53:50 ET
Table 'Brita' 6-max Seat #4 is the button
Seat 1: skaluah ($129.55 in chips)
Seat 4: AzureCaper ($73.89 in chips)
AzureCaper: posts small blind $1
skaluah: posts big blind $3
*** HOLE CARDS ***
AzureCaper: raises $3 to $6
skaluah: raises $3 to $9
AzureCaper: calls $3
*** FLOP *** [Ts 7s 3h]
skaluah: bets $3
AzureCaper: folds
Uncalled bet ($3) returned to skaluah
skaluah collected $17.64 from pot
*** SUMMARY ***
Total pot $18 | Rake $0.36
Board [Ts 7s 3h]
Seat 1: skaluah (big blind) collected ($17.64)
Seat 4: AzureCaper (button) (small blind) folded on the Flop


PokerStars Hand #151934650510:  Hold'em Limit ($3/$6 USD) - 2016/04/15 0:54:22 ET
Table 'Brita' 6-max Seat #1 is the button
Seat 1: skaluah ($142.07 in chips)
Seat 4: AzureCaper ($72 in chips)
skaluah: posts small blind $1
AzureCaper: posts big blind $3
*** HOLE CARDS ***
skaluah: folds
Uncalled bet ($2) returned to AzureCaper
AzureCaper collected $2 from pot
AzureCaper: doesn't show hand
*** SUMMARY ***
Total pot $2 | Rake $0
Seat 1: skaluah (button) (small blind) folded before Flop
Seat 4: AzureCaper (big blind) collected ($2)


PokerStars Hand #151934649083:  Hold'em Limit ($3/$6 USD) - 2016/04/15 0:54:16 ET
Table 'Brita' 6-max Seat #4 is the button
Seat 1: skaluah ($141.07 in chips)
Seat 4: AzureCaper ($72 in chips)
AzureCaper: posts small blind $1
skaluah: posts big blind $3
*** HOLE CARDS ***
AzureCaper: folds
Uncalled bet ($2) returned to skaluah
skaluah collected $2 from pot
*** SUMMARY ***
Total pot $2 | Rake $0
Seat 1: skaluah (big blind) collected ($2)
Seat 4: AzureCaper (button) (small blind) folded before Flop


PokerStars Hand #151934651860:  Hold'em Limit ($3/$6 USD) - 2016/04/15 0:54:27 ET
Table 'Brita' 6-max Seat #4 is the button
Seat 1: skaluah ($141.07 in chips)
Seat 4: AzureCaper ($73 in chips)
AzureCaper: posts small blind $1
skaluah: posts big blind $3
*** HOLE CARDS ***
AzureCaper: raises $3 to $6
skaluah: calls $3
*** FLOP *** [7c 9h 7h]
skaluah: bets $3
AzureCaper: raises $3 to $6
skaluah: folds
Uncalled bet ($3) returned to AzureCaper
AzureCaper collected $17.64 from pot
AzureCaper: doesn't show hand
*** SUMMARY ***
Total pot $18 | Rake $0.36
Board [7c 9h 7h]
Seat 1: skaluah (big blind) folded on the Flop
Seat 4: AzureCaper (button) (small blind) collected ($17.64)


PokerStars Hand #151934667257:  Hold'em Limit ($3/$6 USD) - 2016/04/15 0:55:31 ET
Table 'Brita' 6-max Seat #4 is the button
Seat 1: skaluah ($131.07 in chips)
Seat 4: AzureCaper ($82.64 in chips)
AzureCaper: posts small blind $1
skaluah: posts big blind $3
*** HOLE CARDS ***
AzureCaper: folds
Uncalled bet ($2) returned to skaluah
skaluah collected $2 from pot
*** SUMMARY ***
Total pot $2 | Rake $0
Seat 1: skaluah (big blind) collected ($2)
Seat 4: AzureCaper (button) (small blind) folded before Flop


PokerStars Hand #151934665515:  Hold'em Limit ($3/$6 USD) - 2016/04/15 0:55:23 ET
Table 'Brita' 6-max Seat #1 is the button
Seat 1: skaluah ($132.07 in chips)
Seat 4: AzureCaper ($81.64 in chips)
skaluah: posts small blind $1
AzureCaper: posts big blind $3
*** HOLE CARDS ***
skaluah: folds
Uncalled bet ($2) returned to AzureCaper
AzureCaper collected $2 from pot
AzureCaper: doesn't show hand
*** SUMMARY ***
Total pot $2 | Rake $0
Seat 1: skaluah (button) (small blind) folded before Flop
Seat 4: AzureCaper (big blind) collected ($2)


PokerStars Hand #151934658234:  Hold'em Limit ($3/$6 USD) - 2016/04/15 0:54:53 ET
Table 'Brita' 6-max Seat #4 is the button
Seat 1: skaluah ($131.07 in chips)
Seat 4: AzureCaper ($82.64 in chips)
AzureCaper: posts small blind $1
skaluah: posts big blind $3
*** HOLE CARDS ***
AzureCaper: folds
Uncalled bet ($2) returned to skaluah
skaluah collected $2 from pot
*** SUMMARY ***
Total pot $2 | Rake $0
Seat 1: skaluah (big blind) collected ($2)
Seat 4: AzureCaper (button) (small blind) folded before Flop


PokerStars Hand #151934656569:  Hold'em Limit ($3/$6 USD) - 2016/04/15 0:54:46 ET
Table 'Brita' 6-max Seat #1 is the button
Seat 1: skaluah ($132.07 in chips)
Seat 4: AzureCaper ($81.64 in chips)
skaluah: posts small blind $1
AzureCaper: posts big blind $3
*** HOLE CARDS ***
skaluah: folds
Uncalled bet ($2) returned to AzureCaper
AzureCaper collected $2 from pot
AzureCaper: doesn't show hand
*** SUMMARY ***
Total pot $2 | Rake $0
Seat 1: skaluah (button) (small blind) folded before Flop
Seat 4: AzureCaper (big blind) collected ($2)


PokerStars Hand #151934659492:  Hold'em Limit ($3/$6 USD) - 2016/04/15 0:54:58 ET
Table 'Brita' 6-max Seat #1 is the button
Seat 1: skaluah ($132.07 in chips)
Seat 4: AzureCaper ($81.64 in chips)
skaluah: posts small blind $1
AzureCaper: posts big blind $3
*** HOLE CARDS ***
skaluah: raises $3 to $6
AzureCaper: folds
Uncalled bet ($3) returned to skaluah
skaluah collected $6 from pot
*** SUMMARY ***
Total pot $6 | Rake $0
Seat 1: skaluah (button) (small blind) collected ($6)
Seat 4: AzureCaper (big blind) folded before Flop


PokerStars Hand #151934662411:  Hold'em Limit ($3/$6 USD) - 2016/04/15 0:55:09 ET
Table 'Brita' 6-max Seat #1 is the button
Seat 1: skaluah ($136.07 in chips)
Seat 4: AzureCaper ($77.64 in chips)
skaluah: posts small blind $1
AzureCaper: posts big blind $3
*** HOLE CARDS ***
skaluah: folds
Uncalled bet ($2) returned to AzureCaper
AzureCaper collected $2 from pot
AzureCaper: doesn't show hand
*** SUMMARY ***
Total pot $2 | Rake $0
Seat 1: skaluah (button) (small blind) folded before Flop
Seat 4: AzureCaper (big blind) collected ($2)


PokerStars Hand #151934661110:  Hold'em Limit ($3/$6 USD) - 2016/04/15 0:55:04 ET
Table 'Brita' 6-max Seat #4 is the button
Seat 1: skaluah ($135.07 in chips)
Seat 4: AzureCaper ($78.64 in chips)
AzureCaper: posts small blind $1
skaluah: posts big blind $3
*** HOLE CARDS ***
AzureCaper: folds
Uncalled bet ($2) returned to skaluah
skaluah collected $2 from pot
*** SUMMARY ***
Total pot $2 | Rake $0
Seat 1: skaluah (big blind) collected ($2)
Seat 4: AzureCaper (button) (small blind) folded before Flop


PokerStars Hand #151934663721:  Hold'em Limit ($3/$6 USD) - 2016/04/15 0:55:15 ET
Table 'Brita' 6-max Seat #4 is the button
Seat 1: skaluah ($135.07 in chips)
Seat 4: AzureCaper ($78.64 in chips)
AzureCaper: posts small blind $1
skaluah: posts big blind $3
*** HOLE CARDS ***
AzureCaper: raises $3 to $6
skaluah: folds
Uncalled bet ($3) returned to AzureCaper
AzureCaper collected $6 from pot
AzureCaper: doesn't show hand
*** SUMMARY ***
Total pot $6 | Rake $0
Seat 1: skaluah (big blind) folded before Flop
Seat 4: AzureCaper (button) (small blind) collected ($6)


PokerStars Hand #151934668264:  Hold'em Limit ($3/$6 USD) - 2016/04/15 0:55:36 ET
Table 'Brita' 6-max Seat #1 is the button
Seat 1: skaluah ($132.07 in chips)
Seat 4: AzureCaper ($81.64 in chips)
skaluah: posts small blind $1
AzureCaper: posts big blind $3
*** HOLE CARDS ***
skaluah: folds
Uncalled bet ($2) returned to AzureCaper
AzureCaper collected $2 from pot
AzureCaper: doesn't show hand
*** SUMMARY ***
Total pot $2 | Rake $0
Seat 1: skaluah (button) (small blind) folded before Flop
Seat 4: AzureCaper (big blind) collected ($2)


PokerStars Hand #151934672644:  Hold'em Limit ($3/$6 USD) - 2016/04/15 0:55:55 ET
Table 'Brita' 6-max Seat #1 is the button
Seat 1: skaluah ($139.71 in chips)
Seat 4: AzureCaper ($73.64 in chips)
skaluah: posts small blind $1
AzureCaper: posts big blind $3
*** HOLE CARDS ***
skaluah: raises $3 to $6
AzureCaper: folds
Uncalled bet ($3) returned to skaluah
skaluah collected $6 from pot
*** SUMMARY ***
Total pot $6 | Rake $0
Seat 1: skaluah (button) (small blind) collected ($6)
Seat 4: AzureCaper (big blind) folded before Flop


PokerStars Hand #151934674890:  Hold'em Limit ($3/$6 USD) - 2016/04/15 0:56:06 ET
Table 'Brita' 6-max Seat #4 is the button
Seat 1: skaluah ($142.71 in chips)
Seat 4: AzureCaper ($72 in chips)
AzureCaper: posts small blind $1
skaluah: posts big blind $3
*** HOLE CARDS ***
AzureCaper: raises $3 to $6
skaluah: raises $3 to $9
AzureCaper: calls $3
*** FLOP *** [4s 5h 6h]
skaluah: bets $3
AzureCaper: calls $3
*** TURN *** [4s 5h 6h] [Kc]
skaluah: bets $6
AzureCaper: calls $6
*** RIVER *** [4s 5h 6h Kc] [Ks]
skaluah: bets $6
AzureCaper: calls $6
*** SHOW DOWN ***
skaluah: shows [6c 4h] (two pair, Kings and Sixes)
AzureCaper: mucks hand
skaluah collected $47.50 from pot
*** SUMMARY ***
Total pot $48 | Rake $0.50
Board [4s 5h 6h Kc Ks]
Seat 1: skaluah (big blind) showed [6c 4h] and won ($47.50) with two pair, Kings and Sixes
Seat 4: AzureCaper (button) (small blind) mucked


PokerStars Hand #151934680719:  Hold'em Limit ($3/$6 USD) - 2016/04/15 0:56:32 ET
Table 'Brita' 6-max Seat #1 is the button
Seat 1: skaluah ($166.21 in chips)
Seat 4: AzureCaper ($72 in chips)
skaluah: posts small blind $1
AzureCaper: posts big blind $3
*** HOLE CARDS ***
skaluah: calls $2
AzureCaper: raises $3 to $6
skaluah: calls $3
*** FLOP *** [3c 8d 3h]
AzureCaper: bets $3
skaluah: raises $3 to $6
AzureCaper: raises $3 to $9
skaluah: calls $3
*** TURN *** [3c 8d 3h] [Kh]
AzureCaper: bets $6
skaluah: calls $6
*** RIVER *** [3c 8d 3h Kh] [Ac]
AzureCaper: bets $6
skaluah: calls $6
*** SHOW DOWN ***
AzureCaper: shows [9h 9d] (two pair, Nines and Threes)
skaluah: mucks hand
AzureCaper collected $53.50 from pot
*** SUMMARY ***
Total pot $54 | Rake $0.50
Board [3c 8d 3h Kh Ac]
Seat 1: skaluah (button) (small blind) mucked
Seat 4: AzureCaper (big blind) showed [9h 9d] and won ($53.50) with two pair, Nines and Threes


PokerStars Hand #151934699033:  Hold'em Limit ($3/$6 USD) - 2016/04/15 0:57:53 ET
Table 'Brita' 6-max Seat #4 is the button
Seat 1: skaluah ($132.21 in chips)
Seat 4: AzureCaper ($119.03 in chips)
AzureCaper: posts small blind $1
MissEKAmouse: is sitting out
skaluah: posts big blind $3
*** HOLE CARDS ***
AzureCaper: raises $3 to $6
skaluah: calls $3
*** FLOP *** [4s 2h 9s]
skaluah: checks
AzureCaper: bets $3
skaluah: calls $3
*** TURN *** [4s 2h 9s] [4c]
skaluah: checks
AzureCaper: bets $6
skaluah: folds
Uncalled bet ($6) returned to AzureCaper
AzureCaper collected $17.64 from pot
AzureCaper: doesn't show hand
*** SUMMARY ***
Total pot $18 | Rake $0.36
Board [4s 2h 9s 4c]
Seat 1: skaluah (big blind) folded on the Turn
Seat 4: AzureCaper (button) (small blind) collected ($17.64)


PokerStars Hand #151934703921:  Hold'em Limit ($3/$6 USD) - 2016/04/15 0:58:15 ET
Table 'Brita' 6-max Seat #1 is the button
Seat 1: skaluah ($123.21 in chips)
Seat 4: AzureCaper ($127.67 in chips)
skaluah: posts small blind $1
AzureCaper: posts big blind $3
*** HOLE CARDS ***
skaluah: folds
Uncalled bet ($2) returned to AzureCaper
AzureCaper collected $2 from pot
AzureCaper: doesn't show hand
*** SUMMARY ***
Total pot $2 | Rake $0
Seat 1: skaluah (button) (small blind) folded before Flop
Seat 4: AzureCaper (big blind) collected ($2)


PokerStars Hand #151934710618:  Hold'em Limit ($3/$6 USD) - 2016/04/15 0:58:45 ET
Table 'Brita' 6-max Seat #1 is the button
Seat 1: skaluah ($101.21 in chips)
Seat 4: AzureCaper ($149.17 in chips)
skaluah: posts small blind $1
AzureCaper: posts big blind $3
*** HOLE CARDS ***
skaluah: raises $3 to $6
AzureCaper: raises $3 to $9
skaluah: calls $3
*** FLOP *** [9c Qd 6c]
AzureCaper: bets $3
skaluah: calls $3
*** TURN *** [9c Qd 6c] [2c]
AzureCaper: bets $6
skaluah: calls $6
*** RIVER *** [9c Qd 6c 2c] [Jc]
AzureCaper: bets $6
skaluah: folds
Uncalled bet ($6) returned to AzureCaper
AzureCaper collected $35.50 from pot
AzureCaper: doesn't show hand
*** SUMMARY ***
Total pot $36 | Rake $0.50
Board [9c Qd 6c 2c Jc]
Seat 1: skaluah (button) (small blind) folded on the River
Seat 4: AzureCaper (big blind) collected ($35.50)


PokerStars Hand #151934715646:  Hold'em Limit ($3/$6 USD) - 2016/04/15 0:59:07 ET
Table 'Brita' 6-max Seat #4 is the button
Seat 1: skaluah ($83.21 in chips)
Seat 4: AzureCaper ($166.67 in chips)
AzureCaper: posts small blind $1
skaluah: posts big blind $3
*** HOLE CARDS ***
AzureCaper: raises $3 to $6
skaluah: calls $3
*** FLOP *** [9d Th 4h]
happyshine88 joins the table at seat #5
skaluah: checks
AzureCaper: bets $3
skaluah: calls $3
*** TURN *** [9d Th 4h] [8s]
skaluah: checks
AzureCaper: checks
*** RIVER *** [9d Th 4h 8s] [7h]
skaluah: bets $6
AzureCaper: folds
Uncalled bet ($6) returned to skaluah
skaluah collected $17.64 from pot
*** SUMMARY ***
Total pot $18 | Rake $0.36
Board [9d Th 4h 8s 7h]
Seat 1: skaluah (big blind) collected ($17.64)
Seat 4: AzureCaper (button) (small blind) folded on the River


PokerStars Hand #151934705277:  Hold'em Limit ($3/$6 USD) - 2016/04/15 0:58:21 ET
Table 'Brita' 6-max Seat #4 is the button
Seat 1: skaluah ($122.21 in chips)
Seat 4: AzureCaper ($128.67 in chips)
AzureCaper: posts small blind $1
skaluah: posts big blind $3
*** HOLE CARDS ***
AzureCaper: raises $3 to $6
skaluah: calls $3
*** FLOP *** [9d 7d 2c]
MissEKAmouse leaves the table
skaluah: bets $3
AzureCaper: calls $3
*** TURN *** [9d 7d 2c] [Ks]
skaluah: checks
AzureCaper: bets $6
skaluah: calls $6
*** RIVER *** [9d 7d 2c Ks] [5s]
skaluah: checks
AzureCaper: bets $6
skaluah: calls $6
*** SHOW DOWN ***
AzureCaper: shows [Kc Td] (a pair of Kings)
skaluah: mucks hand
AzureCaper collected $41.50 from pot
*** SUMMARY ***
Total pot $42 | Rake $0.50
Board [9d 7d 2c Ks 5s]
Seat 1: skaluah (big blind) mucked
Seat 4: AzureCaper (button) (small blind) showed [Kc Td] and won ($41.50) with a pair of Kings


PokerStars Hand #151934720799:  Hold'em Limit ($3/$6 USD) - 2016/04/15 0:59:30 ET
Table 'Brita' 6-max Seat #1 is the button
Seat 1: skaluah ($91.85 in chips)
Seat 4: AzureCaper ($157.67 in chips)
skaluah: posts small blind $1
AzureCaper: posts big blind $3
*** HOLE CARDS ***
skaluah: raises $3 to $6
AzureCaper: calls $3
*** FLOP *** [3d 7c 4h]
AzureCaper: checks
skaluah: bets $3
AzureCaper: calls $3
*** TURN *** [3d 7c 4h] [Ts]
AzureCaper: checks
skaluah: checks
*** RIVER *** [3d 7c 4h Ts] [Jd]
AzureCaper: checks
skaluah: bets $6
AzureCaper: folds
Uncalled bet ($6) returned to skaluah
skaluah collected $17.64 from pot
*** SUMMARY ***
Total pot $18 | Rake $0.36
Board [3d 7c 4h Ts Jd]
Seat 1: skaluah (button) (small blind) collected ($17.64)
Seat 4: AzureCaper (big blind) folded on the River


PokerStars Hand #151935605711:  Hold'em Limit ($3/$6 USD) - 2016/04/15 1:57:36 ET
Table 'Brita' 6-max Seat #1 is the button
Seat 1: $polu4atel*$ ($34.84 in chips)
Seat 6: MissEKAmouse ($183.52 in chips)
$polu4atel*$: posts small blind $1
AzureCaper: is sitting out
MissEKAmouse: posts big blind $3
*** HOLE CARDS ***
AzureCaper leaves the table
$polu4atel*$: calls $2
MissEKAmouse: checks
*** FLOP *** [7h Th 8s]
MissEKAmouse: bets $3
$polu4atel*$: calls $3
*** TURN *** [7h Th 8s] [7s]
MissEKAmouse: bets $6
$polu4atel*$: calls $6
*** RIVER *** [7h Th 8s 7s] [Td]
MissEKAmouse: bets $6
$polu4atel*$: raises $6 to $12
MissEKAmouse: folds
Uncalled bet ($6) returned to $polu4atel*$
$polu4atel*$ collected $35.50 from pot
$polu4atel*$: doesn't show hand
*** SUMMARY ***
Total pot $36 | Rake $0.50
Board [7h Th 8s 7s Td]
Seat 1: $polu4atel*$ (button) (small blind) collected ($35.50)
Seat 6: MissEKAmouse (big blind) folded on the River


