PokerStars Hand #167083317629:  Hold'em Limit ($3/$6 USD) - 2017/03/04 1:25:51 ET
Table 'Britta' 6-max Seat #2 is the button
Seat 2: Agrotait ($82.19 in chips)
Seat 6: boblas99 ($289.34 in chips)
Agrotait: posts small blind $1
boblas99: posts big blind $3
*** HOLE CARDS ***
radnesh007 leaves the table
Agrotait: raises $3 to $6
boblas99: raises $3 to $9
Agrotait: calls $3
*** FLOP *** [3h Ad Qs]
boblas99: bets $3
Agrotait: raises $3 to $6
boblas99: calls $3
*** TURN *** [3h Ad Qs] [9h]
boblas99: checks
Agrotait: bets $6
boblas99: calls $6
*** RIVER *** [3h Ad Qs 9h] [3s]
boblas99: checks
Agrotait: bets $6
boblas99: raises $6 to $12
Agrotait: calls $6
*** SHOW DOWN ***
boblas99: shows [Js Tc] (a pair of Threes)
Agrotait: shows [Ah 6d] (two pair, Aces and Threes)
Agrotait collected $65.50 from pot
*** SUMMARY ***
Total pot $66 | Rake $0.50
Board [3h Ad Qs 9h 3s]
Seat 2: Agrotait (button) (small blind) showed [Ah 6d] and won ($65.50) with two pair, Aces and Threes
Seat 6: boblas99 (big blind) showed [Js Tc] and lost with a pair of Threes


PokerStars Hand #167083325897:  Hold'em Limit ($3/$6 USD) - 2017/03/04 1:26:18 ET
Table 'Britta' 6-max Seat #6 is the button
Seat 2: Agrotait ($114.69 in chips)
Seat 6: boblas99 ($256.34 in chips)
boblas99: posts small blind $1
Agrotait: posts big blind $3
*** HOLE CARDS ***
boblas99: raises $3 to $6
Agrotait: calls $3
*** FLOP *** [3c Tc 4h]
Agrotait: checks
boblas99: bets $3
Agrotait: calls $3
*** TURN *** [3c Tc 4h] [3s]
Agrotait: checks
boblas99: bets $6
Agrotait: folds
Uncalled bet ($6) returned to boblas99
boblas99 collected $17.64 from pot
boblas99: doesn't show hand
*** SUMMARY ***
Total pot $18 | Rake $0.36
Board [3c Tc 4h 3s]
Seat 2: Agrotait (big blind) folded on the Turn
Seat 6: boblas99 (button) (small blind) collected ($17.64)


PokerStars Hand #167083333193:  Hold'em Limit ($3/$6 USD) - 2017/03/04 1:26:43 ET
Table 'Britta' 6-max Seat #2 is the button
Seat 2: Agrotait ($105.69 in chips)
Seat 6: boblas99 ($264.98 in chips)
Agrotait: posts small blind $1
boblas99: posts big blind $3
*** HOLE CARDS ***
Agrotait: raises $3 to $6
boblas99: calls $3
*** FLOP *** [7h Jd 9c]
boblas99: checks
Agrotait: bets $3
boblas99: calls $3
*** TURN *** [7h Jd 9c] [5s]
boblas99: checks
Agrotait: checks
*** RIVER *** [7h Jd 9c 5s] [5d]
boblas99: bets $6
Agrotait: folds
Uncalled bet ($6) returned to boblas99
boblas99 collected $17.64 from pot
boblas99: doesn't show hand
*** SUMMARY ***
Total pot $18 | Rake $0.36
Board [7h Jd 9c 5s 5d]
Seat 2: Agrotait (button) (small blind) folded on the River
Seat 6: boblas99 (big blind) collected ($17.64)


PokerStars Hand #167083352883:  Hold'em Limit ($3/$6 USD) - 2017/03/04 1:27:49 ET
Table 'Britta' 6-max Seat #2 is the button
Seat 2: Agrotait ($90.69 in chips)
Seat 6: boblas99 ($279.38 in chips)
Agrotait: posts small blind $1
boblas99: posts big blind $3
*** HOLE CARDS ***
Agrotait: raises $3 to $6
boblas99: raises $3 to $9
Agrotait: calls $3
*** FLOP *** [9c 4h Ks]
boblas99: bets $3
Agrotait: folds
Uncalled bet ($3) returned to boblas99
boblas99 collected $17.64 from pot
boblas99: doesn't show hand
*** SUMMARY ***
Total pot $18 | Rake $0.36
Board [9c 4h Ks]
Seat 2: Agrotait (button) (small blind) folded on the Flop
Seat 6: boblas99 (big blind) collected ($17.64)


PokerStars Hand #167083346717:  Hold'em Limit ($3/$6 USD) - 2017/03/04 1:27:29 ET
Table 'Britta' 6-max Seat #6 is the button
Seat 2: Agrotait ($96.69 in chips)
Seat 6: boblas99 ($273.62 in chips)
boblas99: posts small blind $1
Agrotait: posts big blind $3
*** HOLE CARDS ***
boblas99: raises $3 to $6
Agrotait: calls $3
*** FLOP *** [4d Td 4c]
Agrotait: checks
boblas99: checks
*** TURN *** [4d Td 4c] [Kc]
Agrotait: checks
boblas99: bets $6
Agrotait: folds
Uncalled bet ($6) returned to boblas99
boblas99 collected $11.76 from pot
boblas99: doesn't show hand
*** SUMMARY ***
Total pot $12 | Rake $0.24
Board [4d Td 4c Kc]
Seat 2: Agrotait (big blind) folded on the Turn
Seat 6: boblas99 (button) (small blind) collected ($11.76)


PokerStars Hand #167083370456:  Hold'em Limit ($3/$6 USD) - 2017/03/04 1:28:49 ET
Table 'Britta' 6-max Seat #6 is the button
Seat 2: Agrotait ($87.19 in chips)
Seat 6: boblas99 ($281.52 in chips)
boblas99: posts small blind $1
Agrotait: posts big blind $3
*** HOLE CARDS ***
boblas99: raises $3 to $6
Agrotait: folds
Uncalled bet ($3) returned to boblas99
boblas99 collected $6 from pot
boblas99: doesn't show hand
*** SUMMARY ***
Total pot $6 | Rake $0
Seat 2: Agrotait (big blind) folded before Flop
Seat 6: boblas99 (button) (small blind) collected ($6)


PokerStars Hand #167083364111:  Hold'em Limit ($3/$6 USD) - 2017/03/04 1:28:28 ET
Table 'Britta' 6-max Seat #2 is the button
Seat 2: Agrotait ($102.19 in chips)
Seat 6: boblas99 ($267.02 in chips)
Agrotait: posts small blind $1
boblas99: posts big blind $3
*** HOLE CARDS ***
Agrotait: raises $3 to $6
boblas99: calls $3
*** FLOP *** [Ad Ks 7h]
boblas99: checks
Agrotait: bets $3
boblas99: calls $3
*** TURN *** [Ad Ks 7h] [4h]
boblas99: checks
Agrotait: checks
*** RIVER *** [Ad Ks 7h 4h] [3s]
boblas99: bets $6
Agrotait: calls $6
*** SHOW DOWN ***
boblas99: shows [6d As] (a pair of Aces)
Agrotait: mucks hand
boblas99 collected $29.50 from pot
*** SUMMARY ***
Total pot $30 | Rake $0.50
Board [Ad Ks 7h 4h 3s]
Seat 2: Agrotait (button) (small blind) mucked
Seat 6: boblas99 (big blind) showed [6d As] and won ($29.50) with a pair of Aces


PokerStars Hand #167083373106:  Hold'em Limit ($3/$6 USD) - 2017/03/04 1:28:57 ET
Table 'Britta' 6-max Seat #2 is the button
Seat 2: Agrotait ($84.19 in chips)
Seat 6: boblas99 ($284.52 in chips)
Agrotait: posts small blind $1
boblas99: posts big blind $3
*** HOLE CARDS ***
Agrotait: calls $2
boblas99: raises $3 to $6
Agrotait: calls $3
*** FLOP *** [Jd 6s 8h]
boblas99: bets $3
Agrotait: calls $3
*** TURN *** [Jd 6s 8h] [Kd]
boblas99: checks
Agrotait: checks
*** RIVER *** [Jd 6s 8h Kd] [4d]
boblas99: bets $6
Agrotait: calls $6
*** SHOW DOWN ***
boblas99: shows [Ac 8s] (a pair of Eights)
Agrotait: mucks hand
boblas99 collected $29.50 from pot
*** SUMMARY ***
Total pot $30 | Rake $0.50
Board [Jd 6s 8h Kd 4d]
Seat 2: Agrotait (button) (small blind) mucked
Seat 6: boblas99 (big blind) showed [Ac 8s] and won ($29.50) with a pair of Eights


PokerStars Hand #167083384863:  Hold'em Limit ($3/$6 USD) - 2017/03/04 1:29:38 ET
Table 'Britta' 6-max Seat #2 is the button
Seat 2: Agrotait ($86.69 in chips)
Seat 6: boblas99 ($281.02 in chips)
Agrotait: posts small blind $1
boblas99: posts big blind $3
*** HOLE CARDS ***
Agrotait: folds
Uncalled bet ($2) returned to boblas99
boblas99 collected $2 from pot
boblas99: doesn't show hand
*** SUMMARY ***
Total pot $2 | Rake $0
Seat 2: Agrotait (button) (small blind) folded before Flop
Seat 6: boblas99 (big blind) collected ($2)


PokerStars Hand #167083378392:  Hold'em Limit ($3/$6 USD) - 2017/03/04 1:29:16 ET
Table 'Britta' 6-max Seat #6 is the button
Seat 2: Agrotait ($69.19 in chips)
Seat 6: boblas99 ($299.02 in chips)
boblas99: posts small blind $1
Agrotait: posts big blind $3
*** HOLE CARDS ***
boblas99: raises $3 to $6
Agrotait: calls $3
*** FLOP *** [5d 2c 4h]
Agrotait: checks
boblas99: checks
*** TURN *** [5d 2c 4h] [Jc]
Agrotait: checks
boblas99: bets $6
Agrotait: calls $6
*** RIVER *** [5d 2c 4h Jc] [Kc]
Agrotait: checks
boblas99: bets $6
Agrotait: calls $6
*** SHOW DOWN ***
boblas99: shows [7s Qd] (high card King)
Agrotait: shows [4d 9s] (a pair of Fours)
Agrotait collected $35.50 from pot
*** SUMMARY ***
Total pot $36 | Rake $0.50
Board [5d 2c 4h Jc Kc]
Seat 2: Agrotait (big blind) showed [4d 9s] and won ($35.50) with a pair of Fours
Seat 6: boblas99 (button) (small blind) showed [7s Qd] and lost with high card King


PokerStars Hand #167083388030:  Hold'em Limit ($3/$6 USD) - 2017/03/04 1:29:48 ET
Table 'Britta' 6-max Seat #6 is the button
Seat 2: Agrotait ($85.69 in chips)
Seat 6: boblas99 ($282.02 in chips)
boblas99: posts small blind $1
Agrotait: posts big blind $3
*** HOLE CARDS ***
boblas99: raises $3 to $6
Agrotait: raises $3 to $9
boblas99: calls $3
*** FLOP *** [5s Ad Jh]
Agrotait: bets $3
boblas99: calls $3
*** TURN *** [5s Ad Jh] [3h]
Agrotait: checks
boblas99: bets $6
Agrotait: calls $6
*** RIVER *** [5s Ad Jh 3h] [2d]
Agrotait: checks
boblas99: bets $6
Agrotait: calls $6
*** SHOW DOWN ***
boblas99: shows [Ah 2c] (two pair, Aces and Deuces)
Agrotait: mucks hand
boblas99 collected $47.50 from pot
*** SUMMARY ***
Total pot $48 | Rake $0.50
Board [5s Ad Jh 3h 2d]
Seat 2: Agrotait (big blind) mucked
Seat 6: boblas99 (button) (small blind) showed [Ah 2c] and won ($47.50) with two pair, Aces and Deuces


PokerStars Hand #167083395656:  Hold'em Limit ($3/$6 USD) - 2017/03/04 1:30:14 ET
Table 'Britta' 6-max Seat #2 is the button
Seat 2: Agrotait ($61.69 in chips)
Seat 6: boblas99 ($305.52 in chips)
Agrotait: posts small blind $1
boblas99: posts big blind $3
*** HOLE CARDS ***
Agrotait: calls $2
boblas99: raises $3 to $6
Agrotait: calls $3
*** FLOP *** [8h Td Ad]
boblas99: checks
Agrotait: checks
*** TURN *** [8h Td Ad] [8c]
boblas99: bets $6
Agrotait: raises $6 to $12
boblas99: folds
Uncalled bet ($6) returned to Agrotait
Agrotait collected $23.52 from pot
Agrotait: doesn't show hand
*** SUMMARY ***
Total pot $24 | Rake $0.48
Board [8h Td Ad 8c]
Seat 2: Agrotait (button) (small blind) collected ($23.52)
Seat 6: boblas99 (big blind) folded on the Turn


PokerStars Hand #167083405416:  Hold'em Limit ($3/$6 USD) - 2017/03/04 1:30:46 ET
Table 'Britta' 6-max Seat #6 is the button
Seat 2: Agrotait ($73.21 in chips)
Seat 6: boblas99 ($293.52 in chips)
boblas99: posts small blind $1
Agrotait: posts big blind $3
*** HOLE CARDS ***
boblas99: raises $3 to $6
Agrotait: raises $3 to $9
boblas99: calls $3
*** FLOP *** [Tc 5d 8h]
Agrotait: bets $3
boblas99: calls $3
*** TURN *** [Tc 5d 8h] [2d]
Agrotait: checks
boblas99: bets $6
Agrotait: calls $6
*** RIVER *** [Tc 5d 8h 2d] [3h]
Agrotait: checks
boblas99: bets $6
Agrotait: calls $6
*** SHOW DOWN ***
boblas99: shows [6c 5c] (a pair of Fives)
Agrotait: mucks hand
boblas99 collected $47.50 from pot
*** SUMMARY ***
Total pot $48 | Rake $0.50
Board [Tc 5d 8h 2d 3h]
Seat 2: Agrotait (big blind) mucked
Seat 6: boblas99 (button) (small blind) showed [6c 5c] and won ($47.50) with a pair of Fives


PokerStars Hand #167083418967:  Hold'em Limit ($3/$6 USD) - 2017/03/04 1:31:32 ET
Table 'Britta' 6-max Seat #2 is the button
Seat 2: Agrotait ($72 in chips)
Seat 6: boblas99 ($317.02 in chips)
Agrotait: posts small blind $1
boblas99: posts big blind $3
*** HOLE CARDS ***
Agrotait: raises $3 to $6
boblas99: calls $3
*** FLOP *** [4d Td 3h]
boblas99: checks
Agrotait: checks
*** TURN *** [4d Td 3h] [8h]
boblas99: bets $6
Agrotait: calls $6
*** RIVER *** [4d Td 3h 8h] [2c]
boblas99: checks
Agrotait: checks
*** SHOW DOWN ***
boblas99: shows [7s Ks] (high card King)
Agrotait: shows [Jd Ac] (high card Ace)
Agrotait collected $23.52 from pot
*** SUMMARY ***
Total pot $24 | Rake $0.48
Board [4d Td 3h 8h 2c]
Seat 2: Agrotait (button) (small blind) showed [Jd Ac] and won ($23.52) with high card Ace
Seat 6: boblas99 (big blind) showed [7s Ks] and lost with high card King


PokerStars Hand #167083438072:  Hold'em Limit ($3/$6 USD) - 2017/03/04 1:32:37 ET
Table 'Britta' 6-max Seat #6 is the button
Seat 2: Agrotait ($106.66 in chips)
Seat 6: boblas99 ($281.02 in chips)
boblas99: posts small blind $1
Agrotait: posts big blind $3
*** HOLE CARDS ***
boblas99: folds
Uncalled bet ($2) returned to Agrotait
Agrotait collected $2 from pot
Agrotait: doesn't show hand
*** SUMMARY ***
Total pot $2 | Rake $0
Seat 2: Agrotait (big blind) collected ($2)
Seat 6: boblas99 (button) (small blind) folded before Flop


PokerStars Hand #167083424367:  Hold'em Limit ($3/$6 USD) - 2017/03/04 1:31:50 ET
Table 'Britta' 6-max Seat #6 is the button
Seat 2: Agrotait ($83.52 in chips)
Seat 6: boblas99 ($305.02 in chips)
boblas99: posts small blind $1
Agrotait: posts big blind $3
*** HOLE CARDS ***
boblas99: raises $3 to $6
Agrotait: calls $3
*** FLOP *** [Js Tc 4c]
Agrotait: checks
boblas99: bets $3
Agrotait: calls $3
*** TURN *** [Js Tc 4c] [8c]
Agrotait: checks
boblas99: checks
*** RIVER *** [Js Tc 4c 8c] [5s]
Agrotait: checks
boblas99: bets $6
Agrotait: calls $6
*** SHOW DOWN ***
boblas99: shows [Qd 7d] (high card Queen)
Agrotait: shows [Ad 6s] (high card Ace)
Agrotait collected $29.50 from pot
*** SUMMARY ***
Total pot $30 | Rake $0.50
Board [Js Tc 4c 8c 5s]
Seat 2: Agrotait (big blind) showed [Ad 6s] and won ($29.50) with high card Ace
Seat 6: boblas99 (button) (small blind) showed [Qd 7d] and lost with high card Queen


PokerStars Hand #167083432970:  Hold'em Limit ($3/$6 USD) - 2017/03/04 1:32:19 ET
Table 'Britta' 6-max Seat #2 is the button
Seat 2: Agrotait ($98.02 in chips)
Seat 6: boblas99 ($290.02 in chips)
Agrotait: posts small blind $1
boblas99: posts big blind $3
*** HOLE CARDS ***
Agrotait: raises $3 to $6
boblas99: calls $3
*** FLOP *** [2d Th Js]
boblas99: checks
Agrotait: bets $3
boblas99: calls $3
*** TURN *** [2d Th Js] [6c]
boblas99: checks
Agrotait: bets $6
boblas99: folds
Uncalled bet ($6) returned to Agrotait
Agrotait collected $17.64 from pot
Agrotait: doesn't show hand
*** SUMMARY ***
Total pot $18 | Rake $0.36
Board [2d Th Js 6c]
Seat 2: Agrotait (button) (small blind) collected ($17.64)
Seat 6: boblas99 (big blind) folded on the Turn


PokerStars Hand #167083439579:  Hold'em Limit ($3/$6 USD) - 2017/03/04 1:32:41 ET
Table 'Britta' 6-max Seat #2 is the button
Seat 2: Agrotait ($107.66 in chips)
Seat 6: boblas99 ($280.02 in chips)
Agrotait: posts small blind $1
boblas99: posts big blind $3
*** HOLE CARDS ***
Agrotait: raises $3 to $6
boblas99: raises $3 to $9
Agrotait: calls $3
*** FLOP *** [Ts 8h 8c]
boblas99: bets $3
Agrotait: calls $3
*** TURN *** [Ts 8h 8c] [8s]
boblas99: checks
Agrotait: checks
*** RIVER *** [Ts 8h 8c 8s] [2d]
boblas99: bets $6
Agrotait: calls $6
*** SHOW DOWN ***
boblas99: shows [3s Kc] (three of a kind, Eights)
Agrotait: shows [3h 3c] (a full house, Eights full of Threes)
Agrotait collected $35.50 from pot
*** SUMMARY ***
Total pot $36 | Rake $0.50
Board [Ts 8h 8c 8s 2d]
Seat 2: Agrotait (button) (small blind) showed [3h 3c] and won ($35.50) with a full house, Eights full of Threes
Seat 6: boblas99 (big blind) showed [3s Kc] and lost with three of a kind, Eights


PokerStars Hand #167083448565:  Hold'em Limit ($3/$6 USD) - 2017/03/04 1:33:11 ET
Table 'Britta' 6-max Seat #6 is the button
Seat 2: Agrotait ($125.16 in chips)
Seat 6: boblas99 ($262.02 in chips)
boblas99: posts small blind $1
Agrotait: posts big blind $3
*** HOLE CARDS ***
boblas99: raises $3 to $6
Agrotait: calls $3
*** FLOP *** [6c Th 2h]
Agrotait: checks
boblas99: bets $3
Agrotait: calls $3
*** TURN *** [6c Th 2h] [2c]
Agrotait: checks
boblas99: bets $6
Agrotait: calls $6
*** RIVER *** [6c Th 2h 2c] [7d]
Agrotait: checks
boblas99: checks
*** SHOW DOWN ***
Agrotait: shows [Kd 3c] (a pair of Deuces)
boblas99: shows [9s 6s] (two pair, Sixes and Deuces)
boblas99 collected $29.50 from pot
*** SUMMARY ***
Total pot $30 | Rake $0.50
Board [6c Th 2h 2c 7d]
Seat 2: Agrotait (big blind) showed [Kd 3c] and lost with a pair of Deuces
Seat 6: boblas99 (button) (small blind) showed [9s 6s] and won ($29.50) with two pair, Sixes and Deuces


PokerStars Hand #167083458270:  Hold'em Limit ($3/$6 USD) - 2017/03/04 1:33:43 ET
Table 'Britta' 6-max Seat #6 is the button
Seat 2: Agrotait ($113.04 in chips)
Seat 6: boblas99 ($273.52 in chips)
boblas99: posts small blind $1
Agrotait: posts big blind $3
*** HOLE CARDS ***
boblas99: raises $3 to $6
Agrotait: calls $3
*** FLOP *** [2c Qc Ts]
Agrotait: checks
boblas99: bets $3
Agrotait: folds
Uncalled bet ($3) returned to boblas99
boblas99 collected $11.76 from pot
boblas99: doesn't show hand
*** SUMMARY ***
Total pot $12 | Rake $0.24
Board [2c Qc Ts]
Seat 2: Agrotait (big blind) folded on the Flop
Seat 6: boblas99 (button) (small blind) collected ($11.76)


PokerStars Hand #167083454554:  Hold'em Limit ($3/$6 USD) - 2017/03/04 1:33:31 ET
Table 'Britta' 6-max Seat #2 is the button
Seat 2: Agrotait ($110.16 in chips)
Seat 6: boblas99 ($276.52 in chips)
Agrotait: posts small blind $1
boblas99: posts big blind $3
*** HOLE CARDS ***
Agrotait: calls $2
boblas99: checks
*** FLOP *** [Qh 2d Ks]
boblas99: checks
Agrotait: bets $3
boblas99: folds
Uncalled bet ($3) returned to Agrotait
Agrotait collected $5.88 from pot
Agrotait: doesn't show hand
*** SUMMARY ***
Total pot $6 | Rake $0.12
Board [Qh 2d Ks]
Seat 2: Agrotait (button) (small blind) collected ($5.88)
Seat 6: boblas99 (big blind) folded on the Flop


PokerStars Hand #167083463047:  Hold'em Limit ($3/$6 USD) - 2017/03/04 1:33:59 ET
Table 'Britta' 6-max Seat #2 is the button
Seat 2: Agrotait ($107.04 in chips)
Seat 6: boblas99 ($279.28 in chips)
Agrotait: posts small blind $1
boblas99: posts big blind $3
*** HOLE CARDS ***
Agrotait: raises $3 to $6
boblas99: calls $3
*** FLOP *** [2h 9h Js]
boblas99: checks
Agrotait: bets $3
boblas99: calls $3
*** TURN *** [2h 9h Js] [9c]
boblas99: checks
Agrotait: bets $6
boblas99: raises $6 to $12
Agrotait: calls $6
*** RIVER *** [2h 9h Js 9c] [Kc]
boblas99: checks
Agrotait: checks
*** SHOW DOWN ***
boblas99: shows [3c Jh] (two pair, Jacks and Nines)
Agrotait: mucks hand
boblas99 collected $41.50 from pot
*** SUMMARY ***
Total pot $42 | Rake $0.50
Board [2h 9h Js 9c Kc]
Seat 2: Agrotait (button) (small blind) mucked
Seat 6: boblas99 (big blind) showed [3c Jh] and won ($41.50) with two pair, Jacks and Nines


PokerStars Hand #167083479685:  Hold'em Limit ($3/$6 USD) - 2017/03/04 1:34:55 ET
Table 'Britta' 6-max Seat #2 is the button
Seat 2: Agrotait ($72 in chips)
Seat 6: boblas99 ($326.28 in chips)
Agrotait: posts small blind $1
boblas99: posts big blind $3
*** HOLE CARDS ***
Agrotait: raises $3 to $6
boblas99: calls $3
*** FLOP *** [Qh Kc Th]
boblas99: checks
Agrotait: bets $3
boblas99: calls $3
*** TURN *** [Qh Kc Th] [2d]
boblas99: checks
Agrotait: bets $6
boblas99: raises $6 to $12
Agrotait: raises $6 to $18
boblas99: folds
Uncalled bet ($6) returned to Agrotait
Agrotait collected $41.50 from pot
Agrotait: doesn't show hand
*** SUMMARY ***
Total pot $42 | Rake $0.50
Board [Qh Kc Th 2d]
Seat 2: Agrotait (button) (small blind) collected ($41.50)
Seat 6: boblas99 (big blind) folded on the Turn


PokerStars Hand #167083469685:  Hold'em Limit ($3/$6 USD) - 2017/03/04 1:34:21 ET
Table 'Britta' 6-max Seat #6 is the button
Seat 2: Agrotait ($86.04 in chips)
Seat 6: boblas99 ($299.78 in chips)
boblas99: posts small blind $1
Agrotait: posts big blind $3
*** HOLE CARDS ***
boblas99: raises $3 to $6
Agrotait: raises $3 to $9
boblas99: calls $3
*** FLOP *** [3h 2s Qs]
Agrotait: bets $3
boblas99: raises $3 to $6
Agrotait: calls $3
*** TURN *** [3h 2s Qs] [3c]
Agrotait: checks
boblas99: bets $6
Agrotait: calls $6
*** RIVER *** [3h 2s Qs 3c] [2d]
Agrotait: checks
boblas99: bets $6
Agrotait: calls $6
*** SHOW DOWN ***
boblas99: shows [3d Kc] (a full house, Threes full of Deuces)
Agrotait: mucks hand
boblas99 collected $53.50 from pot
*** SUMMARY ***
Total pot $54 | Rake $0.50
Board [3h 2s Qs 3c 2d]
Seat 2: Agrotait (big blind) mucked
Seat 6: boblas99 (button) (small blind) showed [3d Kc] and won ($53.50) with a full house, Threes full of Deuces


PokerStars Hand #167083486414:  Hold'em Limit ($3/$6 USD) - 2017/03/04 1:35:17 ET
Table 'Britta' 6-max Seat #6 is the button
Seat 2: Agrotait ($92.50 in chips)
Seat 6: boblas99 ($305.28 in chips)
boblas99: posts small blind $1
Agrotait: posts big blind $3
*** HOLE CARDS ***
boblas99: raises $3 to $6
Agrotait: calls $3
*** FLOP *** [Js Kc 5d]
Agrotait: checks
boblas99: bets $3
Agrotait: folds
Uncalled bet ($3) returned to boblas99
boblas99 collected $11.76 from pot
boblas99: doesn't show hand
*** SUMMARY ***
Total pot $12 | Rake $0.24
Board [Js Kc 5d]
Seat 2: Agrotait (big blind) folded on the Flop
Seat 6: boblas99 (button) (small blind) collected ($11.76)


PokerStars Hand #167083493401:  Hold'em Limit ($3/$6 USD) - 2017/03/04 1:35:41 ET
Table 'Britta' 6-max Seat #2 is the button
Seat 2: Agrotait ($86.50 in chips)
Seat 6: boblas99 ($311.04 in chips)
Agrotait: posts small blind $1
boblas99: posts big blind $3
*** HOLE CARDS ***
Agrotait: raises $3 to $6
boblas99: calls $3
*** FLOP *** [5d 2c 7d]
boblas99: bets $3
Agrotait: calls $3
*** TURN *** [5d 2c 7d] [Ks]
boblas99: checks
Agrotait: bets $6
boblas99: calls $6
*** RIVER *** [5d 2c 7d Ks] [3s]
boblas99: checks
Agrotait: bets $6
boblas99: raises $6 to $12
Agrotait: raises $6 to $18
boblas99: raises $6 to $24
Betting is capped
Agrotait: calls $6
*** SHOW DOWN ***
boblas99: shows [4s Ad] (a straight, Ace to Five)
Agrotait: shows [Ah 4d] (a straight, Ace to Five)
boblas99 collected $38.75 from pot
Agrotait collected $38.75 from pot
*** SUMMARY ***
Total pot $78 | Rake $0.50
Board [5d 2c 7d Ks 3s]
Seat 2: Agrotait (button) (small blind) showed [Ah 4d] and won ($38.75) with a straight, Ace to Five
Seat 6: boblas99 (big blind) showed [4s Ad] and won ($38.75) with a straight, Ace to Five


PokerStars Hand #167083509174:  Hold'em Limit ($3/$6 USD) - 2017/03/04 1:36:34 ET
Table 'Britta' 6-max Seat #2 is the button
Seat 2: Agrotait ($77.25 in chips)
Seat 6: boblas99 ($319.43 in chips)
Agrotait: posts small blind $1
boblas99: posts big blind $3
*** HOLE CARDS ***
Agrotait: raises $3 to $6
boblas99: raises $3 to $9
Agrotait: calls $3
*** FLOP *** [3c Kh Jc]
boblas99: bets $3
Agrotait: calls $3
*** TURN *** [3c Kh Jc] [3h]
boblas99: bets $6
Agrotait: folds
Uncalled bet ($6) returned to boblas99
boblas99 collected $23.52 from pot
boblas99: doesn't show hand
*** SUMMARY ***
Total pot $24 | Rake $0.48
Board [3c Kh Jc 3h]
Seat 2: Agrotait (button) (small blind) folded on the Turn
Seat 6: boblas99 (big blind) collected ($23.52)


PokerStars Hand #167083517237:  Hold'em Limit ($3/$6 USD) - 2017/03/04 1:37:01 ET
Table 'Britta' 6-max Seat #6 is the button
Seat 2: Agrotait ($65.25 in chips)
Seat 6: boblas99 ($330.95 in chips)
boblas99: posts small blind $1
Agrotait: posts big blind $3
*** HOLE CARDS ***
boblas99: raises $3 to $6
Agrotait: calls $3
*** FLOP *** [As Kd 6h]
Agrotait: checks
boblas99: bets $3
Agrotait: raises $3 to $6
boblas99: folds
Uncalled bet ($3) returned to Agrotait
Agrotait collected $17.64 from pot
Agrotait: doesn't show hand
*** SUMMARY ***
Total pot $18 | Rake $0.36
Board [As Kd 6h]
Seat 2: Agrotait (big blind) collected ($17.64)
Seat 6: boblas99 (button) (small blind) folded on the Flop


PokerStars Hand #167083502088:  Hold'em Limit ($3/$6 USD) - 2017/03/04 1:36:10 ET
Table 'Britta' 6-max Seat #6 is the button
Seat 2: Agrotait ($86.25 in chips)
Seat 6: boblas99 ($310.79 in chips)
boblas99: posts small blind $1
Agrotait: posts big blind $3
*** HOLE CARDS ***
boblas99: raises $3 to $6
Agrotait: calls $3
*** FLOP *** [4d Ad 8h]
Agrotait: checks
boblas99: bets $3
Agrotait: calls $3
*** TURN *** [4d Ad 8h] [Kc]
Agrotait: checks
boblas99: bets $6
Agrotait: folds
Uncalled bet ($6) returned to boblas99
boblas99 collected $17.64 from pot
boblas99: doesn't show hand
*** SUMMARY ***
Total pot $18 | Rake $0.36
Board [4d Ad 8h Kc]
Seat 2: Agrotait (big blind) folded on the Turn
Seat 6: boblas99 (button) (small blind) collected ($17.64)


PokerStars Hand #167083532529:  Hold'em Limit ($3/$6 USD) - 2017/03/04 1:37:52 ET
Table 'Britta' 6-max Seat #6 is the button
Seat 2: Agrotait ($83.41 in chips)
Seat 6: boblas99 ($311.83 in chips)
boblas99: posts small blind $1
Agrotait: posts big blind $3
*** HOLE CARDS ***
boblas99: raises $3 to $6
Agrotait: raises $3 to $9
boblas99: calls $3
*** FLOP *** [5s 4c 5h]
Agrotait: bets $3
boblas99: calls $3
*** TURN *** [5s 4c 5h] [6c]
Agrotait: checks
boblas99: bets $6
Agrotait: calls $6
*** RIVER *** [5s 4c 5h 6c] [Jd]
Agrotait: checks
boblas99: bets $6
Agrotait: calls $6
*** SHOW DOWN ***
boblas99: shows [Jc 8d] (two pair, Jacks and Fives)
Agrotait: mucks hand
boblas99 collected $47.50 from pot
*** SUMMARY ***
Total pot $48 | Rake $0.50
Board [5s 4c 5h 6c Jd]
Seat 2: Agrotait (big blind) mucked
Seat 6: boblas99 (button) (small blind) showed [Jc 8d] and won ($47.50) with two pair, Jacks and Fives


PokerStars Hand #167083526323:  Hold'em Limit ($3/$6 USD) - 2017/03/04 1:37:31 ET
Table 'Britta' 6-max Seat #2 is the button
Seat 2: Agrotait ($71.89 in chips)
Seat 6: boblas99 ($323.83 in chips)
Agrotait: posts small blind $1
boblas99: posts big blind $3
*** HOLE CARDS ***
Agrotait: calls $2
boblas99: checks
*** FLOP *** [Kc Jc 2h]
boblas99: checks
Agrotait: bets $3
boblas99: calls $3
*** TURN *** [Kc Jc 2h] [Tc]
boblas99: checks
Agrotait: checks
*** RIVER *** [Kc Jc 2h Tc] [4c]
boblas99: checks
Agrotait: bets $6
boblas99: calls $6
*** SHOW DOWN ***
Agrotait: shows [9c 5s] (a flush, King high)
boblas99: mucks hand
Agrotait collected $23.52 from pot
*** SUMMARY ***
Total pot $24 | Rake $0.48
Board [Kc Jc 2h Tc 4c]
Seat 2: Agrotait (button) (small blind) showed [9c 5s] and won ($23.52) with a flush, King high
Seat 6: boblas99 (big blind) mucked


PokerStars Hand #167083524859:  Hold'em Limit ($3/$6 USD) - 2017/03/04 1:37:26 ET
Table 'Britta' 6-max Seat #6 is the button
Seat 2: Agrotait ($70.89 in chips)
Seat 6: boblas99 ($324.83 in chips)
boblas99: posts small blind $1
Agrotait: posts big blind $3
*** HOLE CARDS ***
boblas99: folds
Uncalled bet ($2) returned to Agrotait
Agrotait collected $2 from pot
Agrotait: doesn't show hand
*** SUMMARY ***
Total pot $2 | Rake $0
Seat 2: Agrotait (big blind) collected ($2)
Seat 6: boblas99 (button) (small blind) folded before Flop


PokerStars Hand #167083521139:  Hold'em Limit ($3/$6 USD) - 2017/03/04 1:37:14 ET
Table 'Britta' 6-max Seat #2 is the button
Seat 2: Agrotait ($73.89 in chips)
Seat 6: boblas99 ($321.95 in chips)
Agrotait: posts small blind $1
boblas99: posts big blind $3
*** HOLE CARDS ***
Agrotait: calls $2
boblas99: checks
*** FLOP *** [Tc 9s 5c]
boblas99: bets $3
Agrotait: folds
Uncalled bet ($3) returned to boblas99
boblas99 collected $5.88 from pot
boblas99: doesn't show hand
*** SUMMARY ***
Total pot $6 | Rake $0.12
Board [Tc 9s 5c]
Seat 2: Agrotait (button) (small blind) folded on the Flop
Seat 6: boblas99 (big blind) collected ($5.88)


PokerStars Hand #167083546805:  Hold'em Limit ($3/$6 USD) - 2017/03/04 1:38:39 ET
Table 'Britta' 6-max Seat #6 is the button
Seat 2: Agrotait ($72 in chips)
Seat 6: boblas99 ($349.83 in chips)
boblas99: posts small blind $1
Agrotait: posts big blind $3
*** HOLE CARDS ***
boblas99: raises $3 to $6
Agrotait: calls $3
*** FLOP *** [8c Qc Ad]
Agrotait: checks
boblas99: bets $3
Agrotait: calls $3
*** TURN *** [8c Qc Ad] [8h]
Agrotait: checks
boblas99: bets $6
Agrotait: raises $6 to $12
boblas99: calls $6
*** RIVER *** [8c Qc Ad 8h] [9d]
Agrotait: bets $6
boblas99: calls $6
*** SHOW DOWN ***
Agrotait: shows [8s 5h] (three of a kind, Eights)
boblas99: mucks hand
Agrotait collected $53.50 from pot
*** SUMMARY ***
Total pot $54 | Rake $0.50
Board [8c Qc Ad 8h 9d]
Seat 2: Agrotait (big blind) showed [8s 5h] and won ($53.50) with three of a kind, Eights
Seat 6: boblas99 (button) (small blind) mucked


PokerStars Hand #167083555477:  Hold'em Limit ($3/$6 USD) - 2017/03/04 1:39:09 ET
Table 'Britta' 6-max Seat #6 is the button
Seat 2: Agrotait ($97.50 in chips)
Seat 6: boblas99 ($323.83 in chips)
boblas99: posts small blind $1
Agrotait: posts big blind $3
*** HOLE CARDS ***
boblas99: raises $3 to $6
Agrotait: folds
Uncalled bet ($3) returned to boblas99
boblas99 collected $6 from pot
boblas99: doesn't show hand
*** SUMMARY ***
Total pot $6 | Rake $0
Seat 2: Agrotait (big blind) folded before Flop
Seat 6: boblas99 (button) (small blind) collected ($6)


PokerStars Hand #167083552872:  Hold'em Limit ($3/$6 USD) - 2017/03/04 1:39:00 ET
Table 'Britta' 6-max Seat #2 is the button
Seat 2: Agrotait ($98.50 in chips)
Seat 6: boblas99 ($322.83 in chips)
Agrotait: posts small blind $1
boblas99: posts big blind $3
*** HOLE CARDS ***
Agrotait: folds
Uncalled bet ($2) returned to boblas99
boblas99 collected $2 from pot
kvn52 joins the table at seat #4
boblas99: doesn't show hand
*** SUMMARY ***
Total pot $2 | Rake $0
Seat 2: Agrotait (button) (small blind) folded before Flop
Seat 6: boblas99 (big blind) collected ($2)


PokerStars Hand #167083539914:  Hold'em Limit ($3/$6 USD) - 2017/03/04 1:38:16 ET
Table 'Britta' 6-max Seat #2 is the button
Seat 2: Agrotait ($72 in chips)
Seat 6: boblas99 ($335.33 in chips)
Agrotait: posts small blind $1
boblas99: posts big blind $3
*** HOLE CARDS ***
Agrotait: raises $3 to $6
boblas99: calls $3
*** FLOP *** [Ts 2d 5c]
boblas99: checks
Agrotait: bets $3
boblas99: calls $3
*** TURN *** [Ts 2d 5c] [4d]
boblas99: checks
Agrotait: bets $6
boblas99: calls $6
*** RIVER *** [Ts 2d 5c 4d] [2c]
boblas99: checks
Agrotait: checks
*** SHOW DOWN ***
boblas99: shows [5h 6h] (two pair, Fives and Deuces)
Agrotait: mucks hand
boblas99 collected $29.50 from pot
*** SUMMARY ***
Total pot $30 | Rake $0.50
Board [Ts 2d 5c 4d 2c]
Seat 2: Agrotait (button) (small blind) mucked
Seat 6: boblas99 (big blind) showed [5h 6h] and won ($29.50) with two pair, Fives and Deuces


PokerStars Hand #167087320175:  Hold'em Limit ($3/$6 USD) - 2017/03/04 4:46:55 ET
Table 'Britta' 6-max Seat #4 is the button
Seat 1: kudongo ($10.65 in chips)
Seat 4: Chessnok ($142.92 in chips)
Chessnok: posts small blind $1
kudongo: posts big blind $3
*** HOLE CARDS ***
Chessnok: raises $3 to $6
kudongo: folds
Uncalled bet ($3) returned to Chessnok
Chessnok collected $6 from pot
Chessnok: doesn't show hand
*** SUMMARY ***
Total pot $6 | Rake $0
Seat 1: kudongo (big blind) folded before Flop
Seat 4: Chessnok (button) (small blind) collected ($6)


PokerStars Hand #167087323411:  Hold'em Limit ($3/$6 USD) - 2017/03/04 4:47:03 ET
Table 'Britta' 6-max Seat #1 is the button
Seat 1: kudongo ($7.65 in chips)
Seat 4: Chessnok ($145.92 in chips)
kudongo: posts small blind $1
Chessnok: posts big blind $3
*** HOLE CARDS ***
kudongo: raises $3 to $6
Chessnok: raises $3 to $9
kudongo: calls $1.65 and is all-in
Uncalled bet ($1.35) returned to Chessnok
*** FLOP *** [Kc Jd Th]
*** TURN *** [Kc Jd Th] [2c]
*** RIVER *** [Kc Jd Th 2c] [3d]
*** SHOW DOWN ***
Chessnok: shows [Kh 5d] (a pair of Kings)
kudongo: shows [9d 3h] (a pair of Threes)
Chessnok collected $14.99 from pot
*** SUMMARY ***
Total pot $15.30 | Rake $0.31
Board [Kc Jd Th 2c 3d]
Seat 1: kudongo (button) (small blind) showed [9d 3h] and lost with a pair of Threes
Seat 4: Chessnok (big blind) showed [Kh 5d] and won ($14.99) with a pair of Kings


PokerStars Hand #167087317226:  Hold'em Limit ($3/$6 USD) - 2017/03/04 4:46:47 ET
Table 'Britta' 6-max Seat #1 is the button
Seat 1: kudongo ($7.65 in chips)
Seat 4: Chessnok ($145.92 in chips)
kudongo: posts small blind $1
Agrotait: is sitting out
Chessnok: posts big blind $3
*** HOLE CARDS ***
kudongo: raises $3 to $6
Agrotait leaves the table
Chessnok: folds
Uncalled bet ($3) returned to kudongo
kudongo collected $6 from pot
kudongo: doesn't show hand
*** SUMMARY ***
Total pot $6 | Rake $0
Seat 1: kudongo (button) (small blind) collected ($6)
Seat 4: Chessnok (big blind) folded before Flop


PokerStars Hand #167087342890:  Hold'em Limit ($3/$6 USD) - 2017/03/04 4:47:51 ET
Table 'Britta' 6-max Seat #6 is the button
Seat 4: Chessnok ($138.26 in chips)
Seat 6: 19woody58 ($134.50 in chips)
19woody58: posts small blind $1
Chessnok: posts big blind $3
*** HOLE CARDS ***
19woody58: folds
Uncalled bet ($2) returned to Chessnok
Chessnok collected $2 from pot
Chessnok: doesn't show hand
*** SUMMARY ***
Total pot $2 | Rake $0
Seat 4: Chessnok (big blind) collected ($2)
Seat 6: 19woody58 (button) (small blind) folded before Flop


PokerStars Hand #167087333986:  Hold'em Limit ($3/$6 USD) - 2017/03/04 4:47:29 ET
Table 'Britta' 6-max Seat #4 is the button
Seat 4: Chessnok ($153.26 in chips)
Seat 6: 19woody58 ($120 in chips)
Chessnok: posts small blind $1
19woody58: posts big blind $3
*** HOLE CARDS ***
Chessnok: raises $3 to $6
19woody58: calls $3
*** FLOP *** [7s 6s 4d]
19woody58: checks
Chessnok: bets $3
19woody58: calls $3
*** TURN *** [7s 6s 4d] [3c]
19woody58: checks
Chessnok: checks
*** RIVER *** [7s 6s 4d 3c] [Ah]
19woody58: bets $6
Chessnok: calls $6
*** SHOW DOWN ***
19woody58: shows [Kd Jd] (high card Ace)
Chessnok: mucks hand
19woody58 collected $29.50 from pot
*** SUMMARY ***
Total pot $30 | Rake $0.50
Board [7s 6s 4d 3c Ah]
Seat 4: Chessnok (button) (small blind) mucked
Seat 6: 19woody58 (big blind) showed [Kd Jd] and won ($29.50) with high card Ace


PokerStars Hand #167087354939:  Hold'em Limit ($3/$6 USD) - 2017/03/04 4:48:20 ET
Table 'Britta' 6-max Seat #6 is the button
Seat 4: Chessnok ($159.76 in chips)
Seat 6: 19woody58 ($112.50 in chips)
19woody58: posts small blind $1
Chessnok: posts big blind $3
*** HOLE CARDS ***
19woody58: raises $3 to $6
Chessnok: raises $3 to $9
19woody58: calls $3
*** FLOP *** [Ah 3h Ad]
Chessnok: bets $3
19woody58: calls $3
*** TURN *** [Ah 3h Ad] [7h]
Chessnok: bets $6
19woody58: folds
Uncalled bet ($6) returned to Chessnok
Chessnok collected $23.52 from pot
Chessnok: doesn't show hand
*** SUMMARY ***
Total pot $24 | Rake $0.48
Board [Ah 3h Ad 7h]
Seat 4: Chessnok (big blind) collected ($23.52)
Seat 6: 19woody58 (button) (small blind) folded on the Turn


PokerStars Hand #167087344976:  Hold'em Limit ($3/$6 USD) - 2017/03/04 4:47:56 ET
Table 'Britta' 6-max Seat #4 is the button
Seat 4: Chessnok ($139.26 in chips)
Seat 6: 19woody58 ($133.50 in chips)
Chessnok: posts small blind $1
19woody58: posts big blind $3
*** HOLE CARDS ***
Chessnok: raises $3 to $6
19woody58: calls $3
*** FLOP *** [7h As Ac]
19woody58: checks
Chessnok: bets $3
19woody58: calls $3
*** TURN *** [7h As Ac] [Kh]
19woody58: checks
Chessnok: bets $6
19woody58: calls $6
*** RIVER *** [7h As Ac Kh] [6h]
19woody58: checks
Chessnok: bets $6
19woody58: calls $6
*** SHOW DOWN ***
Chessnok: shows [9c Ad] (three of a kind, Aces)
19woody58: mucks hand
Chessnok collected $41.50 from pot
*** SUMMARY ***
Total pot $42 | Rake $0.50
Board [7h As Ac Kh 6h]
Seat 4: Chessnok (button) (small blind) showed [9c Ad] and won ($41.50) with three of a kind, Aces
Seat 6: 19woody58 (big blind) mucked


PokerStars Hand #167087362506:  Hold'em Limit ($3/$6 USD) - 2017/03/04 4:48:39 ET
Table 'Britta' 6-max Seat #4 is the button
Seat 4: Chessnok ($171.28 in chips)
Seat 6: 19woody58 ($100.50 in chips)
Chessnok: posts small blind $1
19woody58: posts big blind $3
*** HOLE CARDS ***
Chessnok: raises $3 to $6
19woody58: calls $3
*** FLOP *** [Jc 2c 7d]
19woody58: checks
Chessnok: bets $3
19woody58: folds
Uncalled bet ($3) returned to Chessnok
Chessnok collected $11.76 from pot
Chessnok: doesn't show hand
*** SUMMARY ***
Total pot $12 | Rake $0.24
Board [Jc 2c 7d]
Seat 4: Chessnok (button) (small blind) collected ($11.76)
Seat 6: 19woody58 (big blind) folded on the Flop


PokerStars Hand #167087376190:  Hold'em Limit ($3/$6 USD) - 2017/03/04 4:49:13 ET
Table 'Britta' 6-max Seat #4 is the button
Seat 4: Chessnok ($156.04 in chips)
Seat 6: 19woody58 ($115 in chips)
Chessnok: posts small blind $1
19woody58: posts big blind $3
*** HOLE CARDS ***
Chessnok: raises $3 to $6
19woody58: calls $3
*** FLOP *** [7d Js 8c]
19woody58: checks
Chessnok: bets $3
19woody58: calls $3
*** TURN *** [7d Js 8c] [Jc]
19woody58: checks
Chessnok: bets $6
19woody58: calls $6
*** RIVER *** [7d Js 8c Jc] [Qh]
19woody58: checks
Chessnok: bets $6
19woody58: calls $6
*** SHOW DOWN ***
Chessnok: shows [Kd Jd] (three of a kind, Jacks)
19woody58: mucks hand
Chessnok collected $41.50 from pot
*** SUMMARY ***
Total pot $42 | Rake $0.50
Board [7d Js 8c Jc Qh]
Seat 4: Chessnok (button) (small blind) showed [Kd Jd] and won ($41.50) with three of a kind, Jacks
Seat 6: 19woody58 (big blind) mucked


PokerStars Hand #167087367452:  Hold'em Limit ($3/$6 USD) - 2017/03/04 4:48:51 ET
Table 'Britta' 6-max Seat #6 is the button
Seat 4: Chessnok ($177.04 in chips)
Seat 6: 19woody58 ($94.50 in chips)
19woody58: posts small blind $1
Chessnok: posts big blind $3
*** HOLE CARDS ***
19woody58: raises $3 to $6
Chessnok: calls $3
*** FLOP *** [Ah 6c Jc]
Chessnok: checks
19woody58: bets $3
Chessnok: calls $3
*** TURN *** [Ah 6c Jc] [9s]
Chessnok: checks
19woody58: bets $6
Chessnok: calls $6
*** RIVER *** [Ah 6c Jc 9s] [3c]
Chessnok: checks
19woody58: bets $6
Chessnok: calls $6
*** SHOW DOWN ***
19woody58: shows [Qh Ac] (a pair of Aces)
Chessnok: mucks hand
19woody58 collected $41.50 from pot
*** SUMMARY ***
Total pot $42 | Rake $0.50
Board [Ah 6c Jc 9s 3c]
Seat 4: Chessnok (big blind) mucked
Seat 6: 19woody58 (button) (small blind) showed [Qh Ac] and won ($41.50) with a pair of Aces


PokerStars Hand #167087386508:  Hold'em Limit ($3/$6 USD) - 2017/03/04 4:49:39 ET
Table 'Britta' 6-max Seat #6 is the button
Seat 4: Chessnok ($176.54 in chips)
Seat 6: 19woody58 ($94 in chips)
19woody58: posts small blind $1
Chessnok: posts big blind $3
*** HOLE CARDS ***
19woody58: raises $3 to $6
Chessnok: calls $3
*** FLOP *** [8c 4c 7h]
Chessnok: checks
19woody58: bets $3
Chessnok: raises $3 to $6
19woody58: calls $3
*** TURN *** [8c 4c 7h] [5s]
Chessnok: bets $6
19woody58: calls $6
*** RIVER *** [8c 4c 7h 5s] [Kc]
Chessnok: checks
19woody58: checks
*** SHOW DOWN ***
Chessnok: shows [Qh 7s] (a pair of Sevens)
19woody58: mucks hand
Chessnok collected $35.50 from pot
*** SUMMARY ***
Total pot $36 | Rake $0.50
Board [8c 4c 7h 5s Kc]
Seat 4: Chessnok (big blind) showed [Qh 7s] and won ($35.50) with a pair of Sevens
Seat 6: 19woody58 (button) (small blind) mucked


PokerStars Hand #167087395071:  Hold'em Limit ($3/$6 USD) - 2017/03/04 4:50:00 ET
Table 'Britta' 6-max Seat #4 is the button
Seat 4: Chessnok ($194.04 in chips)
Seat 6: 19woody58 ($76 in chips)
Chessnok: posts small blind $1
19woody58: posts big blind $3
*** HOLE CARDS ***
Chessnok: raises $3 to $6
19woody58: folds
Uncalled bet ($3) returned to Chessnok
Chessnok collected $6 from pot
Chessnok: doesn't show hand
*** SUMMARY ***
Total pot $6 | Rake $0
Seat 4: Chessnok (button) (small blind) collected ($6)
Seat 6: 19woody58 (big blind) folded before Flop


PokerStars Hand #167087398212:  Hold'em Limit ($3/$6 USD) - 2017/03/04 4:50:07 ET
Table 'Britta' 6-max Seat #6 is the button
Seat 4: Chessnok ($197.04 in chips)
Seat 6: 19woody58 ($73 in chips)
19woody58: posts small blind $1
Chessnok: posts big blind $3
*** HOLE CARDS ***
19woody58: raises $3 to $6
Chessnok: calls $3
*** FLOP *** [8h 9h 8c]
Chessnok: checks
19woody58: bets $3
Chessnok: calls $3
*** TURN *** [8h 9h 8c] [Kh]
Chessnok: checks
19woody58: bets $6
Chessnok: raises $6 to $12
19woody58: calls $6
*** RIVER *** [8h 9h 8c Kh] [4d]
Chessnok: bets $6
19woody58: calls $6
*** SHOW DOWN ***
Chessnok: shows [2d Kd] (two pair, Kings and Eights)
19woody58: shows [7d Kc] (two pair, Kings and Eights)
Chessnok collected $26.75 from pot
19woody58 collected $26.75 from pot
*** SUMMARY ***
Total pot $54 | Rake $0.50
Board [8h 9h 8c Kh 4d]
Seat 4: Chessnok (big blind) showed [2d Kd] and won ($26.75) with two pair, Kings and Eights
Seat 6: 19woody58 (button) (small blind) showed [7d Kc] and won ($26.75) with two pair, Kings and Eights


PokerStars Hand #167087421864:  Hold'em Limit ($3/$6 USD) - 2017/03/04 4:51:06 ET
Table 'Britta' 6-max Seat #4 is the button
Seat 4: Chessnok ($222.93 in chips)
Seat 6: 19woody58 ($45.75 in chips)
Chessnok: posts small blind $1
19woody58: posts big blind $3
*** HOLE CARDS ***
Chessnok: raises $3 to $6
19woody58: calls $3
*** FLOP *** [6c Qc 7s]
19woody58: checks
Chessnok: bets $3
19woody58: calls $3
*** TURN *** [6c Qc 7s] [6s]
19woody58: checks
Chessnok: checks
*** RIVER *** [6c Qc 7s 6s] [7h]
19woody58: checks
Chessnok: bets $6
19woody58: calls $6
*** SHOW DOWN ***
Chessnok: shows [Kd Jh] (two pair, Sevens and Sixes)
19woody58: mucks hand
Chessnok collected $29.50 from pot
*** SUMMARY ***
Total pot $30 | Rake $0.50
Board [6c Qc 7s 6s 7h]
Seat 4: Chessnok (button) (small blind) showed [Kd Jh] and won ($29.50) with two pair, Sevens and Sixes
Seat 6: 19woody58 (big blind) mucked


PokerStars Hand #167087431221:  Hold'em Limit ($3/$6 USD) - 2017/03/04 4:51:30 ET
Table 'Britta' 6-max Seat #6 is the button
Seat 4: Chessnok ($237.43 in chips)
Seat 6: 19woody58 ($30.75 in chips)
19woody58: posts small blind $1
Chessnok: posts big blind $3
*** HOLE CARDS ***
19woody58: folds
Uncalled bet ($2) returned to Chessnok
Chessnok collected $2 from pot
Chessnok: doesn't show hand
*** SUMMARY ***
Total pot $2 | Rake $0
Seat 4: Chessnok (big blind) collected ($2)
Seat 6: 19woody58 (button) (small blind) folded before Flop


PokerStars Hand #167087412260:  Hold'em Limit ($3/$6 USD) - 2017/03/04 4:50:42 ET
Table 'Britta' 6-max Seat #6 is the button
Seat 4: Chessnok ($205.43 in chips)
Seat 6: 19woody58 ($63.75 in chips)
19woody58: posts small blind $1
Chessnok: posts big blind $3
*** HOLE CARDS ***
19woody58: raises $3 to $6
Chessnok: calls $3
*** FLOP *** [7s 5d Kh]
Chessnok: checks
19woody58: bets $3
Chessnok: raises $3 to $6
19woody58: calls $3
*** TURN *** [7s 5d Kh] [6c]
Chessnok: bets $6
19woody58: calls $6
*** RIVER *** [7s 5d Kh 6c] [8d]
Chessnok: checks
19woody58: checks
*** SHOW DOWN ***
Chessnok: shows [Qs 6s] (a pair of Sixes)
19woody58: mucks hand
Chessnok collected $35.50 from pot
*** SUMMARY ***
Total pot $36 | Rake $0.50
Board [7s 5d Kh 6c 8d]
Seat 4: Chessnok (big blind) showed [Qs 6s] and won ($35.50) with a pair of Sixes
Seat 6: 19woody58 (button) (small blind) mucked


PokerStars Hand #167087435083:  Hold'em Limit ($3/$6 USD) - 2017/03/04 4:51:39 ET
Table 'Britta' 6-max Seat #6 is the button
Seat 4: Chessnok ($237.43 in chips)
Seat 6: 19woody58 ($30.75 in chips)
19woody58: posts small blind $1
Chessnok: posts big blind $3
*** HOLE CARDS ***
19woody58: raises $3 to $6
Chessnok: calls $3
*** FLOP *** [7s 4d Th]
Chessnok: checks
19woody58: bets $3
Chessnok: calls $3
*** TURN *** [7s 4d Th] [Ac]
Chessnok: checks
19woody58: bets $6
Chessnok: calls $6
*** RIVER *** [7s 4d Th Ac] [6d]
Chessnok: checks
19woody58: checks
*** SHOW DOWN ***
Chessnok: shows [Ts 8c] (a pair of Tens)
19woody58: mucks hand
Chessnok collected $29.50 from pot
*** SUMMARY ***
Total pot $30 | Rake $0.50
Board [7s 4d Th Ac 6d]
Seat 4: Chessnok (big blind) showed [Ts 8c] and won ($29.50) with a pair of Tens
Seat 6: 19woody58 (button) (small blind) mucked


PokerStars Hand #167087451366:  Hold'em Limit ($3/$6 USD) - 2017/03/04 4:52:20 ET
Table 'Britta' 6-max Seat #6 is the button
Seat 4: Chessnok ($236.18 in chips)
Seat 6: 19woody58 ($31 in chips)
19woody58: posts small blind $1
Chessnok: posts big blind $3
*** HOLE CARDS ***
19woody58: raises $3 to $6
Chessnok: calls $3
*** FLOP *** [Jh 9c Ac]
Chessnok: checks
19woody58: bets $3
Chessnok: folds
Uncalled bet ($3) returned to 19woody58
19woody58 collected $11.76 from pot
*** SUMMARY ***
Total pot $12 | Rake $0.24
Board [Jh 9c Ac]
Seat 4: Chessnok (big blind) folded on the Flop
Seat 6: 19woody58 (button) (small blind) collected ($11.76)


PokerStars Hand #167087443265:  Hold'em Limit ($3/$6 USD) - 2017/03/04 4:52:00 ET
Table 'Britta' 6-max Seat #4 is the button
Seat 4: Chessnok ($251.93 in chips)
Seat 6: 19woody58 ($15.75 in chips)
Chessnok: posts small blind $1
19woody58: posts big blind $3
*** HOLE CARDS ***
Chessnok: raises $3 to $6
19woody58: calls $3
*** FLOP *** [6h 3d Jd]
19woody58: checks
Chessnok: bets $3
19woody58: calls $3
*** TURN *** [6h 3d Jd] [2s]
19woody58: checks
Chessnok: bets $6
19woody58: raises $0.75 to $6.75 and is all-in
Chessnok: calls $0.75
*** RIVER *** [6h 3d Jd 2s] [4h]
*** SHOW DOWN ***
19woody58: shows [Jh 2h] (two pair, Jacks and Deuces)
Chessnok: shows [9d As] (high card Ace)
19woody58 collected $31 from pot
*** SUMMARY ***
Total pot $31.50 | Rake $0.50
Board [6h 3d Jd 2s 4h]
Seat 4: Chessnok (button) (small blind) showed [9d As] and lost with high card Ace
Seat 6: 19woody58 (big blind) showed [Jh 2h] and won ($31) with two pair, Jacks and Deuces


PokerStars Hand #167087468820:  Hold'em Limit ($3/$6 USD) - 2017/03/04 4:53:04 ET
Table 'Britta' 6-max Seat #4 is the button
Seat 4: Chessnok ($226.94 in chips)
Seat 6: 19woody58 ($39.40 in chips)
Chessnok: posts small blind $1
19woody58: posts big blind $3
*** HOLE CARDS ***
Chessnok: raises $3 to $6
19woody58: folds
Uncalled bet ($3) returned to Chessnok
Chessnok collected $6 from pot
Chessnok: doesn't show hand
*** SUMMARY ***
Total pot $6 | Rake $0
Seat 4: Chessnok (button) (small blind) collected ($6)
Seat 6: 19woody58 (big blind) folded before Flop


PokerStars Hand #167087464539:  Hold'em Limit ($3/$6 USD) - 2017/03/04 4:52:53 ET
Table 'Britta' 6-max Seat #6 is the button
Seat 4: Chessnok ($221.18 in chips)
Seat 6: 19woody58 ($45.40 in chips)
19woody58: posts small blind $1
Chessnok: posts big blind $3
*** HOLE CARDS ***
19woody58: calls $2
Chessnok: raises $3 to $6
19woody58: calls $3
*** FLOP *** [3h 3d 2h]
Chessnok: bets $3
19woody58: folds
Uncalled bet ($3) returned to Chessnok
Chessnok collected $11.76 from pot
Chessnok: doesn't show hand
*** SUMMARY ***
Total pot $12 | Rake $0.24
Board [3h 3d 2h]
Seat 4: Chessnok (big blind) collected ($11.76)
Seat 6: 19woody58 (button) (small blind) folded on the Flop


PokerStars Hand #167087455444:  Hold'em Limit ($3/$6 USD) - 2017/03/04 4:52:30 ET
Table 'Britta' 6-max Seat #4 is the button
Seat 4: Chessnok ($230.18 in chips)
Seat 6: 19woody58 ($36.76 in chips)
Chessnok: posts small blind $1
19woody58: posts big blind $3
*** HOLE CARDS ***
Chessnok: raises $3 to $6
19woody58: calls $3
*** FLOP *** [5c Jh 9s]
19woody58: checks
Chessnok: bets $3
19woody58: calls $3
*** TURN *** [5c Jh 9s] [Qd]
19woody58: checks
Chessnok: checks
*** RIVER *** [5c Jh 9s Qd] [4c]
19woody58: bets $6
Chessnok: folds
Uncalled bet ($6) returned to 19woody58
19woody58 collected $17.64 from pot
*** SUMMARY ***
Total pot $18 | Rake $0.36
Board [5c Jh 9s Qd 4c]
Seat 4: Chessnok (button) (small blind) folded on the River
Seat 6: 19woody58 (big blind) collected ($17.64)


PokerStars Hand #167087480368:  Hold'em Limit ($3/$6 USD) - 2017/03/04 4:53:33 ET
Table 'Britta' 6-max Seat #6 is the button
Seat 4: Chessnok ($252.44 in chips)
Seat 6: 19woody58 ($13.40 in chips)
19woody58: posts small blind $1
Chessnok: posts big blind $3
*** HOLE CARDS ***
19woody58: folds
Uncalled bet ($2) returned to Chessnok
Chessnok collected $2 from pot
Chessnok: doesn't show hand
*** SUMMARY ***
Total pot $2 | Rake $0
Seat 4: Chessnok (big blind) collected ($2)
Seat 6: 19woody58 (button) (small blind) folded before Flop


PokerStars Hand #167087470910:  Hold'em Limit ($3/$6 USD) - 2017/03/04 4:53:09 ET
Table 'Britta' 6-max Seat #6 is the button
Seat 4: Chessnok ($229.94 in chips)
Seat 6: 19woody58 ($36.40 in chips)
19woody58: posts small blind $1
Chessnok: posts big blind $3
*** HOLE CARDS ***
19woody58: raises $3 to $6
Chessnok: raises $3 to $9
19woody58: calls $3
*** FLOP *** [2c 5s 7s]
Chessnok: bets $3
19woody58: calls $3
*** TURN *** [2c 5s 7s] [9d]
Chessnok: bets $6
19woody58: calls $6
*** RIVER *** [2c 5s 7s 9d] [9s]
Chessnok: bets $6
19woody58: calls $6
*** SHOW DOWN ***
Chessnok: shows [7d 7c] (a full house, Sevens full of Nines)
19woody58: mucks hand
Chessnok collected $47.50 from pot
*** SUMMARY ***
Total pot $48 | Rake $0.50
Board [2c 5s 7s 9d 9s]
Seat 4: Chessnok (big blind) showed [7d 7c] and won ($47.50) with a full house, Sevens full of Nines
Seat 6: 19woody58 (button) (small blind) mucked


PokerStars Hand #167087500508:  Hold'em Limit ($3/$6 USD) - 2017/03/04 4:54:23 ET
Table 'Britta' 6-max Seat #6 is the button
Seat 4: Chessnok ($221.04 in chips)
Seat 6: 19woody58 ($43.80 in chips)
19woody58: posts small blind $1
Chessnok: posts big blind $3
*** HOLE CARDS ***
19woody58: folds
Uncalled bet ($2) returned to Chessnok
Chessnok collected $2 from pot
Chessnok: doesn't show hand
*** SUMMARY ***
Total pot $2 | Rake $0
Seat 4: Chessnok (big blind) collected ($2)
Seat 6: 19woody58 (button) (small blind) folded before Flop


PokerStars Hand #167087491805:  Hold'em Limit ($3/$6 USD) - 2017/03/04 4:54:01 ET
Table 'Britta' 6-max Seat #4 is the button
Seat 4: Chessnok ($242.04 in chips)
Seat 6: 19woody58 ($23.30 in chips)
Chessnok: posts small blind $1
19woody58: posts big blind $3
*** HOLE CARDS ***
Chessnok: raises $3 to $6
19woody58: calls $3
*** FLOP *** [2h Ah 7c]
19woody58: checks
Chessnok: bets $3
19woody58: calls $3
*** TURN *** [2h Ah 7c] [3c]
19woody58: checks
Chessnok: checks
*** RIVER *** [2h Ah 7c 3c] [Kd]
19woody58: bets $6
Chessnok: raises $6 to $12
19woody58: calls $6
*** SHOW DOWN ***
Chessnok: shows [4s 9s] (high card Ace)
19woody58: shows [7d Kh] (two pair, Kings and Sevens)
19woody58 collected $41.50 from pot
*** SUMMARY ***
Total pot $42 | Rake $0.50
Board [2h Ah 7c 3c Kd]
Seat 4: Chessnok (button) (small blind) showed [4s 9s] and lost with high card Ace
Seat 6: 19woody58 (big blind) showed [7d Kh] and won ($41.50) with two pair, Kings and Sevens


PokerStars Hand #167087482401:  Hold'em Limit ($3/$6 USD) - 2017/03/04 4:53:38 ET
Table 'Britta' 6-max Seat #4 is the button
Seat 4: Chessnok ($253.44 in chips)
Seat 6: 19woody58 ($12.40 in chips)
Chessnok: posts small blind $1
19woody58: posts big blind $3
*** HOLE CARDS ***
Chessnok: raises $3 to $6
19woody58: calls $3
*** FLOP *** [Ad 8c Td]
19woody58: checks
Chessnok: bets $3
19woody58: raises $3 to $6
Chessnok: raises $3 to $9
19woody58: calls $0.40 and is all-in
Uncalled bet ($2.60) returned to Chessnok
*** TURN *** [Ad 8c Td] [8d]
*** RIVER *** [Ad 8c Td 8d] [5d]
*** SHOW DOWN ***
19woody58: shows [8s Ks] (three of a kind, Eights)
Chessnok: shows [3c Th] (two pair, Tens and Eights)
19woody58 collected $24.30 from pot
*** SUMMARY ***
Total pot $24.80 | Rake $0.50
Board [Ad 8c Td 8d 5d]
Seat 4: Chessnok (button) (small blind) showed [3c Th] and lost with two pair, Tens and Eights
Seat 6: 19woody58 (big blind) showed [8s Ks] and won ($24.30) with three of a kind, Eights


PokerStars Hand #167087489754:  Hold'em Limit ($3/$6 USD) - 2017/03/04 4:53:56 ET
Table 'Britta' 6-max Seat #6 is the button
Seat 4: Chessnok ($241.04 in chips)
Seat 6: 19woody58 ($24.30 in chips)
19woody58: posts small blind $1
Chessnok: posts big blind $3
*** HOLE CARDS ***
19woody58: folds
Uncalled bet ($2) returned to Chessnok
Chessnok collected $2 from pot
Chessnok: doesn't show hand
*** SUMMARY ***
Total pot $2 | Rake $0
Seat 4: Chessnok (big blind) collected ($2)
Seat 6: 19woody58 (button) (small blind) folded before Flop


PokerStars Hand #167087513704:  Hold'em Limit ($3/$6 USD) - 2017/03/04 4:54:56 ET
Table 'Britta' 6-max Seat #4 is the button
Seat 4: Chessnok ($243.54 in chips)
Seat 6: 19woody58 ($20.80 in chips)
Chessnok: posts small blind $1
19woody58: posts big blind $3
*** HOLE CARDS ***
Chessnok: raises $3 to $6
AzureCaper joins the table at seat #1
19woody58: calls $3
*** FLOP *** [8h Qh 9h]
19woody58: checks
Chessnok: checks
*** TURN *** [8h Qh 9h] [7c]
19woody58: bets $6
Chessnok: calls $6
*** RIVER *** [8h Qh 9h 7c] [Jc]
19woody58: bets $6
Chessnok: raises $6 to $12
19woody58: calls $2.80 and is all-in
Uncalled bet ($3.20) returned to Chessnok
*** SHOW DOWN ***
Chessnok: shows [5c Tc] (a straight, Eight to Queen)
19woody58: shows [3d Qd] (a pair of Queens)
Chessnok collected $41.10 from pot
*** SUMMARY ***
Total pot $41.60 | Rake $0.50
Board [8h Qh 9h 7c Jc]
Seat 4: Chessnok (button) (small blind) showed [5c Tc] and won ($41.10) with a straight, Eight to Queen
Seat 6: 19woody58 (big blind) showed [3d Qd] and lost with a pair of Queens


PokerStars Hand #167087511818:  Hold'em Limit ($3/$6 USD) - 2017/03/04 4:54:51 ET
Table 'Britta' 6-max Seat #6 is the button
Seat 4: Chessnok ($242.54 in chips)
Seat 6: 19woody58 ($21.80 in chips)
19woody58: posts small blind $1
Chessnok: posts big blind $3
*** HOLE CARDS ***
19woody58: folds
Uncalled bet ($2) returned to Chessnok
Chessnok collected $2 from pot
Chessnok: doesn't show hand
*** SUMMARY ***
Total pot $2 | Rake $0
Seat 4: Chessnok (big blind) collected ($2)
Seat 6: 19woody58 (button) (small blind) folded before Flop


PokerStars Hand #167087502464:  Hold'em Limit ($3/$6 USD) - 2017/03/04 4:54:28 ET
Table 'Britta' 6-max Seat #4 is the button
Seat 4: Chessnok ($222.04 in chips)
Seat 6: 19woody58 ($42.80 in chips)
Chessnok: posts small blind $1
19woody58: posts big blind $3
*** HOLE CARDS ***
Chessnok: raises $3 to $6
19woody58: calls $3
*** FLOP *** [4h 5c Tc]
19woody58: checks
Chessnok: bets $3
19woody58: calls $3
*** TURN *** [4h 5c Tc] [Kc]
19woody58: checks
Chessnok: bets $6
19woody58: calls $6
*** RIVER *** [4h 5c Tc Kc] [2h]
19woody58: checks
Chessnok: bets $6
19woody58: calls $6
*** SHOW DOWN ***
Chessnok: shows [7c Ac] (a flush, Ace high)
19woody58: mucks hand
Chessnok collected $41.50 from pot
*** SUMMARY ***
Total pot $42 | Rake $0.50
Board [4h 5c Tc Kc 2h]
Seat 4: Chessnok (button) (small blind) showed [7c Ac] and won ($41.50) with a flush, Ace high
Seat 6: 19woody58 (big blind) mucked


