PokerStars Hand #173879634253:  Hold'em Limit ($3/$6 USD) - 2017/08/03 15:18:31 ET
Table 'Britta' 6-max Seat #1 is the button
Seat 1: Zubasa07 ($300 in chips)
Seat 5: igorkabmw ($48 in chips)
Zubasa07: posts small blind $1
igorkabmw: posts big blind $3
*** HOLE CARDS ***
Zubasa07: raises $3 to $6
GoliafUa joins the table at seat #6
igorkabmw: calls $3
*** FLOP *** [Kh Jd Ad]
igorkabmw: checks
Zubasa07: bets $3
igorkabmw: calls $3
*** TURN *** [Kh Jd Ad] [9s]
igorkabmw: checks
Zubasa07: checks
*** RIVER *** [Kh Jd Ad 9s] [2h]
igorkabmw: checks
Zubasa07: bets $6
igorkabmw: folds
Uncalled bet ($6) returned to Zubasa07
Zubasa07 collected $17.64 from pot
Zubasa07: doesn't show hand
*** SUMMARY ***
Total pot $18 | Rake $0.36
Board [Kh Jd Ad 9s 2h]
Seat 1: Zubasa07 (button) (small blind) collected ($17.64)
Seat 5: igorkabmw (big blind) folded on the River


PokerStars Hand #173880441240:  Hold'em Limit ($3/$6 USD) - 2017/08/03 15:36:52 ET
Table 'Britta' 6-max Seat #5 is the button
Seat 3: uglyghost101 ($91.89 in chips)
Seat 5: Great_Kang ($120 in chips)
Great_Kang: posts small blind $1
ToDaFelt: is sitting out
uglyghost101: posts big blind $3
*** HOLE CARDS ***
ToDaFelt leaves the table
Great_Kang: raises $3 to $6
uglyghost101: calls $3
*** FLOP *** [4c 5s 5d]
uglyghost101: checks
Great_Kang: bets $3
Zubasa07 leaves the table
uglyghost101: calls $3
*** TURN *** [4c 5s 5d] [Qc]
uglyghost101: checks
Great_Kang: bets $6
uglyghost101: folds
Uncalled bet ($6) returned to Great_Kang
Great_Kang collected $17.64 from pot
Great_Kang: doesn't show hand
*** SUMMARY ***
Total pot $18 | Rake $0.36
Board [4c 5s 5d Qc]
Seat 3: uglyghost101 (big blind) folded on the Turn
Seat 5: Great_Kang (button) (small blind) collected ($17.64)


PokerStars Hand #173880467969:  Hold'em Limit ($3/$6 USD) - 2017/08/03 15:37:28 ET
Table 'Britta' 6-max Seat #3 is the button
Seat 3: uglyghost101 ($82.89 in chips)
Seat 5: Great_Kang ($128.64 in chips)
uglyghost101: posts small blind $1
Great_Kang: posts big blind $3
*** HOLE CARDS ***
uglyghost101: raises $3 to $6
Great_Kang: raises $3 to $9
uglyghost101: calls $3
*** FLOP *** [Kh 8c 8s]
Great_Kang: bets $3
uglyghost101: raises $3 to $6
Great_Kang: calls $3
*** TURN *** [Kh 8c 8s] [9s]
Great_Kang: checks
uglyghost101: checks
*** RIVER *** [Kh 8c 8s 9s] [5s]
Great_Kang: bets $6
uglyghost101: folds
Uncalled bet ($6) returned to Great_Kang
Great_Kang collected $29.50 from pot
Great_Kang: doesn't show hand
*** SUMMARY ***
Total pot $30 | Rake $0.50
Board [Kh 8c 8s 9s 5s]
Seat 3: uglyghost101 (button) (small blind) folded on the River
Seat 5: Great_Kang (big blind) collected ($29.50)


PokerStars Hand #173880521871:  Hold'em Limit ($3/$6 USD) - 2017/08/03 15:38:40 ET
Table 'Britta' 6-max Seat #3 is the button
Seat 3: uglyghost101 ($67.71 in chips)
Seat 5: Great_Kang ($142.96 in chips)
uglyghost101: posts small blind $1
Great_Kang: posts big blind $3
*** HOLE CARDS ***
uglyghost101: raises $3 to $6
Great_Kang: calls $3
*** FLOP *** [Qc 8d 3h]
Great_Kang: checks
uglyghost101: bets $3
Great_Kang: calls $3
*** TURN *** [Qc 8d 3h] [5s]
Great_Kang: checks
uglyghost101: checks
*** RIVER *** [Qc 8d 3h 5s] [9h]
Great_Kang: checks
uglyghost101: checks
*** SHOW DOWN ***
Great_Kang: shows [As 4d] (high card Ace)
uglyghost101: shows [Ah Td] (high card Ace - Queen+Ten kicker)
uglyghost101 collected $17.64 from pot
*** SUMMARY ***
Total pot $18 | Rake $0.36
Board [Qc 8d 3h 5s 9h]
Seat 3: uglyghost101 (button) (small blind) showed [Ah Td] and won ($17.64) with high card Ace
Seat 5: Great_Kang (big blind) showed [As 4d] and lost with high card Ace


PokerStars Hand #173880582346:  Hold'em Limit ($3/$6 USD) - 2017/08/03 15:40:02 ET
Table 'Britta' 6-max Seat #3 is the button
Seat 3: uglyghost101 ($90.85 in chips)
Seat 5: Great_Kang ($120 in chips)
uglyghost101: posts small blind $1
Great_Kang: posts big blind $3
*** HOLE CARDS ***
uglyghost101: folds
Uncalled bet ($2) returned to Great_Kang
Great_Kang collected $2 from pot
Great_Kang: doesn't show hand
*** SUMMARY ***
Total pot $2 | Rake $0
Seat 3: uglyghost101 (button) (small blind) folded before Flop
Seat 5: Great_Kang (big blind) collected ($2)


PokerStars Hand #173880549460:  Hold'em Limit ($3/$6 USD) - 2017/08/03 15:39:18 ET
Table 'Britta' 6-max Seat #5 is the button
Seat 3: uglyghost101 ($76.35 in chips)
Seat 5: Great_Kang ($133.96 in chips)
Great_Kang: posts small blind $1
uglyghost101: posts big blind $3
*** HOLE CARDS ***
Great_Kang: raises $3 to $6
uglyghost101: calls $3
*** FLOP *** [7c Qd 8h]
uglyghost101: checks
Great_Kang: bets $3
uglyghost101: calls $3
*** TURN *** [7c Qd 8h] [6h]
uglyghost101: checks
Great_Kang: checks
*** RIVER *** [7c Qd 8h 6h] [Qc]
uglyghost101: bets $6
Great_Kang: calls $6
*** SHOW DOWN ***
uglyghost101: shows [5d 5h] (two pair, Queens and Fives)
Great_Kang: mucks hand
uglyghost101 collected $29.50 from pot
*** SUMMARY ***
Total pot $30 | Rake $0.50
Board [7c Qd 8h 6h Qc]
Seat 3: uglyghost101 (big blind) showed [5d 5h] and won ($29.50) with two pair, Queens and Fives
Seat 5: Great_Kang (button) (small blind) mucked


PokerStars Hand #173880587782:  Hold'em Limit ($3/$6 USD) - 2017/08/03 15:40:10 ET
Table 'Britta' 6-max Seat #5 is the button
Seat 3: uglyghost101 ($89.85 in chips)
Seat 5: Great_Kang ($121 in chips)
Great_Kang: posts small blind $1
uglyghost101: posts big blind $3
*** HOLE CARDS ***
Great_Kang: raises $3 to $6
uglyghost101: calls $3
*** FLOP *** [2d 8c Jd]
uglyghost101: checks
Great_Kang: bets $3
uglyghost101: calls $3
*** TURN *** [2d 8c Jd] [4d]
uglyghost101: checks
Great_Kang: checks
*** RIVER *** [2d 8c Jd 4d] [2h]
uglyghost101: checks
Great_Kang: bets $6
uglyghost101: calls $6
*** SHOW DOWN ***
Great_Kang: shows [Qd 2c] (three of a kind, Deuces)
uglyghost101: mucks hand
Great_Kang collected $29.50 from pot
*** SUMMARY ***
Total pot $30 | Rake $0.50
Board [2d 8c Jd 4d 2h]
Seat 3: uglyghost101 (big blind) mucked
Seat 5: Great_Kang (button) (small blind) showed [Qd 2c] and won ($29.50) with three of a kind, Deuces


PokerStars Hand #173880613423:  Hold'em Limit ($3/$6 USD) - 2017/08/03 15:40:44 ET
Table 'Britta' 6-max Seat #3 is the button
Seat 3: uglyghost101 ($74.85 in chips)
Seat 5: Great_Kang ($135.50 in chips)
uglyghost101: posts small blind $1
Great_Kang: posts big blind $3
*** HOLE CARDS ***
uglyghost101: raises $3 to $6
Great_Kang: calls $3
*** FLOP *** [4c 5s 5d]
Great_Kang: checks
uglyghost101: bets $3
Great_Kang: calls $3
*** TURN *** [4c 5s 5d] [Ad]
Great_Kang: checks
uglyghost101: checks
*** RIVER *** [4c 5s 5d Ad] [Js]
Great_Kang: checks
uglyghost101: checks
*** SHOW DOWN ***
Great_Kang: shows [Qc 2h] (a pair of Fives)
uglyghost101: mucks hand
Great_Kang collected $17.64 from pot
*** SUMMARY ***
Total pot $18 | Rake $0.36
Board [4c 5s 5d Ad Js]
Seat 3: uglyghost101 (button) (small blind) mucked
Seat 5: Great_Kang (big blind) showed [Qc 2h] and won ($17.64) with a pair of Fives


PokerStars Hand #173880679143:  Hold'em Limit ($3/$6 USD) - 2017/08/03 15:42:12 ET
Table 'Britta' 6-max Seat #5 is the button
Seat 3: uglyghost101 ($86.01 in chips)
Seat 5: Great_Kang ($123.14 in chips)
Great_Kang: posts small blind $1
uglyghost101: posts big blind $3
*** HOLE CARDS ***
Great_Kang: raises $3 to $6
uglyghost101: folds
Uncalled bet ($3) returned to Great_Kang
Great_Kang collected $6 from pot
Great_Kang: doesn't show hand
*** SUMMARY ***
Total pot $6 | Rake $0
Seat 3: uglyghost101 (big blind) folded before Flop
Seat 5: Great_Kang (button) (small blind) collected ($6)


PokerStars Hand #173880659802:  Hold'em Limit ($3/$6 USD) - 2017/08/03 15:41:46 ET
Table 'Britta' 6-max Seat #3 is the button
Seat 3: uglyghost101 ($77.37 in chips)
Seat 5: Great_Kang ($132.14 in chips)
uglyghost101: posts small blind $1
Great_Kang: posts big blind $3
*** HOLE CARDS ***
uglyghost101: raises $3 to $6
Great_Kang: calls $3
*** FLOP *** [Qh 8h Kh]
Great_Kang: checks
uglyghost101: bets $3
Great_Kang: calls $3
*** TURN *** [Qh 8h Kh] [8c]
Great_Kang: checks
uglyghost101: bets $6
Great_Kang: folds
Uncalled bet ($6) returned to uglyghost101
uglyghost101 collected $17.64 from pot
uglyghost101: doesn't show hand
*** SUMMARY ***
Total pot $18 | Rake $0.36
Board [Qh 8h Kh 8c]
Seat 3: uglyghost101 (button) (small blind) collected ($17.64)
Seat 5: Great_Kang (big blind) folded on the Turn


PokerStars Hand #173880639352:  Hold'em Limit ($3/$6 USD) - 2017/08/03 15:41:19 ET
Table 'Britta' 6-max Seat #5 is the button
Seat 3: uglyghost101 ($65.85 in chips)
Seat 5: Great_Kang ($144.14 in chips)
Great_Kang: posts small blind $1
uglyghost101: posts big blind $3
*** HOLE CARDS ***
Great_Kang: raises $3 to $6
uglyghost101: raises $3 to $9
Great_Kang: calls $3
*** FLOP *** [Jd 4d 2h]
uglyghost101: bets $3
Great_Kang: calls $3
*** TURN *** [Jd 4d 2h] [Qh]
uglyghost101: bets $6
Great_Kang: folds
Uncalled bet ($6) returned to uglyghost101
uglyghost101 collected $23.52 from pot
uglyghost101: doesn't show hand
*** SUMMARY ***
Total pot $24 | Rake $0.48
Board [Jd 4d 2h Qh]
Seat 3: uglyghost101 (big blind) collected ($23.52)
Seat 5: Great_Kang (button) (small blind) folded on the Turn


PokerStars Hand #173880686803:  Hold'em Limit ($3/$6 USD) - 2017/08/03 15:42:22 ET
Table 'Britta' 6-max Seat #3 is the button
Seat 3: uglyghost101 ($83.01 in chips)
Seat 5: Great_Kang ($126.14 in chips)
uglyghost101: posts small blind $1
Great_Kang: posts big blind $3
*** HOLE CARDS ***
uglyghost101: raises $3 to $6
Great_Kang: calls $3
*** FLOP *** [7s Jd 9c]
Great_Kang: checks
uglyghost101: bets $3
Great_Kang: calls $3
*** TURN *** [7s Jd 9c] [As]
Great_Kang: checks
uglyghost101: bets $6
Great_Kang: folds
Uncalled bet ($6) returned to uglyghost101
uglyghost101 collected $17.64 from pot
uglyghost101: doesn't show hand
*** SUMMARY ***
Total pot $18 | Rake $0.36
Board [7s Jd 9c As]
Seat 3: uglyghost101 (button) (small blind) collected ($17.64)
Seat 5: Great_Kang (big blind) folded on the Turn


PokerStars Hand #173880707387:  Hold'em Limit ($3/$6 USD) - 2017/08/03 15:42:50 ET
Table 'Britta' 6-max Seat #5 is the button
Seat 3: uglyghost101 ($91.65 in chips)
Seat 5: Great_Kang ($120 in chips)
Great_Kang: posts small blind $1
uglyghost101: posts big blind $3
*** HOLE CARDS ***
Great_Kang: raises $3 to $6
uglyghost101: calls $3
*** FLOP *** [Ts Ac Jd]
uglyghost101: bets $3
Great_Kang: calls $3
*** TURN *** [Ts Ac Jd] [Ah]
uglyghost101: checks
Great_Kang: bets $6
uglyghost101: folds
Uncalled bet ($6) returned to Great_Kang
Great_Kang collected $17.64 from pot
Great_Kang: doesn't show hand
*** SUMMARY ***
Total pot $18 | Rake $0.36
Board [Ts Ac Jd Ah]
Seat 3: uglyghost101 (big blind) folded on the Turn
Seat 5: Great_Kang (button) (small blind) collected ($17.64)


PokerStars Hand #173880729629:  Hold'em Limit ($3/$6 USD) - 2017/08/03 15:43:20 ET
Table 'Britta' 6-max Seat #3 is the button
Seat 3: uglyghost101 ($82.65 in chips)
Seat 5: Great_Kang ($128.64 in chips)
uglyghost101: posts small blind $1
Great_Kang: posts big blind $3
*** HOLE CARDS ***
uglyghost101: raises $3 to $6
Great_Kang: calls $3
*** FLOP *** [5s Qs 5h]
Great_Kang: checks
uglyghost101: bets $3
Great_Kang: raises $3 to $6
uglyghost101: folds
Uncalled bet ($3) returned to Great_Kang
Great_Kang collected $17.64 from pot
Great_Kang: doesn't show hand
*** SUMMARY ***
Total pot $18 | Rake $0.36
Board [5s Qs 5h]
Seat 3: uglyghost101 (button) (small blind) folded on the Flop
Seat 5: Great_Kang (big blind) collected ($17.64)


PokerStars Hand #173880749314:  Hold'em Limit ($3/$6 USD) - 2017/08/03 15:43:47 ET
Table 'Britta' 6-max Seat #5 is the button
Seat 3: uglyghost101 ($73.65 in chips)
Seat 5: Great_Kang ($137.28 in chips)
Great_Kang: posts small blind $1
uglyghost101: posts big blind $3
*** HOLE CARDS ***
Great_Kang: raises $3 to $6
uglyghost101: raises $3 to $9
Great_Kang: calls $3
*** FLOP *** [2s Ah 3c]
uglyghost101: bets $3
Great_Kang: calls $3
*** TURN *** [2s Ah 3c] [3s]
melyh82 joins the table at seat #4
uglyghost101: bets $6
Great_Kang: calls $6
*** RIVER *** [2s Ah 3c 3s] [Js]
uglyghost101: checks
Great_Kang: bets $6
uglyghost101: calls $6
*** SHOW DOWN ***
Great_Kang: shows [Ac 5h] (two pair, Aces and Threes)
uglyghost101: mucks hand
Great_Kang collected $47.50 from pot
*** SUMMARY ***
Total pot $48 | Rake $0.50
Board [2s Ah 3c 3s Js]
Seat 3: uglyghost101 (big blind) mucked
Seat 5: Great_Kang (button) (small blind) showed [Ac 5h] and won ($47.50) with two pair, Aces and Threes


PokerStars Hand #173883131993:  Hold'em Limit ($3/$6 USD) - 2017/08/03 16:37:50 ET
Table 'Britta' 6-max Seat #4 is the button
Seat 4: belik555 ($242.07 in chips)
Seat 6: Luanto 14 ($158.15 in chips)
Biffen 1 will be allowed to play after the button
belik555: posts small blind $1
Luanto 14: posts big blind $3
*** HOLE CARDS ***
belik555: folds
Uncalled bet ($2) returned to Luanto 14
Luanto 14 collected $2 from pot
Luanto 14: doesn't show hand
*** SUMMARY ***
Total pot $2 | Rake $0
Seat 4: belik555 (button) (small blind) folded before Flop
Seat 6: Luanto 14 (big blind) collected ($2)


PokerStars Hand #173883117865:  Hold'em Limit ($3/$6 USD) - 2017/08/03 16:37:31 ET
Table 'Britta' 6-max Seat #4 is the button
Seat 4: belik555 ($243.07 in chips)
Seat 6: Luanto 14 ($154.15 in chips)
Biffen 1 will be allowed to play after the button
belik555: posts small blind $1
LordBorzi II: is sitting out
Luanto 14: posts big blind $3
*** HOLE CARDS ***
LordBorzi II leaves the table
xxRGx joins the table at seat #1
belik555: folds
Uncalled bet ($2) returned to Luanto 14
Luanto 14 collected $2 from pot
Luanto 14: doesn't show hand
*** SUMMARY ***
Total pot $2 | Rake $0
Seat 4: belik555 (button) (small blind) folded before Flop
Seat 6: Luanto 14 (big blind) collected ($2)


PokerStars Hand #173883190756:  Hold'em Limit ($3/$6 USD) - 2017/08/03 16:39:09 ET
Table 'Britta' 6-max Seat #2 is the button
Seat 2: Biffen 1 ($112.64 in chips)
Seat 6: Luanto 14 ($165.25 in chips)
Biffen 1: posts small blind $1
Luanto 14: posts big blind $3
*** HOLE CARDS ***
Biffen 1: calls $2
Luanto 14: raises $3 to $6
Biffen 1: calls $3
*** FLOP *** [6c 6s Jh]
Luanto 14: bets $3
Biffen 1: folds
Uncalled bet ($3) returned to Luanto 14
Luanto 14 collected $11.76 from pot
Luanto 14: doesn't show hand
*** SUMMARY ***
Total pot $12 | Rake $0.24
Board [6c 6s Jh]
Seat 2: Biffen 1 (button) (small blind) folded on the Flop
Seat 6: Luanto 14 (big blind) collected ($11.76)


PokerStars Hand #173883171805:  Hold'em Limit ($3/$6 USD) - 2017/08/03 16:38:44 ET
Table 'Britta' 6-max Seat #6 is the button
Seat 2: Biffen 1 ($104 in chips)
Seat 6: Luanto 14 ($174.25 in chips)
Luanto 14: posts small blind $1
Biffen 1: posts big blind $3
*** HOLE CARDS ***
Luanto 14: raises $3 to $6
Biffen 1: calls $3
*** FLOP *** [Ad 5h Tc]
Biffen 1: checks
Luanto 14: bets $3
Biffen 1: calls $3
*** TURN *** [Ad 5h Tc] [8h]
Biffen 1: checks
Luanto 14: checks
*** RIVER *** [Ad 5h Tc 8h] [Jd]
Biffen 1: bets $6
Luanto 14: folds
Uncalled bet ($6) returned to Biffen 1
Biffen 1 collected $17.64 from pot
Biffen 1: doesn't show hand
*** SUMMARY ***
Total pot $18 | Rake $0.36
Board [Ad 5h Tc 8h Jd]
Seat 2: Biffen 1 (big blind) collected ($17.64)
Seat 6: Luanto 14 (button) (small blind) folded on the River


PokerStars Hand #173883204143:  Hold'em Limit ($3/$6 USD) - 2017/08/03 16:39:27 ET
Table 'Britta' 6-max Seat #2 is the button
Seat 2: Biffen 1 ($107.64 in chips)
Seat 6: Luanto 14 ($170.01 in chips)
Biffen 1: posts small blind $1
Luanto 14: posts big blind $3
*** HOLE CARDS ***
Biffen 1: raises $3 to $6
Luanto 14: folds
Uncalled bet ($3) returned to Biffen 1
Biffen 1 collected $6 from pot
Biffen 1: doesn't show hand
*** SUMMARY ***
Total pot $6 | Rake $0
Seat 2: Biffen 1 (button) (small blind) collected ($6)
Seat 6: Luanto 14 (big blind) folded before Flop


PokerStars Hand #173883200094:  Hold'em Limit ($3/$6 USD) - 2017/08/03 16:39:21 ET
Table 'Britta' 6-max Seat #6 is the button
Seat 2: Biffen 1 ($106.64 in chips)
Seat 6: Luanto 14 ($171.01 in chips)
Luanto 14: posts small blind $1
Biffen 1: posts big blind $3
*** HOLE CARDS ***
Luanto 14: folds
Uncalled bet ($2) returned to Biffen 1
Biffen 1 collected $2 from pot
Biffen 1: doesn't show hand
*** SUMMARY ***
Total pot $2 | Rake $0
Seat 2: Biffen 1 (big blind) collected ($2)
Seat 6: Luanto 14 (button) (small blind) folded before Flop


PokerStars Hand #173883165881:  Hold'em Limit ($3/$6 USD) - 2017/08/03 16:38:36 ET
Table 'Britta' 6-max Seat #2 is the button
Seat 2: Biffen 1 ($105 in chips)
Seat 6: Luanto 14 ($173.25 in chips)
Biffen 1: posts small blind $1
belik555: is sitting out
Luanto 14: posts big blind $3
*** HOLE CARDS ***
belik555 leaves the table
Biffen 1: folds
Uncalled bet ($2) returned to Luanto 14
Luanto 14 collected $2 from pot
Luanto 14: doesn't show hand
*** SUMMARY ***
Total pot $2 | Rake $0
Seat 2: Biffen 1 (button) (small blind) folded before Flop
Seat 6: Luanto 14 (big blind) collected ($2)


PokerStars Hand #173883209756:  Hold'em Limit ($3/$6 USD) - 2017/08/03 16:39:34 ET
Table 'Britta' 6-max Seat #6 is the button
Seat 2: Biffen 1 ($110.64 in chips)
Seat 6: Luanto 14 ($167.01 in chips)
Luanto 14: posts small blind $1
Biffen 1: posts big blind $3
*** HOLE CARDS ***
Luanto 14: raises $3 to $6
Biffen 1: calls $3
*** FLOP *** [8c 3h 4d]
Biffen 1: checks
Luanto 14: checks
*** TURN *** [8c 3h 4d] [4s]
Biffen 1: bets $6
Luanto 14: folds
Uncalled bet ($6) returned to Biffen 1
Biffen 1 collected $11.76 from pot
Biffen 1: doesn't show hand
*** SUMMARY ***
Total pot $12 | Rake $0.24
Board [8c 3h 4d 4s]
Seat 2: Biffen 1 (big blind) collected ($11.76)
Seat 6: Luanto 14 (button) (small blind) folded on the Turn


PokerStars Hand #173883228343:  Hold'em Limit ($3/$6 USD) - 2017/08/03 16:39:59 ET
Table 'Britta' 6-max Seat #6 is the button
Seat 2: Biffen 1 ($119.40 in chips)
Seat 6: Luanto 14 ($158.01 in chips)
Luanto 14: posts small blind $1
Biffen 1: posts big blind $3
*** HOLE CARDS ***
Luanto 14: folds
Uncalled bet ($2) returned to Biffen 1
Biffen 1 collected $2 from pot
Biffen 1: doesn't show hand
Great_Kang joins the table at seat #4
*** SUMMARY ***
Total pot $2 | Rake $0
Seat 2: Biffen 1 (big blind) collected ($2)
Seat 6: Luanto 14 (button) (small blind) folded before Flop


PokerStars Hand #173883222967:  Hold'em Limit ($3/$6 USD) - 2017/08/03 16:39:52 ET
Table 'Britta' 6-max Seat #2 is the button
Seat 2: Biffen 1 ($116.40 in chips)
Seat 6: Luanto 14 ($161.01 in chips)
Biffen 1: posts small blind $1
Luanto 14: posts big blind $3
*** HOLE CARDS ***
Biffen 1: raises $3 to $6
Luanto 14: folds
Uncalled bet ($3) returned to Biffen 1
Biffen 1 collected $6 from pot
Biffen 1: doesn't show hand
*** SUMMARY ***
Total pot $6 | Rake $0
Seat 2: Biffen 1 (button) (small blind) collected ($6)
Seat 6: Luanto 14 (big blind) folded before Flop


PokerStars Hand #173889680902:  Hold'em Limit ($3/$6 USD) - 2017/08/03 19:22:08 ET
Table 'Britta' 6-max Seat #4 is the button
Seat 3: uglyghost101 ($39.98 in chips)
Seat 4: thekiing80 ($116.06 in chips)
thekiing80: posts small blind $1
ToDaFelt: is sitting out
uglyghost101: posts big blind $3
*** HOLE CARDS ***
ToDaFelt leaves the table
thekiing80: folds
Uncalled bet ($2) returned to uglyghost101
uglyghost101 collected $2 from pot
uglyghost101: doesn't show hand
*** SUMMARY ***
Total pot $2 | Rake $0
Seat 3: uglyghost101 (big blind) collected ($2)
Seat 4: thekiing80 (button) (small blind) folded before Flop


PokerStars Hand #173890706669:  Hold'em Limit ($3/$6 USD) - 2017/08/03 19:54:47 ET
Table 'Britta' 6-max Seat #5 is the button
Seat 1: igorkabmw ($32.88 in chips)
Seat 5: GoliafUa ($120 in chips)
GoliafUa: posts small blind $1
igorkabmw: posts big blind $3
*** HOLE CARDS ***
GoliafUa: raises $3 to $6
igorkabmw: raises $3 to $9
GoliafUa: calls $3
*** FLOP *** [5s Jc 4s]
igorkabmw: bets $3
GoliafUa: calls $3
*** TURN *** [5s Jc 4s] [Tc]
igorkabmw: bets $6
GoliafUa: calls $6
*** RIVER *** [5s Jc 4s Tc] [Kh]
igorkabmw: bets $6
GoliafUa: calls $6
*** SHOW DOWN ***
igorkabmw: shows [Ah Ac] (a pair of Aces)
GoliafUa: mucks hand
igorkabmw collected $47.50 from pot
*** SUMMARY ***
Total pot $48 | Rake $0.50
Board [5s Jc 4s Tc Kh]
Seat 1: igorkabmw (big blind) showed [Ah Ac] and won ($47.50) with a pair of Aces
Seat 5: GoliafUa (button) (small blind) mucked


PokerStars Hand #173890700115:  Hold'em Limit ($3/$6 USD) - 2017/08/03 19:54:34 ET
Table 'Britta' 6-max Seat #1 is the button
Seat 1: igorkabmw ($30 in chips)
Seat 5: GoliafUa ($123 in chips)
igorkabmw: posts small blind $1
GoliafUa: posts big blind $3
*** HOLE CARDS ***
igorkabmw: calls $2
GoliafUa: checks
*** FLOP *** [Jc Jd Qd]
GoliafUa: checks
igorkabmw: bets $3
GoliafUa: folds
Uncalled bet ($3) returned to igorkabmw
igorkabmw collected $5.88 from pot
*** SUMMARY ***
Total pot $6 | Rake $0.12
Board [Jc Jd Qd]
Seat 1: igorkabmw (button) (small blind) collected ($5.88)
Seat 5: GoliafUa (big blind) folded on the Flop


PokerStars Hand #173890738192:  Hold'em Limit ($3/$6 USD) - 2017/08/03 19:55:57 ET
Table 'Britta' 6-max Seat #5 is the button
Seat 1: igorkabmw ($53.38 in chips)
Seat 5: GoliafUa ($122.88 in chips)
GoliafUa: posts small blind $1
igorkabmw: posts big blind $3
*** HOLE CARDS ***
GoliafUa: raises $3 to $6
igorkabmw: calls $3
*** FLOP *** [As Ts 5c]
igorkabmw: bets $3
GoliafUa: folds
Uncalled bet ($3) returned to igorkabmw
igorkabmw collected $11.76 from pot
*** SUMMARY ***
Total pot $12 | Rake $0.24
Board [As Ts 5c]
Seat 1: igorkabmw (big blind) collected ($11.76)
Seat 5: GoliafUa (button) (small blind) folded on the Flop


PokerStars Hand #173890733283:  Hold'em Limit ($3/$6 USD) - 2017/08/03 19:55:45 ET
Table 'Britta' 6-max Seat #1 is the button
Seat 1: igorkabmw ($50.38 in chips)
Seat 5: GoliafUa ($125.88 in chips)
igorkabmw: posts small blind $1
GoliafUa: posts big blind $3
*** HOLE CARDS ***
igorkabmw: raises $3 to $6
GoliafUa: folds
Uncalled bet ($3) returned to igorkabmw
igorkabmw collected $6 from pot
*** SUMMARY ***
Total pot $6 | Rake $0
Seat 1: igorkabmw (button) (small blind) collected ($6)
Seat 5: GoliafUa (big blind) folded before Flop


PokerStars Hand #173890729697:  Hold'em Limit ($3/$6 USD) - 2017/08/03 19:55:37 ET
Table 'Britta' 6-max Seat #5 is the button
Seat 1: igorkabmw ($53.38 in chips)
Seat 5: GoliafUa ($122.88 in chips)
GoliafUa: posts small blind $1
igorkabmw: posts big blind $3
*** HOLE CARDS ***
GoliafUa: raises $3 to $6
igorkabmw: folds
Uncalled bet ($3) returned to GoliafUa
GoliafUa collected $6 from pot
GoliafUa: doesn't show hand
*** SUMMARY ***
Total pot $6 | Rake $0
Seat 1: igorkabmw (big blind) folded before Flop
Seat 5: GoliafUa (button) (small blind) collected ($6)


PokerStars Hand #173890715806:  Hold'em Limit ($3/$6 USD) - 2017/08/03 19:55:05 ET
Table 'Britta' 6-max Seat #1 is the button
Seat 1: igorkabmw ($56.38 in chips)
Seat 5: GoliafUa ($120 in chips)
igorkabmw: posts small blind $1
GoliafUa: posts big blind $3
*** HOLE CARDS ***
igorkabmw: calls $2
GoliafUa: checks
*** FLOP *** [6d Jc 9d]
GoliafUa: checks
igorkabmw: checks
*** TURN *** [6d Jc 9d] [8c]
GoliafUa: checks
igorkabmw: checks
*** RIVER *** [6d Jc 9d 8c] [3d]
GoliafUa: bets $6
igorkabmw: folds
Uncalled bet ($6) returned to GoliafUa
GoliafUa collected $5.88 from pot
GoliafUa: doesn't show hand
*** SUMMARY ***
Total pot $6 | Rake $0.12
Board [6d Jc 9d 8c 3d]
Seat 1: igorkabmw (button) (small blind) folded on the River
Seat 5: GoliafUa (big blind) collected ($5.88)


PokerStars Hand #173890761586:  Hold'em Limit ($3/$6 USD) - 2017/08/03 19:56:52 ET
Table 'Britta' 6-max Seat #5 is the button
Seat 1: igorkabmw ($53.14 in chips)
Seat 5: GoliafUa ($125.76 in chips)
GoliafUa: posts small blind $1
igorkabmw: posts big blind $3
*** HOLE CARDS ***
HAL9QQQ joins the table at seat #3
GoliafUa: folds
Uncalled bet ($2) returned to igorkabmw
igorkabmw collected $2 from pot
*** SUMMARY ***
Total pot $2 | Rake $0
Seat 1: igorkabmw (big blind) collected ($2)
Seat 5: GoliafUa (button) (small blind) folded before Flop


PokerStars Hand #173890744070:  Hold'em Limit ($3/$6 USD) - 2017/08/03 19:56:11 ET
Table 'Britta' 6-max Seat #1 is the button
Seat 1: igorkabmw ($59.14 in chips)
Seat 5: GoliafUa ($120 in chips)
igorkabmw: posts small blind $1
GoliafUa: posts big blind $3
*** HOLE CARDS ***
igorkabmw: calls $2
GoliafUa: raises $3 to $6
rascal_319 joins the table at seat #2
igorkabmw: calls $3
*** FLOP *** [Js 5s 7h]
GoliafUa: bets $3
igorkabmw: folds
Uncalled bet ($3) returned to GoliafUa
GoliafUa collected $11.76 from pot
GoliafUa: doesn't show hand
*** SUMMARY ***
Total pot $12 | Rake $0.24
Board [Js 5s 7h]
Seat 1: igorkabmw (button) (small blind) folded on the Flop
Seat 5: GoliafUa (big blind) collected ($11.76)


