PokerStars Hand #171488634016:  Hold'em Limit ($3/$6 USD) - 2017/06/07 20:36:07 ET
Table 'Britta' 6-max Seat #3 is the button
Seat 1: CatPuppy1999 ($150.32 in chips)
Seat 3: EVBET ($433.37 in chips)
EVBET: posts small blind $1
belik555: is sitting out
CatPuppy1999: posts big blind $3
*** HOLE CARDS ***
belik555 leaves the table
EVBET: folds
Uncalled bet ($2) returned to CatPuppy1999
CatPuppy1999 collected $2 from pot
CatPuppy1999: doesn't show hand
*** SUMMARY ***
Total pot $2 | Rake $0
Seat 1: CatPuppy1999 (big blind) collected ($2)
Seat 3: EVBET (button) (small blind) folded before Flop


PokerStars Hand #171488640706:  Hold'em Limit ($3/$6 USD) - 2017/06/07 20:36:22 ET
Table 'Britta' 6-max Seat #1 is the button
Seat 1: CatPuppy1999 ($151.32 in chips)
Seat 3: EVBET ($432.37 in chips)
CatPuppy1999: posts small blind $1
EVBET: posts big blind $3
*** HOLE CARDS ***
CatPuppy1999: raises $3 to $6
EVBET: calls $3
*** FLOP *** [4c 6h Jd]
EVBET: checks
CatPuppy1999: bets $3
EVBET: raises $3 to $6
CatPuppy1999: calls $3
*** TURN *** [4c 6h Jd] [5h]
EVBET: bets $6
CatPuppy1999: folds
Uncalled bet ($6) returned to EVBET
EVBET collected $23.52 from pot
EVBET: doesn't show hand
*** SUMMARY ***
Total pot $24 | Rake $0.48
Board [4c 6h Jd 5h]
Seat 1: CatPuppy1999 (button) (small blind) folded on the Turn
Seat 3: EVBET (big blind) collected ($23.52)


PokerStars Hand #171488732088:  Hold'em Limit ($3/$6 USD) - 2017/06/07 20:39:51 ET
Table 'Britta' 6-max Seat #3 is the button
Seat 1: CatPuppy1999 ($87.32 in chips)
Seat 3: EVBET ($479.81 in chips)
EVBET: posts small blind $1
sassafras105: is sitting out
CatPuppy1999: posts big blind $3
*** HOLE CARDS ***
EVBET: raises $3 to $6
CatPuppy1999: calls $3
*** FLOP *** [9c 8c Ad]
sassafras105 leaves the table
CatPuppy1999: checks
EVBET: bets $3
CatPuppy1999: raises $3 to $6
hairy1961 joins the table at seat #4
EVBET: folds
Uncalled bet ($3) returned to CatPuppy1999
CatPuppy1999 collected $17.64 from pot
CatPuppy1999: doesn't show hand
*** SUMMARY ***
Total pot $18 | Rake $0.36
Board [9c 8c Ad]
Seat 1: CatPuppy1999 (big blind) collected ($17.64)
Seat 3: EVBET (button) (small blind) folded on the Flop


PokerStars Hand #171488741068:  Hold'em Limit ($3/$6 USD) - 2017/06/07 20:40:12 ET
Table 'Britta' 6-max Seat #1 is the button
Seat 1: CatPuppy1999 ($95.96 in chips)
Seat 3: EVBET ($470.81 in chips)
CatPuppy1999: posts small blind $1
EVBET: posts big blind $3
*** HOLE CARDS ***
CatPuppy1999: raises $3 to $6
EVBET: calls $3
*** FLOP *** [Ac 5d 9s]
EVBET: checks
CatPuppy1999: bets $3
EVBET: folds
Uncalled bet ($3) returned to CatPuppy1999
CatPuppy1999 collected $11.76 from pot
CatPuppy1999: doesn't show hand
*** SUMMARY ***
Total pot $12 | Rake $0.24
Board [Ac 5d 9s]
Seat 1: CatPuppy1999 (button) (small blind) collected ($11.76)
Seat 3: EVBET (big blind) folded on the Flop


PokerStars Hand #171488843172:  Hold'em Limit ($3/$6 USD) - 2017/06/07 20:44:08 ET
Table 'Britta' 6-max Seat #1 is the button
Seat 1: CatPuppy1999 ($74.28 in chips)
Seat 4: hairy1961 ($125.99 in chips)
CatPuppy1999: posts small blind $1
hairy1961: posts big blind $3
*** HOLE CARDS ***
CatPuppy1999: raises $3 to $6
hairy1961: calls $3
*** FLOP *** [7c Kh 9d]
hairy1961: bets $3
CatPuppy1999: calls $3
*** TURN *** [7c Kh 9d] [8h]
hairy1961: checks
CatPuppy1999: bets $6
hairy1961: calls $6
*** RIVER *** [7c Kh 9d 8h] [Ks]
hairy1961: checks
CatPuppy1999: bets $6
hairy1961: folds
Uncalled bet ($6) returned to CatPuppy1999
CatPuppy1999 collected $29.50 from pot
CatPuppy1999: doesn't show hand
*** SUMMARY ***
Total pot $30 | Rake $0.50
Board [7c Kh 9d 8h Ks]
Seat 1: CatPuppy1999 (button) (small blind) collected ($29.50)
Seat 4: hairy1961 (big blind) folded on the River


PokerStars Hand #171488855061:  Hold'em Limit ($3/$6 USD) - 2017/06/07 20:44:36 ET
Table 'Britta' 6-max Seat #4 is the button
Seat 1: CatPuppy1999 ($88.78 in chips)
Seat 4: hairy1961 ($110.99 in chips)
hairy1961: posts small blind $1
CatPuppy1999: posts big blind $3
*** HOLE CARDS ***
hairy1961: raises $3 to $6
CatPuppy1999: calls $3
*** FLOP *** [8d 6c 6d]
CatPuppy1999: checks
hairy1961: bets $3
CatPuppy1999: calls $3
*** TURN *** [8d 6c 6d] [Qc]
CatPuppy1999: checks
hairy1961: checks
*** RIVER *** [8d 6c 6d Qc] [Ac]
CatPuppy1999: checks
hairy1961: checks
*** SHOW DOWN ***
CatPuppy1999: shows [Ks 8h] (two pair, Eights and Sixes)
hairy1961: mucks hand
CatPuppy1999 collected $17.64 from pot
*** SUMMARY ***
Total pot $18 | Rake $0.36
Board [8d 6c 6d Qc Ac]
Seat 1: CatPuppy1999 (big blind) showed [Ks 8h] and won ($17.64) with two pair, Eights and Sixes
Seat 4: hairy1961 (button) (small blind) mucked


PokerStars Hand #171488867642:  Hold'em Limit ($3/$6 USD) - 2017/06/07 20:45:05 ET
Table 'Britta' 6-max Seat #1 is the button
Seat 1: CatPuppy1999 ($97.42 in chips)
Seat 4: hairy1961 ($101.99 in chips)
CatPuppy1999: posts small blind $1
hairy1961: posts big blind $3
*** HOLE CARDS ***
CatPuppy1999: raises $3 to $6
hairy1961: calls $3
*** FLOP *** [Ac 4h As]
hairy1961: checks
CatPuppy1999: bets $3
hairy1961: raises $3 to $6
CatPuppy1999: folds
Uncalled bet ($3) returned to hairy1961
hairy1961 collected $17.64 from pot
*** SUMMARY ***
Total pot $18 | Rake $0.36
Board [Ac 4h As]
Seat 1: CatPuppy1999 (button) (small blind) folded on the Flop
Seat 4: hairy1961 (big blind) collected ($17.64)


PokerStars Hand #171488874727:  Hold'em Limit ($3/$6 USD) - 2017/06/07 20:45:22 ET
Table 'Britta' 6-max Seat #4 is the button
Seat 1: CatPuppy1999 ($88.42 in chips)
Seat 4: hairy1961 ($110.63 in chips)
hairy1961: posts small blind $1
CatPuppy1999: posts big blind $3
*** HOLE CARDS ***
hairy1961: raises $3 to $6
CatPuppy1999: raises $3 to $9
hairy1961: raises $3 to $12
Betting is capped
CatPuppy1999: calls $3
*** FLOP *** [2h 2s 4s]
CatPuppy1999: checks
hairy1961: bets $3
CatPuppy1999: calls $3
*** TURN *** [2h 2s 4s] [Jd]
CatPuppy1999: checks
hairy1961: bets $6
CatPuppy1999: folds
Uncalled bet ($6) returned to hairy1961
hairy1961 collected $29.50 from pot
*** SUMMARY ***
Total pot $30 | Rake $0.50
Board [2h 2s 4s Jd]
Seat 1: CatPuppy1999 (big blind) folded on the Turn
Seat 4: hairy1961 (button) (small blind) collected ($29.50)


PokerStars Hand #171488882738:  Hold'em Limit ($3/$6 USD) - 2017/06/07 20:45:41 ET
Table 'Britta' 6-max Seat #1 is the button
Seat 1: CatPuppy1999 ($73.42 in chips)
Seat 4: hairy1961 ($125.13 in chips)
CatPuppy1999: posts small blind $1
hairy1961: posts big blind $3
*** HOLE CARDS ***
CatPuppy1999: raises $3 to $6
hairy1961: calls $3
*** FLOP *** [9h 8s Jh]
hairy1961: bets $3
CatPuppy1999: calls $3
*** TURN *** [9h 8s Jh] [Js]
hairy1961: bets $6
CatPuppy1999: raises $6 to $12
hairy1961: calls $6
*** RIVER *** [9h 8s Jh Js] [5h]
hairy1961: checks
CatPuppy1999: bets $6
hairy1961: calls $6
*** SHOW DOWN ***
CatPuppy1999: shows [Jc 7d] (three of a kind, Jacks)
hairy1961: mucks hand
CatPuppy1999 collected $53.50 from pot
*** SUMMARY ***
Total pot $54 | Rake $0.50
Board [9h 8s Jh Js 5h]
Seat 1: CatPuppy1999 (button) (small blind) showed [Jc 7d] and won ($53.50) with three of a kind, Jacks
Seat 4: hairy1961 (big blind) mucked


PokerStars Hand #171488893239:  Hold'em Limit ($3/$6 USD) - 2017/06/07 20:46:05 ET
Table 'Britta' 6-max Seat #4 is the button
Seat 1: CatPuppy1999 ($99.92 in chips)
Seat 4: hairy1961 ($98.13 in chips)
hairy1961: posts small blind $1
CatPuppy1999: posts big blind $3
*** HOLE CARDS ***
hairy1961: raises $3 to $6
CatPuppy1999: calls $3
*** FLOP *** [5d 4d 8d]
CatPuppy1999: checks
hairy1961: checks
*** TURN *** [5d 4d 8d] [2c]
CatPuppy1999: checks
hairy1961: checks
*** RIVER *** [5d 4d 8d 2c] [Qc]
CatPuppy1999: bets $6
hairy1961: calls $6
*** SHOW DOWN ***
CatPuppy1999: shows [Tc Qs] (a pair of Queens)
hairy1961: mucks hand
CatPuppy1999 collected $23.52 from pot
*** SUMMARY ***
Total pot $24 | Rake $0.48
Board [5d 4d 8d 2c Qc]
Seat 1: CatPuppy1999 (big blind) showed [Tc Qs] and won ($23.52) with a pair of Queens
Seat 4: hairy1961 (button) (small blind) mucked


PokerStars Hand #171488924661:  Hold'em Limit ($3/$6 USD) - 2017/06/07 20:47:19 ET
Table 'Britta' 6-max Seat #1 is the button
Seat 1: CatPuppy1999 ($106.19 in chips)
Seat 4: hairy1961 ($90.52 in chips)
CatPuppy1999: posts small blind $1
hairy1961: posts big blind $3
*** HOLE CARDS ***
CatPuppy1999: raises $3 to $6
hairy1961: calls $3
*** FLOP *** [3d 2h 4h]
hairy1961: checks
CatPuppy1999: bets $3
hairy1961: folds
Uncalled bet ($3) returned to CatPuppy1999
CatPuppy1999 collected $11.76 from pot
CatPuppy1999: doesn't show hand
*** SUMMARY ***
Total pot $12 | Rake $0.24
Board [3d 2h 4h]
Seat 1: CatPuppy1999 (button) (small blind) collected ($11.76)
Seat 4: hairy1961 (big blind) folded on the Flop


PokerStars Hand #171488915058:  Hold'em Limit ($3/$6 USD) - 2017/06/07 20:46:57 ET
Table 'Britta' 6-max Seat #1 is the button
Seat 1: CatPuppy1999 ($114.19 in chips)
Seat 4: hairy1961 ($82.88 in chips)
CatPuppy1999: posts small blind $1
hairy1961: posts big blind $3
*** HOLE CARDS ***
CatPuppy1999: raises $3 to $6
hairy1961: calls $3
*** FLOP *** [4d Qd Ks]
hairy1961: checks
CatPuppy1999: bets $3
hairy1961: raises $3 to $6
CatPuppy1999: folds
Uncalled bet ($3) returned to hairy1961
hairy1961 collected $17.64 from pot
*** SUMMARY ***
Total pot $18 | Rake $0.36
Board [4d Qd Ks]
Seat 1: CatPuppy1999 (button) (small blind) folded on the Flop
Seat 4: hairy1961 (big blind) collected ($17.64)


PokerStars Hand #171488922210:  Hold'em Limit ($3/$6 USD) - 2017/06/07 20:47:13 ET
Table 'Britta' 6-max Seat #4 is the button
Seat 1: CatPuppy1999 ($105.19 in chips)
Seat 4: hairy1961 ($91.52 in chips)
hairy1961: posts small blind $1
CatPuppy1999: posts big blind $3
*** HOLE CARDS ***
hairy1961: folds
Uncalled bet ($2) returned to CatPuppy1999
CatPuppy1999 collected $2 from pot
CatPuppy1999: doesn't show hand
*** SUMMARY ***
Total pot $2 | Rake $0
Seat 1: CatPuppy1999 (big blind) collected ($2)
Seat 4: hairy1961 (button) (small blind) folded before Flop


PokerStars Hand #171488945609:  Hold'em Limit ($3/$6 USD) - 2017/06/07 20:48:08 ET
Table 'Britta' 6-max Seat #1 is the button
Seat 1: CatPuppy1999 ($135.45 in chips)
Seat 4: hairy1961 ($60.52 in chips)
CatPuppy1999: posts small blind $1
hairy1961: posts big blind $3
*** HOLE CARDS ***
CatPuppy1999: raises $3 to $6
hairy1961: raises $3 to $9
CatPuppy1999: calls $3
*** FLOP *** [5s 4d 6s]
hairy1961: bets $3
CatPuppy1999: raises $3 to $6
hairy1961: calls $3
*** TURN *** [5s 4d 6s] [Td]
hairy1961: bets $6
CatPuppy1999: calls $6
*** RIVER *** [5s 4d 6s Td] [Jc]
hairy1961: bets $6
CatPuppy1999: raises $6 to $12
hairy1961: folds
Uncalled bet ($6) returned to CatPuppy1999
CatPuppy1999 collected $53.50 from pot
CatPuppy1999: doesn't show hand
*** SUMMARY ***
Total pot $54 | Rake $0.50
Board [5s 4d 6s Td Jc]
Seat 1: CatPuppy1999 (button) (small blind) collected ($53.50)
Seat 4: hairy1961 (big blind) folded on the River


PokerStars Hand #171488931631:  Hold'em Limit ($3/$6 USD) - 2017/06/07 20:47:35 ET
Table 'Britta' 6-max Seat #4 is the button
Seat 1: CatPuppy1999 ($111.95 in chips)
Seat 4: hairy1961 ($84.52 in chips)
hairy1961: posts small blind $1
CatPuppy1999: posts big blind $3
*** HOLE CARDS ***
hairy1961: raises $3 to $6
CatPuppy1999: calls $3
*** FLOP *** [7s 3s Jc]
CatPuppy1999: checks
hairy1961: bets $3
CatPuppy1999: raises $3 to $6
hairy1961: raises $3 to $9
CatPuppy1999: raises $3 to $12
Betting is capped
hairy1961: calls $3
*** TURN *** [7s 3s Jc] [2s]
CatPuppy1999: checks
hairy1961: checks
*** RIVER *** [7s 3s Jc 2s] [9c]
CatPuppy1999: checks
hairy1961: bets $6
CatPuppy1999: calls $6
*** SHOW DOWN ***
hairy1961: shows [9d Ts] (a pair of Nines)
CatPuppy1999: shows [Jd 4s] (a pair of Jacks)
CatPuppy1999 collected $47.50 from pot
*** SUMMARY ***
Total pot $48 | Rake $0.50
Board [7s 3s Jc 2s 9c]
Seat 1: CatPuppy1999 (big blind) showed [Jd 4s] and won ($47.50) with a pair of Jacks
Seat 4: hairy1961 (button) (small blind) showed [9d Ts] and lost with a pair of Nines


PokerStars Hand #171488957542:  Hold'em Limit ($3/$6 USD) - 2017/06/07 20:48:37 ET
Table 'Britta' 6-max Seat #4 is the button
Seat 1: CatPuppy1999 ($161.95 in chips)
Seat 4: hairy1961 ($33.52 in chips)
hairy1961: posts small blind $1
CatPuppy1999: posts big blind $3
*** HOLE CARDS ***
hairy1961: raises $3 to $6
CatPuppy1999: calls $3
*** FLOP *** [Qd 2s 2h]
CatPuppy1999: checks
hairy1961: checks
*** TURN *** [Qd 2s 2h] [3c]
CatPuppy1999: checks
hairy1961: checks
*** RIVER *** [Qd 2s 2h 3c] [4h]
CatPuppy1999: bets $6
hairy1961: calls $6
*** SHOW DOWN ***
CatPuppy1999: shows [8c 6c] (a pair of Deuces)
hairy1961: shows [Ks Th] (a pair of Deuces - King kicker)
hairy1961 collected $23.52 from pot
*** SUMMARY ***
Total pot $24 | Rake $0.48
Board [Qd 2s 2h 3c 4h]
Seat 1: CatPuppy1999 (big blind) showed [8c 6c] and lost with a pair of Deuces
Seat 4: hairy1961 (button) (small blind) showed [Ks Th] and won ($23.52) with a pair of Deuces


PokerStars Hand #171488965071:  Hold'em Limit ($3/$6 USD) - 2017/06/07 20:48:55 ET
Table 'Britta' 6-max Seat #1 is the button
Seat 1: CatPuppy1999 ($149.95 in chips)
Seat 4: hairy1961 ($45.04 in chips)
CatPuppy1999: posts small blind $1
hairy1961: posts big blind $3
*** HOLE CARDS ***
CatPuppy1999: raises $3 to $6
hairy1961: calls $3
*** FLOP *** [Jh 9c 6d]
hairy1961: checks
CatPuppy1999: bets $3
hairy1961: raises $3 to $6
CatPuppy1999: calls $3
*** TURN *** [Jh 9c 6d] [Js]
hairy1961: bets $6
CatPuppy1999: raises $6 to $12
hairy1961: raises $6 to $18
CatPuppy1999: calls $6
*** RIVER *** [Jh 9c 6d Js] [2c]
hairy1961: bets $6
CatPuppy1999: calls $6
*** SHOW DOWN ***
hairy1961: shows [Jd 6s] (a full house, Jacks full of Sixes)
CatPuppy1999: mucks hand
hairy1961 collected $71.50 from pot
*** SUMMARY ***
Total pot $72 | Rake $0.50
Board [Jh 9c 6d Js 2c]
Seat 1: CatPuppy1999 (button) (small blind) mucked
Seat 4: hairy1961 (big blind) showed [Jd 6s] and won ($71.50) with a full house, Jacks full of Sixes


PokerStars Hand #171488979130:  Hold'em Limit ($3/$6 USD) - 2017/06/07 20:49:28 ET
Table 'Britta' 6-max Seat #4 is the button
Seat 1: CatPuppy1999 ($113.95 in chips)
Seat 4: hairy1961 ($80.54 in chips)
hairy1961: posts small blind $1
CatPuppy1999: posts big blind $3
*** HOLE CARDS ***
hairy1961: raises $3 to $6
CatPuppy1999: calls $3
*** FLOP *** [8d 6d 5h]
CatPuppy1999: checks
hairy1961: checks
*** TURN *** [8d 6d 5h] [8c]
CatPuppy1999: checks
hairy1961: checks
*** RIVER *** [8d 6d 5h 8c] [Td]
CatPuppy1999: checks
hairy1961: checks
*** SHOW DOWN ***
CatPuppy1999: shows [Kc 9d] (a pair of Eights)
hairy1961: shows [Kh Qd] (a pair of Eights - King+Queen kicker)
hairy1961 collected $11.76 from pot
*** SUMMARY ***
Total pot $12 | Rake $0.24
Board [8d 6d 5h 8c Td]
Seat 1: CatPuppy1999 (big blind) showed [Kc 9d] and lost with a pair of Eights
Seat 4: hairy1961 (button) (small blind) showed [Kh Qd] and won ($11.76) with a pair of Eights


PokerStars Hand #171489002302:  Hold'em Limit ($3/$6 USD) - 2017/06/07 20:50:09 ET
Table 'Britta' 6-max Seat #4 is the button
Seat 1: CatPuppy1999 ($110.95 in chips)
Seat 4: hairy1961 ($83.30 in chips)
hairy1961: posts small blind $1
CatPuppy1999: posts big blind $3
*** HOLE CARDS ***
hairy1961: folds
Uncalled bet ($2) returned to CatPuppy1999
CatPuppy1999 collected $2 from pot
CatPuppy1999: doesn't show hand
*** SUMMARY ***
Total pot $2 | Rake $0
Seat 1: CatPuppy1999 (big blind) collected ($2)
Seat 4: hairy1961 (button) (small blind) folded before Flop


PokerStars Hand #171489021812:  Hold'em Limit ($3/$6 USD) - 2017/06/07 20:50:55 ET
Table 'Britta' 6-max Seat #4 is the button
Seat 1: CatPuppy1999 ($111.70 in chips)
Seat 4: hairy1961 ($82.05 in chips)
hairy1961: posts small blind $1
CatPuppy1999: posts big blind $3
*** HOLE CARDS ***
hairy1961: raises $3 to $6
CatPuppy1999: calls $3
*** FLOP *** [Ks Kh Th]
CatPuppy1999: checks
hairy1961: bets $3
CatPuppy1999: raises $3 to $6
hairy1961: calls $3
*** TURN *** [Ks Kh Th] [Jd]
CatPuppy1999: bets $6
hairy1961: calls $6
*** RIVER *** [Ks Kh Th Jd] [Qc]
CatPuppy1999: checks
hairy1961: bets $6
CatPuppy1999: calls $6
*** SHOW DOWN ***
hairy1961: shows [3d Ah] (a straight, Ten to Ace)
CatPuppy1999: mucks hand
hairy1961 collected $47.50 from pot
*** SUMMARY ***
Total pot $48 | Rake $0.50
Board [Ks Kh Th Jd Qc]
Seat 1: CatPuppy1999 (big blind) mucked
Seat 4: hairy1961 (button) (small blind) showed [3d Ah] and won ($47.50) with a straight, Ten to Ace


PokerStars Hand #171489004730:  Hold'em Limit ($3/$6 USD) - 2017/06/07 20:50:15 ET
Table 'Britta' 6-max Seat #1 is the button
Seat 1: CatPuppy1999 ($111.95 in chips)
Seat 4: hairy1961 ($82.30 in chips)
CatPuppy1999: posts small blind $1
hairy1961: posts big blind $3
*** HOLE CARDS ***
CatPuppy1999: raises $3 to $6
hairy1961: calls $3
*** FLOP *** [9h 7c 3h]
hairy1961: checks
CatPuppy1999: bets $3
hairy1961: calls $3
*** TURN *** [9h 7c 3h] [7h]
hairy1961: checks
CatPuppy1999: bets $6
hairy1961: calls $6
*** RIVER *** [9h 7c 3h 7h] [Qh]
hairy1961: bets $6
CatPuppy1999: calls $6
*** SHOW DOWN ***
hairy1961: shows [Tc 9c] (two pair, Nines and Sevens)
CatPuppy1999: shows [9s Jd] (two pair, Nines and Sevens)
hairy1961 collected $20.75 from pot
CatPuppy1999 collected $20.75 from pot
*** SUMMARY ***
Total pot $42 | Rake $0.50
Board [9h 7c 3h 7h Qh]
Seat 1: CatPuppy1999 (button) (small blind) showed [9s Jd] and won ($20.75) with two pair, Nines and Sevens
Seat 4: hairy1961 (big blind) showed [Tc 9c] and won ($20.75) with two pair, Nines and Sevens


PokerStars Hand #171489052187:  Hold'em Limit ($3/$6 USD) - 2017/06/07 20:52:07 ET
Table 'Britta' 6-max Seat #4 is the button
Seat 1: CatPuppy1999 ($96.34 in chips)
Seat 4: hairy1961 ($96.55 in chips)
hairy1961: posts small blind $1
CatPuppy1999: posts big blind $3
*** HOLE CARDS ***
hairy1961: folds
Uncalled bet ($2) returned to CatPuppy1999
CatPuppy1999 collected $2 from pot
CatPuppy1999: doesn't show hand
*** SUMMARY ***
Total pot $2 | Rake $0
Seat 1: CatPuppy1999 (big blind) collected ($2)
Seat 4: hairy1961 (button) (small blind) folded before Flop


PokerStars Hand #171489033057:  Hold'em Limit ($3/$6 USD) - 2017/06/07 20:51:22 ET
Table 'Britta' 6-max Seat #1 is the button
Seat 1: CatPuppy1999 ($87.70 in chips)
Seat 4: hairy1961 ($105.55 in chips)
CatPuppy1999: posts small blind $1
hairy1961: posts big blind $3
*** HOLE CARDS ***
CatPuppy1999: raises $3 to $6
hairy1961: calls $3
*** FLOP *** [8c 7c 9d]
hairy1961: bets $3
CatPuppy1999: calls $3
*** TURN *** [8c 7c 9d] [Js]
hairy1961: checks
CatPuppy1999: checks
*** RIVER *** [8c 7c 9d Js] [2s]
hairy1961: checks
CatPuppy1999: bets $6
hairy1961: folds
Uncalled bet ($6) returned to CatPuppy1999
CatPuppy1999 collected $17.64 from pot
CatPuppy1999: doesn't show hand
*** SUMMARY ***
Total pot $18 | Rake $0.36
Board [8c 7c 9d Js 2s]
Seat 1: CatPuppy1999 (button) (small blind) collected ($17.64)
Seat 4: hairy1961 (big blind) folded on the River


PokerStars Hand #171489054663:  Hold'em Limit ($3/$6 USD) - 2017/06/07 20:52:13 ET
Table 'Britta' 6-max Seat #1 is the button
Seat 1: CatPuppy1999 ($97.34 in chips)
Seat 4: hairy1961 ($95.55 in chips)
CatPuppy1999: posts small blind $1
hairy1961: posts big blind $3
*** HOLE CARDS ***
CatPuppy1999: raises $3 to $6
hairy1961: raises $3 to $9
CatPuppy1999: calls $3
*** FLOP *** [2h Jc 6s]
hairy1961: bets $3
CatPuppy1999: calls $3
*** TURN *** [2h Jc 6s] [3h]
hairy1961: bets $6
CatPuppy1999: calls $6
*** RIVER *** [2h Jc 6s 3h] [4c]
hairy1961: bets $6
CatPuppy1999: raises $6 to $12
hairy1961: folds
Uncalled bet ($6) returned to CatPuppy1999
CatPuppy1999 collected $47.50 from pot
CatPuppy1999: doesn't show hand
*** SUMMARY ***
Total pot $48 | Rake $0.50
Board [2h Jc 6s 3h 4c]
Seat 1: CatPuppy1999 (button) (small blind) collected ($47.50)
Seat 4: hairy1961 (big blind) folded on the River


PokerStars Hand #171489065852:  Hold'em Limit ($3/$6 USD) - 2017/06/07 20:52:40 ET
Table 'Britta' 6-max Seat #4 is the button
Seat 1: CatPuppy1999 ($120.84 in chips)
Seat 4: hairy1961 ($71.55 in chips)
hairy1961: posts small blind $1
CatPuppy1999: posts big blind $3
*** HOLE CARDS ***
hairy1961: folds
Uncalled bet ($2) returned to CatPuppy1999
CatPuppy1999 collected $2 from pot
CatPuppy1999: doesn't show hand
*** SUMMARY ***
Total pot $2 | Rake $0
Seat 1: CatPuppy1999 (big blind) collected ($2)
Seat 4: hairy1961 (button) (small blind) folded before Flop


