PokerStars Hand #167026109421:  Hold'em Limit ($3/$6 USD) - 2017/03/02 19:15:33 ET
Table 'Brixia' 10-max Seat #7 is the button
Seat 7: Actionni13 ($150 in chips)
Seat 8: Jeelsy ($120 in chips)
Actionni13: posts small blind $1
Jeelsy: posts big blind $3
*** HOLE CARDS ***
Actionni13: raises $3 to $6
Jeelsy: calls $3
*** FLOP *** [6h 2c 4s]
grabaz joins the table at seat #9
Jeelsy is disconnected
Jeelsy has timed out while disconnected
Jeelsy: checks
Actionni13: bets $3
Jeelsy has timed out while disconnected
Jeelsy: folds
Uncalled bet ($3) returned to Actionni13
Actionni13 collected $11.76 from pot
Actionni13: doesn't show hand
*** SUMMARY ***
Total pot $12 | Rake $0.24
Board [6h 2c 4s]
Seat 7: Actionni13 (button) (small blind) collected ($11.76)
Seat 8: Jeelsy (big blind) folded on the Flop


PokerStars Hand #167026247947:  Hold'em Limit ($3/$6 USD) - 2017/03/02 19:19:16 ET
Table 'Brixia' 10-max Seat #9 is the button
Seat 8: Jeelsy ($113 in chips)
Seat 9: grabaz ($241 in chips)
grabaz: posts small blind $1
Jeelsy: posts big blind $3
*** HOLE CARDS ***
grabaz: raises $3 to $6
Jeelsy: calls $3
*** FLOP *** [8s 5h 4c]
Jeelsy: checks
grabaz: bets $3
Jeelsy: calls $3
*** TURN *** [8s 5h 4c] [2d]
Jeelsy: checks
grabaz: bets $6
Jeelsy: calls $6
*** RIVER *** [8s 5h 4c 2d] [As]
Jeelsy: checks
grabaz: bets $6
Jeelsy: calls $6
*** SHOW DOWN ***
grabaz: shows [3h Ac] (a straight, Ace to Five)
Jeelsy: mucks hand
grabaz collected $41.50 from pot
*** SUMMARY ***
Total pot $42 | Rake $0.50
Board [8s 5h 4c 2d As]
Seat 8: Jeelsy (big blind) mucked
Seat 9: grabaz (button) (small blind) showed [3h Ac] and won ($41.50) with a straight, Ace to Five


PokerStars Hand #167026268092:  Hold'em Limit ($3/$6 USD) - 2017/03/02 19:19:48 ET
Table 'Brixia' 10-max Seat #8 is the button
Seat 8: Jeelsy ($92 in chips)
Seat 9: grabaz ($261.50 in chips)
Jeelsy: posts small blind $1
grabaz: posts big blind $3
*** HOLE CARDS ***
Jeelsy: raises $3 to $6
grabaz: calls $3
*** FLOP *** [3c 9c Js]
grabaz: checks
Jeelsy: bets $3
grabaz: folds
Uncalled bet ($3) returned to Jeelsy
Jeelsy collected $11.76 from pot
Jeelsy: doesn't show hand
*** SUMMARY ***
Total pot $12 | Rake $0.24
Board [3c 9c Js]
Seat 8: Jeelsy (button) (small blind) collected ($11.76)
Seat 9: grabaz (big blind) folded on the Flop


PokerStars Hand #167026283296:  Hold'em Limit ($3/$6 USD) - 2017/03/02 19:20:13 ET
Table 'Brixia' 10-max Seat #9 is the button
Seat 8: Jeelsy ($97.76 in chips)
Seat 9: grabaz ($255.50 in chips)
grabaz: posts small blind $1
Jeelsy: posts big blind $3
*** HOLE CARDS ***
grabaz: raises $3 to $6
Jeelsy: raises $3 to $9
grabaz: calls $3
*** FLOP *** [Qd Qc 9s]
Jeelsy: bets $3
grabaz: calls $3
*** TURN *** [Qd Qc 9s] [Ad]
Jeelsy: bets $6
grabaz: calls $6
*** RIVER *** [Qd Qc 9s Ad] [4h]
Jeelsy: bets $6
grabaz: folds
Uncalled bet ($6) returned to Jeelsy
Jeelsy collected $35.50 from pot
Jeelsy: doesn't show hand
*** SUMMARY ***
Total pot $36 | Rake $0.50
Board [Qd Qc 9s Ad 4h]
Seat 8: Jeelsy (big blind) collected ($35.50)
Seat 9: grabaz (button) (small blind) folded on the River


PokerStars Hand #167026322393:  Hold'em Limit ($3/$6 USD) - 2017/03/02 19:21:17 ET
Table 'Brixia' 10-max Seat #8 is the button
Seat 8: Jeelsy ($115.26 in chips)
Seat 9: grabaz ($237.50 in chips)
Jeelsy: posts small blind $1
grabaz: posts big blind $3
*** HOLE CARDS ***
Jeelsy: calls $2
grabaz: raises $3 to $6
Jeelsy: calls $3
*** FLOP *** [5s 9d Td]
grabaz: bets $3
Jeelsy: calls $3
*** TURN *** [5s 9d Td] [4d]
grabaz: bets $6
Jeelsy: calls $6
*** RIVER *** [5s 9d Td 4d] [As]
Actionni13 joins the table at seat #7
grabaz: checks
Jeelsy: bets $6
grabaz: calls $6
*** SHOW DOWN ***
Jeelsy: shows [Ad 8c] (a pair of Aces)
grabaz: mucks hand
Jeelsy collected $41.50 from pot
*** SUMMARY ***
Total pot $42 | Rake $0.50
Board [5s 9d Td 4d As]
Seat 8: Jeelsy (button) (small blind) showed [Ad 8c] and won ($41.50) with a pair of Aces
Seat 9: grabaz (big blind) mucked


PokerStars Hand #167026835444:  Hold'em Limit ($3/$6 USD) - 2017/03/02 19:35:22 ET
Table 'Brixia' 10-max Seat #7 is the button
Seat 7: Actionni13 ($333.24 in chips)
Seat 9: grabaz ($88.32 in chips)
Actionni13: posts small blind $1
grabaz: posts big blind $3
*** HOLE CARDS ***
Actionni13: raises $3 to $6
grabaz: calls $3
*** FLOP *** [Ah 7c 2h]
grabaz: checks
Actionni13: bets $3
grabaz: calls $3
*** TURN *** [Ah 7c 2h] [Ts]
grabaz: checks
Actionni13: checks
*** RIVER *** [Ah 7c 2h Ts] [3s]
grabaz: bets $6
Actionni13: calls $6
*** SHOW DOWN ***
grabaz: shows [Ks 3h] (a pair of Threes)
Actionni13: mucks hand
grabaz collected $29.50 from pot
*** SUMMARY ***
Total pot $30 | Rake $0.50
Board [Ah 7c 2h Ts 3s]
Seat 7: Actionni13 (button) (small blind) mucked
Seat 9: grabaz (big blind) showed [Ks 3h] and won ($29.50) with a pair of Threes


