PokerStars Hand #160232865059:  Hold'em Limit ($3/$6 USD) - 2016/10/21 9:59:17 ET
Table 'Brixia' 6-max Seat #1 is the button
Seat 1: GuusGeluk ($120 in chips)
Seat 4: VolkovDmitri ($120 in chips)
GuusGeluk: posts small blind $1
VolkovDmitri: posts big blind $3
*** HOLE CARDS ***
GuusGeluk: raises $3 to $6
VolkovDmitri: folds
Uncalled bet ($3) returned to GuusGeluk
GuusGeluk collected $6 from pot
*** SUMMARY ***
Total pot $6 | Rake $0
Seat 1: GuusGeluk (button) (small blind) collected ($6)
Seat 4: VolkovDmitri (big blind) folded before Flop


PokerStars Hand #160232877731:  Hold'em Limit ($3/$6 USD) - 2016/10/21 9:59:42 ET
Table 'Brixia' 6-max Seat #1 is the button
Seat 1: GuusGeluk ($120 in chips)
Seat 4: VolkovDmitri ($123 in chips)
GuusGeluk: posts small blind $1
VolkovDmitri: posts big blind $3
*** HOLE CARDS ***
GuusGeluk: folds
Uncalled bet ($2) returned to VolkovDmitri
VolkovDmitri collected $2 from pot
VolkovDmitri: doesn't show hand
*** SUMMARY ***
Total pot $2 | Rake $0
Seat 1: GuusGeluk (button) (small blind) folded before Flop
Seat 4: VolkovDmitri (big blind) collected ($2)


PokerStars Hand #160232872180:  Hold'em Limit ($3/$6 USD) - 2016/10/21 9:59:31 ET
Table 'Brixia' 6-max Seat #4 is the button
Seat 1: GuusGeluk ($123 in chips)
Seat 4: VolkovDmitri ($120 in chips)
VolkovDmitri: posts small blind $1
GuusGeluk: posts big blind $3
*** HOLE CARDS ***
VolkovDmitri: raises $3 to $6
GuusGeluk: folds
Uncalled bet ($3) returned to VolkovDmitri
VolkovDmitri collected $6 from pot
VolkovDmitri: doesn't show hand
*** SUMMARY ***
Total pot $6 | Rake $0
Seat 1: GuusGeluk (big blind) folded before Flop
Seat 4: VolkovDmitri (button) (small blind) collected ($6)


PokerStars Hand #160232879934:  Hold'em Limit ($3/$6 USD) - 2016/10/21 9:59:47 ET
Table 'Brixia' 6-max Seat #4 is the button
Seat 1: GuusGeluk ($119 in chips)
Seat 4: VolkovDmitri ($124 in chips)
VolkovDmitri: posts small blind $1
GuusGeluk: posts big blind $3
*** HOLE CARDS ***
VolkovDmitri: raises $3 to $6
GuusGeluk: raises $3 to $9
VolkovDmitri: calls $3
*** FLOP *** [6c Kd 8d]
GuusGeluk: checks
VolkovDmitri: checks
*** TURN *** [6c Kd 8d] [Kh]
GuusGeluk: bets $6
VolkovDmitri: calls $6
*** RIVER *** [6c Kd 8d Kh] [Td]
GuusGeluk: bets $6
VolkovDmitri: folds
Uncalled bet ($6) returned to GuusGeluk
GuusGeluk collected $29.50 from pot
*** SUMMARY ***
Total pot $30 | Rake $0.50
Board [6c Kd 8d Kh Td]
Seat 1: GuusGeluk (big blind) collected ($29.50)
Seat 4: VolkovDmitri (button) (small blind) folded on the River


PokerStars Hand #160232898452:  Hold'em Limit ($3/$6 USD) - 2016/10/21 10:00:22 ET
Table 'Brixia' 6-max Seat #1 is the button
Seat 1: GuusGeluk ($133.50 in chips)
Seat 4: VolkovDmitri ($120 in chips)
GuusGeluk: posts small blind $1
VolkovDmitri: posts big blind $3
*** HOLE CARDS ***
GuusGeluk: raises $3 to $6
VolkovDmitri: calls $3
*** FLOP *** [2c 6d Jh]
VolkovDmitri: checks
GuusGeluk: bets $3
VolkovDmitri: raises $3 to $6
GuusGeluk: calls $3
*** TURN *** [2c 6d Jh] [Kh]
VolkovDmitri: bets $6
GuusGeluk: raises $6 to $12
VolkovDmitri: folds
Uncalled bet ($6) returned to GuusGeluk
GuusGeluk collected $35.50 from pot
GuusGeluk: doesn't show hand
*** SUMMARY ***
Total pot $36 | Rake $0.50
Board [2c 6d Jh Kh]
Seat 1: GuusGeluk (button) (small blind) collected ($35.50)
Seat 4: VolkovDmitri (big blind) folded on the Turn


PokerStars Hand #160232968987:  Hold'em Limit ($3/$6 USD) - 2016/10/21 10:02:29 ET
Table 'Brixia' 6-max Seat #1 is the button
Seat 1: GuusGeluk ($123 in chips)
Seat 4: VolkovDmitri ($147.50 in chips)
GuusGeluk: posts small blind $1
VolkovDmitri: posts big blind $3
*** HOLE CARDS ***
GuusGeluk: folds
Uncalled bet ($2) returned to VolkovDmitri
VolkovDmitri collected $2 from pot
VolkovDmitri: doesn't show hand
*** SUMMARY ***
Total pot $2 | Rake $0
Seat 1: GuusGeluk (button) (small blind) folded before Flop
Seat 4: VolkovDmitri (big blind) collected ($2)


PokerStars Hand #160232959727:  Hold'em Limit ($3/$6 USD) - 2016/10/21 10:02:12 ET
Table 'Brixia' 6-max Seat #4 is the button
Seat 1: GuusGeluk ($126 in chips)
Seat 4: VolkovDmitri ($144.50 in chips)
VolkovDmitri: posts small blind $1
GuusGeluk: posts big blind $3
*** HOLE CARDS ***
VolkovDmitri: raises $3 to $6
GuusGeluk: folds
Uncalled bet ($3) returned to VolkovDmitri
VolkovDmitri collected $6 from pot
VolkovDmitri: doesn't show hand
*** SUMMARY ***
Total pot $6 | Rake $0
Seat 1: GuusGeluk (big blind) folded before Flop
Seat 4: VolkovDmitri (button) (small blind) collected ($6)


PokerStars Hand #160232957377:  Hold'em Limit ($3/$6 USD) - 2016/10/21 10:02:08 ET
Table 'Brixia' 6-max Seat #1 is the button
Seat 1: GuusGeluk ($127 in chips)
Seat 4: VolkovDmitri ($143.50 in chips)
GuusGeluk: posts small blind $1
VolkovDmitri: posts big blind $3
*** HOLE CARDS ***
GuusGeluk: folds
Uncalled bet ($2) returned to VolkovDmitri
VolkovDmitri collected $2 from pot
VolkovDmitri: doesn't show hand
*** SUMMARY ***
Total pot $2 | Rake $0
Seat 1: GuusGeluk (button) (small blind) folded before Flop
Seat 4: VolkovDmitri (big blind) collected ($2)


PokerStars Hand #160232936652:  Hold'em Limit ($3/$6 USD) - 2016/10/21 10:01:33 ET
Table 'Brixia' 6-max Seat #4 is the button
Seat 1: GuusGeluk ($151 in chips)
Seat 4: VolkovDmitri ($120 in chips)
VolkovDmitri: posts small blind $1
GuusGeluk: posts big blind $3
*** HOLE CARDS ***
VolkovDmitri: raises $3 to $6
GuusGeluk: raises $3 to $9
VolkovDmitri: calls $3
*** FLOP *** [Qd 4d Ts]
GuusGeluk: bets $3
VolkovDmitri: calls $3
*** TURN *** [Qd 4d Ts] [7s]
GuusGeluk: bets $6
VolkovDmitri: calls $6
*** RIVER *** [Qd 4d Ts 7s] [Th]
GuusGeluk: bets $6
VolkovDmitri: calls $6
*** SHOW DOWN ***
GuusGeluk: shows [Ks Ah] (a pair of Tens)
VolkovDmitri: shows [9c 7d] (two pair, Tens and Sevens)
VolkovDmitri collected $47.50 from pot
*** SUMMARY ***
Total pot $48 | Rake $0.50
Board [Qd 4d Ts 7s Th]
Seat 1: GuusGeluk (big blind) showed [Ks Ah] and lost with a pair of Tens
Seat 4: VolkovDmitri (button) (small blind) showed [9c 7d] and won ($47.50) with two pair, Tens and Sevens


PokerStars Hand #160235473419:  Hold'em Limit ($3/$6 USD) - 2016/10/21 11:11:30 ET
Table 'Brixia' 6-max Seat #4 is the button
Seat 4: VolkovDmitri ($148.50 in chips)
Seat 5: Haz997 ($168 in chips)
VolkovDmitri: posts small blind $1
Haz997: posts big blind $3
*** HOLE CARDS ***
VolkovDmitri: raises $3 to $6
Haz997: calls $3
*** FLOP *** [3s 5d 8c]
Haz997: checks
VolkovDmitri: bets $3
Haz997: folds
Uncalled bet ($3) returned to VolkovDmitri
VolkovDmitri collected $11.76 from pot
*** SUMMARY ***
Total pot $12 | Rake $0.24
Board [3s 5d 8c]
Seat 4: VolkovDmitri (button) (small blind) collected ($11.76)
Seat 5: Haz997 (big blind) folded on the Flop


PokerStars Hand #160235489330:  Hold'em Limit ($3/$6 USD) - 2016/10/21 11:11:55 ET
Table 'Brixia' 6-max Seat #5 is the button
Seat 4: VolkovDmitri ($154.26 in chips)
Seat 5: Haz997 ($162 in chips)
Haz997: posts small blind $1
VolkovDmitri: posts big blind $3
*** HOLE CARDS ***
Haz997: folds
Uncalled bet ($2) returned to VolkovDmitri
VolkovDmitri collected $2 from pot
VolkovDmitri: doesn't show hand
*** SUMMARY ***
Total pot $2 | Rake $0
Seat 4: VolkovDmitri (big blind) collected ($2)
Seat 5: Haz997 (button) (small blind) folded before Flop


PokerStars Hand #160235494073:  Hold'em Limit ($3/$6 USD) - 2016/10/21 11:12:03 ET
Table 'Brixia' 6-max Seat #4 is the button
Seat 4: VolkovDmitri ($155.26 in chips)
Seat 5: Haz997 ($161 in chips)
VolkovDmitri: posts small blind $1
Haz997: posts big blind $3
*** HOLE CARDS ***
VolkovDmitri: raises $3 to $6
Haz997: calls $3
*** FLOP *** [5h 9d 5s]
Haz997: checks
VolkovDmitri: bets $3
Haz997: folds
Uncalled bet ($3) returned to VolkovDmitri
VolkovDmitri collected $11.76 from pot
VolkovDmitri: doesn't show hand
*** SUMMARY ***
Total pot $12 | Rake $0.24
Board [5h 9d 5s]
Seat 4: VolkovDmitri (button) (small blind) collected ($11.76)
Seat 5: Haz997 (big blind) folded on the Flop


PokerStars Hand #160235504352:  Hold'em Limit ($3/$6 USD) - 2016/10/21 11:12:19 ET
Table 'Brixia' 6-max Seat #5 is the button
Seat 4: VolkovDmitri ($161.02 in chips)
Seat 5: Haz997 ($155 in chips)
Haz997: posts small blind $1
VolkovDmitri: posts big blind $3
*** HOLE CARDS ***
Haz997: raises $3 to $6
VolkovDmitri: raises $3 to $9
Haz997: calls $3
*** FLOP *** [7h 6s 6c]
VolkovDmitri: bets $3
Haz997: calls $3
*** TURN *** [7h 6s 6c] [6h]
VolkovDmitri: bets $6
Haz997: calls $6
*** RIVER *** [7h 6s 6c 6h] [Qd]
VolkovDmitri: bets $6
Haz997: raises $6 to $12
VolkovDmitri: folds
Uncalled bet ($6) returned to Haz997
Haz997 collected $47.50 from pot
Haz997: doesn't show hand
*** SUMMARY ***
Total pot $48 | Rake $0.50
Board [7h 6s 6c 6h Qd]
Seat 4: VolkovDmitri (big blind) folded on the River
Seat 5: Haz997 (button) (small blind) collected ($47.50)


PokerStars Hand #160235533005:  Hold'em Limit ($3/$6 USD) - 2016/10/21 11:13:05 ET
Table 'Brixia' 6-max Seat #4 is the button
Seat 4: VolkovDmitri ($137.02 in chips)
Seat 5: Haz997 ($178.50 in chips)
VolkovDmitri: posts small blind $1
Haz997: posts big blind $3
*** HOLE CARDS ***
VolkovDmitri: raises $3 to $6
Haz997: calls $3
*** FLOP *** [6s 4s 3d]
Haz997: checks
amx724 joins the table at seat #6
VolkovDmitri: bets $3
Haz997: folds
Uncalled bet ($3) returned to VolkovDmitri
VolkovDmitri collected $11.76 from pot
VolkovDmitri: doesn't show hand
*** SUMMARY ***
Total pot $12 | Rake $0.24
Board [6s 4s 3d]
Seat 4: VolkovDmitri (button) (small blind) collected ($11.76)
Seat 5: Haz997 (big blind) folded on the Flop


