PokerStars Hand #157062666025:  Hold'em Limit ($3/$6 USD) - 2016/08/09 11:46:32 ET
Table 'Brixia II' 10-max Seat #5 is the button
Seat 5: simper11 ($120 in chips)
Seat 6: ChipsOrre ($120 in chips)
simper11: posts small blind $1
ChipsOrre: posts big blind $3
*** HOLE CARDS ***
simper11: raises $3 to $6
fck1111 joins the table at seat #10
ChipsOrre: calls $3
*** FLOP *** [Kd 6h Qh]
ChipsOrre: checks
simper11: checks
*** TURN *** [Kd 6h Qh] [6s]
ChipsOrre: bets $6
simper11: raises $6 to $12
B_loJkl joins the table at seat #7
ChipsOrre: calls $6
*** RIVER *** [Kd 6h Qh 6s] [4d]
ChipsOrre: checks
simper11: bets $6
ChipsOrre: folds
Uncalled bet ($6) returned to simper11
simper11 collected $35.50 from pot
simper11: doesn't show hand
*** SUMMARY ***
Total pot $36 | Rake $0.50
Board [Kd 6h Qh 6s 4d]
Seat 5: simper11 (button) (small blind) collected ($35.50)
Seat 6: ChipsOrre (big blind) folded on the River


PokerStars Hand #157062839441:  Hold'em Limit ($3/$6 USD) - 2016/08/09 11:51:20 ET
Table 'Brixia II' 10-max Seat #7 is the button
Seat 6: ChipsOrre ($49.92 in chips)
Seat 7: B_loJkl ($172 in chips)
B_loJkl: posts small blind $1
vestimokrec: is sitting out
ChipsOrre: posts big blind $3
*** HOLE CARDS ***
B_loJkl: raises $3 to $6
vestimokrec leaves the table
ChipsOrre: calls $3
*** FLOP *** [Ac Kh 8c]
ChipsOrre: checks
B_loJkl: bets $3
ChipsOrre: calls $3
*** TURN *** [Ac Kh 8c] [3c]
ChipsOrre: checks
B_loJkl: bets $6
ChipsOrre: calls $6
*** RIVER *** [Ac Kh 8c 3c] [5s]
ChipsOrre: checks
B_loJkl: checks
*** SHOW DOWN ***
ChipsOrre: shows [8d 4c] (a pair of Eights)
B_loJkl: mucks hand
ChipsOrre collected $29.50 from pot
*** SUMMARY ***
Total pot $30 | Rake $0.50
Board [Ac Kh 8c 3c 5s]
Seat 6: ChipsOrre (big blind) showed [8d 4c] and won ($29.50) with a pair of Eights
Seat 7: B_loJkl (button) (small blind) mucked


PokerStars Hand #157062854781:  Hold'em Limit ($3/$6 USD) - 2016/08/09 11:51:45 ET
Table 'Brixia II' 10-max Seat #6 is the button
Seat 6: ChipsOrre ($64.42 in chips)
Seat 7: B_loJkl ($157 in chips)
ChipsOrre: posts small blind $1
B_loJkl: posts big blind $3
*** HOLE CARDS ***
ChipsOrre: raises $3 to $6
B_loJkl: calls $3
*** FLOP *** [Td Tc 5s]
B_loJkl: checks
ChipsOrre: bets $3
B_loJkl: raises $3 to $6
ChipsOrre: calls $3
*** TURN *** [Td Tc 5s] [Ad]
B_loJkl: checks
ChipsOrre: bets $6
B_loJkl: calls $6
*** RIVER *** [Td Tc 5s Ad] [7c]
B_loJkl: checks
ChipsOrre: checks
*** SHOW DOWN ***
B_loJkl: shows [Ah 8h] (two pair, Aces and Tens)
ChipsOrre: mucks hand
B_loJkl collected $35.50 from pot
*** SUMMARY ***
Total pot $36 | Rake $0.50
Board [Td Tc 5s Ad 7c]
Seat 6: ChipsOrre (button) (small blind) mucked
Seat 7: B_loJkl (big blind) showed [Ah 8h] and won ($35.50) with two pair, Aces and Tens


PokerStars Hand #157063089720:  Hold'em Limit ($3/$6 USD) - 2016/08/09 11:58:46 ET
Table 'Brixia II' 10-max Seat #3 is the button
Seat 3: iskambil ($57 in chips)
Seat 6: ChipsOrre ($118.82 in chips)
iskambil: posts small blind $1
ChipsOrre: posts big blind $3
*** HOLE CARDS ***
iskambil: raises $3 to $6
ChipsOrre: calls $3
*** FLOP *** [8d Tc Kh]
ChipsOrre: checks
iskambil: bets $3
B_loJkl leaves the table
ChipsOrre: folds
Uncalled bet ($3) returned to iskambil
iskambil collected $11.76 from pot
*** SUMMARY ***
Total pot $12 | Rake $0.24
Board [8d Tc Kh]
Seat 3: iskambil (button) (small blind) collected ($11.76)
Seat 6: ChipsOrre (big blind) folded on the Flop


PokerStars Hand #157063085858:  Hold'em Limit ($3/$6 USD) - 2016/08/09 11:58:39 ET
Table 'Brixia II' 10-max Seat #6 is the button
Seat 3: iskambil ($60 in chips)
Seat 6: ChipsOrre ($115.82 in chips)
ChipsOrre: posts small blind $1
B_loJkl: is sitting out
iskambil: posts big blind $3
*** HOLE CARDS ***
ChipsOrre: raises $3 to $6
iskambil: folds
Uncalled bet ($3) returned to ChipsOrre
ChipsOrre collected $6 from pot
ChipsOrre: doesn't show hand
*** SUMMARY ***
Total pot $6 | Rake $0
Seat 3: iskambil (big blind) folded before Flop
Seat 6: ChipsOrre (button) (small blind) collected ($6)


PokerStars Hand #157073434642:  Hold'em Limit ($3/$6 USD) - 2016/08/09 16:06:17 ET
Table 'Brixia II' 10-max Seat #4 is the button
Seat 4: TinaTurner72 ($120 in chips)
Seat 5: ChicagoBull4 ($72.83 in chips)
TinaTurner72: posts small blind $1
ChicagoBull4: posts big blind $3
*** HOLE CARDS ***
Humtum81 joins the table at seat #3
TinaTurner72: raises $3 to $6
ChicagoBull4: calls $3
*** FLOP *** [Ad 4s 5h]
ChicagoBull4: checks
TinaTurner72: bets $3
ChicagoBull4: calls $3
*** TURN *** [Ad 4s 5h] [2h]
ChicagoBull4: checks
TinaTurner72: bets $6
ChicagoBull4: calls $6
*** RIVER *** [Ad 4s 5h 2h] [6h]
ChicagoBull4: checks
TinaTurner72: bets $6
ChicagoBull4: calls $6
*** SHOW DOWN ***
TinaTurner72: shows [Ah Ks] (a pair of Aces)
ChicagoBull4: mucks hand
TinaTurner72 collected $41.50 from pot
*** SUMMARY ***
Total pot $42 | Rake $0.50
Board [Ad 4s 5h 2h 6h]
Seat 4: TinaTurner72 (button) (small blind) showed [Ah Ks] and won ($41.50) with a pair of Aces
Seat 5: ChicagoBull4 (big blind) mucked


PokerStars Hand #157073548935:  Hold'em Limit ($3/$6 USD) - 2016/08/09 16:08:44 ET
Table 'Brixia II' 10-max Seat #3 is the button
Seat 3: Humtum81 ($34.02 in chips)
Seat 4: TinaTurner72 ($189.02 in chips)
Chessnok will be allowed to play after the button
Humtum81: posts small blind $1
TinaTurner72: posts big blind $3
*** HOLE CARDS ***
Humtum81: folds
Uncalled bet ($2) returned to TinaTurner72
ChicagoBull4 is disconnected
TinaTurner72 collected $2 from pot
TinaTurner72: doesn't show hand
*** SUMMARY ***
Total pot $2 | Rake $0
Seat 3: Humtum81 (button) (small blind) folded before Flop
Seat 4: TinaTurner72 (big blind) collected ($2)


PokerStars Hand #157073839918:  Hold'em Limit ($3/$6 USD) - 2016/08/09 16:15:00 ET
Table 'Brixia II' 10-max Seat #3 is the button
Seat 3: Humtum81 ($49.47 in chips)
Seat 6: Chessnok ($125.18 in chips)
Humtum81: posts small blind $1
Chessnok: posts big blind $3
*** HOLE CARDS ***
Humtum81: raises $3 to $6
gertjan75 leaves the table
Chessnok: calls $3
*** FLOP *** [6c Js 8c]
Chessnok: checks
Humtum81: checks
*** TURN *** [6c Js 8c] [6d]
Chessnok: bets $6
Humtum81: folds
Uncalled bet ($6) returned to Chessnok
Chessnok collected $11.76 from pot
Chessnok: doesn't show hand
*** SUMMARY ***
Total pot $12 | Rake $0.24
Board [6c Js 8c 6d]
Seat 3: Humtum81 (button) (small blind) folded on the Turn
Seat 6: Chessnok (big blind) collected ($11.76)


