PokerStars Hand #167021774914:  Hold'em Limit ($3/$6 USD) - 2017/03/02 17:36:50 ET
Table 'Brixia' 10-max Seat #3 is the button
Seat 3: perten ($75.74 in chips)
Seat 7: Actionni13 ($150 in chips)
perten: posts small blind $1
Actionni13: posts big blind $3
*** HOLE CARDS ***
perten: raises $3 to $6
Actionni13: folds
Uncalled bet ($3) returned to perten
perten collected $6 from pot
perten: doesn't show hand
*** SUMMARY ***
Total pot $6 | Rake $0
Seat 3: perten (button) (small blind) collected ($6)
Seat 7: Actionni13 (big blind) folded before Flop


PokerStars Hand #167021782984:  Hold'em Limit ($3/$6 USD) - 2017/03/02 17:37:00 ET
Table 'Brixia' 10-max Seat #7 is the button
Seat 3: perten ($78.74 in chips)
Seat 7: Actionni13 ($150 in chips)
Actionni13: posts small blind $1
perten: posts big blind $3
*** HOLE CARDS ***
Actionni13: raises $3 to $6
perten: calls $3
*** FLOP *** [Jh 7h Jc]
perten: checks
Actionni13: bets $3
perten: calls $3
*** TURN *** [Jh 7h Jc] [5h]
perten: checks
Actionni13: checks
*** RIVER *** [Jh 7h Jc 5h] [5s]
perten: bets $6
Actionni13: folds
Uncalled bet ($6) returned to perten
perten collected $17.64 from pot
perten: doesn't show hand
*** SUMMARY ***
Total pot $18 | Rake $0.36
Board [Jh 7h Jc 5h 5s]
Seat 3: perten (big blind) collected ($17.64)
Seat 7: Actionni13 (button) (small blind) folded on the River


PokerStars Hand #167021809142:  Hold'em Limit ($3/$6 USD) - 2017/03/02 17:37:32 ET
Table 'Brixia' 10-max Seat #7 is the button
Seat 3: perten ($90.38 in chips)
Seat 7: Actionni13 ($150 in chips)
Actionni13: posts small blind $1
perten: posts big blind $3
*** HOLE CARDS ***
Actionni13: folds
Uncalled bet ($2) returned to perten
perten collected $2 from pot
perten: doesn't show hand
*** SUMMARY ***
Total pot $2 | Rake $0
Seat 3: perten (big blind) collected ($2)
Seat 7: Actionni13 (button) (small blind) folded before Flop


PokerStars Hand #167021803303:  Hold'em Limit ($3/$6 USD) - 2017/03/02 17:37:25 ET
Table 'Brixia' 10-max Seat #3 is the button
Seat 3: perten ($87.38 in chips)
Seat 7: Actionni13 ($150 in chips)
perten: posts small blind $1
Actionni13: posts big blind $3
*** HOLE CARDS ***
perten: raises $3 to $6
Actionni13: folds
Uncalled bet ($3) returned to perten
perten collected $6 from pot
perten: doesn't show hand
*** SUMMARY ***
Total pot $6 | Rake $0
Seat 3: perten (button) (small blind) collected ($6)
Seat 7: Actionni13 (big blind) folded before Flop


PokerStars Hand #167021812826:  Hold'em Limit ($3/$6 USD) - 2017/03/02 17:37:37 ET
Table 'Brixia' 10-max Seat #3 is the button
Seat 3: perten ($91.38 in chips)
Seat 7: Actionni13 ($150 in chips)
perten: posts small blind $1
Actionni13: posts big blind $3
*** HOLE CARDS ***
perten: raises $3 to $6
Actionni13: calls $3
*** FLOP *** [4d 2s Jd]
Actionni13: checks
perten: bets $3
Actionni13: calls $3
*** TURN *** [4d 2s Jd] [6c]
Actionni13: checks
perten: bets $6
Actionni13: folds
Uncalled bet ($6) returned to perten
perten collected $17.64 from pot
perten: doesn't show hand
*** SUMMARY ***
Total pot $18 | Rake $0.36
Board [4d 2s Jd 6c]
Seat 3: perten (button) (small blind) collected ($17.64)
Seat 7: Actionni13 (big blind) folded on the Turn


PokerStars Hand #167021832990:  Hold'em Limit ($3/$6 USD) - 2017/03/02 17:38:01 ET
Table 'Brixia' 10-max Seat #3 is the button
Seat 3: perten ($108.66 in chips)
Seat 7: Actionni13 ($150 in chips)
perten: posts small blind $1
Actionni13: posts big blind $3
*** HOLE CARDS ***
perten: raises $3 to $6
Actionni13: folds
Uncalled bet ($3) returned to perten
perten collected $6 from pot
perten: doesn't show hand
*** SUMMARY ***
Total pot $6 | Rake $0
Seat 3: perten (button) (small blind) collected ($6)
Seat 7: Actionni13 (big blind) folded before Flop


PokerStars Hand #167021824528:  Hold'em Limit ($3/$6 USD) - 2017/03/02 17:37:51 ET
Table 'Brixia' 10-max Seat #7 is the button
Seat 3: perten ($100.02 in chips)
Seat 7: Actionni13 ($150 in chips)
Actionni13: posts small blind $1
perten: posts big blind $3
*** HOLE CARDS ***
Actionni13: raises $3 to $6
perten: raises $3 to $9
Actionni13: calls $3
*** FLOP *** [Js 6s Qd]
perten: bets $3
Actionni13: folds
Uncalled bet ($3) returned to perten
perten collected $17.64 from pot
perten: doesn't show hand
*** SUMMARY ***
Total pot $18 | Rake $0.36
Board [Js 6s Qd]
Seat 3: perten (big blind) collected ($17.64)
Seat 7: Actionni13 (button) (small blind) folded on the Flop


