PokerStars Hand #169534660880:  Hold'em Limit ($3/$6 USD) - 2017/04/25 8:59:45 ET
Table 'Bruchsalia II' 6-max Seat #1 is the button
Seat 1: rascal_319 ($120 in chips)
Seat 6: BugerDV ($72 in chips)
rascal_319: posts small blind $1
sim5sim5: is sitting out
sim5sim5 leaves the table
BugerDV: posts big blind $3
*** HOLE CARDS ***
rascal_319: folds
Uncalled bet ($2) returned to BugerDV
BugerDV collected $2 from pot
BugerDV: doesn't show hand
*** SUMMARY ***
Total pot $2 | Rake $0
Seat 1: rascal_319 (button) (small blind) folded before Flop
Seat 6: BugerDV (big blind) collected ($2)


PokerStars Hand #169535510526:  Hold'em Limit ($3/$6 USD) - 2017/04/25 9:25:20 ET
Table 'Bruchsalia II' 6-max Seat #3 is the button
Seat 3: HIGHIQ74 ($109.91 in chips)
Seat 4: THEYESTERDAY ($155.07 in chips)
HIGHIQ74: posts small blind $1
THEYESTERDAY: posts big blind $3
*** HOLE CARDS ***
HIGHIQ74: raises $3 to $6
THEYESTERDAY: folds
Uncalled bet ($3) returned to HIGHIQ74
HIGHIQ74 collected $6 from pot
*** SUMMARY ***
Total pot $6 | Rake $0
Seat 3: HIGHIQ74 (button) (small blind) collected ($6)
Seat 4: THEYESTERDAY (big blind) folded before Flop


PokerStars Hand #169535494478:  Hold'em Limit ($3/$6 USD) - 2017/04/25 9:24:51 ET
Table 'Bruchsalia II' 6-max Seat #3 is the button
Seat 3: HIGHIQ74 ($116.41 in chips)
Seat 4: THEYESTERDAY ($149.57 in chips)
HIGHIQ74: posts small blind $1
THEYESTERDAY: posts big blind $3
*** HOLE CARDS ***
HIGHIQ74: raises $3 to $6
THEYESTERDAY: calls $3
*** FLOP *** [8d 9h 6s]
THEYESTERDAY: checks
HIGHIQ74: checks
*** TURN *** [8d 9h 6s] [Kc]
THEYESTERDAY: bets $6
HIGHIQ74: raises $6 to $12
THEYESTERDAY: calls $6
*** RIVER *** [8d 9h 6s Kc] [9c]
THEYESTERDAY: checks
HIGHIQ74: bets $6
THEYESTERDAY: folds
Uncalled bet ($6) returned to HIGHIQ74
HIGHIQ74 collected $35.50 from pot
*** SUMMARY ***
Total pot $36 | Rake $0.50
Board [8d 9h 6s Kc 9c]
Seat 3: HIGHIQ74 (button) (small blind) collected ($35.50)
Seat 4: THEYESTERDAY (big blind) folded on the River


PokerStars Hand #169535524225:  Hold'em Limit ($3/$6 USD) - 2017/04/25 9:25:44 ET
Table 'Bruchsalia II' 6-max Seat #3 is the button
Seat 3: HIGHIQ74 ($128.43 in chips)
Seat 4: THEYESTERDAY ($136.07 in chips)
HIGHIQ74: posts small blind $1
THEYESTERDAY: posts big blind $3
*** HOLE CARDS ***
HIGHIQ74: folds
Uncalled bet ($2) returned to THEYESTERDAY
THEYESTERDAY collected $2 from pot
THEYESTERDAY: doesn't show hand
*** SUMMARY ***
Total pot $2 | Rake $0
Seat 3: HIGHIQ74 (button) (small blind) folded before Flop
Seat 4: THEYESTERDAY (big blind) collected ($2)


PokerStars Hand #169535518774:  Hold'em Limit ($3/$6 USD) - 2017/04/25 9:25:34 ET
Table 'Bruchsalia II' 6-max Seat #4 is the button
Seat 3: HIGHIQ74 ($116.91 in chips)
Seat 4: THEYESTERDAY ($148.07 in chips)
THEYESTERDAY: posts small blind $1
HIGHIQ74: posts big blind $3
*** HOLE CARDS ***
THEYESTERDAY: raises $3 to $6
HIGHIQ74: raises $3 to $9
THEYESTERDAY: calls $3
*** FLOP *** [3h Ks 8c]
HIGHIQ74: bets $3
THEYESTERDAY: calls $3
*** TURN *** [3h Ks 8c] [4h]
HIGHIQ74: bets $6
THEYESTERDAY: folds
Uncalled bet ($6) returned to HIGHIQ74
HIGHIQ74 collected $23.52 from pot
*** SUMMARY ***
Total pot $24 | Rake $0.48
Board [3h Ks 8c 4h]
Seat 3: HIGHIQ74 (big blind) collected ($23.52)
Seat 4: THEYESTERDAY (button) (small blind) folded on the Turn


PokerStars Hand #169535516003:  Hold'em Limit ($3/$6 USD) - 2017/04/25 9:25:29 ET
Table 'Bruchsalia II' 6-max Seat #3 is the button
Seat 3: HIGHIQ74 ($113.91 in chips)
Seat 4: THEYESTERDAY ($151.07 in chips)
HIGHIQ74: posts small blind $1
THEYESTERDAY: posts big blind $3
*** HOLE CARDS ***
HIGHIQ74: raises $3 to $6
THEYESTERDAY: folds
Uncalled bet ($3) returned to HIGHIQ74
HIGHIQ74 collected $6 from pot
*** SUMMARY ***
Total pot $6 | Rake $0
Seat 3: HIGHIQ74 (button) (small blind) collected ($6)
Seat 4: THEYESTERDAY (big blind) folded before Flop


PokerStars Hand #169535502407:  Hold'em Limit ($3/$6 USD) - 2017/04/25 9:25:05 ET
Table 'Bruchsalia II' 6-max Seat #4 is the button
Seat 3: HIGHIQ74 ($133.91 in chips)
Seat 4: THEYESTERDAY ($131.57 in chips)
THEYESTERDAY: posts small blind $1
HIGHIQ74: posts big blind $3
*** HOLE CARDS ***
THEYESTERDAY: raises $3 to $6
HIGHIQ74: raises $3 to $9
THEYESTERDAY: calls $3
*** FLOP *** [6c Th Jh]
HIGHIQ74: bets $3
THEYESTERDAY: calls $3
*** TURN *** [6c Th Jh] [2h]
HIGHIQ74: checks
THEYESTERDAY: bets $6
HIGHIQ74: calls $6
*** RIVER *** [6c Th Jh 2h] [Ts]
HIGHIQ74: checks
THEYESTERDAY: bets $6
HIGHIQ74: calls $6
*** SHOW DOWN ***
THEYESTERDAY: shows [6h 5c] (two pair, Tens and Sixes)
HIGHIQ74: mucks hand
THEYESTERDAY collected $47.50 from pot
*** SUMMARY ***
Total pot $48 | Rake $0.50
Board [6c Th Jh 2h Ts]
Seat 3: HIGHIQ74 (big blind) mucked
Seat 4: THEYESTERDAY (button) (small blind) showed [6h 5c] and won ($47.50) with two pair, Tens and Sixes


PokerStars Hand #169535491272:  Hold'em Limit ($3/$6 USD) - 2017/04/25 9:24:46 ET
Table 'Bruchsalia II' 6-max Seat #4 is the button
Seat 3: HIGHIQ74 ($119.41 in chips)
Seat 4: THEYESTERDAY ($146.57 in chips)
THEYESTERDAY: posts small blind $1
pecs680: is sitting out
HIGHIQ74: posts big blind $3
*** HOLE CARDS ***
THEYESTERDAY: raises $3 to $6
HIGHIQ74: folds
Uncalled bet ($3) returned to THEYESTERDAY
THEYESTERDAY collected $6 from pot
THEYESTERDAY: doesn't show hand
*** SUMMARY ***
Total pot $6 | Rake $0
Seat 3: HIGHIQ74 (big blind) folded before Flop
Seat 4: THEYESTERDAY (button) (small blind) collected ($6)


PokerStars Hand #169535554164:  Hold'em Limit ($3/$6 USD) - 2017/04/25 9:26:37 ET
Table 'Bruchsalia II' 6-max Seat #3 is the button
Seat 3: HIGHIQ74 ($125.07 in chips)
Seat 4: THEYESTERDAY ($138.83 in chips)
HIGHIQ74: posts small blind $1
THEYESTERDAY: posts big blind $3
*** HOLE CARDS ***
HIGHIQ74: folds
Uncalled bet ($2) returned to THEYESTERDAY
THEYESTERDAY collected $2 from pot
THEYESTERDAY: doesn't show hand
*** SUMMARY ***
Total pot $2 | Rake $0
Seat 3: HIGHIQ74 (button) (small blind) folded before Flop
Seat 4: THEYESTERDAY (big blind) collected ($2)


PokerStars Hand #169535549559:  Hold'em Limit ($3/$6 USD) - 2017/04/25 9:26:28 ET
Table 'Bruchsalia II' 6-max Seat #4 is the button
Seat 3: HIGHIQ74 ($131.07 in chips)
Seat 4: THEYESTERDAY ($133.07 in chips)
THEYESTERDAY: posts small blind $1
HIGHIQ74: posts big blind $3
*** HOLE CARDS ***
THEYESTERDAY: raises $3 to $6
HIGHIQ74: calls $3
*** FLOP *** [6h Ks 6s]
HIGHIQ74: checks
THEYESTERDAY: bets $3
HIGHIQ74: folds
Uncalled bet ($3) returned to THEYESTERDAY
THEYESTERDAY collected $11.76 from pot
THEYESTERDAY: doesn't show hand
*** SUMMARY ***
Total pot $12 | Rake $0.24
Board [6h Ks 6s]
Seat 3: HIGHIQ74 (big blind) folded on the Flop
Seat 4: THEYESTERDAY (button) (small blind) collected ($11.76)


PokerStars Hand #169535546925:  Hold'em Limit ($3/$6 USD) - 2017/04/25 9:26:24 ET
Table 'Bruchsalia II' 6-max Seat #3 is the button
Seat 3: HIGHIQ74 ($128.07 in chips)
Seat 4: THEYESTERDAY ($136.07 in chips)
HIGHIQ74: posts small blind $1
THEYESTERDAY: posts big blind $3
*** HOLE CARDS ***
HIGHIQ74: raises $3 to $6
THEYESTERDAY: folds
Uncalled bet ($3) returned to HIGHIQ74
HIGHIQ74 collected $6 from pot
*** SUMMARY ***
Total pot $6 | Rake $0
Seat 3: HIGHIQ74 (button) (small blind) collected ($6)
Seat 4: THEYESTERDAY (big blind) folded before Flop


PokerStars Hand #169535544404:  Hold'em Limit ($3/$6 USD) - 2017/04/25 9:26:19 ET
Table 'Bruchsalia II' 6-max Seat #4 is the button
Seat 3: HIGHIQ74 ($131.07 in chips)
Seat 4: THEYESTERDAY ($133.07 in chips)
THEYESTERDAY: posts small blind $1
HIGHIQ74: posts big blind $3
*** HOLE CARDS ***
THEYESTERDAY: raises $3 to $6
HIGHIQ74: folds
Uncalled bet ($3) returned to THEYESTERDAY
THEYESTERDAY collected $6 from pot
THEYESTERDAY: doesn't show hand
*** SUMMARY ***
Total pot $6 | Rake $0
Seat 3: HIGHIQ74 (big blind) folded before Flop
Seat 4: THEYESTERDAY (button) (small blind) collected ($6)


PokerStars Hand #169535536707:  Hold'em Limit ($3/$6 USD) - 2017/04/25 9:26:06 ET
Table 'Bruchsalia II' 6-max Seat #3 is the button
Seat 3: HIGHIQ74 ($136.07 in chips)
Seat 4: THEYESTERDAY ($128.07 in chips)
HIGHIQ74: posts small blind $1
THEYESTERDAY: posts big blind $3
*** HOLE CARDS ***
HIGHIQ74: folds
Uncalled bet ($2) returned to THEYESTERDAY
THEYESTERDAY collected $2 from pot
THEYESTERDAY: doesn't show hand
*** SUMMARY ***
Total pot $2 | Rake $0
Seat 3: HIGHIQ74 (button) (small blind) folded before Flop
Seat 4: THEYESTERDAY (big blind) collected ($2)


PokerStars Hand #169535533870:  Hold'em Limit ($3/$6 USD) - 2017/04/25 9:26:01 ET
Table 'Bruchsalia II' 6-max Seat #4 is the button
Seat 3: HIGHIQ74 ($139.07 in chips)
Seat 4: THEYESTERDAY ($125.07 in chips)
THEYESTERDAY: posts small blind $1
HIGHIQ74: posts big blind $3
*** HOLE CARDS ***
THEYESTERDAY: raises $3 to $6
HIGHIQ74: folds
Uncalled bet ($3) returned to THEYESTERDAY
THEYESTERDAY collected $6 from pot
THEYESTERDAY: doesn't show hand
*** SUMMARY ***
Total pot $6 | Rake $0
Seat 3: HIGHIQ74 (big blind) folded before Flop
Seat 4: THEYESTERDAY (button) (small blind) collected ($6)


PokerStars Hand #169535531172:  Hold'em Limit ($3/$6 USD) - 2017/04/25 9:25:56 ET
Table 'Bruchsalia II' 6-max Seat #3 is the button
Seat 3: HIGHIQ74 ($136.07 in chips)
Seat 4: THEYESTERDAY ($128.07 in chips)
HIGHIQ74: posts small blind $1
THEYESTERDAY: posts big blind $3
*** HOLE CARDS ***
HIGHIQ74: raises $3 to $6
THEYESTERDAY: folds
Uncalled bet ($3) returned to HIGHIQ74
HIGHIQ74 collected $6 from pot
*** SUMMARY ***
Total pot $6 | Rake $0
Seat 3: HIGHIQ74 (button) (small blind) collected ($6)
Seat 4: THEYESTERDAY (big blind) folded before Flop


PokerStars Hand #169535526993:  Hold'em Limit ($3/$6 USD) - 2017/04/25 9:25:49 ET
Table 'Bruchsalia II' 6-max Seat #4 is the button
Seat 3: HIGHIQ74 ($127.43 in chips)
Seat 4: THEYESTERDAY ($137.07 in chips)
THEYESTERDAY: posts small blind $1
HIGHIQ74: posts big blind $3
*** HOLE CARDS ***
THEYESTERDAY: raises $3 to $6
HIGHIQ74: raises $3 to $9
THEYESTERDAY: calls $3
*** FLOP *** [6h Ks Qh]
HIGHIQ74: bets $3
THEYESTERDAY: folds
Uncalled bet ($3) returned to HIGHIQ74
HIGHIQ74 collected $17.64 from pot
*** SUMMARY ***
Total pot $18 | Rake $0.36
Board [6h Ks Qh]
Seat 3: HIGHIQ74 (big blind) collected ($17.64)
Seat 4: THEYESTERDAY (button) (small blind) folded on the Flop


PokerStars Hand #169535541795:  Hold'em Limit ($3/$6 USD) - 2017/04/25 9:26:15 ET
Table 'Bruchsalia II' 6-max Seat #3 is the button
Seat 3: HIGHIQ74 ($132.07 in chips)
Seat 4: THEYESTERDAY ($132.07 in chips)
HIGHIQ74: posts small blind $1
THEYESTERDAY: posts big blind $3
*** HOLE CARDS ***
HIGHIQ74: folds
Uncalled bet ($2) returned to THEYESTERDAY
THEYESTERDAY collected $2 from pot
THEYESTERDAY: doesn't show hand
*** SUMMARY ***
Total pot $2 | Rake $0
Seat 3: HIGHIQ74 (button) (small blind) folded before Flop
Seat 4: THEYESTERDAY (big blind) collected ($2)


PokerStars Hand #169535539167:  Hold'em Limit ($3/$6 USD) - 2017/04/25 9:26:10 ET
Table 'Bruchsalia II' 6-max Seat #4 is the button
Seat 3: HIGHIQ74 ($135.07 in chips)
Seat 4: THEYESTERDAY ($129.07 in chips)
THEYESTERDAY: posts small blind $1
HIGHIQ74: posts big blind $3
*** HOLE CARDS ***
THEYESTERDAY: raises $3 to $6
HIGHIQ74: folds
Uncalled bet ($3) returned to THEYESTERDAY
THEYESTERDAY collected $6 from pot
THEYESTERDAY: doesn't show hand
*** SUMMARY ***
Total pot $6 | Rake $0
Seat 3: HIGHIQ74 (big blind) folded before Flop
Seat 4: THEYESTERDAY (button) (small blind) collected ($6)


PokerStars Hand #169535594967:  Hold'em Limit ($3/$6 USD) - 2017/04/25 9:27:34 ET
Table 'Bruchsalia II' 6-max Seat #3 is the button
Seat 3: HIGHIQ74 ($99.59 in chips)
Seat 4: THEYESTERDAY ($162.85 in chips)
HIGHIQ74: posts small blind $1
THEYESTERDAY: posts big blind $3
*** HOLE CARDS ***
HIGHIQ74: folds
Uncalled bet ($2) returned to THEYESTERDAY
THEYESTERDAY collected $2 from pot
THEYESTERDAY: doesn't show hand
*** SUMMARY ***
Total pot $2 | Rake $0
Seat 3: HIGHIQ74 (button) (small blind) folded before Flop
Seat 4: THEYESTERDAY (big blind) collected ($2)


PokerStars Hand #169535592180:  Hold'em Limit ($3/$6 USD) - 2017/04/25 9:27:29 ET
Table 'Bruchsalia II' 6-max Seat #4 is the button
Seat 3: HIGHIQ74 ($102.59 in chips)
Seat 4: THEYESTERDAY ($159.85 in chips)
THEYESTERDAY: posts small blind $1
HIGHIQ74: posts big blind $3
*** HOLE CARDS ***
THEYESTERDAY: raises $3 to $6
HIGHIQ74: folds
Uncalled bet ($3) returned to THEYESTERDAY
THEYESTERDAY collected $6 from pot
THEYESTERDAY: doesn't show hand
*** SUMMARY ***
Total pot $6 | Rake $0
Seat 3: HIGHIQ74 (big blind) folded before Flop
Seat 4: THEYESTERDAY (button) (small blind) collected ($6)


PokerStars Hand #169535563699:  Hold'em Limit ($3/$6 USD) - 2017/04/25 9:26:53 ET
Table 'Bruchsalia II' 6-max Seat #3 is the button
Seat 3: HIGHIQ74 ($100.07 in chips)
Seat 4: THEYESTERDAY ($163.33 in chips)
HIGHIQ74: posts small blind $1
THEYESTERDAY: posts big blind $3
*** HOLE CARDS ***
HIGHIQ74: raises $3 to $6
THEYESTERDAY: folds
Uncalled bet ($3) returned to HIGHIQ74
HIGHIQ74 collected $6 from pot
*** SUMMARY ***
Total pot $6 | Rake $0
Seat 3: HIGHIQ74 (button) (small blind) collected ($6)
Seat 4: THEYESTERDAY (big blind) folded before Flop


PokerStars Hand #169535556638:  Hold'em Limit ($3/$6 USD) - 2017/04/25 9:26:41 ET
Table 'Bruchsalia II' 6-max Seat #4 is the button
Seat 3: HIGHIQ74 ($124.07 in chips)
Seat 4: THEYESTERDAY ($139.83 in chips)
THEYESTERDAY: posts small blind $1
HIGHIQ74: posts big blind $3
*** HOLE CARDS ***
THEYESTERDAY: raises $3 to $6
HIGHIQ74: raises $3 to $9
THEYESTERDAY: calls $3
*** FLOP *** [Td Qh Jd]
HIGHIQ74: bets $3
THEYESTERDAY: calls $3
*** TURN *** [Td Qh Jd] [Qs]
HIGHIQ74: bets $6
THEYESTERDAY: raises $6 to $12
HIGHIQ74: calls $6
*** RIVER *** [Td Qh Jd Qs] [5c]
HIGHIQ74: checks
THEYESTERDAY: checks
*** SHOW DOWN ***
HIGHIQ74: shows [6d Ad] (a pair of Queens)
THEYESTERDAY: shows [Js 5h] (two pair, Queens and Jacks)
THEYESTERDAY collected $47.50 from pot
*** SUMMARY ***
Total pot $48 | Rake $0.50
Board [Td Qh Jd Qs 5c]
Seat 3: HIGHIQ74 (big blind) showed [6d Ad] and lost with a pair of Queens
Seat 4: THEYESTERDAY (button) (small blind) showed [Js 5h] and won ($47.50) with two pair, Queens and Jacks


PokerStars Hand #169535597858:  Hold'em Limit ($3/$6 USD) - 2017/04/25 9:27:39 ET
Table 'Bruchsalia II' 6-max Seat #4 is the button
Seat 3: HIGHIQ74 ($98.59 in chips)
Seat 4: THEYESTERDAY ($163.85 in chips)
THEYESTERDAY: posts small blind $1
HIGHIQ74: posts big blind $3
*** HOLE CARDS ***
THEYESTERDAY: folds
Uncalled bet ($2) returned to HIGHIQ74
HIGHIQ74 collected $2 from pot
*** SUMMARY ***
Total pot $2 | Rake $0
Seat 3: HIGHIQ74 (big blind) collected ($2)
Seat 4: THEYESTERDAY (button) (small blind) folded before Flop


PokerStars Hand #169535566355:  Hold'em Limit ($3/$6 USD) - 2017/04/25 9:26:58 ET
Table 'Bruchsalia II' 6-max Seat #4 is the button
Seat 3: HIGHIQ74 ($103.07 in chips)
Seat 4: THEYESTERDAY ($160.33 in chips)
THEYESTERDAY: posts small blind $1
HIGHIQ74: posts big blind $3
*** HOLE CARDS ***
THEYESTERDAY: raises $3 to $6
HIGHIQ74: raises $3 to $9
THEYESTERDAY: calls $3
*** FLOP *** [Qs Tc 5h]
HIGHIQ74: bets $3
THEYESTERDAY: calls $3
*** TURN *** [Qs Tc 5h] [6c]
HIGHIQ74: bets $6
THEYESTERDAY: folds
Uncalled bet ($6) returned to HIGHIQ74
HIGHIQ74 collected $23.52 from pot
*** SUMMARY ***
Total pot $24 | Rake $0.48
Board [Qs Tc 5h 6c]
Seat 3: HIGHIQ74 (big blind) collected ($23.52)
Seat 4: THEYESTERDAY (button) (small blind) folded on the Turn


PokerStars Hand #169535571850:  Hold'em Limit ($3/$6 USD) - 2017/04/25 9:27:08 ET
Table 'Bruchsalia II' 6-max Seat #3 is the button
Seat 3: HIGHIQ74 ($114.59 in chips)
Seat 4: THEYESTERDAY ($148.33 in chips)
HIGHIQ74: posts small blind $1
THEYESTERDAY: posts big blind $3
*** HOLE CARDS ***
HIGHIQ74: folds
Uncalled bet ($2) returned to THEYESTERDAY
THEYESTERDAY collected $2 from pot
THEYESTERDAY: doesn't show hand
*** SUMMARY ***
Total pot $2 | Rake $0
Seat 3: HIGHIQ74 (button) (small blind) folded before Flop
Seat 4: THEYESTERDAY (big blind) collected ($2)


PokerStars Hand #169535576994:  Hold'em Limit ($3/$6 USD) - 2017/04/25 9:27:17 ET
Table 'Bruchsalia II' 6-max Seat #3 is the button
Seat 3: HIGHIQ74 ($114.59 in chips)
Seat 4: THEYESTERDAY ($148.33 in chips)
HIGHIQ74: posts small blind $1
THEYESTERDAY: posts big blind $3
*** HOLE CARDS ***
HIGHIQ74: raises $3 to $6
THEYESTERDAY: calls $3
*** FLOP *** [5c 9d Jh]
THEYESTERDAY: checks
HIGHIQ74: bets $3
THEYESTERDAY: raises $3 to $6
HIGHIQ74: calls $3
*** TURN *** [5c 9d Jh] [7s]
THEYESTERDAY: bets $6
HIGHIQ74: folds
Uncalled bet ($6) returned to THEYESTERDAY
THEYESTERDAY collected $23.52 from pot
THEYESTERDAY: doesn't show hand
*** SUMMARY ***
Total pot $24 | Rake $0.48
Board [5c 9d Jh 7s]
Seat 3: HIGHIQ74 (button) (small blind) folded on the Turn
Seat 4: THEYESTERDAY (big blind) collected ($23.52)


PokerStars Hand #169535610885:  Hold'em Limit ($3/$6 USD) - 2017/04/25 9:28:03 ET
Table 'Bruchsalia II' 6-max Seat #3 is the button
Seat 3: HIGHIQ74 ($127.09 in chips)
Seat 4: THEYESTERDAY ($134.85 in chips)
HIGHIQ74: posts small blind $1
THEYESTERDAY: posts big blind $3
*** HOLE CARDS ***
HIGHIQ74: raises $3 to $6
THEYESTERDAY: calls $3
*** FLOP *** [3h 9s 7c]
THEYESTERDAY: checks
HIGHIQ74: checks
*** TURN *** [3h 9s 7c] [Qc]
THEYESTERDAY: bets $6
HIGHIQ74: raises $6 to $12
THEYESTERDAY: folds
Uncalled bet ($6) returned to HIGHIQ74
HIGHIQ74 collected $23.52 from pot
*** SUMMARY ***
Total pot $24 | Rake $0.48
Board [3h 9s 7c Qc]
Seat 3: HIGHIQ74 (button) (small blind) collected ($23.52)
Seat 4: THEYESTERDAY (big blind) folded on the Turn


PokerStars Hand #169535624680:  Hold'em Limit ($3/$6 USD) - 2017/04/25 9:28:27 ET
Table 'Bruchsalia II' 6-max Seat #3 is the button
Seat 3: HIGHIQ74 ($123.61 in chips)
Seat 4: THEYESTERDAY ($137.35 in chips)
HIGHIQ74: posts small blind $1
THEYESTERDAY: posts big blind $3
*** HOLE CARDS ***
HIGHIQ74: raises $3 to $6
THEYESTERDAY: calls $3
*** FLOP *** [5s 6d 9d]
THEYESTERDAY: checks
HIGHIQ74: bets $3
THEYESTERDAY: raises $3 to $6
HIGHIQ74: calls $3
*** TURN *** [5s 6d 9d] [6h]
THEYESTERDAY: bets $6
HIGHIQ74: raises $6 to $12
THEYESTERDAY: calls $6
*** RIVER *** [5s 6d 9d 6h] [Ts]
THEYESTERDAY: checks
HIGHIQ74: bets $6
THEYESTERDAY: folds
Uncalled bet ($6) returned to HIGHIQ74
HIGHIQ74 collected $47.50 from pot
*** SUMMARY ***
Total pot $48 | Rake $0.50
Board [5s 6d 9d 6h Ts]
Seat 3: HIGHIQ74 (button) (small blind) collected ($47.50)
Seat 4: THEYESTERDAY (big blind) folded on the River


PokerStars Hand #169535634792:  Hold'em Limit ($3/$6 USD) - 2017/04/25 9:28:45 ET
Table 'Bruchsalia II' 6-max Seat #3 is the button
Seat 3: HIGHIQ74 ($144.11 in chips)
Seat 4: THEYESTERDAY ($116.35 in chips)
HIGHIQ74: posts small blind $1
THEYESTERDAY: posts big blind $3
*** HOLE CARDS ***
HIGHIQ74: folds
Uncalled bet ($2) returned to THEYESTERDAY
THEYESTERDAY collected $2 from pot
THEYESTERDAY: doesn't show hand
*** SUMMARY ***
Total pot $2 | Rake $0
Seat 3: HIGHIQ74 (button) (small blind) folded before Flop
Seat 4: THEYESTERDAY (big blind) collected ($2)


PokerStars Hand #169535632117:  Hold'em Limit ($3/$6 USD) - 2017/04/25 9:28:40 ET
Table 'Bruchsalia II' 6-max Seat #4 is the button
Seat 3: HIGHIQ74 ($147.11 in chips)
Seat 4: THEYESTERDAY ($113.35 in chips)
THEYESTERDAY: posts small blind $1
HIGHIQ74: posts big blind $3
*** HOLE CARDS ***
THEYESTERDAY: raises $3 to $6
HIGHIQ74: folds
Uncalled bet ($3) returned to THEYESTERDAY
THEYESTERDAY collected $6 from pot
THEYESTERDAY: doesn't show hand
*** SUMMARY ***
Total pot $6 | Rake $0
Seat 3: HIGHIQ74 (big blind) folded before Flop
Seat 4: THEYESTERDAY (button) (small blind) collected ($6)


PokerStars Hand #169535600381:  Hold'em Limit ($3/$6 USD) - 2017/04/25 9:27:44 ET
Table 'Bruchsalia II' 6-max Seat #3 is the button
Seat 3: HIGHIQ74 ($99.59 in chips)
Seat 4: THEYESTERDAY ($162.85 in chips)
HIGHIQ74: posts small blind $1
THEYESTERDAY: posts big blind $3
*** HOLE CARDS ***
HIGHIQ74: raises $3 to $6
THEYESTERDAY: raises $3 to $9
HIGHIQ74: calls $3
*** FLOP *** [2h 2s Ts]
THEYESTERDAY: bets $3
HIGHIQ74: raises $3 to $6
THEYESTERDAY: calls $3
*** TURN *** [2h 2s Ts] [4d]
THEYESTERDAY: checks
HIGHIQ74: bets $6
THEYESTERDAY: calls $6
*** RIVER *** [2h 2s Ts 4d] [4c]
THEYESTERDAY: checks
HIGHIQ74: bets $6
THEYESTERDAY: calls $6
*** SHOW DOWN ***
HIGHIQ74: shows [4s 9s] (a full house, Fours full of Deuces)
THEYESTERDAY: mucks hand
HIGHIQ74 collected $53.50 from pot
*** SUMMARY ***
Total pot $54 | Rake $0.50
Board [2h 2s Ts 4d 4c]
Seat 3: HIGHIQ74 (button) (small blind) showed [4s 9s] and won ($53.50) with a full house, Fours full of Deuces
Seat 4: THEYESTERDAY (big blind) mucked


PokerStars Hand #169535608397:  Hold'em Limit ($3/$6 USD) - 2017/04/25 9:27:58 ET
Table 'Bruchsalia II' 6-max Seat #4 is the button
Seat 3: HIGHIQ74 ($126.09 in chips)
Seat 4: THEYESTERDAY ($135.85 in chips)
THEYESTERDAY: posts small blind $1
HIGHIQ74: posts big blind $3
*** HOLE CARDS ***
THEYESTERDAY: folds
Uncalled bet ($2) returned to HIGHIQ74
HIGHIQ74 collected $2 from pot
*** SUMMARY ***
Total pot $2 | Rake $0
Seat 3: HIGHIQ74 (big blind) collected ($2)
Seat 4: THEYESTERDAY (button) (small blind) folded before Flop


PokerStars Hand #169535616926:  Hold'em Limit ($3/$6 USD) - 2017/04/25 9:28:13 ET
Table 'Bruchsalia II' 6-max Seat #4 is the button
Seat 3: HIGHIQ74 ($138.61 in chips)
Seat 4: THEYESTERDAY ($122.85 in chips)
THEYESTERDAY: posts small blind $1
HIGHIQ74: posts big blind $3
*** HOLE CARDS ***
THEYESTERDAY: raises $3 to $6
HIGHIQ74: calls $3
*** FLOP *** [9s 6d Js]
HIGHIQ74: checks
THEYESTERDAY: bets $3
HIGHIQ74: calls $3
*** TURN *** [9s 6d Js] [Jc]
HIGHIQ74: checks
THEYESTERDAY: checks
*** RIVER *** [9s 6d Js Jc] [6c]
HIGHIQ74: checks
THEYESTERDAY: bets $6
HIGHIQ74: calls $6
*** SHOW DOWN ***
THEYESTERDAY: shows [Ad Qs] (two pair, Jacks and Sixes)
HIGHIQ74: mucks hand
THEYESTERDAY collected $29.50 from pot
*** SUMMARY ***
Total pot $30 | Rake $0.50
Board [9s 6d Js Jc 6c]
Seat 3: HIGHIQ74 (big blind) mucked
Seat 4: THEYESTERDAY (button) (small blind) showed [Ad Qs] and won ($29.50) with two pair, Jacks and Sixes


PokerStars Hand #169535645046:  Hold'em Limit ($3/$6 USD) - 2017/04/25 9:29:03 ET
Table 'Bruchsalia II' 6-max Seat #4 is the button
Seat 3: HIGHIQ74 ($154.75 in chips)
Seat 4: THEYESTERDAY ($105.35 in chips)
THEYESTERDAY: posts small blind $1
HIGHIQ74: posts big blind $3
*** HOLE CARDS ***
THEYESTERDAY: raises $3 to $6
HIGHIQ74: calls $3
*** FLOP *** [9h Ad As]
HIGHIQ74: checks
THEYESTERDAY: bets $3
HIGHIQ74: folds
Uncalled bet ($3) returned to THEYESTERDAY
THEYESTERDAY collected $11.76 from pot
THEYESTERDAY: doesn't show hand
*** SUMMARY ***
Total pot $12 | Rake $0.24
Board [9h Ad As]
Seat 3: HIGHIQ74 (big blind) folded on the Flop
Seat 4: THEYESTERDAY (button) (small blind) collected ($11.76)


PokerStars Hand #169535642037:  Hold'em Limit ($3/$6 USD) - 2017/04/25 9:28:58 ET
Table 'Bruchsalia II' 6-max Seat #3 is the button
Seat 3: HIGHIQ74 ($151.75 in chips)
Seat 4: THEYESTERDAY ($108.35 in chips)
HIGHIQ74: posts small blind $1
THEYESTERDAY: posts big blind $3
*** HOLE CARDS ***
HIGHIQ74: raises $3 to $6
THEYESTERDAY: folds
Uncalled bet ($3) returned to HIGHIQ74
HIGHIQ74 collected $6 from pot
*** SUMMARY ***
Total pot $6 | Rake $0
Seat 3: HIGHIQ74 (button) (small blind) collected ($6)
Seat 4: THEYESTERDAY (big blind) folded before Flop


PokerStars Hand #169535637396:  Hold'em Limit ($3/$6 USD) - 2017/04/25 9:28:50 ET
Table 'Bruchsalia II' 6-max Seat #4 is the button
Seat 3: HIGHIQ74 ($143.11 in chips)
Seat 4: THEYESTERDAY ($117.35 in chips)
THEYESTERDAY: posts small blind $1
HIGHIQ74: posts big blind $3
*** HOLE CARDS ***
THEYESTERDAY: raises $3 to $6
HIGHIQ74: raises $3 to $9
THEYESTERDAY: calls $3
*** FLOP *** [8c Kh 2d]
HIGHIQ74: bets $3
THEYESTERDAY: folds
Uncalled bet ($3) returned to HIGHIQ74
HIGHIQ74 collected $17.64 from pot
*** SUMMARY ***
Total pot $18 | Rake $0.36
Board [8c Kh 2d]
Seat 3: HIGHIQ74 (big blind) collected ($17.64)
Seat 4: THEYESTERDAY (button) (small blind) folded on the Flop


PokerStars Hand #169535666915:  Hold'em Limit ($3/$6 USD) - 2017/04/25 9:29:42 ET
Table 'Bruchsalia II' 6-max Seat #3 is the button
Seat 3: HIGHIQ74 ($142.25 in chips)
Seat 4: THEYESTERDAY ($116.61 in chips)
HIGHIQ74: posts small blind $1
THEYESTERDAY: posts big blind $3
*** HOLE CARDS ***
HIGHIQ74: folds
Uncalled bet ($2) returned to THEYESTERDAY
THEYESTERDAY collected $2 from pot
THEYESTERDAY: doesn't show hand
*** SUMMARY ***
Total pot $2 | Rake $0
Seat 3: HIGHIQ74 (button) (small blind) folded before Flop
Seat 4: THEYESTERDAY (big blind) collected ($2)


PokerStars Hand #169535658040:  Hold'em Limit ($3/$6 USD) - 2017/04/25 9:29:26 ET
Table 'Bruchsalia II' 6-max Seat #4 is the button
Seat 3: HIGHIQ74 ($163.25 in chips)
Seat 4: THEYESTERDAY ($96.11 in chips)
THEYESTERDAY: posts small blind $1
HIGHIQ74: posts big blind $3
*** HOLE CARDS ***
THEYESTERDAY: raises $3 to $6
HIGHIQ74: calls $3
*** FLOP *** [7h Jd 6s]
HIGHIQ74: checks
THEYESTERDAY: bets $3
HIGHIQ74: calls $3
*** TURN *** [7h Jd 6s] [6d]
HIGHIQ74: checks
THEYESTERDAY: bets $6
HIGHIQ74: calls $6
*** RIVER *** [7h Jd 6s 6d] [8s]
HIGHIQ74: checks
THEYESTERDAY: bets $6
HIGHIQ74: calls $6
*** SHOW DOWN ***
THEYESTERDAY: shows [Ac As] (two pair, Aces and Sixes)
HIGHIQ74: mucks hand
THEYESTERDAY collected $41.50 from pot
*** SUMMARY ***
Total pot $42 | Rake $0.50
Board [7h Jd 6s 6d 8s]
Seat 3: HIGHIQ74 (big blind) mucked
Seat 4: THEYESTERDAY (button) (small blind) showed [Ac As] and won ($41.50) with two pair, Aces and Sixes


PokerStars Hand #169535649210:  Hold'em Limit ($3/$6 USD) - 2017/04/25 9:29:10 ET
Table 'Bruchsalia II' 6-max Seat #3 is the button
Seat 3: HIGHIQ74 ($148.75 in chips)
Seat 4: THEYESTERDAY ($111.11 in chips)
HIGHIQ74: posts small blind $1
THEYESTERDAY: posts big blind $3
*** HOLE CARDS ***
HIGHIQ74: raises $3 to $6
THEYESTERDAY: calls $3
*** FLOP *** [6h Qd 4c]
THEYESTERDAY: checks
HIGHIQ74: bets $3
THEYESTERDAY: calls $3
*** TURN *** [6h Qd 4c] [7d]
THEYESTERDAY: checks
HIGHIQ74: bets $6
THEYESTERDAY: calls $6
*** RIVER *** [6h Qd 4c 7d] [9d]
THEYESTERDAY: checks
HIGHIQ74: bets $6
THEYESTERDAY: folds
Uncalled bet ($6) returned to HIGHIQ74
HIGHIQ74 collected $29.50 from pot
*** SUMMARY ***
Total pot $30 | Rake $0.50
Board [6h Qd 4c 7d 9d]
Seat 3: HIGHIQ74 (button) (small blind) collected ($29.50)
Seat 4: THEYESTERDAY (big blind) folded on the River


PokerStars Hand #169535673729:  Hold'em Limit ($3/$6 USD) - 2017/04/25 9:29:54 ET
Table 'Bruchsalia II' 6-max Seat #3 is the button
Seat 3: HIGHIQ74 ($135.25 in chips)
Seat 4: THEYESTERDAY ($123.37 in chips)
HIGHIQ74: posts small blind $1
THEYESTERDAY: posts big blind $3
*** HOLE CARDS ***
HIGHIQ74: raises $3 to $6
THEYESTERDAY: raises $3 to $9
HIGHIQ74: raises $3 to $12
Betting is capped
THEYESTERDAY: calls $3
*** FLOP *** [5c 7s 8s]
THEYESTERDAY: checks
HIGHIQ74: bets $3
THEYESTERDAY: calls $3
*** TURN *** [5c 7s 8s] [Tc]
THEYESTERDAY: checks
HIGHIQ74: checks
*** RIVER *** [5c 7s 8s Tc] [8c]
THEYESTERDAY: bets $6
HIGHIQ74: calls $6
*** SHOW DOWN ***
THEYESTERDAY: shows [Ah Kh] (a pair of Eights)
HIGHIQ74: mucks hand
THEYESTERDAY collected $41.50 from pot
*** SUMMARY ***
Total pot $42 | Rake $0.50
Board [5c 7s 8s Tc 8c]
Seat 3: HIGHIQ74 (button) (small blind) mucked
Seat 4: THEYESTERDAY (big blind) showed [Ah Kh] and won ($41.50) with a pair of Eights


PokerStars Hand #169535684741:  Hold'em Limit ($3/$6 USD) - 2017/04/25 9:30:13 ET
Table 'Bruchsalia II' 6-max Seat #3 is the button
Seat 3: HIGHIQ74 ($115.25 in chips)
Seat 4: THEYESTERDAY ($142.87 in chips)
HIGHIQ74: posts small blind $1
THEYESTERDAY: posts big blind $3
*** HOLE CARDS ***
HIGHIQ74: raises $3 to $6
THEYESTERDAY: folds
Uncalled bet ($3) returned to HIGHIQ74
HIGHIQ74 collected $6 from pot
*** SUMMARY ***
Total pot $6 | Rake $0
Seat 3: HIGHIQ74 (button) (small blind) collected ($6)
Seat 4: THEYESTERDAY (big blind) folded before Flop


PokerStars Hand #169535682022:  Hold'em Limit ($3/$6 USD) - 2017/04/25 9:30:08 ET
Table 'Bruchsalia II' 6-max Seat #4 is the button
Seat 3: HIGHIQ74 ($114.25 in chips)
Seat 4: THEYESTERDAY ($143.87 in chips)
THEYESTERDAY: posts small blind $1
HIGHIQ74: posts big blind $3
*** HOLE CARDS ***
THEYESTERDAY: folds
Uncalled bet ($2) returned to HIGHIQ74
HIGHIQ74 collected $2 from pot
*** SUMMARY ***
Total pot $2 | Rake $0
Seat 3: HIGHIQ74 (big blind) collected ($2)
Seat 4: THEYESTERDAY (button) (small blind) folded before Flop


PokerStars Hand #169535696133:  Hold'em Limit ($3/$6 USD) - 2017/04/25 9:30:33 ET
Table 'Bruchsalia II' 6-max Seat #4 is the button
Seat 3: HIGHIQ74 ($112.25 in chips)
Seat 4: THEYESTERDAY ($145.51 in chips)
THEYESTERDAY: posts small blind $1
HIGHIQ74: posts big blind $3
*** HOLE CARDS ***
THEYESTERDAY: raises $3 to $6
HIGHIQ74: folds
Uncalled bet ($3) returned to THEYESTERDAY
THEYESTERDAY collected $6 from pot
THEYESTERDAY: doesn't show hand
*** SUMMARY ***
Total pot $6 | Rake $0
Seat 3: HIGHIQ74 (big blind) folded before Flop
Seat 4: THEYESTERDAY (button) (small blind) collected ($6)


PokerStars Hand #169535693208:  Hold'em Limit ($3/$6 USD) - 2017/04/25 9:30:28 ET
Table 'Bruchsalia II' 6-max Seat #3 is the button
Seat 3: HIGHIQ74 ($109.25 in chips)
Seat 4: THEYESTERDAY ($148.51 in chips)
HIGHIQ74: posts small blind $1
THEYESTERDAY: posts big blind $3
*** HOLE CARDS ***
HIGHIQ74: raises $3 to $6
THEYESTERDAY: folds
Uncalled bet ($3) returned to HIGHIQ74
HIGHIQ74 collected $6 from pot
*** SUMMARY ***
Total pot $6 | Rake $0
Seat 3: HIGHIQ74 (button) (small blind) collected ($6)
Seat 4: THEYESTERDAY (big blind) folded before Flop


PokerStars Hand #169535687474:  Hold'em Limit ($3/$6 USD) - 2017/04/25 9:30:18 ET
Table 'Bruchsalia II' 6-max Seat #4 is the button
Seat 3: HIGHIQ74 ($118.25 in chips)
Seat 4: THEYESTERDAY ($139.87 in chips)
THEYESTERDAY: posts small blind $1
HIGHIQ74: posts big blind $3
*** HOLE CARDS ***
THEYESTERDAY: raises $3 to $6
HIGHIQ74: calls $3
*** FLOP *** [Ks 4h 3d]
HIGHIQ74: checks
THEYESTERDAY: bets $3
HIGHIQ74: calls $3
*** TURN *** [Ks 4h 3d] [7c]
HIGHIQ74: checks
THEYESTERDAY: bets $6
HIGHIQ74: folds
Uncalled bet ($6) returned to THEYESTERDAY
THEYESTERDAY collected $17.64 from pot
THEYESTERDAY: doesn't show hand
*** SUMMARY ***
Total pot $18 | Rake $0.36
Board [Ks 4h 3d 7c]
Seat 3: HIGHIQ74 (big blind) folded on the Turn
Seat 4: THEYESTERDAY (button) (small blind) collected ($17.64)


PokerStars Hand #169535669600:  Hold'em Limit ($3/$6 USD) - 2017/04/25 9:29:47 ET
Table 'Bruchsalia II' 6-max Seat #4 is the button
Seat 3: HIGHIQ74 ($141.25 in chips)
Seat 4: THEYESTERDAY ($117.61 in chips)
THEYESTERDAY: posts small blind $1
HIGHIQ74: posts big blind $3
*** HOLE CARDS ***
THEYESTERDAY: raises $3 to $6
HIGHIQ74: calls $3
*** FLOP *** [Qs 6c Kc]
HIGHIQ74: checks
THEYESTERDAY: bets $3
HIGHIQ74: folds
Uncalled bet ($3) returned to THEYESTERDAY
THEYESTERDAY collected $11.76 from pot
THEYESTERDAY: doesn't show hand
*** SUMMARY ***
Total pot $12 | Rake $0.24
Board [Qs 6c Kc]
Seat 3: HIGHIQ74 (big blind) folded on the Flop
Seat 4: THEYESTERDAY (button) (small blind) collected ($11.76)


PokerStars Hand #169535698963:  Hold'em Limit ($3/$6 USD) - 2017/04/25 9:30:38 ET
Table 'Bruchsalia II' 6-max Seat #3 is the button
Seat 3: HIGHIQ74 ($109.25 in chips)
Seat 4: THEYESTERDAY ($148.51 in chips)
HIGHIQ74: posts small blind $1
THEYESTERDAY: posts big blind $3
*** HOLE CARDS ***
HIGHIQ74: raises $3 to $6
THEYESTERDAY: folds
Uncalled bet ($3) returned to HIGHIQ74
HIGHIQ74 collected $6 from pot
*** SUMMARY ***
Total pot $6 | Rake $0
Seat 3: HIGHIQ74 (button) (small blind) collected ($6)
Seat 4: THEYESTERDAY (big blind) folded before Flop


PokerStars Hand #169535725161:  Hold'em Limit ($3/$6 USD) - 2017/04/25 9:31:25 ET
Table 'Bruchsalia II' 6-max Seat #4 is the button
Seat 3: HIGHIQ74 ($144.05 in chips)
Seat 4: THEYESTERDAY ($112.51 in chips)
THEYESTERDAY: posts small blind $1
HIGHIQ74: posts big blind $3
*** HOLE CARDS ***
THEYESTERDAY: folds
Uncalled bet ($2) returned to HIGHIQ74
HIGHIQ74 collected $2 from pot
*** SUMMARY ***
Total pot $2 | Rake $0
Seat 3: HIGHIQ74 (big blind) collected ($2)
Seat 4: THEYESTERDAY (button) (small blind) folded before Flop


PokerStars Hand #169535722490:  Hold'em Limit ($3/$6 USD) - 2017/04/25 9:31:20 ET
Table 'Bruchsalia II' 6-max Seat #3 is the button
Seat 3: HIGHIQ74 ($145.05 in chips)
Seat 4: THEYESTERDAY ($111.51 in chips)
HIGHIQ74: posts small blind $1
THEYESTERDAY: posts big blind $3
*** HOLE CARDS ***
HIGHIQ74: folds
Uncalled bet ($2) returned to THEYESTERDAY
THEYESTERDAY collected $2 from pot
THEYESTERDAY: doesn't show hand
*** SUMMARY ***
Total pot $2 | Rake $0
Seat 3: HIGHIQ74 (button) (small blind) folded before Flop
Seat 4: THEYESTERDAY (big blind) collected ($2)


PokerStars Hand #169535707193:  Hold'em Limit ($3/$6 USD) - 2017/04/25 9:30:53 ET
Table 'Bruchsalia II' 6-max Seat #3 is the button
Seat 3: HIGHIQ74 ($123.77 in chips)
Seat 4: THEYESTERDAY ($133.51 in chips)
HIGHIQ74: posts small blind $1
THEYESTERDAY: posts big blind $3
*** HOLE CARDS ***
HIGHIQ74: raises $3 to $6
THEYESTERDAY: folds
Uncalled bet ($3) returned to HIGHIQ74
HIGHIQ74 collected $6 from pot
*** SUMMARY ***
Total pot $6 | Rake $0
Seat 3: HIGHIQ74 (button) (small blind) collected ($6)
Seat 4: THEYESTERDAY (big blind) folded before Flop


PokerStars Hand #169535701703:  Hold'em Limit ($3/$6 USD) - 2017/04/25 9:30:43 ET
Table 'Bruchsalia II' 6-max Seat #4 is the button
Seat 3: HIGHIQ74 ($112.25 in chips)
Seat 4: THEYESTERDAY ($145.51 in chips)
THEYESTERDAY: posts small blind $1
HIGHIQ74: posts big blind $3
*** HOLE CARDS ***
THEYESTERDAY: raises $3 to $6
HIGHIQ74: raises $3 to $9
THEYESTERDAY: calls $3
*** FLOP *** [8s 5d Jc]
HIGHIQ74: bets $3
THEYESTERDAY: calls $3
*** TURN *** [8s 5d Jc] [5s]
HIGHIQ74: bets $6
THEYESTERDAY: folds
Uncalled bet ($6) returned to HIGHIQ74
HIGHIQ74 collected $23.52 from pot
*** SUMMARY ***
Total pot $24 | Rake $0.48
Board [8s 5d Jc 5s]
Seat 3: HIGHIQ74 (big blind) collected ($23.52)
Seat 4: THEYESTERDAY (button) (small blind) folded on the Turn


PokerStars Hand #169535730754:  Hold'em Limit ($3/$6 USD) - 2017/04/25 9:31:35 ET
Table 'Bruchsalia II' 6-max Seat #4 is the button
Seat 3: HIGHIQ74 ($144.05 in chips)
Seat 4: THEYESTERDAY ($112.51 in chips)
THEYESTERDAY: posts small blind $1
HIGHIQ74: posts big blind $3
*** HOLE CARDS ***
THEYESTERDAY: raises $3 to $6
HIGHIQ74: calls $3
*** FLOP *** [As 4h 8h]
HIGHIQ74: checks
THEYESTERDAY: bets $3
HIGHIQ74: raises $3 to $6
THEYESTERDAY: calls $3
*** TURN *** [As 4h 8h] [Ah]
HIGHIQ74: bets $6
THEYESTERDAY: raises $6 to $12
HIGHIQ74: folds
Uncalled bet ($6) returned to THEYESTERDAY
THEYESTERDAY collected $35.50 from pot
THEYESTERDAY: doesn't show hand
*** SUMMARY ***
Total pot $36 | Rake $0.50
Board [As 4h 8h Ah]
Seat 3: HIGHIQ74 (big blind) folded on the Turn
Seat 4: THEYESTERDAY (button) (small blind) collected ($35.50)


PokerStars Hand #169535727825:  Hold'em Limit ($3/$6 USD) - 2017/04/25 9:31:30 ET
Table 'Bruchsalia II' 6-max Seat #3 is the button
Seat 3: HIGHIQ74 ($145.05 in chips)
Seat 4: THEYESTERDAY ($111.51 in chips)
HIGHIQ74: posts small blind $1
THEYESTERDAY: posts big blind $3
*** HOLE CARDS ***
HIGHIQ74: folds
Uncalled bet ($2) returned to THEYESTERDAY
THEYESTERDAY collected $2 from pot
THEYESTERDAY: doesn't show hand
*** SUMMARY ***
Total pot $2 | Rake $0
Seat 3: HIGHIQ74 (button) (small blind) folded before Flop
Seat 4: THEYESTERDAY (big blind) collected ($2)


PokerStars Hand #169535719849:  Hold'em Limit ($3/$6 USD) - 2017/04/25 9:31:15 ET
Table 'Bruchsalia II' 6-max Seat #4 is the button
Seat 3: HIGHIQ74 ($144.05 in chips)
Seat 4: THEYESTERDAY ($112.51 in chips)
THEYESTERDAY: posts small blind $1
HIGHIQ74: posts big blind $3
*** HOLE CARDS ***
THEYESTERDAY: folds
Uncalled bet ($2) returned to HIGHIQ74
HIGHIQ74 collected $2 from pot
*** SUMMARY ***
Total pot $2 | Rake $0
Seat 3: HIGHIQ74 (big blind) collected ($2)
Seat 4: THEYESTERDAY (button) (small blind) folded before Flop


PokerStars Hand #169535714890:  Hold'em Limit ($3/$6 USD) - 2017/04/25 9:31:07 ET
Table 'Bruchsalia II' 6-max Seat #3 is the button
Seat 3: HIGHIQ74 ($132.53 in chips)
Seat 4: THEYESTERDAY ($124.51 in chips)
HIGHIQ74: posts small blind $1
THEYESTERDAY: posts big blind $3
*** HOLE CARDS ***
HIGHIQ74: raises $3 to $6
THEYESTERDAY: raises $3 to $9
HIGHIQ74: calls $3
*** FLOP *** [3s 5c 6c]
THEYESTERDAY: bets $3
HIGHIQ74: raises $3 to $6
THEYESTERDAY: folds
Uncalled bet ($3) returned to HIGHIQ74
HIGHIQ74 collected $23.52 from pot
*** SUMMARY ***
Total pot $24 | Rake $0.48
Board [3s 5c 6c]
Seat 3: HIGHIQ74 (button) (small blind) collected ($23.52)
Seat 4: THEYESTERDAY (big blind) folded on the Flop


PokerStars Hand #169535710152:  Hold'em Limit ($3/$6 USD) - 2017/04/25 9:30:58 ET
Table 'Bruchsalia II' 6-max Seat #4 is the button
Seat 3: HIGHIQ74 ($126.77 in chips)
Seat 4: THEYESTERDAY ($130.51 in chips)
THEYESTERDAY: posts small blind $1
HIGHIQ74: posts big blind $3
*** HOLE CARDS ***
THEYESTERDAY: raises $3 to $6
HIGHIQ74: calls $3
*** FLOP *** [Jc 4h 9s]
HIGHIQ74: checks
THEYESTERDAY: checks
*** TURN *** [Jc 4h 9s] [Kh]
HIGHIQ74: bets $6
THEYESTERDAY: folds
Uncalled bet ($6) returned to HIGHIQ74
HIGHIQ74 collected $11.76 from pot
*** SUMMARY ***
Total pot $12 | Rake $0.24
Board [Jc 4h 9s Kh]
Seat 3: HIGHIQ74 (big blind) collected ($11.76)
Seat 4: THEYESTERDAY (button) (small blind) folded on the Turn


PokerStars Hand #169535762235:  Hold'em Limit ($3/$6 USD) - 2017/04/25 9:32:30 ET
Table 'Bruchsalia II' 6-max Seat #3 is the button
Seat 3: HIGHIQ74 ($104.55 in chips)
Seat 4: THEYESTERDAY ($150.01 in chips)
HIGHIQ74: posts small blind $1
THEYESTERDAY: posts big blind $3
*** HOLE CARDS ***
HIGHIQ74: raises $3 to $6
THEYESTERDAY: raises $3 to $9
HIGHIQ74: calls $3
*** FLOP *** [5c Kc Kh]
THEYESTERDAY: bets $3
HIGHIQ74: raises $3 to $6
THEYESTERDAY: calls $3
*** TURN *** [5c Kc Kh] [Ts]
THEYESTERDAY: checks
HIGHIQ74: bets $6
THEYESTERDAY: folds
Uncalled bet ($6) returned to HIGHIQ74
HIGHIQ74 collected $29.50 from pot
*** SUMMARY ***
Total pot $30 | Rake $0.50
Board [5c Kc Kh Ts]
Seat 3: HIGHIQ74 (button) (small blind) collected ($29.50)
Seat 4: THEYESTERDAY (big blind) folded on the Turn


PokerStars Hand #169535769531:  Hold'em Limit ($3/$6 USD) - 2017/04/25 9:32:43 ET
Table 'Bruchsalia II' 6-max Seat #4 is the button
Seat 3: HIGHIQ74 ($119.05 in chips)
Seat 4: THEYESTERDAY ($135.01 in chips)
THEYESTERDAY: posts small blind $1
HIGHIQ74: posts big blind $3
*** HOLE CARDS ***
THEYESTERDAY: raises $3 to $6
HIGHIQ74: raises $3 to $9
THEYESTERDAY: calls $3
*** FLOP *** [8c 8h 9s]
HIGHIQ74: bets $3
THEYESTERDAY: folds
Uncalled bet ($3) returned to HIGHIQ74
HIGHIQ74 collected $17.64 from pot
*** SUMMARY ***
Total pot $18 | Rake $0.36
Board [8c 8h 9s]
Seat 3: HIGHIQ74 (big blind) collected ($17.64)
Seat 4: THEYESTERDAY (button) (small blind) folded on the Flop


PokerStars Hand #169535748159:  Hold'em Limit ($3/$6 USD) - 2017/04/25 9:32:05 ET
Table 'Bruchsalia II' 6-max Seat #3 is the button
Seat 3: HIGHIQ74 ($99.05 in chips)
Seat 4: THEYESTERDAY ($156.51 in chips)
HIGHIQ74: posts small blind $1
THEYESTERDAY: posts big blind $3
*** HOLE CARDS ***
HIGHIQ74: raises $3 to $6
THEYESTERDAY: raises $3 to $9
HIGHIQ74: calls $3
*** FLOP *** [Js Jd As]
THEYESTERDAY: bets $3
HIGHIQ74: calls $3
*** TURN *** [Js Jd As] [7d]
THEYESTERDAY: checks
HIGHIQ74: checks
*** RIVER *** [Js Jd As 7d] [5c]
THEYESTERDAY: bets $6
HIGHIQ74: calls $6
*** SHOW DOWN ***
THEYESTERDAY: shows [9c 9s] (two pair, Jacks and Nines)
HIGHIQ74: mucks hand
THEYESTERDAY collected $35.50 from pot
*** SUMMARY ***
Total pot $36 | Rake $0.50
Board [Js Jd As 7d 5c]
Seat 3: HIGHIQ74 (button) (small blind) mucked
Seat 4: THEYESTERDAY (big blind) showed [9c 9s] and won ($35.50) with two pair, Jacks and Nines


PokerStars Hand #169535755656:  Hold'em Limit ($3/$6 USD) - 2017/04/25 9:32:18 ET
Table 'Bruchsalia II' 6-max Seat #4 is the button
Seat 3: HIGHIQ74 ($81.05 in chips)
Seat 4: THEYESTERDAY ($174.01 in chips)
THEYESTERDAY: posts small blind $1
HIGHIQ74: posts big blind $3
*** HOLE CARDS ***
THEYESTERDAY: raises $3 to $6
HIGHIQ74: calls $3
*** FLOP *** [Js 9c 2d]
HIGHIQ74: checks
THEYESTERDAY: bets $3
HIGHIQ74: raises $3 to $6
THEYESTERDAY: calls $3
*** TURN *** [Js 9c 2d] [6d]
HIGHIQ74: bets $6
THEYESTERDAY: calls $6
*** RIVER *** [Js 9c 2d 6d] [Tc]
HIGHIQ74: bets $6
THEYESTERDAY: calls $6
*** SHOW DOWN ***
HIGHIQ74: shows [Jd 5d] (a pair of Jacks)
THEYESTERDAY: mucks hand
HIGHIQ74 collected $47.50 from pot
*** SUMMARY ***
Total pot $48 | Rake $0.50
Board [Js 9c 2d 6d Tc]
Seat 3: HIGHIQ74 (big blind) showed [Jd 5d] and won ($47.50) with a pair of Jacks
Seat 4: THEYESTERDAY (button) (small blind) mucked


PokerStars Hand #169535745525:  Hold'em Limit ($3/$6 USD) - 2017/04/25 9:32:01 ET
Table 'Bruchsalia II' 6-max Seat #4 is the button
Seat 3: HIGHIQ74 ($102.05 in chips)
Seat 4: THEYESTERDAY ($153.51 in chips)
THEYESTERDAY: posts small blind $1
HIGHIQ74: posts big blind $3
*** HOLE CARDS ***
THEYESTERDAY: raises $3 to $6
HIGHIQ74: folds
Uncalled bet ($3) returned to THEYESTERDAY
THEYESTERDAY collected $6 from pot
THEYESTERDAY: doesn't show hand
*** SUMMARY ***
Total pot $6 | Rake $0
Seat 3: HIGHIQ74 (big blind) folded before Flop
Seat 4: THEYESTERDAY (button) (small blind) collected ($6)


PokerStars Hand #169535738594:  Hold'em Limit ($3/$6 USD) - 2017/04/25 9:31:48 ET
Table 'Bruchsalia II' 6-max Seat #3 is the button
Seat 3: HIGHIQ74 ($126.05 in chips)
Seat 4: THEYESTERDAY ($130.01 in chips)
HIGHIQ74: posts small blind $1
THEYESTERDAY: posts big blind $3
*** HOLE CARDS ***
HIGHIQ74: raises $3 to $6
THEYESTERDAY: calls $3
*** FLOP *** [Ah 5s Tc]
THEYESTERDAY: checks
HIGHIQ74: bets $3
THEYESTERDAY: raises $3 to $6
HIGHIQ74: calls $3
*** TURN *** [Ah 5s Tc] [Jd]
THEYESTERDAY: bets $6
HIGHIQ74: calls $6
*** RIVER *** [Ah 5s Tc Jd] [7h]
THEYESTERDAY: bets $6
HIGHIQ74: calls $6
*** SHOW DOWN ***
THEYESTERDAY: shows [2d Ac] (a pair of Aces)
HIGHIQ74: mucks hand
THEYESTERDAY collected $47.50 from pot
*** SUMMARY ***
Total pot $48 | Rake $0.50
Board [Ah 5s Tc Jd 7h]
Seat 3: HIGHIQ74 (button) (small blind) mucked
Seat 4: THEYESTERDAY (big blind) showed [2d Ac] and won ($47.50) with a pair of Aces


PokerStars Hand #169535794255:  Hold'em Limit ($3/$6 USD) - 2017/04/25 9:33:27 ET
Table 'Bruchsalia II' 6-max Seat #3 is the button
Seat 3: HIGHIQ74 ($137.33 in chips)
Seat 4: THEYESTERDAY ($116.01 in chips)
HIGHIQ74: posts small blind $1
THEYESTERDAY: posts big blind $3
*** HOLE CARDS ***
HIGHIQ74: raises $3 to $6
THEYESTERDAY: folds
Uncalled bet ($3) returned to HIGHIQ74
HIGHIQ74 collected $6 from pot
*** SUMMARY ***
Total pot $6 | Rake $0
Seat 3: HIGHIQ74 (button) (small blind) collected ($6)
Seat 4: THEYESTERDAY (big blind) folded before Flop


PokerStars Hand #169535791422:  Hold'em Limit ($3/$6 USD) - 2017/04/25 9:33:21 ET
Table 'Bruchsalia II' 6-max Seat #4 is the button
Seat 3: HIGHIQ74 ($136.33 in chips)
Seat 4: THEYESTERDAY ($117.01 in chips)
THEYESTERDAY: posts small blind $1
HIGHIQ74: posts big blind $3
*** HOLE CARDS ***
THEYESTERDAY: folds
Uncalled bet ($2) returned to HIGHIQ74
HIGHIQ74 collected $2 from pot
*** SUMMARY ***
Total pot $2 | Rake $0
Seat 3: HIGHIQ74 (big blind) collected ($2)
Seat 4: THEYESTERDAY (button) (small blind) folded before Flop


PokerStars Hand #169535797163:  Hold'em Limit ($3/$6 USD) - 2017/04/25 9:33:32 ET
Table 'Bruchsalia II' 6-max Seat #4 is the button
Seat 3: HIGHIQ74 ($140.33 in chips)
Seat 4: THEYESTERDAY ($113.01 in chips)
THEYESTERDAY: posts small blind $1
HIGHIQ74: posts big blind $3
*** HOLE CARDS ***
THEYESTERDAY: raises $3 to $6
HIGHIQ74: calls $3
*** FLOP *** [3s Ac 5h]
HIGHIQ74: checks
THEYESTERDAY: bets $3
HIGHIQ74: folds
Uncalled bet ($3) returned to THEYESTERDAY
THEYESTERDAY collected $11.76 from pot
THEYESTERDAY: doesn't show hand
*** SUMMARY ***
Total pot $12 | Rake $0.24
Board [3s Ac 5h]
Seat 3: HIGHIQ74 (big blind) folded on the Flop
Seat 4: THEYESTERDAY (button) (small blind) collected ($11.76)


PokerStars Hand #169535783079:  Hold'em Limit ($3/$6 USD) - 2017/04/25 9:33:07 ET
Table 'Bruchsalia II' 6-max Seat #3 is the button
Seat 3: HIGHIQ74 ($133.33 in chips)
Seat 4: THEYESTERDAY ($120.01 in chips)
HIGHIQ74: posts small blind $1
THEYESTERDAY: posts big blind $3
*** HOLE CARDS ***
HIGHIQ74: folds
Uncalled bet ($2) returned to THEYESTERDAY
THEYESTERDAY collected $2 from pot
THEYESTERDAY: doesn't show hand
*** SUMMARY ***
Total pot $2 | Rake $0
Seat 3: HIGHIQ74 (button) (small blind) folded before Flop
Seat 4: THEYESTERDAY (big blind) collected ($2)


PokerStars Hand #169535779947:  Hold'em Limit ($3/$6 USD) - 2017/04/25 9:33:01 ET
Table 'Bruchsalia II' 6-max Seat #4 is the button
Seat 3: HIGHIQ74 ($136.33 in chips)
Seat 4: THEYESTERDAY ($117.01 in chips)
THEYESTERDAY: posts small blind $1
HIGHIQ74: posts big blind $3
*** HOLE CARDS ***
THEYESTERDAY: raises $3 to $6
HIGHIQ74: folds
Uncalled bet ($3) returned to THEYESTERDAY
THEYESTERDAY collected $6 from pot
THEYESTERDAY: doesn't show hand
*** SUMMARY ***
Total pot $6 | Rake $0
Seat 3: HIGHIQ74 (big blind) folded before Flop
Seat 4: THEYESTERDAY (button) (small blind) collected ($6)


PokerStars Hand #169535788529:  Hold'em Limit ($3/$6 USD) - 2017/04/25 9:33:16 ET
Table 'Bruchsalia II' 6-max Seat #3 is the button
Seat 3: HIGHIQ74 ($133.33 in chips)
Seat 4: THEYESTERDAY ($120.01 in chips)
HIGHIQ74: posts small blind $1
THEYESTERDAY: posts big blind $3
*** HOLE CARDS ***
HIGHIQ74: raises $3 to $6
THEYESTERDAY: folds
Uncalled bet ($3) returned to HIGHIQ74
HIGHIQ74 collected $6 from pot
*** SUMMARY ***
Total pot $6 | Rake $0
Seat 3: HIGHIQ74 (button) (small blind) collected ($6)
Seat 4: THEYESTERDAY (big blind) folded before Flop


PokerStars Hand #169535785933:  Hold'em Limit ($3/$6 USD) - 2017/04/25 9:33:12 ET
Table 'Bruchsalia II' 6-max Seat #4 is the button
Seat 3: HIGHIQ74 ($132.33 in chips)
Seat 4: THEYESTERDAY ($121.01 in chips)
THEYESTERDAY: posts small blind $1
HIGHIQ74: posts big blind $3
*** HOLE CARDS ***
THEYESTERDAY: folds
Uncalled bet ($2) returned to HIGHIQ74
HIGHIQ74 collected $2 from pot
*** SUMMARY ***
Total pot $2 | Rake $0
Seat 3: HIGHIQ74 (big blind) collected ($2)
Seat 4: THEYESTERDAY (button) (small blind) folded before Flop


PokerStars Hand #169535801774:  Hold'em Limit ($3/$6 USD) - 2017/04/25 9:33:40 ET
Table 'Bruchsalia II' 6-max Seat #3 is the button
Seat 3: HIGHIQ74 ($134.33 in chips)
Seat 4: THEYESTERDAY ($118.77 in chips)
HIGHIQ74: posts small blind $1
THEYESTERDAY: posts big blind $3
*** HOLE CARDS ***
HIGHIQ74: raises $3 to $6
THEYESTERDAY: calls $3
*** FLOP *** [4s 8s 3s]
THEYESTERDAY: checks
HIGHIQ74: checks
*** TURN *** [4s 8s 3s] [5h]
THEYESTERDAY: bets $6
HIGHIQ74: calls $6
*** RIVER *** [4s 8s 3s 5h] [5c]
THEYESTERDAY: bets $6
HIGHIQ74: calls $6
*** SHOW DOWN ***
THEYESTERDAY: shows [2h Ac] (a straight, Ace to Five)
HIGHIQ74: mucks hand
THEYESTERDAY collected $35.50 from pot
*** SUMMARY ***
Total pot $36 | Rake $0.50
Board [4s 8s 3s 5h 5c]
Seat 3: HIGHIQ74 (button) (small blind) mucked
Seat 4: THEYESTERDAY (big blind) showed [2h Ac] and won ($35.50) with a straight, Ace to Five


PokerStars Hand #169535808248:  Hold'em Limit ($3/$6 USD) - 2017/04/25 9:33:51 ET
Table 'Bruchsalia II' 6-max Seat #4 is the button
Seat 3: HIGHIQ74 ($116.33 in chips)
Seat 4: THEYESTERDAY ($136.27 in chips)
THEYESTERDAY: posts small blind $1
HIGHIQ74: posts big blind $3
*** HOLE CARDS ***
THEYESTERDAY: raises $3 to $6
HIGHIQ74: calls $3
*** FLOP *** [4h Kh 5h]
HIGHIQ74: checks
THEYESTERDAY: bets $3
HIGHIQ74: raises $3 to $6
THEYESTERDAY: calls $3
*** TURN *** [4h Kh 5h] [3c]
HIGHIQ74: bets $6
THEYESTERDAY: calls $6
*** RIVER *** [4h Kh 5h 3c] [9d]
HIGHIQ74: bets $6
THEYESTERDAY: folds
Uncalled bet ($6) returned to HIGHIQ74
HIGHIQ74 collected $35.50 from pot
*** SUMMARY ***
Total pot $36 | Rake $0.50
Board [4h Kh 5h 3c 9d]
Seat 3: HIGHIQ74 (big blind) collected ($35.50)
Seat 4: THEYESTERDAY (button) (small blind) folded on the River


PokerStars Hand #169535825561:  Hold'em Limit ($3/$6 USD) - 2017/04/25 9:34:21 ET
Table 'Bruchsalia II' 6-max Seat #3 is the button
Seat 3: HIGHIQ74 ($110.83 in chips)
Seat 4: THEYESTERDAY ($140.77 in chips)
HIGHIQ74: posts small blind $1
THEYESTERDAY: posts big blind $3
*** HOLE CARDS ***
HIGHIQ74: raises $3 to $6
THEYESTERDAY: calls $3
*** FLOP *** [Qs 8c 8d]
THEYESTERDAY: checks
HIGHIQ74: bets $3
THEYESTERDAY: calls $3
*** TURN *** [Qs 8c 8d] [9c]
THEYESTERDAY: checks
HIGHIQ74: checks
*** RIVER *** [Qs 8c 8d 9c] [4s]
THEYESTERDAY: checks
HIGHIQ74: checks
*** SHOW DOWN ***
THEYESTERDAY: shows [Ks 3h] (a pair of Eights)
HIGHIQ74: shows [5h 5s] (two pair, Eights and Fives)
HIGHIQ74 collected $17.64 from pot
*** SUMMARY ***
Total pot $18 | Rake $0.36
Board [Qs 8c 8d 9c 4s]
Seat 3: HIGHIQ74 (button) (small blind) showed [5h 5s] and won ($17.64) with two pair, Eights and Fives
Seat 4: THEYESTERDAY (big blind) showed [Ks 3h] and lost with a pair of Eights


PokerStars Hand #169535831049:  Hold'em Limit ($3/$6 USD) - 2017/04/25 9:34:31 ET
Table 'Bruchsalia II' 6-max Seat #4 is the button
Seat 3: HIGHIQ74 ($119.47 in chips)
Seat 4: THEYESTERDAY ($131.77 in chips)
THEYESTERDAY: posts small blind $1
HIGHIQ74: posts big blind $3
*** HOLE CARDS ***
THEYESTERDAY: raises $3 to $6
HIGHIQ74: calls $3
*** FLOP *** [Jh 5h 4c]
HIGHIQ74: checks
THEYESTERDAY: bets $3
HIGHIQ74: raises $3 to $6
THEYESTERDAY: calls $3
*** TURN *** [Jh 5h 4c] [2s]
HIGHIQ74: checks
THEYESTERDAY: bets $6
HIGHIQ74: calls $6
*** RIVER *** [Jh 5h 4c 2s] [8d]
HIGHIQ74: checks
THEYESTERDAY: bets $6
HIGHIQ74: calls $6
*** SHOW DOWN ***
THEYESTERDAY: shows [Js 6c] (a pair of Jacks)
HIGHIQ74: mucks hand
THEYESTERDAY collected $47.50 from pot
*** SUMMARY ***
Total pot $48 | Rake $0.50
Board [Jh 5h 4c 2s 8d]
Seat 3: HIGHIQ74 (big blind) mucked
Seat 4: THEYESTERDAY (button) (small blind) showed [Js 6c] and won ($47.50) with a pair of Jacks


PokerStars Hand #169535823009:  Hold'em Limit ($3/$6 USD) - 2017/04/25 9:34:17 ET
Table 'Bruchsalia II' 6-max Seat #4 is the button
Seat 3: HIGHIQ74 ($109.83 in chips)
Seat 4: THEYESTERDAY ($141.77 in chips)
THEYESTERDAY: posts small blind $1
HIGHIQ74: posts big blind $3
*** HOLE CARDS ***
THEYESTERDAY: folds
Uncalled bet ($2) returned to HIGHIQ74
HIGHIQ74 collected $2 from pot
*** SUMMARY ***
Total pot $2 | Rake $0
Seat 3: HIGHIQ74 (big blind) collected ($2)
Seat 4: THEYESTERDAY (button) (small blind) folded before Flop


PokerStars Hand #169535815095:  Hold'em Limit ($3/$6 USD) - 2017/04/25 9:34:03 ET
Table 'Bruchsalia II' 6-max Seat #3 is the button
Seat 3: HIGHIQ74 ($133.83 in chips)
Seat 4: THEYESTERDAY ($118.27 in chips)
HIGHIQ74: posts small blind $1
THEYESTERDAY: posts big blind $3
*** HOLE CARDS ***
HIGHIQ74: raises $3 to $6
THEYESTERDAY: raises $3 to $9
HIGHIQ74: calls $3
*** FLOP *** [4d Ac 8h]
THEYESTERDAY: bets $3
HIGHIQ74: calls $3
*** TURN *** [4d Ac 8h] [Kd]
THEYESTERDAY: bets $6
HIGHIQ74: calls $6
*** RIVER *** [4d Ac 8h Kd] [9c]
THEYESTERDAY: bets $6
HIGHIQ74: calls $6
*** SHOW DOWN ***
THEYESTERDAY: shows [9s 9h] (three of a kind, Nines)
HIGHIQ74: mucks hand
THEYESTERDAY collected $47.50 from pot
*** SUMMARY ***
Total pot $48 | Rake $0.50
Board [4d Ac 8h Kd 9c]
Seat 3: HIGHIQ74 (button) (small blind) mucked
Seat 4: THEYESTERDAY (big blind) showed [9s 9h] and won ($47.50) with three of a kind, Nines


PokerStars Hand #169535855021:  Hold'em Limit ($3/$6 USD) - 2017/04/25 9:35:13 ET
Table 'Bruchsalia II' 6-max Seat #4 is the button
Seat 3: HIGHIQ74 ($85.11 in chips)
Seat 4: THEYESTERDAY ($164.77 in chips)
THEYESTERDAY: posts small blind $1
HIGHIQ74: posts big blind $3
*** HOLE CARDS ***
THEYESTERDAY: raises $3 to $6
HIGHIQ74: calls $3
*** FLOP *** [6s 4d 3h]
HIGHIQ74: checks
THEYESTERDAY: bets $3
HIGHIQ74: folds
Uncalled bet ($3) returned to THEYESTERDAY
THEYESTERDAY collected $11.76 from pot
THEYESTERDAY: doesn't show hand
*** SUMMARY ***
Total pot $12 | Rake $0.24
Board [6s 4d 3h]
Seat 3: HIGHIQ74 (big blind) folded on the Flop
Seat 4: THEYESTERDAY (button) (small blind) collected ($11.76)


PokerStars Hand #169535861760:  Hold'em Limit ($3/$6 USD) - 2017/04/25 9:35:25 ET
Table 'Bruchsalia II' 6-max Seat #4 is the button
Seat 3: HIGHIQ74 ($82.11 in chips)
Seat 4: THEYESTERDAY ($167.53 in chips)
THEYESTERDAY: posts small blind $1
HIGHIQ74: posts big blind $3
*** HOLE CARDS ***
THEYESTERDAY: raises $3 to $6
HIGHIQ74: raises $3 to $9
THEYESTERDAY: calls $3
*** FLOP *** [Ac 9d Ks]
HIGHIQ74: bets $3
THEYESTERDAY: calls $3
*** TURN *** [Ac 9d Ks] [6c]
HIGHIQ74: bets $6
THEYESTERDAY: folds
Uncalled bet ($6) returned to HIGHIQ74
HIGHIQ74 collected $23.52 from pot
*** SUMMARY ***
Total pot $24 | Rake $0.48
Board [Ac 9d Ks 6c]
Seat 3: HIGHIQ74 (big blind) collected ($23.52)
Seat 4: THEYESTERDAY (button) (small blind) folded on the Turn


PokerStars Hand #169535867541:  Hold'em Limit ($3/$6 USD) - 2017/04/25 9:35:35 ET
Table 'Bruchsalia II' 6-max Seat #3 is the button
Seat 3: HIGHIQ74 ($93.63 in chips)
Seat 4: THEYESTERDAY ($155.53 in chips)
HIGHIQ74: posts small blind $1
THEYESTERDAY: posts big blind $3
*** HOLE CARDS ***
HIGHIQ74: raises $3 to $6
THEYESTERDAY: calls $3
*** FLOP *** [Qd 8d 9c]
THEYESTERDAY: checks
HIGHIQ74: bets $3
THEYESTERDAY: raises $3 to $6
HIGHIQ74: calls $3
*** TURN *** [Qd 8d 9c] [4d]
THEYESTERDAY: bets $6
HIGHIQ74: calls $6
*** RIVER *** [Qd 8d 9c 4d] [7d]
THEYESTERDAY: bets $6
HIGHIQ74: raises $6 to $12
THEYESTERDAY: calls $6
*** SHOW DOWN ***
HIGHIQ74: shows [9s 6d] (a flush, Queen high)
THEYESTERDAY: shows [9d Jh] (a flush, Queen high - Nine higher)
THEYESTERDAY collected $59.50 from pot
*** SUMMARY ***
Total pot $60 | Rake $0.50
Board [Qd 8d 9c 4d 7d]
Seat 3: HIGHIQ74 (button) (small blind) showed [9s 6d] and lost with a flush, Queen high
Seat 4: THEYESTERDAY (big blind) showed [9d Jh] and won ($59.50) with a flush, Queen high


PokerStars Hand #169535851992:  Hold'em Limit ($3/$6 USD) - 2017/04/25 9:35:08 ET
Table 'Bruchsalia II' 6-max Seat #3 is the button
Seat 3: HIGHIQ74 ($86.11 in chips)
Seat 4: THEYESTERDAY ($163.77 in chips)
HIGHIQ74: posts small blind $1
THEYESTERDAY: posts big blind $3
*** HOLE CARDS ***
HIGHIQ74: folds
Uncalled bet ($2) returned to THEYESTERDAY
THEYESTERDAY collected $2 from pot
THEYESTERDAY: doesn't show hand
*** SUMMARY ***
Total pot $2 | Rake $0
Seat 3: HIGHIQ74 (button) (small blind) folded before Flop
Seat 4: THEYESTERDAY (big blind) collected ($2)


PokerStars Hand #169535844433:  Hold'em Limit ($3/$6 USD) - 2017/04/25 9:34:55 ET
Table 'Bruchsalia II' 6-max Seat #4 is the button
Seat 3: HIGHIQ74 ($104.11 in chips)
Seat 4: THEYESTERDAY ($146.27 in chips)
THEYESTERDAY: posts small blind $1
HIGHIQ74: posts big blind $3
*** HOLE CARDS ***
THEYESTERDAY: raises $3 to $6
HIGHIQ74: calls $3
*** FLOP *** [Kd 3c As]
HIGHIQ74: checks
THEYESTERDAY: bets $3
HIGHIQ74: raises $3 to $6
THEYESTERDAY: calls $3
*** TURN *** [Kd 3c As] [3s]
HIGHIQ74: checks
THEYESTERDAY: checks
*** RIVER *** [Kd 3c As 3s] [9c]
HIGHIQ74: bets $6
THEYESTERDAY: calls $6
*** SHOW DOWN ***
HIGHIQ74: shows [Jh Qc] (a pair of Threes)
THEYESTERDAY: shows [Kh 9h] (two pair, Kings and Nines)
THEYESTERDAY collected $35.50 from pot
*** SUMMARY ***
Total pot $36 | Rake $0.50
Board [Kd 3c As 3s 9c]
Seat 3: HIGHIQ74 (big blind) showed [Jh Qc] and lost with a pair of Threes
Seat 4: THEYESTERDAY (button) (small blind) showed [Kh 9h] and won ($35.50) with two pair, Kings and Nines


PokerStars Hand #169535858783:  Hold'em Limit ($3/$6 USD) - 2017/04/25 9:35:20 ET
Table 'Bruchsalia II' 6-max Seat #3 is the button
Seat 3: HIGHIQ74 ($79.11 in chips)
Seat 4: THEYESTERDAY ($170.53 in chips)
HIGHIQ74: posts small blind $1
THEYESTERDAY: posts big blind $3
*** HOLE CARDS ***
HIGHIQ74: raises $3 to $6
THEYESTERDAY: folds
Uncalled bet ($3) returned to HIGHIQ74
HIGHIQ74 collected $6 from pot
*** SUMMARY ***
Total pot $6 | Rake $0
Seat 3: HIGHIQ74 (button) (small blind) collected ($6)
Seat 4: THEYESTERDAY (big blind) folded before Flop


PokerStars Hand #169535838618:  Hold'em Limit ($3/$6 USD) - 2017/04/25 9:34:44 ET
Table 'Bruchsalia II' 6-max Seat #3 is the button
Seat 3: HIGHIQ74 ($95.47 in chips)
Seat 4: THEYESTERDAY ($155.27 in chips)
HIGHIQ74: posts small blind $1
THEYESTERDAY: posts big blind $3
*** HOLE CARDS ***
HIGHIQ74: raises $3 to $6
THEYESTERDAY: calls $3
*** FLOP *** [3c 5c 5h]
THEYESTERDAY: checks
HIGHIQ74: bets $3
THEYESTERDAY: calls $3
*** TURN *** [3c 5c 5h] [6d]
THEYESTERDAY: checks
HIGHIQ74: checks
*** RIVER *** [3c 5c 5h 6d] [Ac]
THEYESTERDAY: checks
HIGHIQ74: checks
*** SHOW DOWN ***
THEYESTERDAY: shows [8s 7c] (a pair of Fives)
HIGHIQ74: shows [7s Ks] (a pair of Fives - Ace+King kicker)
HIGHIQ74 collected $17.64 from pot
*** SUMMARY ***
Total pot $18 | Rake $0.36
Board [3c 5c 5h 6d Ac]
Seat 3: HIGHIQ74 (button) (small blind) showed [7s Ks] and won ($17.64) with a pair of Fives
Seat 4: THEYESTERDAY (big blind) showed [8s 7c] and lost with a pair of Fives


PokerStars Hand #169535899283:  Hold'em Limit ($3/$6 USD) - 2017/04/25 9:36:30 ET
Table 'Bruchsalia II' 6-max Seat #3 is the button
Seat 3: HIGHIQ74 ($120.90 in chips)
Seat 4: THEYESTERDAY ($186.28 in chips)
HIGHIQ74: posts small blind $1
THEYESTERDAY: posts big blind $3
*** HOLE CARDS ***
HIGHIQ74: raises $3 to $6
THEYESTERDAY: calls $3
*** FLOP *** [8h Ts 3c]
THEYESTERDAY: checks
HIGHIQ74: bets $3
THEYESTERDAY: calls $3
*** TURN *** [8h Ts 3c] [8c]
THEYESTERDAY: checks
HIGHIQ74: checks
*** RIVER *** [8h Ts 3c 8c] [6h]
THEYESTERDAY: bets $6
HIGHIQ74: calls $6
*** SHOW DOWN ***
THEYESTERDAY: shows [9c 6s] (two pair, Eights and Sixes)
HIGHIQ74: mucks hand
THEYESTERDAY collected $29.50 from pot
*** SUMMARY ***
Total pot $30 | Rake $0.50
Board [8h Ts 3c 8c 6h]
Seat 3: HIGHIQ74 (button) (small blind) mucked
Seat 4: THEYESTERDAY (big blind) showed [9c 6s] and won ($29.50) with two pair, Eights and Sixes


PokerStars Hand #169535879678:  Hold'em Limit ($3/$6 USD) - 2017/04/25 9:35:56 ET
Table 'Bruchsalia II' 6-max Seat #3 is the button
Seat 3: HIGHIQ74 ($45.63 in chips)
Seat 4: THEYESTERDAY ($202.53 in chips)
HIGHIQ74: posts small blind $1
THEYESTERDAY: posts big blind $3
*** HOLE CARDS ***
HIGHIQ74: raises $3 to $6
THEYESTERDAY: folds
Uncalled bet ($3) returned to HIGHIQ74
HIGHIQ74 collected $6 from pot
*** SUMMARY ***
Total pot $6 | Rake $0
Seat 3: HIGHIQ74 (button) (small blind) collected ($6)
Seat 4: THEYESTERDAY (big blind) folded before Flop


PokerStars Hand #169535874248:  Hold'em Limit ($3/$6 USD) - 2017/04/25 9:35:47 ET
Table 'Bruchsalia II' 6-max Seat #4 is the button
Seat 3: HIGHIQ74 ($63.63 in chips)
Seat 4: THEYESTERDAY ($185.03 in chips)
THEYESTERDAY: posts small blind $1
HIGHIQ74: posts big blind $3
*** HOLE CARDS ***
THEYESTERDAY: raises $3 to $6
HIGHIQ74: raises $3 to $9
THEYESTERDAY: calls $3
*** FLOP *** [Ks Kc Js]
HIGHIQ74: bets $3
THEYESTERDAY: calls $3
*** TURN *** [Ks Kc Js] [6h]
HIGHIQ74: bets $6
THEYESTERDAY: raises $6 to $12
HIGHIQ74: folds
Uncalled bet ($6) returned to THEYESTERDAY
THEYESTERDAY collected $35.50 from pot
THEYESTERDAY: doesn't show hand
*** SUMMARY ***
Total pot $36 | Rake $0.50
Board [Ks Kc Js 6h]
Seat 3: HIGHIQ74 (big blind) folded on the Turn
Seat 4: THEYESTERDAY (button) (small blind) collected ($35.50)


PokerStars Hand #169535882648:  Hold'em Limit ($3/$6 USD) - 2017/04/25 9:36:01 ET
Table 'Bruchsalia II' 6-max Seat #4 is the button
Seat 3: HIGHIQ74 ($108.63 in chips)
Seat 4: THEYESTERDAY ($199.53 in chips)
THEYESTERDAY: posts small blind $1
HIGHIQ74: posts big blind $3
*** HOLE CARDS ***
THEYESTERDAY: raises $3 to $6
HIGHIQ74: raises $3 to $9
THEYESTERDAY: calls $3
*** FLOP *** [Ks Ad 4h]
HIGHIQ74: bets $3
THEYESTERDAY: calls $3
*** TURN *** [Ks Ad 4h] [3d]
HIGHIQ74: checks
THEYESTERDAY: checks
*** RIVER *** [Ks Ad 4h 3d] [Kc]
HIGHIQ74: checks
THEYESTERDAY: checks
*** SHOW DOWN ***
HIGHIQ74: shows [9d 9s] (two pair, Kings and Nines)
THEYESTERDAY: mucks hand
HIGHIQ74 collected $23.52 from pot
*** SUMMARY ***
Total pot $24 | Rake $0.48
Board [Ks Ad 4h 3d Kc]
Seat 3: HIGHIQ74 (big blind) showed [9d 9s] and won ($23.52) with two pair, Kings and Nines
Seat 4: THEYESTERDAY (button) (small blind) mucked


PokerStars Hand #169535906147:  Hold'em Limit ($3/$6 USD) - 2017/04/25 9:36:42 ET
Table 'Bruchsalia II' 6-max Seat #4 is the button
Seat 3: HIGHIQ74 ($105.90 in chips)
Seat 4: THEYESTERDAY ($200.78 in chips)
THEYESTERDAY: posts small blind $1
HIGHIQ74: posts big blind $3
*** HOLE CARDS ***
THEYESTERDAY: raises $3 to $6
HIGHIQ74: calls $3
*** FLOP *** [7h 4h 9h]
HIGHIQ74: checks
THEYESTERDAY: bets $3
HIGHIQ74: folds
Uncalled bet ($3) returned to THEYESTERDAY
THEYESTERDAY collected $11.76 from pot
THEYESTERDAY: doesn't show hand
*** SUMMARY ***
Total pot $12 | Rake $0.24
Board [7h 4h 9h]
Seat 3: HIGHIQ74 (big blind) folded on the Flop
Seat 4: THEYESTERDAY (button) (small blind) collected ($11.76)


PokerStars Hand #169535896505:  Hold'em Limit ($3/$6 USD) - 2017/04/25 9:36:26 ET
Table 'Bruchsalia II' 6-max Seat #4 is the button
Seat 3: HIGHIQ74 ($119.90 in chips)
Seat 4: THEYESTERDAY ($187.28 in chips)
THEYESTERDAY: posts small blind $1
HIGHIQ74: posts big blind $3
*** HOLE CARDS ***
THEYESTERDAY: folds
Uncalled bet ($2) returned to HIGHIQ74
HIGHIQ74 collected $2 from pot
*** SUMMARY ***
Total pot $2 | Rake $0
Seat 3: HIGHIQ74 (big blind) collected ($2)
Seat 4: THEYESTERDAY (button) (small blind) folded before Flop


PokerStars Hand #169535890091:  Hold'em Limit ($3/$6 USD) - 2017/04/25 9:36:14 ET
Table 'Bruchsalia II' 6-max Seat #3 is the button
Seat 3: HIGHIQ74 ($120.15 in chips)
Seat 4: THEYESTERDAY ($187.53 in chips)
HIGHIQ74: posts small blind $1
THEYESTERDAY: posts big blind $3
*** HOLE CARDS ***
HIGHIQ74: raises $3 to $6
THEYESTERDAY: raises $3 to $9
HIGHIQ74: calls $3
*** FLOP *** [7s 2h Jh]
THEYESTERDAY: bets $3
HIGHIQ74: calls $3
*** TURN *** [7s 2h Jh] [Qc]
THEYESTERDAY: bets $6
HIGHIQ74: calls $6
*** RIVER *** [7s 2h Jh Qc] [Ts]
THEYESTERDAY: bets $6
HIGHIQ74: calls $6
*** SHOW DOWN ***
THEYESTERDAY: shows [Th Kh] (a pair of Tens)
HIGHIQ74: shows [Td Kd] (a pair of Tens)
THEYESTERDAY collected $23.75 from pot
HIGHIQ74 collected $23.75 from pot
*** SUMMARY ***
Total pot $48 | Rake $0.50
Board [7s 2h Jh Qc Ts]
Seat 3: HIGHIQ74 (button) (small blind) showed [Td Kd] and won ($23.75) with a pair of Tens
Seat 4: THEYESTERDAY (big blind) showed [Th Kh] and won ($23.75) with a pair of Tens


PokerStars Hand #169535910253:  Hold'em Limit ($3/$6 USD) - 2017/04/25 9:36:50 ET
Table 'Bruchsalia II' 6-max Seat #3 is the button
Seat 3: HIGHIQ74 ($99.90 in chips)
Seat 4: THEYESTERDAY ($206.54 in chips)
swics1202 joins the table at seat #6
HIGHIQ74: posts small blind $1
THEYESTERDAY: posts big blind $3
*** HOLE CARDS ***
HIGHIQ74: raises $3 to $6
THEYESTERDAY: folds
Uncalled bet ($3) returned to HIGHIQ74
HIGHIQ74 collected $6 from pot
*** SUMMARY ***
Total pot $6 | Rake $0
Seat 3: HIGHIQ74 (button) (small blind) collected ($6)
Seat 4: THEYESTERDAY (big blind) folded before Flop


PokerStars Hand #169535926979:  Hold'em Limit ($3/$6 USD) - 2017/04/25 9:37:19 ET
Table 'Bruchsalia II' 6-max Seat #3 is the button
Seat 3: HIGHIQ74 ($99.90 in chips)
Seat 6: swics1202 ($57 in chips)
HIGHIQ74: posts small blind $1
THEYESTERDAY: is sitting out
swics1202: posts big blind $3
*** HOLE CARDS ***
HIGHIQ74: raises $3 to $6
swics1202: raises $3 to $9
HIGHIQ74: raises $3 to $12
Betting is capped
swics1202: calls $3
*** FLOP *** [5s Ts Tc]
HIGHIQ74 said, "hu pls"
swics1202: checks
HIGHIQ74: checks
*** TURN *** [5s Ts Tc] [Qc]
swics1202: bets $6
HIGHIQ74: calls $6
*** RIVER *** [5s Ts Tc Qc] [Ac]
swics1202: checks
HIGHIQ74: bets $6
swics1202: calls $6
*** SHOW DOWN ***
HIGHIQ74: shows [Jh Ad] (two pair, Aces and Tens)
swics1202: mucks hand
HIGHIQ74 collected $47.50 from pot
HAOYUN88888 joins the table at seat #1
*** SUMMARY ***
Total pot $48 | Rake $0.50
Board [5s Ts Tc Qc Ac]
Seat 3: HIGHIQ74 (button) (small blind) showed [Jh Ad] and won ($47.50) with two pair, Aces and Tens
Seat 6: swics1202 (big blind) mucked


PokerStars Hand #169535950654:  Hold'em Limit ($3/$6 USD) - 2017/04/25 9:38:00 ET
Table 'Bruchsalia II' 6-max Seat #6 is the button
Seat 1: HAOYUN88888 ($120 in chips)
Seat 6: swics1202 ($33 in chips)
swics1202: posts small blind $1
HAOYUN88888: posts big blind $3
*** HOLE CARDS ***
swics1202: raises $3 to $6
HAOYUN88888: calls $3
*** FLOP *** [Qs 7h 4s]
HAOYUN88888: checks
swics1202: bets $3
HAOYUN88888: folds
Uncalled bet ($3) returned to swics1202
swics1202 collected $11.76 from pot
swics1202: doesn't show hand
*** SUMMARY ***
Total pot $12 | Rake $0.24
Board [Qs 7h 4s]
Seat 1: HAOYUN88888 (big blind) folded on the Flop
Seat 6: swics1202 (button) (small blind) collected ($11.76)


PokerStars Hand #169536779474:  Hold'em Limit ($3/$6 USD) - 2017/04/25 10:02:39 ET
Table 'Bruchsalia II' 6-max Seat #1 is the button
Seat 1: RaisemyNut$ ($74.09 in chips)
Seat 3: HIGHIQ74 ($106.18 in chips)
RaisemyNut$: posts small blind $1
HIGHIQ74: posts big blind $3
*** HOLE CARDS ***
RaisemyNut$: raises $3 to $6
HIGHIQ74: folds
Uncalled bet ($3) returned to RaisemyNut$
RaisemyNut$ collected $6 from pot
RaisemyNut$: doesn't show hand
*** SUMMARY ***
Total pot $6 | Rake $0
Seat 1: RaisemyNut$ (button) (small blind) collected ($6)
Seat 3: HIGHIQ74 (big blind) folded before Flop


PokerStars Hand #169536766817:  Hold'em Limit ($3/$6 USD) - 2017/04/25 10:02:17 ET
Table 'Bruchsalia II' 6-max Seat #3 is the button
Seat 1: RaisemyNut$ ($73.09 in chips)
Seat 3: HIGHIQ74 ($107.18 in chips)
HIGHIQ74: posts small blind $1
swics1202: is sitting out
RaisemyNut$: posts big blind $3
*** HOLE CARDS ***
HIGHIQ74: folds
Uncalled bet ($2) returned to RaisemyNut$
pecs680 leaves the table
RaisemyNut$ collected $2 from pot
RaisemyNut$: doesn't show hand
*** SUMMARY ***
Total pot $2 | Rake $0
Seat 1: RaisemyNut$ (big blind) collected ($2)
Seat 3: HIGHIQ74 (button) (small blind) folded before Flop


PokerStars Hand #169536776895:  Hold'em Limit ($3/$6 USD) - 2017/04/25 10:02:34 ET
Table 'Bruchsalia II' 6-max Seat #3 is the button
Seat 1: RaisemyNut$ ($73.09 in chips)
Seat 3: HIGHIQ74 ($107.18 in chips)
HIGHIQ74: posts small blind $1
RaisemyNut$: posts big blind $3
*** HOLE CARDS ***
HIGHIQ74: folds
Uncalled bet ($2) returned to RaisemyNut$
RaisemyNut$ collected $2 from pot
RaisemyNut$: doesn't show hand
*** SUMMARY ***
Total pot $2 | Rake $0
Seat 1: RaisemyNut$ (big blind) collected ($2)
Seat 3: HIGHIQ74 (button) (small blind) folded before Flop


PokerStars Hand #169536770088:  Hold'em Limit ($3/$6 USD) - 2017/04/25 10:02:23 ET
Table 'Bruchsalia II' 6-max Seat #1 is the button
Seat 1: RaisemyNut$ ($74.09 in chips)
Seat 3: HIGHIQ74 ($106.18 in chips)
RaisemyNut$: posts small blind $1
HIGHIQ74: posts big blind $3
*** HOLE CARDS ***
RaisemyNut$: folds
Uncalled bet ($2) returned to HIGHIQ74
HIGHIQ74 collected $2 from pot
*** SUMMARY ***
Total pot $2 | Rake $0
Seat 1: RaisemyNut$ (button) (small blind) folded before Flop
Seat 3: HIGHIQ74 (big blind) collected ($2)


PokerStars Hand #169536808985:  Hold'em Limit ($3/$6 USD) - 2017/04/25 10:03:30 ET
Table 'Bruchsalia II' 6-max Seat #3 is the button
Seat 1: RaisemyNut$ ($60 in chips)
Seat 3: HIGHIQ74 ($150.18 in chips)
HIGHIQ74: posts small blind $1
RaisemyNut$: posts big blind $3
*** HOLE CARDS ***
HIGHIQ74: folds
Uncalled bet ($2) returned to RaisemyNut$
RaisemyNut$ collected $2 from pot
RaisemyNut$: doesn't show hand
*** SUMMARY ***
Total pot $2 | Rake $0
Seat 1: RaisemyNut$ (big blind) collected ($2)
Seat 3: HIGHIQ74 (button) (small blind) folded before Flop


PokerStars Hand #169536794272:  Hold'em Limit ($3/$6 USD) - 2017/04/25 10:03:04 ET
Table 'Bruchsalia II' 6-max Seat #1 is the button
Seat 1: RaisemyNut$ ($60 in chips)
Seat 3: HIGHIQ74 ($126.68 in chips)
RaisemyNut$: posts small blind $1
HIGHIQ74: posts big blind $3
*** HOLE CARDS ***
RaisemyNut$: raises $3 to $6
HIGHIQ74: calls $3
*** FLOP *** [3c 9c 5d]
HIGHIQ74: checks
RaisemyNut$: bets $3
HIGHIQ74: raises $3 to $6
RaisemyNut$: calls $3
*** TURN *** [3c 9c 5d] [8h]
HIGHIQ74: bets $6
RaisemyNut$: raises $6 to $12
HIGHIQ74: calls $6
*** RIVER *** [3c 9c 5d 8h] [Qc]
HIGHIQ74: bets $6
RaisemyNut$: folds
Uncalled bet ($6) returned to HIGHIQ74
HIGHIQ74 collected $47.50 from pot
*** SUMMARY ***
Total pot $48 | Rake $0.50
Board [3c 9c 5d 8h Qc]
Seat 1: RaisemyNut$ (button) (small blind) folded on the River
Seat 3: HIGHIQ74 (big blind) collected ($47.50)


PokerStars Hand #169536783824:  Hold'em Limit ($3/$6 USD) - 2017/04/25 10:02:46 ET
Table 'Bruchsalia II' 6-max Seat #3 is the button
Seat 1: RaisemyNut$ ($77.09 in chips)
Seat 3: HIGHIQ74 ($103.18 in chips)
HIGHIQ74: posts small blind $1
RaisemyNut$: posts big blind $3
*** HOLE CARDS ***
HIGHIQ74: raises $3 to $6
RaisemyNut$: calls $3
*** FLOP *** [Ks 8d Jc]
RaisemyNut$: checks
HIGHIQ74: bets $3
RaisemyNut$: raises $3 to $6
HIGHIQ74: calls $3
*** TURN *** [Ks 8d Jc] [6d]
RaisemyNut$: bets $6
HIGHIQ74: calls $6
*** RIVER *** [Ks 8d Jc 6d] [9d]
RaisemyNut$: checks
HIGHIQ74: bets $6
RaisemyNut$: calls $6
*** SHOW DOWN ***
HIGHIQ74: shows [9h Kh] (two pair, Kings and Nines)
RaisemyNut$: mucks hand
HIGHIQ74 collected $47.50 from pot
*** SUMMARY ***
Total pot $48 | Rake $0.50
Board [Ks 8d Jc 6d 9d]
Seat 1: RaisemyNut$ (big blind) mucked
Seat 3: HIGHIQ74 (button) (small blind) showed [9h Kh] and won ($47.50) with two pair, Kings and Nines


PokerStars Hand #169536829455:  Hold'em Limit ($3/$6 USD) - 2017/04/25 10:04:05 ET
Table 'Bruchsalia II' 6-max Seat #1 is the button
Seat 1: RaisemyNut$ ($60 in chips)
Seat 3: HIGHIQ74 ($172.68 in chips)
RaisemyNut$: posts small blind $1
HIGHIQ74: posts big blind $3
*** HOLE CARDS ***
RaisemyNut$: folds
Uncalled bet ($2) returned to HIGHIQ74
HIGHIQ74 collected $2 from pot
*** SUMMARY ***
Total pot $2 | Rake $0
Seat 1: RaisemyNut$ (button) (small blind) folded before Flop
Seat 3: HIGHIQ74 (big blind) collected ($2)


PokerStars Hand #169536823236:  Hold'em Limit ($3/$6 USD) - 2017/04/25 10:03:54 ET
Table 'Bruchsalia II' 6-max Seat #3 is the button
Seat 1: RaisemyNut$ ($60 in chips)
Seat 3: HIGHIQ74 ($169.68 in chips)
HIGHIQ74: posts small blind $1
RaisemyNut$: posts big blind $3
*** HOLE CARDS ***
HIGHIQ74: raises $3 to $6
RaisemyNut$: folds
Uncalled bet ($3) returned to HIGHIQ74
HIGHIQ74 collected $6 from pot
*** SUMMARY ***
Total pot $6 | Rake $0
Seat 1: RaisemyNut$ (big blind) folded before Flop
Seat 3: HIGHIQ74 (button) (small blind) collected ($6)


PokerStars Hand #169536811736:  Hold'em Limit ($3/$6 USD) - 2017/04/25 10:03:34 ET
Table 'Bruchsalia II' 6-max Seat #1 is the button
Seat 1: RaisemyNut$ ($61 in chips)
Seat 3: HIGHIQ74 ($149.18 in chips)
RaisemyNut$: posts small blind $1
HIGHIQ74: posts big blind $3
*** HOLE CARDS ***
RaisemyNut$: raises $3 to $6
HIGHIQ74: calls $3
*** FLOP *** [3h 6d 5s]
HIGHIQ74: checks
RaisemyNut$: bets $3
HIGHIQ74: calls $3
*** TURN *** [3h 6d 5s] [Ac]
HIGHIQ74: checks
RaisemyNut$: bets $6
HIGHIQ74: calls $6
*** RIVER *** [3h 6d 5s Ac] [4h]
swics1202 leaves the table
HIGHIQ74: bets $6
RaisemyNut$: calls $6
*** SHOW DOWN ***
HIGHIQ74: shows [7h 9c] (a straight, Three to Seven)
RaisemyNut$: mucks hand
HIGHIQ74 collected $41.50 from pot
*** SUMMARY ***
Total pot $42 | Rake $0.50
Board [3h 6d 5s Ac 4h]
Seat 1: RaisemyNut$ (button) (small blind) mucked
Seat 3: HIGHIQ74 (big blind) showed [7h 9c] and won ($41.50) with a straight, Three to Seven


PokerStars Hand #169536840849:  Hold'em Limit ($3/$6 USD) - 2017/04/25 10:04:25 ET
Table 'Bruchsalia II' 6-max Seat #1 is the button
Seat 1: RaisemyNut$ ($60 in chips)
Seat 3: HIGHIQ74 ($179.44 in chips)
RaisemyNut$: posts small blind $1
HIGHIQ74: posts big blind $3
*** HOLE CARDS ***
RaisemyNut$: folds
Uncalled bet ($2) returned to HIGHIQ74
HIGHIQ74 collected $2 from pot
*** SUMMARY ***
Total pot $2 | Rake $0
Seat 1: RaisemyNut$ (button) (small blind) folded before Flop
Seat 3: HIGHIQ74 (big blind) collected ($2)


PokerStars Hand #169536833422:  Hold'em Limit ($3/$6 USD) - 2017/04/25 10:04:12 ET
Table 'Bruchsalia II' 6-max Seat #3 is the button
Seat 1: RaisemyNut$ ($60 in chips)
Seat 3: HIGHIQ74 ($173.68 in chips)
HIGHIQ74: posts small blind $1
RaisemyNut$: posts big blind $3
*** HOLE CARDS ***
HIGHIQ74: raises $3 to $6
RaisemyNut$: calls $3
*** FLOP *** [Ad 6h 9s]
RaisemyNut$: checks
HIGHIQ74: bets $3
RaisemyNut$: folds
Uncalled bet ($3) returned to HIGHIQ74
HIGHIQ74 collected $11.76 from pot
*** SUMMARY ***
Total pot $12 | Rake $0.24
Board [Ad 6h 9s]
Seat 1: RaisemyNut$ (big blind) folded on the Flop
Seat 3: HIGHIQ74 (button) (small blind) collected ($11.76)


PokerStars Hand #169536872654:  Hold'em Limit ($3/$6 USD) - 2017/04/25 10:05:18 ET
Table 'Bruchsalia II' 6-max Seat #1 is the button
Seat 1: RaisemyNut$ ($74.52 in chips)
Seat 3: HIGHIQ74 ($182.94 in chips)
RaisemyNut$: posts small blind $1
HIGHIQ74: posts big blind $3
*** HOLE CARDS ***
RaisemyNut$: folds
Uncalled bet ($2) returned to HIGHIQ74
HIGHIQ74 collected $2 from pot
*** SUMMARY ***
Total pot $2 | Rake $0
Seat 1: RaisemyNut$ (button) (small blind) folded before Flop
Seat 3: HIGHIQ74 (big blind) collected ($2)


PokerStars Hand #169536875546:  Hold'em Limit ($3/$6 USD) - 2017/04/25 10:05:23 ET
Table 'Bruchsalia II' 6-max Seat #3 is the button
Seat 1: RaisemyNut$ ($73.52 in chips)
Seat 3: HIGHIQ74 ($183.94 in chips)
HIGHIQ74: posts small blind $1
RaisemyNut$: posts big blind $3
*** HOLE CARDS ***
HIGHIQ74: folds
Uncalled bet ($2) returned to RaisemyNut$
RaisemyNut$ collected $2 from pot
RaisemyNut$: doesn't show hand
*** SUMMARY ***
Total pot $2 | Rake $0
Seat 1: RaisemyNut$ (big blind) collected ($2)
Seat 3: HIGHIQ74 (button) (small blind) folded before Flop


PokerStars Hand #169536864584:  Hold'em Limit ($3/$6 USD) - 2017/04/25 10:05:05 ET
Table 'Bruchsalia II' 6-max Seat #3 is the button
Seat 1: RaisemyNut$ ($63 in chips)
Seat 3: HIGHIQ74 ($194.94 in chips)
HIGHIQ74: posts small blind $1
RaisemyNut$: posts big blind $3
*** HOLE CARDS ***
HIGHIQ74: calls $2
RaisemyNut$: checks
*** FLOP *** [9d Kc 8s]
RaisemyNut$: bets $3
HIGHIQ74: calls $3
*** TURN *** [9d Kc 8s] [2d]
RaisemyNut$: bets $6
HIGHIQ74: calls $6
*** RIVER *** [9d Kc 8s 2d] [Jh]
RaisemyNut$: checks
HIGHIQ74: checks
*** SHOW DOWN ***
RaisemyNut$: shows [2c 8c] (two pair, Eights and Deuces)
HIGHIQ74: mucks hand
RaisemyNut$ collected $23.52 from pot
*** SUMMARY ***
Total pot $24 | Rake $0.48
Board [9d Kc 8s 2d Jh]
Seat 1: RaisemyNut$ (big blind) showed [2c 8c] and won ($23.52) with two pair, Eights and Deuces
Seat 3: HIGHIQ74 (button) (small blind) mucked


PokerStars Hand #169536878348:  Hold'em Limit ($3/$6 USD) - 2017/04/25 10:05:28 ET
Table 'Bruchsalia II' 6-max Seat #1 is the button
Seat 1: RaisemyNut$ ($74.52 in chips)
Seat 3: HIGHIQ74 ($182.94 in chips)
RaisemyNut$: posts small blind $1
HIGHIQ74: posts big blind $3
*** HOLE CARDS ***
RaisemyNut$: raises $3 to $6
HIGHIQ74: folds
Uncalled bet ($3) returned to RaisemyNut$
RaisemyNut$ collected $6 from pot
RaisemyNut$: doesn't show hand
*** SUMMARY ***
Total pot $6 | Rake $0
Seat 1: RaisemyNut$ (button) (small blind) collected ($6)
Seat 3: HIGHIQ74 (big blind) folded before Flop


PokerStars Hand #169536861612:  Hold'em Limit ($3/$6 USD) - 2017/04/25 10:05:00 ET
Table 'Bruchsalia II' 6-max Seat #1 is the button
Seat 1: RaisemyNut$ ($60 in chips)
Seat 3: HIGHIQ74 ($197.94 in chips)
RaisemyNut$: posts small blind $1
HIGHIQ74: posts big blind $3
*** HOLE CARDS ***
RaisemyNut$: raises $3 to $6
HIGHIQ74: folds
Uncalled bet ($3) returned to RaisemyNut$
RaisemyNut$ collected $6 from pot
RaisemyNut$: doesn't show hand
*** SUMMARY ***
Total pot $6 | Rake $0
Seat 1: RaisemyNut$ (button) (small blind) collected ($6)
Seat 3: HIGHIQ74 (big blind) folded before Flop


PokerStars Hand #169536844217:  Hold'em Limit ($3/$6 USD) - 2017/04/25 10:04:30 ET
Table 'Bruchsalia II' 6-max Seat #3 is the button
Seat 1: RaisemyNut$ ($60 in chips)
Seat 3: HIGHIQ74 ($180.44 in chips)
HIGHIQ74: posts small blind $1
RaisemyNut$: posts big blind $3
*** HOLE CARDS ***
HIGHIQ74: raises $3 to $6
RaisemyNut$: calls $3
*** FLOP *** [5h 2d 9s]
RaisemyNut$: checks
HIGHIQ74: bets $3
RaisemyNut$: raises $3 to $6
HIGHIQ74: calls $3
*** TURN *** [5h 2d 9s] [Ks]
RaisemyNut$: bets $6
HIGHIQ74: calls $6
*** RIVER *** [5h 2d 9s Ks] [Jc]
RaisemyNut$: checks
HIGHIQ74: bets $6
RaisemyNut$: folds
Uncalled bet ($6) returned to HIGHIQ74
HIGHIQ74 collected $35.50 from pot
*** SUMMARY ***
Total pot $36 | Rake $0.50
Board [5h 2d 9s Ks Jc]
Seat 1: RaisemyNut$ (big blind) folded on the River
Seat 3: HIGHIQ74 (button) (small blind) collected ($35.50)


PokerStars Hand #169536896441:  Hold'em Limit ($3/$6 USD) - 2017/04/25 10:05:58 ET
Table 'Bruchsalia II' 6-max Seat #3 is the button
Seat 1: RaisemyNut$ ($73.52 in chips)
Seat 3: HIGHIQ74 ($183.94 in chips)
HIGHIQ74: posts small blind $1
Whatze Phuck: is sitting out
RaisemyNut$: posts big blind $3
*** HOLE CARDS ***
HIGHIQ74: raises $3 to $6
RaisemyNut$: calls $3
*** FLOP *** [4h Ah 2h]
RaisemyNut$: checks
HIGHIQ74: bets $3
RaisemyNut$: raises $3 to $6
HIGHIQ74: calls $3
*** TURN *** [4h Ah 2h] [Qs]
MimiQQC joins the table at seat #6
RaisemyNut$: checks
HIGHIQ74: bets $6
RaisemyNut$: folds
Uncalled bet ($6) returned to HIGHIQ74
HIGHIQ74 collected $23.52 from pot
*** SUMMARY ***
Total pot $24 | Rake $0.48
Board [4h Ah 2h Qs]
Seat 1: RaisemyNut$ (big blind) folded on the Turn
Seat 3: HIGHIQ74 (button) (small blind) collected ($23.52)


PokerStars Hand #169536906936:  Hold'em Limit ($3/$6 USD) - 2017/04/25 10:06:16 ET
Table 'Bruchsalia II' 6-max Seat #1 is the button
Seat 1: RaisemyNut$ ($61.52 in chips)
Seat 3: HIGHIQ74 ($195.46 in chips)
RaisemyNut$: posts small blind $1
HIGHIQ74: posts big blind $3
*** HOLE CARDS ***
RaisemyNut$: raises $3 to $6
HIGHIQ74: calls $3
*** FLOP *** [2h Jd Qc]
HIGHIQ74: checks
RaisemyNut$: bets $3
HIGHIQ74: calls $3
*** TURN *** [2h Jd Qc] [4d]
HIGHIQ74: checks
RaisemyNut$: bets $6
HIGHIQ74: calls $6
*** RIVER *** [2h Jd Qc 4d] [6s]
HIGHIQ74: checks
RaisemyNut$: bets $6
HIGHIQ74: calls $6
*** SHOW DOWN ***
RaisemyNut$: shows [Js 3h] (a pair of Jacks)
HIGHIQ74: mucks hand
RaisemyNut$ collected $41.50 from pot
*** SUMMARY ***
Total pot $42 | Rake $0.50
Board [2h Jd Qc 4d 6s]
Seat 1: RaisemyNut$ (button) (small blind) showed [Js 3h] and won ($41.50) with a pair of Jacks
Seat 3: HIGHIQ74 (big blind) mucked


PokerStars Hand #169537073749:  Hold'em Limit ($3/$6 USD) - 2017/04/25 10:10:55 ET
Table 'Bruchsalia II' 6-max Seat #3 is the button
Seat 1: RaisemyNut$ ($91.99 in chips)
Seat 3: HIGHIQ74 ($194.67 in chips)
HIGHIQ74: posts small blind $1
RaisemyNut$: posts big blind $3
*** HOLE CARDS ***
HIGHIQ74: folds
Uncalled bet ($2) returned to RaisemyNut$
RaisemyNut$ collected $2 from pot
RaisemyNut$: doesn't show hand
*** SUMMARY ***
Total pot $2 | Rake $0
Seat 1: RaisemyNut$ (big blind) collected ($2)
Seat 3: HIGHIQ74 (button) (small blind) folded before Flop


PokerStars Hand #169537079368:  Hold'em Limit ($3/$6 USD) - 2017/04/25 10:11:05 ET
Table 'Bruchsalia II' 6-max Seat #3 is the button
Seat 1: RaisemyNut$ ($91.99 in chips)
Seat 3: HIGHIQ74 ($194.67 in chips)
HIGHIQ74: posts small blind $1
RaisemyNut$: posts big blind $3
*** HOLE CARDS ***
HIGHIQ74: folds
Uncalled bet ($2) returned to RaisemyNut$
RaisemyNut$ collected $2 from pot
RaisemyNut$: doesn't show hand
*** SUMMARY ***
Total pot $2 | Rake $0
Seat 1: RaisemyNut$ (big blind) collected ($2)
Seat 3: HIGHIQ74 (button) (small blind) folded before Flop


PokerStars Hand #169537076445:  Hold'em Limit ($3/$6 USD) - 2017/04/25 10:11:00 ET
Table 'Bruchsalia II' 6-max Seat #1 is the button
Seat 1: RaisemyNut$ ($92.99 in chips)
Seat 3: HIGHIQ74 ($193.67 in chips)
RaisemyNut$: posts small blind $1
HIGHIQ74: posts big blind $3
*** HOLE CARDS ***
MimiQQC leaves the table
RaisemyNut$: folds
Uncalled bet ($2) returned to HIGHIQ74
HIGHIQ74 collected $2 from pot
*** SUMMARY ***
Total pot $2 | Rake $0
Seat 1: RaisemyNut$ (button) (small blind) folded before Flop
Seat 3: HIGHIQ74 (big blind) collected ($2)


PokerStars Hand #169537099729:  Hold'em Limit ($3/$6 USD) - 2017/04/25 10:11:38 ET
Table 'Bruchsalia II' 6-max Seat #3 is the button
Seat 1: RaisemyNut$ ($92.74 in chips)
Seat 3: HIGHIQ74 ($193.42 in chips)
HIGHIQ74: posts small blind $1
RaisemyNut$: posts big blind $3
*** HOLE CARDS ***
HIGHIQ74: folds
Uncalled bet ($2) returned to RaisemyNut$
RaisemyNut$ collected $2 from pot
RaisemyNut$: doesn't show hand
*** SUMMARY ***
Total pot $2 | Rake $0
Seat 1: RaisemyNut$ (big blind) collected ($2)
Seat 3: HIGHIQ74 (button) (small blind) folded before Flop


PokerStars Hand #169537082100:  Hold'em Limit ($3/$6 USD) - 2017/04/25 10:11:09 ET
Table 'Bruchsalia II' 6-max Seat #1 is the button
Seat 1: RaisemyNut$ ($92.99 in chips)
Seat 3: HIGHIQ74 ($193.67 in chips)
RaisemyNut$: posts small blind $1
HIGHIQ74: posts big blind $3
*** HOLE CARDS ***
RaisemyNut$: raises $3 to $6
HIGHIQ74: calls $3
*** FLOP *** [Ad Td Qc]
HIGHIQ74: checks
RaisemyNut$: bets $3
HIGHIQ74: calls $3
*** TURN *** [Ad Td Qc] [9s]
HIGHIQ74: checks
RaisemyNut$: bets $6
HIGHIQ74: calls $6
*** RIVER *** [Ad Td Qc 9s] [Ah]
HIGHIQ74: checks
RaisemyNut$: checks
*** SHOW DOWN ***
HIGHIQ74: shows [Jc 2c] (a pair of Aces)
RaisemyNut$: shows [Jd 3d] (a pair of Aces)
HIGHIQ74 collected $14.75 from pot
RaisemyNut$ collected $14.75 from pot
*** SUMMARY ***
Total pot $30 | Rake $0.50
Board [Ad Td Qc 9s Ah]
Seat 1: RaisemyNut$ (button) (small blind) showed [Jd 3d] and won ($14.75) with a pair of Aces
Seat 3: HIGHIQ74 (big blind) showed [Jc 2c] and won ($14.75) with a pair of Aces


PokerStars Hand #169537102369:  Hold'em Limit ($3/$6 USD) - 2017/04/25 10:11:43 ET
Table 'Bruchsalia II' 6-max Seat #1 is the button
Seat 1: RaisemyNut$ ($93.74 in chips)
Seat 3: HIGHIQ74 ($192.42 in chips)
RaisemyNut$: posts small blind $1
HIGHIQ74: posts big blind $3
*** HOLE CARDS ***
RaisemyNut$: raises $3 to $6
HIGHIQ74: folds
Uncalled bet ($3) returned to RaisemyNut$
RaisemyNut$ collected $6 from pot
RaisemyNut$: doesn't show hand
*** SUMMARY ***
Total pot $6 | Rake $0
Seat 1: RaisemyNut$ (button) (small blind) collected ($6)
Seat 3: HIGHIQ74 (big blind) folded before Flop


PokerStars Hand #169537126751:  Hold'em Limit ($3/$6 USD) - 2017/04/25 10:12:23 ET
Table 'Bruchsalia II' 6-max Seat #3 is the button
Seat 1: RaisemyNut$ ($117 in chips)
Seat 3: HIGHIQ74 ($168.42 in chips)
HIGHIQ74: posts small blind $1
RaisemyNut$: posts big blind $3
*** HOLE CARDS ***
HIGHIQ74: raises $3 to $6
RaisemyNut$: calls $3
*** FLOP *** [6d Jd 3d]
RaisemyNut$: checks
HIGHIQ74: checks
*** TURN *** [6d Jd 3d] [3h]
RaisemyNut$: checks
HIGHIQ74: bets $6
RaisemyNut$: raises $6 to $12
HIGHIQ74: calls $6
*** RIVER *** [6d Jd 3d 3h] [5s]
RaisemyNut$: bets $6
HIGHIQ74: calls $6
*** SHOW DOWN ***
RaisemyNut$: shows [Kc 3c] (three of a kind, Threes)
HIGHIQ74: mucks hand
RaisemyNut$ collected $47.50 from pot
*** SUMMARY ***
Total pot $48 | Rake $0.50
Board [6d Jd 3d 3h 5s]
Seat 1: RaisemyNut$ (big blind) showed [Kc 3c] and won ($47.50) with three of a kind, Threes
Seat 3: HIGHIQ74 (button) (small blind) mucked


PokerStars Hand #169537122087:  Hold'em Limit ($3/$6 USD) - 2017/04/25 10:12:15 ET
Table 'Bruchsalia II' 6-max Seat #1 is the button
Seat 1: RaisemyNut$ ($111.24 in chips)
Seat 3: HIGHIQ74 ($174.42 in chips)
RaisemyNut$: posts small blind $1
HIGHIQ74: posts big blind $3
*** HOLE CARDS ***
RaisemyNut$: raises $3 to $6
HIGHIQ74: calls $3
*** FLOP *** [As 8s Kd]
HIGHIQ74: checks
RaisemyNut$: bets $3
HIGHIQ74: folds
Uncalled bet ($3) returned to RaisemyNut$
RaisemyNut$ collected $11.76 from pot
RaisemyNut$: doesn't show hand
*** SUMMARY ***
Total pot $12 | Rake $0.24
Board [As 8s Kd]
Seat 1: RaisemyNut$ (button) (small blind) collected ($11.76)
Seat 3: HIGHIQ74 (big blind) folded on the Flop


PokerStars Hand #169537106109:  Hold'em Limit ($3/$6 USD) - 2017/04/25 10:11:49 ET
Table 'Bruchsalia II' 6-max Seat #3 is the button
Seat 1: RaisemyNut$ ($96.74 in chips)
Seat 3: HIGHIQ74 ($189.42 in chips)
HIGHIQ74: posts small blind $1
RaisemyNut$: posts big blind $3
*** HOLE CARDS ***
HIGHIQ74: raises $3 to $6
RaisemyNut$: calls $3
*** FLOP *** [Ad Tc Th]
RaisemyNut$: checks
HIGHIQ74: bets $3
RaisemyNut$: raises $3 to $6
HIGHIQ74: raises $3 to $9
RaisemyNut$: raises $3 to $12
Betting is capped
HIGHIQ74: folds
Uncalled bet ($3) returned to RaisemyNut$
RaisemyNut$ collected $29.50 from pot
RaisemyNut$: doesn't show hand
*** SUMMARY ***
Total pot $30 | Rake $0.50
Board [Ad Tc Th]
Seat 1: RaisemyNut$ (big blind) collected ($29.50)
Seat 3: HIGHIQ74 (button) (small blind) folded on the Flop


PokerStars Hand #169537146215:  Hold'em Limit ($3/$6 USD) - 2017/04/25 10:12:55 ET
Table 'Bruchsalia II' 6-max Seat #3 is the button
Seat 1: RaisemyNut$ ($131.50 in chips)
Seat 3: HIGHIQ74 ($153.06 in chips)
HIGHIQ74: posts small blind $1
RaisemyNut$: posts big blind $3
*** HOLE CARDS ***
HIGHIQ74: folds
Uncalled bet ($2) returned to RaisemyNut$
RaisemyNut$ collected $2 from pot
RaisemyNut$: doesn't show hand
*** SUMMARY ***
Total pot $2 | Rake $0
Seat 1: RaisemyNut$ (big blind) collected ($2)
Seat 3: HIGHIQ74 (button) (small blind) folded before Flop


PokerStars Hand #169537140576:  Hold'em Limit ($3/$6 USD) - 2017/04/25 10:12:46 ET
Table 'Bruchsalia II' 6-max Seat #1 is the button
Seat 1: RaisemyNut$ ($140.50 in chips)
Seat 3: HIGHIQ74 ($144.42 in chips)
RaisemyNut$: posts small blind $1
HIGHIQ74: posts big blind $3
*** HOLE CARDS ***
RaisemyNut$: raises $3 to $6
HIGHIQ74: calls $3
*** FLOP *** [Ah Jd 8d]
HIGHIQ74: checks
RaisemyNut$: bets $3
HIGHIQ74: raises $3 to $6
RaisemyNut$: folds
Uncalled bet ($3) returned to HIGHIQ74
HIGHIQ74 collected $17.64 from pot
*** SUMMARY ***
Total pot $18 | Rake $0.36
Board [Ah Jd 8d]
Seat 1: RaisemyNut$ (button) (small blind) folded on the Flop
Seat 3: HIGHIQ74 (big blind) collected ($17.64)


