PokerStars Hand #171676720161:  Hold'em Limit ($3/$6 USD) - 2017/06/12 9:21:19 ET
Table 'Bruchsalia' 6-max Seat #4 is the button
Seat 3: hookonhook ($162.59 in chips)
Seat 4: Agrotait ($69 in chips)
Agrotait: posts small blind $1
MTails: is sitting out
hookonhook: posts big blind $3
*** HOLE CARDS ***
Agrotait: raises $3 to $6
hookonhook: calls $3
*** FLOP *** [Kc 3d Ks]
hookonhook: checks
Agrotait: bets $3
hookonhook: calls $3
*** TURN *** [Kc 3d Ks] [4c]
hookonhook: checks
Agrotait: checks
*** RIVER *** [Kc 3d Ks 4c] [7h]
hookonhook: bets $6
Agrotait: folds
Uncalled bet ($6) returned to hookonhook
hookonhook collected $17.64 from pot
*** SUMMARY ***
Total pot $18 | Rake $0.36
Board [Kc 3d Ks 4c 7h]
Seat 3: hookonhook (big blind) collected ($17.64)
Seat 4: Agrotait (button) (small blind) folded on the River


PokerStars Hand #171676869797:  Hold'em Limit ($3/$6 USD) - 2017/06/12 9:26:04 ET
Table 'Bruchsalia' 6-max Seat #3 is the button
Seat 1: popesxxx ($17.33 in chips)
Seat 3: hookonhook ($207.37 in chips)
hookonhook: posts small blind $1
popesxxx: posts big blind $3
*** HOLE CARDS ***
hookonhook: raises $3 to $6
popesxxx: raises $3 to $9
hookonhook: calls $3
*** FLOP *** [5d 3d 6s]
popesxxx: bets $3
hookonhook: calls $3
*** TURN *** [5d 3d 6s] [Jc]
popesxxx: checks
hookonhook: checks
*** RIVER *** [5d 3d 6s Jc] [4s]
popesxxx: bets $5.33 and is all-in
hookonhook: calls $5.33
*** SHOW DOWN ***
popesxxx: shows [Kd 9d] (high card King)
hookonhook: shows [6d 6h] (three of a kind, Sixes)
hookonhook collected $34.16 from pot
*** SUMMARY ***
Total pot $34.66 | Rake $0.50
Board [5d 3d 6s Jc 4s]
Seat 1: popesxxx (big blind) showed [Kd 9d] and lost with high card King
Seat 3: hookonhook (button) (small blind) showed [6d 6h] and won ($34.16) with three of a kind, Sixes


PokerStars Hand #171677006543:  Hold'em Limit ($3/$6 USD) - 2017/06/12 9:30:23 ET
Table 'Bruchsalia' 6-max Seat #1 is the button
Seat 1: popesxxx ($106.83 in chips)
Seat 3: hookonhook ($252.52 in chips)
MTails will be allowed to play after the button
popesxxx: posts small blind $1
hookonhook: posts big blind $3
*** HOLE CARDS ***
popesxxx: calls $2
hookonhook: raises $3 to $6
popesxxx: calls $3
*** FLOP *** [8c 7h Tc]
hookonhook: bets $3
popesxxx: calls $3
*** TURN *** [8c 7h Tc] [8d]
hookonhook: checks
popesxxx: checks
*** RIVER *** [8c 7h Tc 8d] [3h]
hookonhook: checks
popesxxx: bets $6
hookonhook: calls $6
*** SHOW DOWN ***
popesxxx: shows [9c 9h] (two pair, Nines and Eights)
hookonhook: mucks hand
popesxxx collected $29.50 from pot
*** SUMMARY ***
Total pot $30 | Rake $0.50
Board [8c 7h Tc 8d 3h]
Seat 1: popesxxx (button) (small blind) showed [9c 9h] and won ($29.50) with two pair, Nines and Eights
Seat 3: hookonhook (big blind) mucked


PokerStars Hand #171677036104:  Hold'em Limit ($3/$6 USD) - 2017/06/12 9:31:19 ET
Table 'Bruchsalia' 6-max Seat #3 is the button
Seat 3: hookonhook ($259.87 in chips)
Seat 6: MTails ($124 in chips)
hookonhook: posts small blind $1
MTails: posts big blind $3
*** HOLE CARDS ***
hookonhook: raises $3 to $6
MTails: calls $3
*** FLOP *** [Tc 3c Kh]
MTails: checks
popesxxx joins the table at seat #1
hookonhook: bets $3
MTails: calls $3
*** TURN *** [Tc 3c Kh] [4h]
MTails: checks
hookonhook: checks
*** RIVER *** [Tc 3c Kh 4h] [2h]
MTails: checks
hookonhook: checks
*** SHOW DOWN ***
MTails: shows [Ah Qc] (high card Ace)
hookonhook: mucks hand
MTails collected $17.64 from pot
*** SUMMARY ***
Total pot $18 | Rake $0.36
Board [Tc 3c Kh 4h 2h]
Seat 3: hookonhook (button) (small blind) mucked
Seat 6: MTails (big blind) showed [Ah Qc] and won ($17.64) with high card Ace


PokerStars Hand #171677143351:  Hold'em Limit ($3/$6 USD) - 2017/06/12 9:34:31 ET
Table 'Bruchsalia' 6-max Seat #2 is the button
Seat 2: kolaz03 ($83.52 in chips)
Seat 3: hookonhook ($286.48 in chips)
kolaz03: posts small blind $1
hookonhook: posts big blind $3
*** HOLE CARDS ***
kolaz03: raises $3 to $6
hookonhook: calls $3
*** FLOP *** [6d Ad Ks]
hookonhook: checks
kolaz03: bets $3
hookonhook: folds
Uncalled bet ($3) returned to kolaz03
kolaz03 collected $11.76 from pot
kolaz03: doesn't show hand
*** SUMMARY ***
Total pot $12 | Rake $0.24
Board [6d Ad Ks]
Seat 2: kolaz03 (button) (small blind) collected ($11.76)
Seat 3: hookonhook (big blind) folded on the Flop


PokerStars Hand #171677119051:  Hold'em Limit ($3/$6 USD) - 2017/06/12 9:33:45 ET
Table 'Bruchsalia' 6-max Seat #3 is the button
Seat 2: kolaz03 ($72 in chips)
Seat 3: hookonhook ($298.48 in chips)
hookonhook: posts small blind $1
MTails: is sitting out
kolaz03: posts big blind $3
*** HOLE CARDS ***
hookonhook: raises $3 to $6
kolaz03: calls $3
*** FLOP *** [3c 6d Kc]
kolaz03: checks
hookonhook: bets $3
kolaz03: raises $3 to $6
hookonhook: calls $3
*** TURN *** [3c 6d Kc] [2d]
kolaz03: bets $6
hookonhook: folds
Uncalled bet ($6) returned to kolaz03
kolaz03 collected $23.52 from pot
kolaz03: doesn't show hand
*** SUMMARY ***
Total pot $24 | Rake $0.48
Board [3c 6d Kc 2d]
Seat 2: kolaz03 (big blind) collected ($23.52)
Seat 3: hookonhook (button) (small blind) folded on the Turn


