PokerStars Hand #160229623442:  Hold'em Limit ($3/$6 USD) - 2016/10/21 8:18:20 ET
Table 'Bruchsalia' 10-max Seat #7 is the button
Seat 4: okrerdwasxa ($98.78 in chips)
Seat 7: VolkovDmitri ($121 in chips)
VolkovDmitri: posts small blind $1
okrerdwasxa: posts big blind $3
*** HOLE CARDS ***
VolkovDmitri: raises $3 to $6
okrerdwasxa: raises $3 to $9
VolkovDmitri: calls $3
*** FLOP *** [5h 3d Kc]
okrerdwasxa: bets $3
VolkovDmitri: calls $3
*** TURN *** [5h 3d Kc] [2c]
okrerdwasxa: bets $6
VolkovDmitri: raises $6 to $12
okrerdwasxa: raises $6 to $18
VolkovDmitri: calls $6
*** RIVER *** [5h 3d Kc 2c] [5s]
okrerdwasxa: bets $6
VolkovDmitri: calls $6
*** SHOW DOWN ***
okrerdwasxa: shows [7c 5c] (three of a kind, Fives)
VolkovDmitri: mucks hand
okrerdwasxa collected $71.50 from pot
*** SUMMARY ***
Total pot $72 | Rake $0.50
Board [5h 3d Kc 2c 5s]
Seat 4: okrerdwasxa (big blind) showed [7c 5c] and won ($71.50) with three of a kind, Fives
Seat 7: VolkovDmitri (button) (small blind) mucked


PokerStars Hand #160229618257:  Hold'em Limit ($3/$6 USD) - 2016/10/21 8:18:10 ET
Table 'Bruchsalia' 10-max Seat #4 is the button
Seat 4: okrerdwasxa ($99.78 in chips)
Seat 7: VolkovDmitri ($120 in chips)
okrerdwasxa: posts small blind $1
VolkovDmitri: posts big blind $3
*** HOLE CARDS ***
okrerdwasxa: folds
Uncalled bet ($2) returned to VolkovDmitri
VolkovDmitri collected $2 from pot
VolkovDmitri: doesn't show hand
*** SUMMARY ***
Total pot $2 | Rake $0
Seat 4: okrerdwasxa (button) (small blind) folded before Flop
Seat 7: VolkovDmitri (big blind) collected ($2)


