PokerStars Hand #146966502087:  Hold'em Limit ($3/$6 USD) - 2016/01/13 9:21:25 ET
Table 'Brunsia II' 6-max Seat #3 is the button
Seat 3: Simpiwe ($125.64 in chips)
Seat 4: TbIP-TbIP 88 ($72 in chips)
Simpiwe: posts small blind $1
TbIP-TbIP 88: posts big blind $3
*** HOLE CARDS ***
Simpiwe: folds
Uncalled bet ($2) returned to TbIP-TbIP 88
TbIP-TbIP 88 collected $2 from pot
TbIP-TbIP 88: doesn't show hand
*** SUMMARY ***
Total pot $2 | Rake $0
Seat 3: Simpiwe (button) (small blind) folded before Flop
Seat 4: TbIP-TbIP 88 (big blind) collected ($2)


PokerStars Hand #146966463041:  Hold'em Limit ($3/$6 USD) - 2016/01/13 9:20:30 ET
Table 'Brunsia II' 6-max Seat #4 is the button
Seat 3: Simpiwe ($117 in chips)
Seat 4: TbIP-TbIP 88 ($74.88 in chips)
TbIP-TbIP 88: posts small blind $1
Simpiwe: posts big blind $3
*** HOLE CARDS ***
TbIP-TbIP 88: raises $3 to $6
Simpiwe: calls $3
*** FLOP *** [5d 8c Jh]
Simpiwe: checks
TbIP-TbIP 88: bets $3
Simpiwe: calls $3
*** TURN *** [5d 8c Jh] [Ks]
Simpiwe: checks
B_loJkl joins the table at seat #5
TbIP-TbIP 88: checks
*** RIVER *** [5d 8c Jh Ks] [8d]
Simpiwe: checks
TbIP-TbIP 88: checks
*** SHOW DOWN ***
Simpiwe: shows [Qd 4c] (a pair of Eights)
TbIP-TbIP 88: mucks hand
Simpiwe collected $17.64 from pot
*** SUMMARY ***
Total pot $18 | Rake $0.36
Board [5d 8c Jh Ks 8d]
Seat 3: Simpiwe (big blind) showed [Qd 4c] and won ($17.64) with a pair of Eights
Seat 4: TbIP-TbIP 88 (button) (small blind) mucked


PokerStars Hand #146969065718:  Hold'em Limit ($3/$6 USD) - 2016/01/13 10:19:58 ET
Table 'Brunsia II' 6-max Seat #5 is the button
Seat 3: Paulllchen ($77.35 in chips)
Seat 5: B_loJkl ($206.90 in chips)
B_loJkl: posts small blind $1
HAL9QQQ: is sitting out
Paulllchen: posts big blind $3
*** HOLE CARDS ***
HAL9QQQ leaves the table
B_loJkl: raises $3 to $6
Paulllchen: folds
Uncalled bet ($3) returned to B_loJkl
B_loJkl collected $6 from pot
B_loJkl: doesn't show hand
*** SUMMARY ***
Total pot $6 | Rake $0
Seat 3: Paulllchen (big blind) folded before Flop
Seat 5: B_loJkl (button) (small blind) collected ($6)


